3974 6186
443 328 548 386 ετδ

1800 315 2046 374 sanari
2087 304 2407 372 AMBROSi’l

3640 308 3747 369 T76

510 445 856 520 piosissimam
893 440 1079 494 civium
1116 454 1225 494 esse
1260 436 1606 509 frequentiam
1628 435 1776 490 docet
1800 432 2045 505 :quodut
2072 435 2123 495 Α
2150 431 2235 487 dm
2258 431 2590 503 virginitatis
2630 430 2957 487 sententiam
2987 436 3207 501 gerunt.
3252 428 3441 499 itaque
3485 428 3578 499 qui
3619 437 3751 484 sunt

512 557 661 596 secus
687 546 839 601 esset,
863 535 1182 589 Itttnctamen
1204 548 1262 587 eo
1289 547 1389 586 non
1408 528 1836 602 improbandum;
1857 542 1974 582 cum
1992 528 2045 580 in

511 631 759 687 uxoribus
787 637 925 682 caste
963 625 1243 681 viventibus
1273 623 1328 679 id
1350 639 1461 678 non
1483 624 1739 693 culpetur.
1760 618 2046 689 Postquam

515 742 636 781 vero
656 738 834 780 eorum
855 721 942 792 qui
956 719 1221 795 juventuti
1238 717 1446 788 nuptias
1469 716 1587 770 hinc
1604 714 1717 784 ﬁeri
1731 712 2045 784 diﬁciliores

515 815 842 889 objiciebaut,
868 812 1233 867 demonstravit
1261 809 1563 863 inanitatem
1582 849 1597 873 ,
1615 806 1682 860 iis
1704 806 1791 876 qui
1819 804 2046 877 virgines

476 917 481 925 ’
514 912 677 966 serius
704 907 947 963 velandus
970 921 1079 959 esse
1113 902 1508 967 contendebant,
1533 899 1805 970 respondet
1833 898 1916 951 hic
1938 897 2048 969 epi-

518 1005 661 1075 sc0pi
690 1001 882 1073 requiri
910 997 1238 1071 prudentiam
1264 1014 1282 1050 :
1307 1005 1359 1050 at
1390 994 1555 1049 solam
1579 1002 1782 1048 etatem
1809 989 2046 1045 conside-

516 1098 739 1154 randam
786 1112 889 1149 non
919 1110 1025 1148 esse
1064 1101 1353 1164 martyrum
1390 1089 1640 1154 exemplis
1668 1130 1682 1156 ,
1727 1101 1790 1141 ac
1844 1099 2044 1157 puero-

443 1196 447 1203 “
518 1208 635 1247 rum
654 1188 723 1245 ad
749 1186 1008 1244 Christum
1038 1183 1417 1248 accedentium,
1440 1181 1644 1255 probat.

514 1352 607 1411 '55.
630 1351 741 1407 Nec
770 1347 1078 1421 improbum
1102 1344 1303 1417 igitur,
1334 1357 1438 1399 nec
1471 1356 1670 1397 novum
1717 1338 2045 1410 integritatis

454 1457 529 1505 est
546 1446 808 1503 studium.
825 1442 1124 1496 Videamus
1144 1453 1215 1494 ne
1224 1438 1368 1492 forte
1381 1433 1882 1504 inutilejudicetur;
1902 1446 2043 1488 non-

442 1537 791 1599 nullosenim
814 1534 1024 1589 dixisse
1054 1528 1238 1585 audivi
1256 1526 1402 1599 quod
1433 1527 1596 1596 periit
1621 1524 2044 1591 mundus,defe-

443 1638 519 1694 cit
538 1646 709 1706 genus
732 1631 1053 1691 humanum,
1080 1621 1336 1695 coniugia
1368 1619 1638 1677 labefacta
1667 1627 1816 1675 sunt.
1844 1619 2047 1686 Qumro

443 1728 568 1799 quis
606 1724 826 1781 tandem
864 1718 1123 1792 quaesivit
1156 1729 1384 1771 uxorem
1407 1756 1422 1779 ,
1460 1714 1551 1784 qui
1574 1728 1682 1769 non
1731 1713 2044 1769 invenerit?

2152 527 2262 591 isti,
2294 525 2570 580 discutere
2597 524 2864 580 debemus
2897 541 2909 577 :
2941 532 3121 579 utrum
3150 523 3240 594 qui
3269 536 3480 578 uxores
3507 522 3713 578 habent
3732 565 3747 590 ,

2150 633 2218 671 an
2252 617 2342 687 qui
2367 632 2473 671 non
2505 616 2750 671 habent?
2779 616 2834 672 Si
2868 616 2958 687 qui
2985 616 3189 671 habent
3219 657 3233 682 ,
3279 615 3476 671 timere
3504 630 3621 670 non
3648 615 3747 669 de-

2151 710 2315 776 bent;
2351 725 2553 765 uxores
2566 708 2709 765 enim
2742 725 2929 765 eorum
2949 709 3060 779 jam
3080 707 3318 779 virgines
3346 722 3470 763 esse
3497 722 3606 763 non
3629 723 3752 779 pos-

2150 814 2296 862 sunt.
2330 805 2383 861 Si
2416 804 2509 876 qui
2537 820 2642 860 non
2674 805 2900 872 habent,
2932 818 3043 859 non
3068 803 3174 857 sibi
3197 803 3453 872 injuriam
3496 800 3705 858 faciant
3731 843 3749 871 ,

2149 897 2293 969 quod
2305 897 2423 968 ejus
2440 897 2815 970 tantuo1223
2831 897 3044 967 nuptias
3054 897 3388 966 speraverint
3402 904 3755 966 ,qutenuptu-

2152 1007 2209 1046 ra
2235 1005 2342 1046 non
2372 1000 2539 1048 esset.
2565 994 2644 1046 An
2668 994 2899 1046 fortasse
2927 998 3113 1061 patres
3126 988 3474 1058 protiliarum
3488 989 3757 1060 conjunc-

2149 1087 2295 1142 tione
2327 1084 2588 1152 solliciti,
2627 1085 2858 1141 moleste
2906 1083 3087 1140 ferunt
3119 1085 3360 1155 virgines
3394 1083 3757 1140 consecrati?

2148 1177 2260 1234 Nec
2288 1177 2342 1233 hi
2376 1176 2519 1248 quod
2547 1186 2866 1245 vereantur,
2900 1176 3132 1243 habent;
3165 1177 3210 1230 si
3241 1184 3545 1247 sequantur
3572 1176 3761 1233 consi-

2150 1271 2307 1327 lium.
2337 1270 2487 1327 lnter
2514 1286 2716 1341 paucas
2737 1285 2849 1325 suae
2873 1270 3036 1327 citius
3065 1271 3354 1340 eligentur.

2222 1362 2315 1419 59.
2356 1362 2526 1417 Aiunt
2552 1363 2716 1417 etiam
2746 1362 2992 1433 plerique
3015 1362 3331 1417 maturioris
3368 1362 3550 1416 atatis
3589 1361 3762 1434 virgi-

2149 1464 2248 1511 nes
2294 1466 2418 1510 esse
2465 1454 2742 1510 velandas.
2783 1453 2972 1523 Neque
3023 1467 3126 1526 ego
3168 1453 3354 1509 abnuo
3394 1454 3760 1512 sacerdotalis

2148 1549 2419 1606 cautionis
2445 1563 2567 1605 esse
2594 1549 2800 1604 debere
2818 1590 2833 1616 ,
2864 1557 2924 1602 ut
2950 1560 3060 1603 non
3084 1559 3290 1603 temere
3316 1548 3496 1617 puella
3518 1550 3757 1608 veletur.

2149 1641 2374 1713 Spectet
2403 1641 2586 1712 plane,
2612 1649 2824 1712 spectet
2850 1649 3066 1696 aetatem
3086 1639 3364 1708 sacerdos,
3386 1640 3487 1696 sed
3512 1640 3640 1697 ﬁdei
3667 1643 3759 1698 vel

2150 1737 2394 1807 pudoris.
2449 1735 2672 1807 Spectet
2709 1736 3074 1791 maturitatem
3130 1733 3508 1802 verecundiae,
3549 1735 3764 1791 exami-

445 1817 675 1890 Qnando
697 1813 908 1871 fuerint
934 1810 1075 1866 bella
1102 1824 1199 1877 pro
1222 1806 1470 1878 virginei
1497 1806 1631 1875 Quis
1663 1821 1915 1877 umquam
1943 1822 2041 1878 pro

2150 1806 2243 1885 net
2265 1806 2546 1901 gravitatis
2568 1828 2860 1894 canitiem,
2899 1842 3111 1882 morum
3144 1835 3445 1893 senectam,
3474 1825 3762 1897 pudicitiae

444 1912 657 1983 virgine
680 1909 755 1964 sit
782 1903 1144 1978 peremptus?
1165 1901 1240 1957 De
1266 1899 1533 1970 coniugiis
1554 1906 1738 1956 autem
1781 1900 1883 1954 ista
1918 1914 2041 1957 nas-

367 1993 374 2001 ’
444 2016 662 2070 cuntur,
696 2011 722 2041 α
752 2010 809 2058 ut
838 1998 1141 2070 perimatur
1162 1992 1378 2049 adulter
1419 1992 1640 2059 uxoris,
1684 2000 1870 2062 raptor
1898 2007 2042 2063 prae.-

445 2098 533 2153 liis
561 2102 870 2167 appetatur.
902 2088 1008 2144 Ista
1053 2085 1371 2156 reipublic:
1426 2098 1645 2155 semper
1681 2083 1882 2140 damno
1929 2085 2044 2141 lue-

446 2200 594 2251 runt.
645 2189 755 2244 Pro
798 2184 1012 2255 virgine
1039 2195 1197 2237 saera
1246 2193 1409 2234 nemo
1440 2177 1728 2233 damnatus
1763 2187 1847 2234 est
1875 2194 1889 2245 ;
1916 2179 2043 2249 quia

447 2284 752 2343 castitatem
781 2294 887 2335 non
920 2290 1081 2347 poena
1107 2273 1359 2341 cohibet,
1393 2270 1488 2328 sed
1519 2270 1713 2334 religio
1750 2280 1913 2343 auget
1937 2314 1951 2337 ,
1977 2271 2044 2326 ti-

447 2381 655 2450 desqne
675 2381 991 2432 conservat.

520 2473 615 2529 56.
651 2471 708 2528 Si
745 2469 864 2541 quis
898 2467 1061 2538 igitur
1116 2471 1268 2537 putat
1310 2462 1733 2518 consecratione
1770 2460 2046 2532 virginum

448 2567 619 2625 minui
648 2578 823 2638 genus
854 2563 1177 2625 humanum,
1210 2555 1525 2611 consideret
1563 2554 1691 2625 quia
1732 2553 1823 2610 ubi
1859 2568 2047 2624 paucas

447 2661 711 2730 virgines,
737 2655 815 2711 ibi
838 2653 1007 2709 etiam
1042 2650 1331 2722 pauciores
1361 2648 1615 2705 homines
1646 2664 1660 2700 :
1705 2646 1793 2702 ubi
1822 2647 2049 2717 virgini-

448 2753 579 2809 tatis
606 2749 783 2806 studia
817 2746 1133 2807 crebriora,
1180 2742 1254 2798 ibi
1296 2754 1586 2796 numerum
1615 2754 1835 2810 quoque
1872 2739 2048 2797 homi.

452 2863 580 2904 num
611 2859 734 2900 esse
762 2842 1052 2912 majorem.
1077 2838 1105 2881 ι)
1139 2836 1342 2893 Discite
1366 2846 1600 2905 quantas
1628 2834 1999 2891 Alexandrina
2022 2875 2043 2901 ,

454 2942 731 3011 totiusque
752 2935 994 2992 Orientis
1018 2976 1032 3000 ,
1074 2942 1130 2989 et
1158 2932 1415 2988 Africana
1470 2928 1715 2985 Ecclesia
1752 2931 2047 3000 quotannis

448 3050 669 3092 sacrare
718 3027 1126 3087 consueverint.
1171 3024 1466 3080 Paueiores
1504 3022 1593 3089 hic
1632 3022 1884 3078 homines
1924 3038 2049 3094 pro-

449 3135 620 3189 deunt
644 3174 657 3195 ,
690 3141 852 3199 quam
881 3123 992 3178 illic
1017 3121 1258 3190 virgines
1295 3126 1707 3174 consecrantur.
1749 3121 1824 3175 Ει
1876 3121 2046 3191 ipsius

2146 1938 2341 1990 annos,
2371 1923 2583 1977 animos
2626 1920 2892 1977 castitatis
2918 1937 2930 1974 :
2972 1929 3086 1975 tum
3111 1919 3311 1975 deinde
3332 1919 3382 1975 si
3412 1920 3606 1974 matris
3642 1927 3761 1976 tnta

2146 2016 2390 2073 custodia
2412 2058 2427 2082 ,
2456 2015 2721 2071 comitum
2752 2013 2935 2068 sobria
2970 2011 3258 2067 sedulitas.
3294 2010 3353 2067 Si
3395 2010 3515 2066 haec
3555 2019 3764 2081 prtem

2147 2119 2273 2166 sunt
2297 2150 2313 2177 ,
2338 2122 2447 2164 non
2471 2108 2625 2163 deest
2644 2106 2845 2178 virgini
2875 2106 3117 2176 longaeva
3139 2104 3408 2160 canities:
3438 2104 3485 2158 si
3514 2103 3635 2159 haec
3653 2102 3763 2158 de-

2148 2212 2295 2269 sunt,
2344 2201 2628 2258 dideratur
2660 2200 2838 2269 puella
2886 2199 3139 2254 moribus
3188 2212 3352 2269 quam
3401 2196 3563 2252 annis
3620 2195 3763 2252 ado-

2152 2296 2471 2355 lescentior.

2220 2389 2312 2446 40.
2352 2389 2470 2444 Non
2496 2402 2628 2459 ergo
2658 2395 2791 2442 tetas
2814 2384 3060 2456 rejicitur
3074 2382 3382 2451 ﬂorentior,
3414 2383 3510 2440 sed
3537 2382 3766 2440 animus

2150 2483 2513 2542 examinator.
2568 2484 2637 2538 At
2672 2490 2827 2536 certe
2862 2479 3128 2535 Theclam
3172 2493 3285 2534 non
3333 2486 3617 2543 senectus,
3654 2476 3766 2534 sed

2149 2579 2323 2634 virtus
2351 2576 2623 2648 probavit.
2657 2572 2723 2627 Et
2750 2573 2874 2628 hinc
2904 2571 3037 2642 quid
3069 2571 3225 2642 plura
3257 2578 3548 2626 conteram
3577 2610 3596 2634 ,
3630 2584 3765 2626 eum

2149 2672 2330 2725 omnis
2354 2677 2487 2726 aetas
2518 2666 2718 2722 habilis
2744 2666 2890 2729 Deo,
2916 2666 3155 2734 perlecta
3184 2664 3259 2719 sit
3285 2662 3504 2720 Christo
3528 2661 3553 2718 l
3586 2663 3761 2720 Deni-

2148 2779 2255 2836 que
2288 2778 2395 2817 non
2423 2762 2682 2816 virtutem
2724 2758 2900 2814 aetatis
2935 2757 3293 2828 appendicem
3313 2767 3338 2797 ε
3370 2755 3626 2822 dicimus,
3654 2761 3764 2814 sed

2152 2856 2370 2911 virtutis
2407 2864 2647 2911 aetatem.
2696 2856 2805 2911 Nec
2837 2856 3040 2910 mirere
3080 2856 3132 2907 in
3160 2850 3591 2908 adolescentulis
3626 2866 3764 2922 pro-

2150 2949 2441 3005 fessionem
2478 2990 2493 3014 ,
2558 2962 2680 3002 cum
2723 2947 2925 3019 legeris
2981 2946 3035 2999 in
3100 2943 3345 3015 parvulis
3395 2944 3761 3014 passionem;

2149 3024 2409 3113 scriptum
2450 3050 2536 3097 est
2565 3042 2709 3097 enim
2742 3059 2756 3096 :
2795 3040 2877 3095 Ea:
2912 3053 3000 3093 ore
3038 3037 3324 3110 infantium
3362 3046 3410 3090 et
3451 3036 3764 3091 lavantium

2150 3135 2414 3205 perrcclsti
2456 3134 2663 3189 (audent
2698 3131 2890 3204 (Ptol.
2927 3147 3018 3185 un
3042 3172 3055 3195 ,
3109 3131 3202 3199 3).
3237 3129 3320 3183 An
3351 3128 3669 3183 dubitamus
3718 3128 3768 3185 si

446 3226 611 3294 igitur
632 3220 781 3276 orbis
809 3226 1082 3272 terrarum
1117 3227 1218 3267 usu
1238 3227 1347 3265 non
1376 3210 1582 3266 inutilis
1606 3210 1884 3281 virginitas
1904 3216 2041 3269 exis-

2154 3242 2274 3282 eum
2307 3240 2484 3297 usque
2527 3226 2592 3280 ad
2626 3224 3017 3281 continentiam
3048 3229 3307 3292 sequamr
3332 3220 3708 3277 adolescentia
3741 3264 3759 3287 ,

450 3319 692 3378 limatur,
730 3307 1032 3380 praesertim
1065 3320 1185 3359 cum
1218 3319 1318 3375 per
1338 3303 1605 3374 virginem
1637 3305 1785 3359 salus
1814 3307 2041 3373 venerit,

450 3413 638 3466 orbem
673 3403 1028 3462 fecundatura
1051 3399 1382 3456 Romanum.

518 3506 609 3561 37.
636 3499 791 3570 Quod
818 3498 862 3551 si
891 3496 1013 3565 quis
1038 3492 1431 3565 hocprohibel,
1458 3492 1742 3562 prohibeat
1764 3493 1930 3565 igitur
1949 3512 2049 3567 pu-

449 3599 599 3654 dicas
627 3607 829 3651 uxores
857 3590 1073 3660 degere,
1097 3587 1223 3658 quia
1246 3586 1585 3654 frequentius
1610 3597 1838 3656 possunt
1855 3604 2047 3660 parere

446 3688 873 3747 incontinentes.
903 3682 1061 3738 Nulla
1091 3678 1458 3750 peregrinanti
1502 3680 1699 3734 marito
1734 3679 1897 3737 (idem
1925 3698 2048 3738 scr-

444 3793 569 3849 vet;
603 3796 672 3838 ne
700 3779 959 3835 damnum
984 3775 1145 3830 iaciat
1175 3772 1347 3843 prolis
1373 3770 1570 3827 futura:
1595 3812 1612 3839 ,
1636 3783 1693 3831 et
1715 3783 1902 3845 partus
1936 3776 2043 3832 ire.

446 3877 749 3949 quentioris
774 3875 988 3928 amittat
1012 3877 1252 3925 aetatem.

517 3969 608 4025 58.
636 3964 745 4023 Sed
774 3963 1051 4019 difﬁcilior
1075 3960 1135 4015 fit
1190 3960 1276 4015 via
1315 3958 1760 4016 adolescentibus
1793 3960 1861 4023 ad
1902 3978 2045 4031 nup-

449 4062 552 4117 tias
573 4057 969 4129 impetrandae.
1002 4053 1143 4122 Quid
1169 4053 1216 4108 si
1250 4051 1389 4108 forte
1417 4053 1804 4110 commodior?
1845 4056 2048 4125 Quaaro

446 4154 593 4211 enim
620 4166 743 4209 cum
773 4150 859 4203 his
889 4148 1125 4218 aliquem
1145 4144 1349 4201 habere
1380 4154 1703 4213 tractatum,
1736 4149 2047 4219 quifarcen-

519 4301 546 4333 ι
579 4292 681 4349 per
710 4288 884 4357 legem
922 4282 1119 4357 Iuliam
1159 4281 1228 4336 de
1251 4280 1804 4357 -Adultacoercendis
1833 4284 2034 4345 licebat

483 4364 582 4420 atri
616 4350 867 4428 lilianfet
901 4354 1194 4428 quemlibet
1216 4350 1333 4428 ejus
1357 4352 1662 4428 adulterum
1705 4356 2034 4428 ubicumque

444 4422 503 4491 in
535 4437 636 4489 hoc
665 4427 869 4499 ﬂagitio
898 4422 1274 4499 deprehensos
1297 4422 1609 4479 interﬁcere
1640 4442 1652 4478 :
1681 4428 1878 4481 marito
1899 4422 2038 4497 quo-

441 4522 550 4578 que
570 4504 713 4578 idem
732 4495 997 4578 jus-erat,
1019 4495 1115 4578 sed
1138 4495 1240 4578 sub
1267 4503 1415 4578 certa
1446 4510 1799 4578 personarum
1848 4495 1928 4558 ac'
1954 4503 2036 4578 lo-

439 4566 631 4637 éorum
652 4566 989 4635 delinitione.
1020 4566 1173 4635 Quod
1216 4575 1396 4621 autem
1437 4567 1501 4619 ad
1551 4569 1734 4634 praelia
1765 4570 1816 4625 in
1852 4572 2038 4627 "xaris

439 4652 634 4709 aliena:
663 4653 932 4709 raptorem
963 4641 1217 4700 excitata,
1247 4637 1367 4708 quis
1399 4637 1611 4693 nescius
1632 4647 1717 4695 est
1742 4642 2040 4699 famosissi-

2150 3335 2309 3391 quem
2342 3335 2513 3389 usque
2530 3318 2597 3375 ad
2621 3328 2851 3374 mortem
2878 3318 3172 3373 confitetur
3197 3313 3429 3370 infantia
3450 3314 3473 3369 ι
3509 3313 3579 3369 Et
3600 3315 3764 3384 quasi

2152 3414 2472 3470 incredibile
2515 3409 2846 3484 putamus,“
2892 3411 2937 3466 si
2987 3409 3185 3481 puellre
3231 3409 3448 3465 nubilos
3476 3406 3764 3464 Christum

2150 3514 2450 3574 sequantur
2476 3506 2543 3559 ad
2571 3519 2794 3575 regnum
2818 3543 2834 3569 ,
2865 3516 3029 3572 quem
3063 3500 3225 3557 etiam
3255 3500 3411 3570 pueri
3445 3500 3765 3570 sequeban-

2152 3607 2239 3653 tur
2281 3600 2335 3652 in
2375 3595 2636 3662 deserto;
2666 3597 2811 3653 sicut
2841 3595 3074 3666 legimus
3103 3593 3230 3664 quia
3261 3600 3503 3649 saturata
3533 3604 3662 3647 sunt
3695 3593 3767 3650 de

2153 3693 2391 3762 quinque
2432 3690 2664 3760 panibus
2713 3698 2949 3760 quatuor
2979 3687 3148 3743 millia
3186 3686 3494 3752 hominum,
3533 3688 3767 3758 exceptis

2151 3783 2343 3852 inquit,
2377 3785 2548 3855 pueris
2577 3792 2628 3837 et
2657 3781 2960 3837 mulieribus
2986 3779 3206 3851 (Matth.
3238 3792 3332 3835 ιιν
3351 3818 3367 3846 ,
3392 3777 3516 3847 9i).

2219 3876 2313 3932 41.
2354 3875 2532 3930 Nolite
2558 3889 2689 3943 ergo
2718 3889 2748 3929 a
2775 3872 2994 3930 Christo
3021 3886 3211 3929 arcere
3234 3868 3506 3936 infantes;
3535 3870 3665 3940 quia
3705 3878 3765 3927 et

2149 3967 2251 4039 ipsi
2288 3983 2389 4039 pro
2429 3967 2630 4025 Christi
2654 3967 2874 4021 nomine
2904 3965 3123 4020 subiere
3145 3961 3465 4034 martyrium
3493 3976 3513 4016 :
3543 3959 3764 4017 Talium

2148 4071 2223 4117 est
2261 4062 2395 4116 enim
2422 4077 2643 4133 regnum
2685 4059 2932 4115 calorum
2977 4055 3205 4130 (Matth.
3248 4071 3375 4123 xIx,
3423 4053 3551 4126 14).
3584 4055 3765 4111 Vocat

2148 4167 2245 4209 eos
2268 4153 2533 4210 Dominus
2557 4195 2573 4220 ,
2614 4160 2671 4209 et
2700 4159 2757 4206 tu
2792 4149 3094 4223 prohibes?
3126 4148 3203 4205 De
3233 4148 3365 4218 ipsis
3387 4146 3535 4202 enim
3567 4145 3759 4202 Domi-

2137 4306 2238 4345 nus
2269 4291 2568 4362 imperator
2594 4289 2829 4344 Constit.
2854 4287 2888 4342 8
2909 4330 2923 4353 ,
2955 4301 3127 4355 usque
3152 4283 3220 4340 ad
3251 4282 3758 4362 quadragenariam

2138 4355 2360 4418 tetatem'
2429 4361 2782 4431 ampliarnnt.
2837 4364 3095 4414 Attamen
3155 4355 3473 4431 meminisse
3532 4364 3762 4431 oportet

2139 4433 2277 4489 duas
2314 4426 2763 4489 consecrationes
2791 4446 2927 4499 quas
2958 4431 3148 4485 lnnoc.
3186 4427 3392 4496 primus
3433 4442 3463 4499 ξι
3494 4426 3657 4499 nobis
3703 4427 3761 4487 in

2140 4504 2470 4561 Prml‘atione
2499 4506 2564 4558 ad
2596 4502 2691 4558 lib.
2726 4496 3148 4571 de'Virginibus
3173 4500 3284 4571 jam
3331 4496 3611 4571 laudatus,
3645 4497 3763 4571 Leo

2145 4577 2353 4645 primus
2383 4576 2542 4646 epist.
2578 4574 2877 4646 adgllustic.
2910 4568 3078 4628 Narb.
3122 4568 3185 4625 et
3211 4568 3647 4646 Celasiusepist.
3684 4569 3761 4623 ad

2142 4640 2311 4715 episc.
2339 4640 2590 4703 Lucania:
2616 4645 2766 4700 clare
2787 4644 3154 4715 distinguunt,
3187 4643 3327 4715 olim,
3344 4640 3752 4715 castitisscso-

441 4706 589 4777 mum
619 4706 749 4773 illud
787 4714 987 4787 bellum
1027 4725 1134 4779 quo
1179 4706 1393 4779 Europa
1414 4718 1599 4787 atque
1634 4711 1781 4787 Asia
1809 4714 1951 4787 inter
1978 4728 2039 4772 se
2067 4706 2118 4766 D
2148 4706 2379 4775 lémnem
2413 4717 2628 4773 scilicet
2650 4732 2715 4772 ac
2737 4706 3026 4787 privatam.
3069 4714 3253 4784 Itaque
3279 4710 3413 4767 nihil
3450 4712 3720 4787 pugnabit
3740 4752 3760 4781 ,

439 4800 554 4848 toto
580 4787 846 4846 deeennio
868 4784 1071 4839 collisae
1090 4790 1255 4855 sunt,
1284 4781 1537 4855 quodque
1555 4782 1786 4855 nonnisi
1813 4785 2035 4855 'l‘rojani

438 4866 615 4935 regni,
644 4875 708 4919 ac
736 4858 903 4914 totius
927 4856 1107 4935 gentis
1130 4854 1357 4935 excidio
1386 4853 1804 4935 sed'arhpotuit;
1835 4853 1940 4912 non
1966 4861 2037 4913 ob

436 4923 832 4990 aliam'causam
854 4923 1011 4998 quam
1034 4926 1104 4981 ob
1128 4925 1443 4998 llelenatna
1470 4923 1665 4982 Paride
1689 4938 1894 4994 raptam
1920 4944 2041 4984 sus-

436 5016 655 5077 ceptum
685 5016 806 5058 esse
840 4996 945 5077 ide
985 5012 1095 5067 quo
1127 4996 1660 5077 pralterﬂomerum
1694 4998 2038 5077 vide_l_)iety_n

437 5068 741 5133 creteusem
766 5086 827 5127 ac
852 5070 1105 5125 Daretem
1152 5068 1440 5137 Phrygium
1474 5068 1792 5137 historicos,
1829 5068 2033 5127 licet'in

440 5089 741 5133 creteuscm
766 5086 827 5127 ac
854 5083 1105 5125 Daretem
1152 5083 1440 5193 Eurytum
1474 5083 1792 5137 tnsrorteos,

440 5151 622 5203 multis
651 5159 758 5200 non
783 5143 961 5196 minus
993 5140 1227 5208 ipsemet
1303 5152 1491 5193 omero
1518 5137 1816 5194 fabulosos.

507 5218 534 5258 h
558 5219 695 5281 Cm],
731 5214 862 5283 Reg.
894 5210 1143 5283 etAFisc.,
1178 5209 1609 5283 Dicitequantas
1650 5213 2030 5273 Alexandrina.

512 5301 534 5328 ο
569 5280 701 5345 Mss.
729 5280 897 5351 Eise,
928 5280 1188 5335 dicimus:
1214 5281 1302 5334 sed
1330 5281 1567 5351 virtutem
1588 5283 1750 5336 animi
1781 5300 1796 5336 :

503 5357 532 5397 ιι
555 5360 685 5415 Mss.
721 5350 831 5411 non
855 5367 1033 5423 pauci,
1058 5354 1101 5407 si
1122 5351 1309 5423 puclla
1337 5350 1533 5405 nobiles
1564 5367 1584 5405 :
1612 5354 1811 5408 melius
1833 5354 1926 5408 alii
1952 5363 2034 5409 at-

429 5447 534 5503 que
582 5431 819 5503 edit....,
860 5422 1079 5486 utibiles.
1112 5422 1308 5503 Verum
1345 5438 1470 5481 cum
1513 5423 2031 5503 duo_decimo__aun_o

432 5493 666 5574 uirgines
695 5501 812 5555 viro
842 5504 1069 5574 maturae
1099 5496 1554 5574 vulgo_putentt_ir,
1580 5493 1782 5563 aliquid
1800 5493 2032 5550 diflicul-

429 5563 557 5628 tatis
593 5574 717 5627 hinc
744 5568 892 5623 nasci
926 5576 1105 5636 potest
1131 5565 1275 5633 quod
1319 5563 1524 5636 tantula
1554 5574 1714 5622 :elate
1742 5574 2032 5623 contentus

431 5645 596 5703 fuerit
618 5650 838 5697 sanctus
858 5635 1133 5701 Antistes;
1156 5635 1598 5706 quandoquidem
1634 5652 1739 5691 non
1771 5636 1844 5693 ita
1861 5638 2031 5701 multo

433 5723 557 5786 post
579 5713 646 5786 ad
678 5704 1444 5786 virginum__consccratiouem
1474 5706 1675 5786 Punica
1689 5707 2027 5786 sydonustu,

429 5776 557 5841 can.
599 5781 657 5847 ι.
694 5776 870 5850 annos
906 5777 979 5834 θεῖ
1010 5776 1211 5850 plenos
1244 5776 1545 5850 assignavit
1582 5795 1594 5831 :
1641 5776 1783 5849 quild
1816 5776 2029 5850 tempus

434 5866 621 5939 postea
641 5845 752 5909 Leo
779 5849 987 5932 primus
1008 5845 1065 5900 in
1091 5845 1311 5923 antiquo
1341 5845 1674 5923 Pontiﬁcali,’
1696 5860 1754 5910 et
1777 5845 2024 5932 Majoﬁa.

2144 4791 2187 4842 si
2214 4805 2337 4844 cun.
2369 4788 2560 4845 Carth.
2586 4796 2641 4842 et
2666 4782 2867 4843 Leonis
2891 4782 3758 4855 Maiorianiqueconstitutionem

2144 4860 2214 4915 de
2236 4861 2404 4927 priori
2437 4859 2805 4929 intelligamus
2826 4901 2842 4924 ,
2885 4858 2954 4914 de
2979 4854 3300 4929 posteriori
3335 4870 3466 4929 vero
3519 4864 3580 4929 et
3607 4854 3763 4929 inme

2147 4924 2420 4988 Ambrosii
2456 4924 2672 4995 locum,
2705 4939 2760 4984 et;
2790 4931 2956 4985 alium
2989 4924 3302 4997 Hieronymi
3323 4927 3487 4996 epist.
3515 4925 3582 4980 ad
3612 4924 3762 4981 Mar-

2147 5003 2339 5057 cellam
2380 5001 2577 5058 Asella:
2612 5001 2881 5056 duodenis
2921 5011 3126 5055 tantum
3173 4997 3331 5051 annis
3363 5006 3504 5052 naue
3548 5011 3761 5051 conse-

2146 5076 2448 5130 crationem
2498 5073 2788 5129 referentis
2835 5091 2848 5128 :
2907 5073 3106 5142 quibus
3152 5069 3275 5125 addi
3326 5068 3494 5142 etiam
3564 5076 3765 5142 posset

2144 5145 2326 5203 Basilii
2363 5145 2737 5203 testimonium
2763 5144 2829 5201 ad
2860 5139 3255 5214 professionem
3287 5139 3617 5214 virginitatis
3641 5157 3759 5214 non

2142 5216 2282 5270 ultra
2304 5217 2370 5271 16
2402 5223 2496 5272 aut
2524 5216 2590 5270 l7
2617 5230 2789 5269 annos
2808 5210 2971 5283 epist.
3007 5229 3128 5268 can.
3152 5226 3308 5283 conc.
3356 5210 3425 5283 l8
3455 5212 3757 5282 exigentis.

2139 5286 2295 5353 Quod
2334 5288 2377 5342 si
2410 5288 2711 5341 contendas
2741 5280 3103 5341 Ambrosiana
3135 5282 3299 5337 verba
3330 5280 3495 5336 etiam
3547 5280 3763 5353 deso-

2138 5352 2309 5413 lemni
2345 5358 2768 5413 consecratione
2798 5357 2967 5427 accipi
3006 5356 3209 5427 debet}
3231 5369 3398 5427 ,_non
3449 5352 3759 5411 admodum

2136 5430 2598 5499 repngnabimus.
2632 5443 2755 5483 cum
2796 5423 3014 5498 semper
3057 5427 3109 5481 in
3150 5423 3412 5483 Ecclesia:
3472 5431 3759 5499 potestate

2138 5494 2304 5555 fuerit
2328 5542 2342 5563 ,
2368 5500 2534 5569 jnstis
2558 5498 2628 5553 de
2658 5502 2843 5553 causis
2870 5494 2933 5553 ac
2958 5513 3057 5568 pro
3082 5506 3383 5569 temporum
3415 5494 3758 5569 necessitate

2135 5585 2289 5625 suam
2326 5566 2536 5626 mutare
2564 5569 2937 5638 disciplinam.
2960 5566 3161 5627 Mirare
3190 5566 3402 5620 interim
3434 5568 3657 5621 easdem
3688 5567 3760 5621 il-

2136 5642 2217 5696 las
2245 5641 2512 5696 adversus
2543 5640 2915 5711 virginitatem
2947 5640 3289 5708 obiectiones
3317 5643 3509 5711 nostra
3535 5652 3763 5711 memo-

2133 5714 2212 5769 ria
2237 5724 2531 5770 renovatas
2553 5706 2722 5771 fuisse
2745 5714 2815 5768 ab
2839 5706 3137 5774 haereticis,
3169 5722 3306 5778 quas
3334 5706 3671 5778 Ambrosius
3699 5709 3756 5764 in

2134 5783 2238 5839 hoc
2267 5799 2436 5856 opere
2461 5795 2570 5839 tam
2598 5782 2897 5857 prudenter
2926 5792 3088 5856 atque
3115 5776 3314 5844 invicte
3343 5776 3675 5845 confutavit.
