3998 6190
468 288 572 345 ΞἹΟ

1849 280 2094 337 SANCTI
2134 280 2459 338 AMBROSII

3668 280 3775 338 280

464 406 597 462 lium
627 405 870 470 auferat,
902 404 1004 458 hoc
1031 411 1114 456 est
1139 442 1154 467 ,
1184 401 1443 455 amictum
1482 399 1820 472 prudentiae,
1852 399 2064 470 insigne
2090 401 2141 460 Α
2169 413 2289 453 rum
2323 412 2546 454 suorum
2579 398 2918 466 diffundere,
2963 401 3224 457 verticem
3271 399 3574 456 divinitatis
3610 400 3774 455 attol-

467 500 787 569 patientite,
825 511 931 566 quo
979 493 1244 548 mollioris
1298 494 1526 548 ambitio
1582 495 1748 548 vestis
1798 494 2060 548 exuitur:

467 591 572 657 Qui
599 591 742 646 enim
768 588 1092 643 mollioribus
1126 589 1348 642 vestibus
1385 589 1697 654 induuntur,
1732 590 1786 642 in
1828 587 2063 642 domibus

459 700 638 754 regum
665 691 784 736 sunt
807 681 1024 754 (Matth.
1058 697 1130 746 xl,
1157 681 1234 752 8).
1263 681 1426 737 Nobis
1449 692 1629 738 autem
1659 684 1880 754 pallium
1912 683 2063 737 dedit

458 777 745 840 Christus,
779 790 885 845 quo
916 775 1194 846 apostolos
1254 790 1384 830 suos
1425 785 1482 831 et
1519 792 1719 847 corpus
1747 794 1903 832 suum
1943 778 2062 848 ipse

455 869 694 923 vestivit.
727 868 880 935 Quod
919 868 1156 938 denique
1187 868 1344 937 jubet
1373 878 1426 924 te
1451 868 1581 924 dare
1609 913 1624 938 ,
1676 871 1721 926 si
1782 870 1906 941 quis
1939 885 1969 925 a
2009 880 2060 924 te

456 963 693 1018 tunicam
713 970 884 1033 petat,
906 969 963 1016 ut
982 961 1224 1016 dimittas
1237 965 1284 1017 ei
1302 972 1355 1017 et
1379 964 1601 1034 pallium
1620 963 1837 1039 (Matth.
1867 981 1920 1029 v,
1941 964 2056 1035 40),

455 1055 508 1109 id
559 1063 682 1121 est,
730 1054 939 1124 insigne
990 1055 1350 1126 pltil0$0phiac
1404 1065 1510 1111 tua:
1557 1059 1768 1122 tradas,
1810 1068 1866 1113 et
1903 1058 2056 1129 quasi

455 1149 656 1203 amictu
696 1147 1000 1218 prudentia:
1037 1156 1142 1203 tua:
1169 1164 1296 1204 eum
1342 1149 1433 1220 qui
1471 1159 1596 1204 ante
1628 1153 1807 1205 nudus
1851 1150 2054 1216 fuerit,

451 1240 887 1296 circumvestias.

1061 1357 1294 1414 CAPUT
1342 1358 1434 1413 ΙΧ.

455 1453 801 1520 Quaerendum
829 1451 1090 1507 Christum
1131 1453 1186 1504 in
1222 1451 1480 1506 montibus
1508 1462 1803 1506 aromatum
1827 1465 1978 1522 atque
2002 1454 2054 1508 in

522 1549 758 1602 deserto:
803 1548 962 1616 hujus
988 1547 1316 1619 fecunditas,
1365 1548 1597 1619 exposito
1639 1565 1732 1601 cur
1761 1550 1860 1618 [los
1907 1560 2056 1618 atque

522 1641 689 1694 lilium
713 1642 915 1694 dicatur
946 1639 1202 1706 Christus,
1223 1639 1529 1693 describitur
1549 1657 1568 1694 :
1596 1651 1642 1694 et
1670 1641 1846 1694 induci
1877 1642 1930 1694 in
1962 1643 2055 1694 do-

448 1795 453 1801 _
523 1751 664 1786 mum
693 1734 798 1787 vini
817 1774 831 1798 ,
867 1732 1203 1801 ordinarique
1222 1732 1274 1785 in
1297 1747 1350 1785 se
1377 1733 1682 1786 charitatent
1716 1748 1904 1804 cupere
1934 1749 2055 1786 nar-

523 1839 675 1884 ratur
710 1829 963 1884 Ecclesia.

519 1965 610 2020 49.
657 1965 730 2022 lbi
781 1965 980 2036 igitur,
1022 1966 1177 2031 lilia),
1237 1964 1516 2020 Christum
1569 1981 1915 2035 quzeramus,
1965 1966 2055 2021 ubi

447 2059 644 2129 quaerit
671 2059 940 2122 Ecclesia,
974 2059 1027 2113 in
1058 2059 1334 2113 montibus
1371 2059 1498 2112 boni
1531 2059 1694 2130 226
1722 2059 1932 2123 odoris,
1965 2060 2054 2128 qui

446 2153 791 2208 cxcelsorum
827 2150 1165 2208 sublimitate
1194 2151 1464 2206 factorum
1501 2166 1726 2205 suavem
1766 2151 1891 2205 vine
1921 2150 2056 2204 odo-

447 2261 563 2300 rem
598 2263 694 2315 pru
726 2244 1046 2300 meritorum
1081 2244 1380 2301 verticibus
1415 2245 1690 2299 exhalant.
1719 2244 1876 2315 Fugit
1903 2245 2050 2304 enim

445 2340 654 2409 plateas
681 2381 696 2405 ,
744 2339 879 2410 fugit
917 2349 1254 2402 conventus,
1296 2348 1352 2394 et
1398 2339 1661 2408 strepitus
1701 2340 1840 2405 fori,
1893 2339 2050 2408 juxta

442 2437 584 2506 quod
611 2437 872 2506 scriptum
907 2447 988 2492 est
1019 2455 1032 2492 :
1068 2434 1238 2508 Fuge,
1270 2440 1536 2507 fraternus
1562 2453 1737 2502 meus,
1781 2445 1830 2489 et
1865 2436 2051 2490 similis

444 2531 640 2599 efﬁcere
667 2547 816 2584 cerro
843 2540 935 2584 aut
973 2531 1192 2584 hinnulo
1224 2531 1359 2583 cervi
1394 2531 1447 2582 in
1473 2530 1731 2584 montibus
1756 2540 2050 2582 aromatum

439 2620 618 2690 (Cant.
650 2638 772 2688 vni,
804 2622 918 2693 14).
953 2623 1298 2693 Serpentinis
1329 2621 1472 2676 enim
1498 2622 1706 2676 invisus
1732 2622 1972 2677 colubris
1993 2631 2049 2678 et

439 2713 678 2783 fugitans
699 2728 918 2776 canum,
953 2724 1114 2783 atque
1137 2714 1284 2768 humi
1311 2713 1901 2783 reptantibusiufestus
1927 2729 2046 2768 ser-

437 2807 716 2875 pentibus,
743 2807 920 2860 nescit
941 2806 1189 2861 habitare
1205 2807 1307 2861 nisi
1339 2807 1390 2860 in
1411 2807 1748 2861 sublimitate
1761 2807 2043 2872 virtutum,

438 2901 612 2956 nescit
640 2901 969 2954 commorari
1005 2900 1104 2954 nisi
1152 2899 1206 2953 in
1259 2899 1455 2954 talibus
1490 2900 1752 2955 Ecclesia:
1792 2899 2041 2966 filiabus,

442 3008 567 3064 quae
591 3002 818 3062 possunt
845 2992 1031 3046 dicere
1065 3009 1076 3044 :
1105 2990 1299 3047 Christi
1339 2993 1484 3046 enim
1516 2993 1679 3048 bonus
1710 2993 1839 3047 odor
1867 3009 2044 3048 sumas

441 3084 552 3138 Deo
587 3083 651 3155 (ll
681 3081 802 3137 Cor.
838 3100 873 3138 ll
895 3124 910 3148 ,
946 3084 1032 3152 15)
1055 3100 1068 3148 ;
1095 3085 1193 3139 scd
1244 3085 1568 3154 quibusdam
1603 3087 1741 3140 odor
1762 3087 1955 3141 mortis
1989 3087 2042 3142 in

441 3189 668 3232 mortem
697 3220 711 3244 ,
746 3178 798 3232 iu
828 3178 894 3232 iis
925 3179 1014 3248 qui
1040 3189 1267 3248 pereunt
1295 3197 1309 3234 :
1340 3179 1662 3248 quibusdam
1691 3181 1828 3234 odor
1849 3181 2037 3235 vitmiu
2066 3197 2112 3259 ε

435 3271 602 3324 vitam
624 3313 639 3337 ,
678 3272 728 3324 in
761 3269 828 3324 iis
857 3271 1042 3341 utique
1071 3272 1162 3341 qui
1193 3271 1418 3328 odorem
1463 3273 1894 3328 resurrectionis
1935 3273 2042 3329 Do-

437 3361 653 3417 minica:
674 3362 848 3416 vivida
876 3361 980 3418 llde
1021 3364 1250 3432 spirant.

507 3456 598 3511 50.
634 3455 727 3509 Isti
759 3463 889 3510 sunt
915 3467 1222 3510 aromatum
1255 3465 1500 3523 montes,
1551 3459 1642 3528 qui
1671 3458 1883 3512 Domini
1917 3473 2038 3513 cor-

438 3563 538 3618 pus
565 3547 696 3604 Jesu
729 3559 1106 3619 acceperunt,
1155 3560 1210 3604 et
1253 3551 1303 3605 in
1337 3549 1520 3606 linteis
1543 3565 1667 3606 cum
1700 3553 2038 3608 aromatibus

433 3641 739 3712 ligaverunt
765 3641 950 3704 (Joan.
988 3657 1101 3706 xix,
1130 3641 1252 3713 40);
1289 3643 1621 3713 quicumque
1668 3645 1814 3697 enim
1861 3645 2037 3699 credi-

431 3737 630 3792 derunt
656 3737 781 3807 quia
813 3736 976 3790 .Iesus
1015 3745 1262 3790 mortuus
1292 3747 1408 3801 est,
1451 3748 1502 3791 et
1547 3738 1794 3807 sepultus
1822 3748 1940 3803 est,
1983 3749 2036 3792 et

433 3830 773 3891 resurrexit,
815 3828 867 3882 hi
923 3831 1205 3883 excelsum
1241 3844 1386 3883 vera:
1416 3845 1682 3884 cacumen
1716 3831 1839 3884 fidei
1869 3830 2038 3885 virtu—

431 3935 544 3978 tum
594 3921 828 3992 fastigiis
861 3924 1192 3978 extulerunt.
1243 3922 1342 3978 Ubi
1380 3939 1510 3994 ergo
1549 3923 1801 3980 Christus
1839 3925 2036 3996 qumri—

432 4015 554 4070 tur?
583 4015 640 4070 In
674 4025 896 4084 peetore
923 4017 1208 4085 prudentis
1237 4017 1448 4071 scilicet
1477 4017 1804 4071 sacerdotis.

501 4111 590 4165 51.
625 4109 690 4163 Et
712 4110 967 4179 quoniam
994 4109 1062 4163 de
1093 4109 1312 4164 deserto
1347 4120 1609 4166 tractatus
1647 4112 1730 4166 hic
1775 4113 2028 4178 sumitur,

433 4203 521 4258 ubi
545 4203 874 4272 quzereudus
903 4203 1011 4267 sit,
1045 4204 1209 4256 etiam
1242 4204 1358 4272 ipse
1388 4205 1766 4270 demonstrat,
1799 4207 2026 4262 dicens:

431 4293 547 4368 Ego
574 4297 671 4365 ﬂos
687 4296 887 4364 campi.
923 4304 968 4347 et
997 4296 1166 4348 lilium
1195 4295 1527 4349 convallium.
1557 4297 1828 4367 Tanquam
1859 4301 2029 4354 lilium

427 4393 482 4444 in
530 4390 702 4444 medio
763 4390 1033 4458 spinarum
1059 4388 1234 4459 (Cant.
1270 4404 1328 4455 ll,
1359 4391 1411 4457 1,
1442 4390 1523 4463 2).
1551 4391 1691 4447 Ecce
1734 4395 1898 4449 alium
1948 4396 2030 4451 lo-

425 4498 550 4539 cum
577 4525 593 4547 .
631 4484 683 4538 in
711 4499 820 4554 quo
847 4484 987 4538 solet
1014 4483 1277 4538 Dominus
1299 4483 1602 4552 diversari;
1635 4486 1804 4542 immo
1834 4507 1942 4546 non
1972 4492 2024 4547 in

2169 491 2304 546 lere.
2337 491 2498 546 Juxta
2530 508 2691 562 quam
2712 502 2913 548 nostra:
2936 493 3078 565 ligna
3103 494 3253 548 silvae
3285 494 3617 559 frutescant;
3646 492 3774 565 quia

2166 586 2302 639 sicut
2336 584 2493 639 arbor
2527 585 2652 639 mali
2685 588 2818 640 inter
2862 576 3003 657 ligna
3024 587 3200 650 silete,
3233 587 3308 640 ita
3336 590 3601 658 fraternus
3629 601 3775 640 meus

2165 679 2298 733 inter
2327 679 2554 732 medium
2581 680 2810 748 filiorum
2831 679 3082 752 (Cant.tt,
3109 681 3185 750 ὅ).
3218 678 3288 734 Et
3315 679 3506 733 videns
3532 677 3638 734 hoc
3669 678 3774 734 Ec-

2165 771 2330 826 clesia
2363 771 2577 826 laetetur
2604 772 2909 842 etgaudeat
2939 771 3126 827 dicens
3151 788 3165 825 :
3211 771 3279 826 In
3301 771 3482 825 umbra
3505 775 3618 845 ejus
3645 787 3775 827 con-

2165 865 2339 935 capiri
2367 875 2413 919 et
2443 867 2584 930 sedi,
2615 877 2662 920 et
2694 870 2895 937 fructus
2923 869 3035 936 ejus
3056 867 3226 922 dulcis
3266 870 3318 920 in
3355 869 3592 938 faucibus
3625 868 3771 922 meis.

2235 959 2324 1014 55.
2360 958 2582 1024 Videns,
2619 961 2860 1030 inquam,
2891 959 2993 1015 hoc
3024 959 3302 1024 Ecclesia,
3331 969 3388 1016 et
3414 959 3540 1015 fidei
3573 968 3776 1015 nostra:

2159 1052 2268 1123 jam
2301 1054 2421 1108 laeta
2454 1068 2712 1109 successu
2740 1053 2885 1108 dicat
2918 1070 2932 1109 ε
2963 1053 3210 1108 lndacite
3234 1070 3311 1107 me
3341 1055 3394 1107 in
3438 1056 3646 1107 domum
3667 1053 3776 1108 vini

2161 1155 2208 1198 et
2251 1146 2487 1200 ordinate
2517 1147 2568 1200 in
2612 1162 2694 1200 me
2715 1146 3022 1201 cltaritatem
3054 1147 3219 1215 (Ibid.
3262 1144 3340 1218 4).
3373 1144 3621 1201 Charitas
3661 1161 3776 1203 non

2162 1247 2344 1310 potest
2363 1253 2486 1295 esse
2509 1240 2626 1295 sine
2660 1239 2805 1307 fide;
2839 1251 2948 1296 tres
2977 1241 3120 1295 enim
3155 1250 3284 1296 sunt
3311 1240 3462 1297 velut
3485 1240 3652 1296 vades
3673 1240 3778 1296 Ec-

2161 1331 2368 1399 clesitn,
2402 1347 2551 1402 spes,
2585 1333 2752 1399 fides,
2777 1334 3038 1389 charitas.
3067 1332 3201 1388 Cum
3229 1350 3356 1405 spes
3385 1335 3773 1405 praecesserit,

2161 1425 2294 1480 fides
2313 1424 2535 1481 fundata
2554 1423 2742 1491 fuerit,
2758 1428 3042 1483 ordinatur
3065 1426 3327 1494 charitas,
3345 1427 3592 1485 Ecclesia
3605 1442 3777 1500 copu-

2160 1504 2322 1574 latur.

2693 1616 2852 1687 227
2879 1613 3110 1672 CAPUT
3141 1615 3210 1671 x.

2164 1727 2234 1784 Ut
2261 1725 2456 1784 Christi
2488 1745 2776 1784 mereamur
2805 1731 2857 1784 in
2887 1747 2980 1785 nos
3008 1732 3303 1797 adventum,
3332 1731 3596 1802 Spiritum
3622 1749 3774 1789 sauc-

2233 1833 2340 1876 tam
2371 1824 2603 1879 invocari
2634 1823 2850 1889 debere;
2878 1825 3028 1878 illunt
3056 1827 3190 1879 enim
3216 1842 3319 1879 non
3347 1843 3550 1897 semper
3569 1830 3769 1896 venire,

2233 1935 2393 1988 neque
2414 1918 2483 1970 ad
2507 1935 2682 1972 omnes
2703 1935 2723 1972 :
2751 1919 2843 1972 sed
2870 1919 2940 1973 ad
2959 1935 3072 1973 eam
3099 1921 3327 1975 animam
3346 1937 3459 1991 qua:
3480 1923 3552 1976 ita
3579 1931 3767 1977 terres-

2229 2020 2357 2063 trem
2389 2012 2586 2064 exuerit
2612 2012 2866 2079 tunicam,
2899 2023 2950 2066 ut
2981 2013 3148 2082 ipsam
3177 2023 3356 2083 postea
3385 2031 3486 2068 non
3512 2025 3761 2071 resumat.

2232 2101 2431 2156 Pedum
2468 2103 2593 2156 lotio
2620 2105 2748 2168 quid
2787 2105 3082 2176 significet;
3113 2117 3160 2159 et
3186 2107 3324 2176 quod
3359 2108 3487 2161 dicit
3531 2108 3765 2178 Sponsa,

2228 2195 2508 2265 quomodo
2531 2195 2826 2265 inquinabo
2850 2197 3007 2251 illos?
3034 2195 3270 2268 Denique
3292 2200 3556 2270 spiritales
3575 2201 3765 2256 anima!

2229 2287 2381 2355 pedes
2411 2289 2510 2342 hoc
2540 2288 2653 2342 loco
2673 2289 3037 2360 intelligendos
3065 2308 3177 2346 esse
3201 2293 3610 2352 demonstratur.

2225 2425 2315 2480 54.
2360 2424 2603 2480 Didicisti
2647 2440 2778 2496 ergo
2821 2426 2912 2482 ubi
2950 2427 3221 2484 Christum
3268 2431 3551 2502 requiras;
3602 2431 3757 2488 disce

2149 2518 2310 2573 etiam
2329 2519 2786 2589 quemadmodum
2811 2521 2984 2590 possis
3002 2523 3198 2578 mereri
3217 2564 3234 2590 ,
3260 2533 3318 2578 ut
3335 2525 3425 2580 ille
3456 2534 3508 2580 te
3523 2536 3753 2595 quaerat.

2152 2611 2343 2669 Excila
2383 2613 2649 2684 Spiritum
2675 2624 2919 2670 sanctum
2950 2616 3168 2671 dicens:
3189 2615 3443 2688 Exsurge,
3475 2620 3688 2688 Aquilo,
3706 2629 3755 2675 et

2148 2709 2293 2775 veni,
2317 2708 2539 2775 Auster;
2563 2711 2742 2780 aspira
2764 2713 2969 2763 hortum
2985 2727 3151 2764 meum
3177 2722 3222 2765 et
3239 2712 3498 2782 pro/luant
3513 2724 3755 2769 aromata

2148 2819 2262 2858 mea
2288 2802 2471 2875 (Cant.
2500 2819 2576 2870 tv,
2611 2802 2728 2874 16).
2767 2802 3055 2858 Descendat
3083 2806 3346 2874 fraternus
3373 2821 3511 2858 meus
3541 2806 3596 2858 in
3629 2805 3754 2860 hor-

2149 2903 2256 2948 tum
2306 2911 2459 2948 suum
2480 2936 2494 2960 ,
2529 2905 2574 2949 et
2606 2896 2876 2949 manducet
2903 2899 3104 2967 fructus
3134 2897 3505 2967 pomiferarum
3535 2913 3753 2952 suarum

2150 2987 2326 3059 (Cant,
2359 2991 2525 3059 v,°l).
2553 2989 2751 3044 Hortus
2775 2991 2936 3046 Verbi
2966 2991 3164 3046 anima:
3204 2992 3486 3048 vernantis
3519 2991 3752 3050 alfectus

2145 3089 2247 3145 est,
2278 3092 2334 3136 et
2363 3082 2414 3136 in
2449 3082 2726 3152 pomiferis
2751 3083 2964 3139 virtutis
2999 3094 3082 3141 est
3108 3086 3334 3142 fructus.

2218 3173 2307 3228 55.
2338 3175 2500 3230 Venit
2536 3191 2707 3247 ergo;
2741 3187 2795 3231 et
2830 3180 2945 3232 sive
2977 3179 3301 3247 manduces,
3336 3183 3451 3236 sive
3498 3181 3680 3250 bibas,
3703 3183 3751 3238 si

2145 3264 2419 3322 Christum
2468 3268 2686 3323 invocas
2707 3310 2720 3334 ,
2752 3269 2908 3324 adest
2932 3270 3120 3325 dicens
3143 3289 3161 3326 :
3201 3270 3399 3338 Venite,
3441 3274 3753 3329 manducate

2145 3374 2306 3426 panes
2345 3375 2505 3422 meos,
2548 3371 2594 3413 et
2621 3360 2778 3414 bibite
2820 3365 2996 3414 vinum
3026 3379 3194 3416 meum
3227 3361 3498 3432 (Proverb.
3535 3379 3624 3430 Ix,
3649 3363 3743 3438 5);

2141 3449 2256 3506 sive
2299 3451 2465 3506 etiam
2505 3453 2766 3518 dormias,
2817 3455 2998 3524 pulsat
3041 3455 3108 3509 ad
3149 3453 3395 3524 januam.
3445 3456 3632 3525 Venit,
3667 3459 3748 3514 in-

2138 3561 2326 3614 quam,
2356 3547 2693 3618 frequenter,
2725 3558 2779 3603 et
2808 3565 2907 3620 per
2931 3559 3278 3620 prOSpectum
3323 3553 3490 3606 mittit
3519 3567 3743 3609 manum

2139 3654 2330 3695 suam:
2363 3641 2461 3696 sed
2505 3658 2612 3697 non
2644 3656 2864 3714 semper
2903 3659 3003 3699 nec
3043 3644 3110 3699 ad
3141 3659 3353 3712 omnes;
3385 3645 3479 3701 sed
3513 3647 3580 3701 ad
3622 3662 3742 3704 eam

2137 3735 2373 3788 animam
2406 3750 2528 3804 quae
2571 3745 2749 3805 potest
2789 3737 3008 3792 dicere:
3055 3737 3223 3792 Nocte
3251 3740 3372 3793 exui
3391 3756 3473 3794 me
3509 3741 3741 3795 tunicam

2137 3846 2302 3884 meam
2325 3829 2502 3900 (Cant.
2527 3847 2579 3898 v,
2605 3831 2685 3901 5).
2720 3831 2929 3886 Etenim
2960 3833 3012 3888 in
3041 3833 3142 3888 hac
3169 3833 3354 3888 s:eculi
3387 3843 3546 3889 nocte
3576 3836 3733 3905 prius

2137 3923 2232 3976 tibi
2257 3923 2558 3992 corporalis
2576 3925 2700 3980 vitae
2719 3927 2952 3979 amictus
2973 3934 3056 3980 est
3073 3927 3382 3992 exucndus,
3417 3929 3570 3982 exuit
3588 3926 3734 3982 enim

2134 4032 2196 4073 se
2222 4033 2388 4073 carne
2422 4021 2708 4086 Dominus,
2743 4031 2800 4074 ut
2833 4036 2933 4090 pro
2966 4030 3019 4076 te
3062 4021 3131 4077 de
3171 4021 3643 4078 dominationibus
3683 4028 3735 4075 et

2134 4112 2496 4181 potestatibus
2528 4114 2708 4168 mundi
2746 4115 2900 4169 istius
2926 4114 3312 4184 triumpharet.

2205 4207 2294 4262 56.
2330 4209 2600 4274 Quomodo
2644 4209 2863 4262 induam
2908 4209 3331 4281 illant(lbid.)?
3370 4209 3503 4265 Vide
3550 4211 3732 4266 anima

2132 4297 2245 4354 Deo
2266 4299 2461 4355 devota
2485 4301 2613 4371 quid
2637 4302 2800 4356 dicat.
2829 4302 2918 4360 Sic
2949 4317 3008 4356 se
3031 4314 3185 4358 aetus
3209 4303 3456 4373 corporis
3477 4311 3535 4358 et
3562 4313 3733 4358 terre-

2131 4407 2233 4446 nos
2259 4393 2410 4446 exuit
2441 4409 2644 4460 mores,
2681 4405 2737 4449 ut
2767 4396 2972 4449 nesciat
3000 4395 3298 4464 quomodo,
3326 4395 3539 4450 etiamsi
3571 4396 3721 4462 velit,

2131 4499 2320 4539 rursus
2355 4486 2526 4555 possit
2564 4485 2808 4542 induere.
2844 4488 3113 4553 Quomodo
3149 4488 3366 4541 induam
3406 4488 3597 4542 illam?
3625 4487 3727 4544 hoc

427 4596 557 4645 uno,
585 4579 684 4635 sed
716 4581 768 4634 in
799 4579 1066 4650 pluribus.
1098 4578 1209 4650 Ego
1233 4621 1248 4645 ,
1285 4579 1500 4650 inquit,
1530 4583 1629 4651 ﬂos
1659 4585 1870 4653 campi;
1899 4587 2022 4656 quia
2054 4581 2104 4640 l)
2131 4587 2236 4642 est,
2269 4593 2372 4649 qua
2400 4579 2745 4644 verecundia,
2769 4594 2878 4650 quo
2909 4579 3139 4650 pudore,
3174 4595 3278 4649 qua
3307 4589 3584 4650 postremo
3614 4594 3728 4636 me-

424 4684 702 4746 patentem
731 4673 1136 4742 simplicitatem
1169 4687 1320 4742 parte
1357 4675 1560 4729 mentis
1594 4675 1922 4745 frequentat.
1955 4677 2028 4732 Et

419 4768 590 4822 lilium
620 4766 972 4832 convallium;
1004 4765 1103 4819 nos
1119 4765 1265 4820 enim
1292 4764 1616 4822 humilitatis
1641 4778 1724 4823 est
1751 4767 2020 4838 Christus,

420 4877 530 4916 non
563 4858 812 4922 luxurire,
842 4874 951 4912 non
988 4858 1346 4927 voluptatum,
1370 4860 1731 4915 nonlascivia:
1754 4902 1770 4927 ,
1801 4864 1898 4919 sed
1922 4863 2024 4920 llos

419 4953 812 5025 simplicitatis,
837 4951 938 5006 ﬂos
965 4951 1306 5006 humilitatis.
1345 4952 1611 5024 Tanquam
1643 4955 1811 5010 lilium
1834 4959 1887 5011 in
1908 4975 2016 5011 me-

416 5050 505 5103 dio
531 5047 826 5117 spinarum.
855 5043 1043 5099 Nonne
1068 5045 1210 5098 inter
1229 5047 1555 5116 asperitates
1585 5049 1858 5114 laborum,
1887 5067 2008 5105 con-

416 5142 778 5210 tritionesque
791 5138 1097 5192 animorum
1121 5137 1246 5192 boni
1265 5138 1367 5192 llos
1395 5138 1580 5194 odoris
1606 5144 1870 5213 exsurgit;
1891 5146 2018 5214 quia

416 5233 658 5288 contrito
685 5229 851 5286 corde
876 5229 1023 5284 Deus
1053 5228 1340 5298 placatur?

486 5326 576 5382 52.
595 5325 706 5380 liae
728 5332 814 5379 est
829 5323 1107 5379 desertum
1134 5364 1149 5389 ,
1175 5322 1324 5389 tilire,
1341 5323 1484 5390 quod
1506 5323 1652 5380 ducit
1677 5325 1745 5380 ad
1761 5342 2011 5397 regnum,

412 5419 519 5476 hoc
547 5427 634 5474 est
657 5417 820 5472 etiam
842 5415 1144 5482 desertum,
1167 5415 1312 5484 quod
1343 5415 1502 5470 ﬂoret
1531 5426 1589 5471 ut
1618 5417 1831 5483 lilium;
1857 5420 2009 5488 juxta

409 5510 555 5581 quod
588 5509 847 5576 scriptum
871 5515 954 5560 est
984 5523 997 5560 :
1028 5505 1252 5574 Laetare,
1276 5507 1485 5572 sterilis,
1517 5518 1566 5562 et
1591 5510 1815 5574 exsulta,
1837 5511 2009 5564 deser-

404 5613 550 5667 tum,
581 5612 627 5656 et
656 5602 838 5670 ﬂoreat
866 5609 919 5652 ut
957 5601 1126 5654 litium
1164 5600 1340 5672 (Esai.
1367 5617 1511 5655 xxxv
1531 5643 1546 5669 ,
1575 5599 1650 5674 1).
1696 5603 1752 5659 1η
1787 5605 1889 5660 hoc
1920 5604 2013 5660 de-

407 5702 593 5758 serto,
631 5691 794 5757 lilize,
829 5691 992 5744 arbor
1028 5691 1119 5746 illa
1146 5691 1286 5746 bona
1325 5690 1635 5762 fructifera,
1677 5710 1797 5765 qua:
1838 5697 2011 5754 bonos

410 5785 625 5842 fructus
656 5781 784 5838 facit
810 5779 1028 5851 (Matth.
1079 5797 1153 5838 vn
1181 5821 1196 5846 ,
1228 5783 1342 5853 l7),
1373 5785 1564 5855 incipit
1592 5787 1813 5846 brachia
1843 5789 2009 5848 facto-

2131 4672 2302 4725 moria
2325 4673 2350 4724 ?
2383 4671 2730 4727 Consuetudo
2768 4671 2914 4728 etaim
2948 4671 3076 4727 boni
3119 4687 3276 4726 usum
3308 4671 3590 4742 pravitatis
3628 4686 3722 4727 ve-

2130 4766 2263 4820 teris
2292 4765 2495 4820 amisit.

2199 4857 2290 4912 57.
2311 4857 2437 4911 Lavi
2455 4859 2609 4927 pedes
2631 4875 2789 4923 meos,
2805 4860 3064 4928 quomodo
3080 4857 3723 4930 inquinaboillos(lbid.)?

2126 4949 2376 5005 Didicisti
2415 4951 2467 5004 in
2498 4951 2796 5018 Evangelio
2823 4953 2966 5022 quod
3003 4951 3168 5022 pedes
3200 4953 3383 5008 lavare
3414 4951 3536 5008 fidei
3568 4966 3721 5025 mys-

2127 5041 2321 5095 terium
2350 5040 2677 5097 humilitatis
2713 5043 2923 5113 insigne
2952 5046 3026 5098 sit
3051 5060 3065 5109 ;
3096 5043 3242 5112 juxta
3272 5044 3416 5115 quod
3457 5044 3720 5114 scriptum

2122 5143 2243 5188 est:
2289 5134 2351 5188 Si
2385 5151 2476 5204 ego
2511 5135 2612 5189 lavi
2660 5136 2814 5206 pedes
2844 5145 3034 5190 vestros
3064 5135 3321 5192 Dominus
3363 5147 3412 5192 et
3442 5139 3713 5211 magister,

2119 5237 2309 5299 quanto
2353 5231 2517 5296 magis
2543 5245 2631 5284 vos
2673 5229 2867 5284 debetis
2913 5230 3048 5284 alter
3091 5231 3305 5284 alterius
3347 5233 3504 5302 pedes
3545 5231 3720 5285 lavare

2122 5319 2303 5392 (Joan.
2337 5337 2457 5388 xm,
2490 5322 2611 5394 M)!
2657 5324 2764 5380 Sed
2809 5324 2912 5380 hoc
2945 5323 3011 5379 ad
3049 5323 3410 5380 humilitatem
3456 5323 3712 5396 pertinet.

2117 5416 2391 5482 Quantum
2412 5429 2542 5470 vero
2564 5416 2630 5470 ad
2653 5417 2994 5488 mysterium,
3015 5416 3175 5487 pedes
3197 5417 3361 5473 debet
3384 5417 3566 5473 lavare
3585 5432 3714 5473 suos

2115 5509 2207 5583 qui
2248 5510 2366 5565 vult
2407 5520 2617 5580 partem
2666 5511 2868 5566 habere
2909 5526 3030 5566 cum
3057 5510 3316 5566 Christo:
3357 5510 3419 5567 Si
3441 5515 3576 5566 enim
3607 5528 3708 5566 non

2116 5603 2306 5671 lavero,
2338 5604 2531 5675 inquit,
2567 5603 2658 5658 tibi
2684 5605 2868 5674 pedes,
2913 5621 3016 5658 non
3046 5603 3252 5658 habebis
3276 5613 3478 5674 partem
3507 5623 3711 5660 mecum

2113 5697 2279 5769 (Ibid.
2299 5696 2382 5770 8).
2411 5697 2546 5755 Cum
2587 5697 2692 5755 hoc
2713 5698 2876 5756 Petro
2904 5697 3130 5766 dicitur,
3148 5689 3277 5767 quid
3300 5697 3369 5756 de
3392 5700 3551 5756 nobis
3581 5701 3710 5758 cené

2109 5799 2260 5847 setur
2279 5789 2304 5843 7
