3974 6186
167 300 270 357 281

1302 294 1389 350 DE
1429 290 1880 352 VIRGINITATE
1921 291 2126 348 LIBER
2167 289 2370 347 UNUS.

3383 286 3494 342 282

239 413 447 482 58.0ui
466 413 598 468 lavit
623 412 795 485 igitur
813 412 997 484 pedes,
1019 425 1122 466 non
1147 425 1370 467 necesse
1393 410 1556 467 habet
1578 411 1772 466 iterum
1800 413 1855 473 Α
1879 408 2017 480 quit,
2047 423 2174 462 meae
2202 407 2529 462 stillaverunt
2556 403 2842 475 myrrham,
2877 410 2925 456 et
2954 402 3107 474 digiti
3137 407 3239 458 met
3269 401 3411 473 pleni
3437 402 3492 457 iu

165 510 382 575 lavare;
406 520 458 564 et
480 508 608 564 ideo
632 516 828 563 caveat
847 521 913 562 ne
937 506 1179 577 inquinet
1199 521 1316 561 eos.
1339 505 1409 560 Et
1435 505 1776 560 benesancta

163 604 412 660 Ecclesia
436 603 596 658 dicit:
630 602 759 656 Lavi
788 601 939 672 pedes
956 617 1113 655 meos.
1143 599 1258 654 Non
1287 599 1421 655 dicit
1449 616 1461 654 :
1493 595 1776 666 Quomodo

166 699 366 754 iterum
397 696 595 752 lavabo
618 711 747 762 eos;
795 695 914 760 sed,
944 695 1219 766 quomodo
1255 695 1450 750 iterum
1481 693 1776 763 inquinabo

165 793 302 848 eos?
343 792 501 863 quasi
548 791 722 848 oblita
764 790 991 846 maculae
1021 791 1224 846 veteris
1249 833 1264 857 ,
1314 789 1480 845 oblita
1511 787 1770 857 contagii.

168 883 438 940 Admonet
480 884 648 955 igitur
692 883 746 938 in
777 883 1081 938 ministerio
1111 881 1380 953 corporali
1411 879 1771 951 quemadmov

167 977 293 1032 dum
336 975 590 1046 spiritale
621 975 924 1032 debeamus
953 985 1174 1031 actuum
1217 984 1532 1030 nostrorum
1561 974 1773 1029 diluere

164 1068 478 1140 vestigium.
530 1067 721 1140 Itaque
767 1069 935 1139 pedes
974 1083 1096 1123 cum
1125 1068 1300 1124 semel
1343 1067 1544 1122 laveris
1580 1066 1773 1122 aeterni

163 1160 327 1216 fontis
367 1161 576 1231 irriguo
597 1205 613 1227 ,
655 1169 712 1216 et
733 1161 979 1234 mysterii
1011 1161 1363 1216 mundaveris
1392 1168 1769 1223 sacramento;

161 1261 334 1308 ‘cave
361 1267 431 1308 ne
459 1252 661 1307 iterum
683 1267 964 1324 corporea:
988 1253 1517 1324 cupiditatisilluvie,
1534 1253 1763 1309 lutulen-

160 1347 314 1416 tique
340 1355 498 1400 actus
530 1347 766 1401 terrenis
793 1345 1050 1402 sordibus
1082 1346 1454 1418 inquinentur.

227 1440 320 1495 59.
345 1437 440 1493 lsti
463 1450 590 1494 sunt
616 1439 780 1508 pedes
801 1455 938 1510 quos
955 1441 1118 1496 David
1143 1441 1270 1495 lavit
1289 1441 1342 1496 in
1367 1439 1584 1508 Spiritu,
1608 1440 1772 1511 228

156 1531 248 1602 qui
280 1541 333 1586 te
363 1531 526 1585 docet
566 1531 1026 1602 quemadmodum
1067 1547 1162 1587 eos
1195 1533 1479 1604 inquinare
1510 1547 1618 1587 non
1647 1548 1771 1603 pos-

153 1622 253 1686 sis,
289 1622 523 1678 dicens:
565 1622 778 1676 Stantes
805 1634 950 1677 erant
984 1624 1138 1694 pedes
1164 1625 1328 1679 nostri
1359 1625 1411 1678 in
1443 1625 1594 1678 atriis
1623 1625 1726 1679 tuis
1749 1665 1766 1692 ,

156 1713 497 1769 Hierusalem
525 1713 700 1786 (Psal.
732 1731 882 1781 cxxr,
912 1715 993 1786 2).
1027 1716 1221 1788 Utique
1248 1717 1335 1771 hic
1371 1733 1476 1772 non
1497 1719 1763 1788 corporis,

1879 500 2114 555 manibus
2158 500 2419 554 clausum
2449 497 2628 570 (Cant.
2664 513 2715 563 v,
2750 497 2831 566 εἰ).
2864 496 3040 562 Quam
3067 494 3344 566 myrrham
3370 494 3490 550 stil-

1878 596 1991 652 lant
2018 596 2217 650 anima:
2265 609 2480 662 manus,
2531 595 2634 649 nisi
2669 593 2815 647 illam
2857 606 3018 662 quam
3063 589 3260 645 obtulit
3308 589 3489 660 justus

1877 687 1971 743 ille
1991 687 2316 742 Nicodemus
2340 687 2598 756 magister
2624 687 2676 740 in
2711 684 2873 739 Israel
2897 682 3078 755 (Joan.
3096 694 3177 749 Ill,
3201 683 3226 736 1
3257 690 3305 736 et
3328 683 3487 753 seq.).

1876 779 1969 835 ille
1995 780 2084 850 qui
2113 779 2310 834 meruit
2336 779 2538 834 lavacri
2571 779 2778 849 primus
2797 777 2991 832 audire
3023 777 3365 849 mysterium,
3395 777 3489 848 qui

1875 871 2055 927 attulit
2086 873 2379 927 mixturam
2413 873 2649 944 myrrha:
2689 882 2745 928 et
2774 872 2924 927 aloes
2957 873 3111 941 quasi
3165 871 3332 927 libras
3359 886 3490 927 ceu-

1875 973 2010 1033 tum,
2041 975 2096 1021 et
2120 966 2268 1021 misit
2288 966 2340 1021 in
2364 981 2567 1036 corpus
2587 965 2718 1021 Jesu
2745 965 2926 1037 (Joan.
2954 981 3071 1033 nx,
3099 965 3194 1037 59)
3226 983 3238 1020 :
3270 965 3489 1037 perfec-

1877 1066 1988 1114 tum
2019 1061 2210 1129 utique
2239 1060 2464 1115 odorem
2497 1059 2623 1115 ﬁdei
2655 1060 2883 1114 attulit?

1949 1152 2038 1207 62.
2069 1151 2223 1206 Hunc
2253 1153 2478 1209 odorem
2513 1151 2717 1224 fragrat
2743 1153 2922 1207 anima
2957 1167 3076 1224 qua:
3105 1152 3332 1230 Christo
3357 1168 3486 1225 ape-

1875 1246 1991 1301 rire
2026 1246 2236 1316 incipit,
2264 1256 2320 1301 ut
2346 1246 2578 1318 accipiat
2604 1248 2781 1318 primo
2808 1246 3034 1301 odorem
3071 1247 3372 1303 Dominith
3398 1262 3487 1304 se-

1873 1341 2130 1412 pulturae,
2155 1350 2210 1396 et
2233 1341 2566 1412 credatquia
2595 1356 2722 1396 caro
2741 1342 2863 1411 ejus
2890 1357 2998 1396 non
3027 1341 3486 1413 viditcorruptio-

1875 1450 2024 1502 nem,
2060 1450 2160 1490 nec
2186 1435 2357 1490 odore
2385 1437 2566 1506 aliquo
2599 1436 2794 1490 mortis
2825 1433 3096 1490 emarcuit
3123 1454 3134 1488 :
3171 1435 3265 1490 sed
3291 1435 3485 1492 :eterui

1873 1529 2018 1585 illius
2045 1529 2217 1598 lloris,
2250 1539 2305 1586 et
2333 1545 2550 1600 semper
2579 1529 2810 1584 virentis
2840 1529 3012 1584 odore
3041 1529 3262 1584 condita
3295 1545 3481 1587 surre-

1870 1619 1973 1675 xit.
2003 1620 2293 1688 Quomodo
2322 1622 2465 1677 enim
2491 1629 2706 1692 poterat
2734 1621 2818 1676 vel
2847 1620 2899 1675 in
2927 1635 3094 1675 carne
3113 1635 3479 1686 marcescere,

1871 1715 2025 1784 cujus
2049 1731 2246 1770 nomen
2273 1724 2610 1785 unguentum
2643 1713 2984 1770 exinanitum
3009 1722 3094 1769 est
3123 1711 3302 1784 (Cant.
3329 1730 3370 1783 ι,
3393 1711 3480 1786 2)?

160 1807 259 1862 sed
305 1807 478 1861 animi
530 1806 774 1876 intellige
817 1808 1002 1877 pedes.
1036 1809 1321 1874 Quomodo
1345 1811 1488 1864 enim
1525 1819 1769 1865 terrenus
1800 1823 1848 1883 B
1874 1806 2189 1862 Exinanivit
2217 1822 2298 1872 se,
2332 1817 2392 1861 ιιι
2419 1807 2653 1876 spiraret
2686 1806 2804 1861 tibi.

153 1899 323 1954 homo
366 1899 422 1953 in
451 1900 594 1956 cualo
626 1899 852 1956 haberet
895 1902 1144 1971 corporis
1175 1902 1376 1972 pedes?
1426 1902 1760 1958 llierusalem

153 1992 320 2059 enitu,
349 1993 494 2046 sicut
527 1992 726 2046 Paulus
755 1999 806 2045 te
829 1992 1021 2048 docuit
1051 1992 1236 2064 (llebr.
1267 2011 1365 2061 xu,
1398 1993 1515 2065 22),
1540 1993 1593 2049 in
1623 1997 1764 2052 caelo

151 2094 255 2139 est.
291 2083 361 2139 Et
393 2084 540 2140 idem
576 2093 631 2140 te
659 2083 844 2140 docuit
873 2085 1330 2156 quemadmodum
1367 2087 1419 2141 in
1449 2087 1590 2143 cmlo
1617 2099 1763 2143 stare

152 2177 355 2248 possis,
390 2191 514 2232 cum
562 2177 695 2232 dicit
720 2194 734 2230 :
771 2177 970 2232 Nostra
996 2189 1165 2234 autent
1195 2181 1516 2235 conversatio
1543 2182 1596 2234 in
1623 2181 1762 2236 caelis

155 2279 224 2324 est
258 2268 490 2342 (Philip.
527 2284 607 2335 ut,
632 2269 732 2340 20)
760 2287 774 2334 ;
808 2272 1162 2326 conversatio
1201 2289 1440 2340 morum,
1471 2288 1765 2329 conversa-

155 2363 229 2418 tio
259 2363 553 2430 factorum,
587 2363 936 2420 conversatio
968 2365 1114 2420 ﬁdei.

786 2478 1017 2536 CAPUT
1043 2479 1138 2537 XI.

153 2570 366 2626 Bonum
390 2589 497 2628 esse
511 2573 577 2627 ad
600 2589 862 2628 accessum
889 2574 1082 2630 Christi
1103 2576 1364 2649 trepidare
1389 2593 1451 2630 ac
1473 2578 1720 2648 festinare
1741 2594 1760 2631 :

219 2687 339 2723 eum
357 2686 462 2723 non
483 2685 598 2723 eum
619 2671 812 2724 venerit
839 2670 1030 2739 solum,
1050 2670 1141 2725 sed
1163 2680 1210 2724 et
1231 2671 1377 2743 prius
1394 2688 1547 2742 quant
1568 2674 1757 2740 veniat,

217 2764 433 2817 solitum
459 2764 661 2831 deferre
691 2763 1001 2830 mercedem,
1036 2773 1093 2818 ut
1121 2765 1332 2835 myrrha
1365 2764 1515 2838 digiti
1552 2781 1613 2818 ac
1643 2781 1758 2818 ma-

221 2871 325 2907 nus
354 2854 546 2923 ﬂuant,
571 2856 668 2907 hoc
709 2864 806 2921 est,
840 2864 895 2908 ut
925 2857 1195 2910 credamus
1226 2854 1492 2911 Christum
1537 2874 1638 2911 non
1684 2857 1761 2911 vi-

219 2945 358 2998 disse
381 2946 791 3015 corruptionem,
827 2963 941 2999 cum
967 2947 1032 3000 sit
1061 2959 1382 3020 unguentum
1412 2948 1636 3014 eﬂ'usum
1665 2964 1762 3003 uo-

217 3055 333 3092 men
377 3043 518 3113 ejus.
566 3038 686 3093 Hoc
734 3051 1050 3111 unguentum
1076 3043 1214 3110 quod
1262 3059 1467 3112 semper
1506 3043 1761 3116 ﬂagrabat

212 3133 363 3204 apud
404 3131 640 3198 Patrem,
668 3135 720 3188 in
753 3146 980 3206 tempore
1019 3135 1191 3190 Filius
1216 3135 1400 3204 e/fudit
1421 3153 1440 3191 :
1465 3138 1555 3191 sed
1580 3139 1762 3192 exina-

1939 1900 2030 1956 65.
2064 1901 2296 1971 Semper
2333 1909 2668 1971 unguentum
2719 1898 2823 1952 hoc
2862 1906 3003 1966 erat,
3048 1898 3145 1954 sed
3176 1906 3297 1954 erat
3332 1897 3478 1969 apud

1865 1992 2108 2060 Patrem,
2141 2003 2259 2049 erat
2289 1993 2341 2048 iu
2376 1994 2558 2048 Patre.
2587 1992 2780 2048 Olebat
2809 2000 3018 2047 tantum
3071 1991 3279 2063 angelis
3315 1991 3480 2063 229

1864 2069 2309 2157 etarchangelis,
2349 2095 2622 2155 tamquam
2662 2086 2802 2139 intra
2835 2099 2930 2138 vas
2969 2084 3119 2139 cmli.
3157 2085 3391 2155 Aperuit
3414 2098 3479 2139 os

1863 2179 2023 2236 Pater
2053 2179 2276 2235 dicens:
2313 2179 2448 2234 Ecce
2481 2181 2633 2251 posui
2681 2188 2728 2232 te
2776 2177 2829 2231 in
2878 2187 3238 2232 testamentum
3266 2177 3470 2246 generis

1862 2275 1986 2339 mei,
2016 2275 2068 2328 in
2108 2273 2269 2328 lucem
2278 2275 2525 2347 ,gentium
2548 2288 2568 2336 ;
2599 2281 2655 2326 ut
2684 2272 2755 2324 sis
2781 2273 2834 2324 in
2853 2271 3076 2324 salutem
3105 2286 3266 2340 usque
3293 2269 3361 2323 ad
3386 2285 3478 2324 ea:-

1862 2379 2079 2423 tremum
2096 2376 2246 2420 terra:
2259 2351 2432 2440 (Esai.
2451 2381 2602 2432 xux,
2626 2364 2704 2432 6).
2728 2363 3018 2418 Descendit
3035 2361 3224 2427 Filius,
3251 2361 3470 2432 repleta

1862 2471 1990 2518 sunt
2019 2462 2202 2516 omnia
2243 2476 2389 2516 novo
2430 2459 2600 2515 odore
2638 2458 2823 2514 Verbi.
2860 2458 3140 2512 Eructavit
3169 2471 3266 2511 cor
3295 2455 3475 2511 Patris

1865 2555 2101 2611 Verbum
2132 2554 2332 2609 bonum
2353 2552 2528 2626 (Psal.
2561 2566 2705 2612 xuv,
2735 2550 2817 2621 2),
2845 2547 3106 2619 l‘ragravit
3135 2546 3474 2616 Filius,Spi-

1863 2651 2002 2705 ritus
2033 2660 2257 2705 sanctus
2282 2646 2582 2712 exhalavit,
2611 2655 2772 2715 atque
2807 2659 2903 2714 per
2941 2643 3184 2698 omnium
3216 2655 3276 2697 se
3302 2639 3469 2696 corda

1863 2741 2119 2807 diliudit;
2159 2739 2370 2807 Di/fusa
2417 2748 2488 2793 est
2527 2738 2673 2793 enim
2725 2737 2956 2790 charitas
2985 2735 3085 2790 Dei
3125 2736 3180 2789 in
3224 2734 3469 2790 cordibus

1862 2836 2054 2891 nostris
2074 2851 2166 2907 per
2197 2833 2455 2904 Spiritum
2487 2841 2723 2886 sanctum
2756 2829 2932 2902 (Rom.
2966 2845 3024 2892 v,
3058 2830 3137 2898 5).

1935 2926 2026 2982 64.
2061 2927 2180 2997 Ipse
2214 2926 2307 2981 Dei
2354 2925 2526 2980 Filius
2568 2925 2622 2979 in
2669 2938 2902 2992 corpore
2945 2931 3223 2992 tamquam
3256 2920 3308 2976 in
3339 2935 3472 2977 vase

1860 3019 2086 3075 odorem
2136 3020 2315 3090 primo
2363 3017 2675 3080 cohihebat,
2716 3031 2874 3070 suum
2907 3013 3202 3084 uppcriens
3235 3024 3469 3084 tempus,

1861 3113 2001 3167 sicut
2030 3112 2105 3166 ait
2132 3130 2145 3166 :
2176 3111 2435 3167 Dontinus
2458 3110 2549 3164 dat
2575 3109 2701 3163 mihi
2736 3110 2969 3180 linguam
3017 3107 3330 3162 eruditionis
3349 3146 3367 3173 ,
3413 3117 3474 3162 ut

212 3197 382 3279 nilum
407 3226 583 3296 fuitin
608 3223 832 3293 Iudicis,
856 3197 902 3282 et
924 3245 955 3280 a
976 3197 1547 3298 gentilibus-collectum
1565 3272 1580 3294 ,
1615 3246 1758 3282 cum-
1784 3210 1829 3272 (ἶ
1862 3205 2027 3298 Fiam
2055 3204 2264 3274 quando
2305 3211 2539 3274 oporteat
2568 3202 2738 3256 dicere
2777 3216 3064 3298 sermonem
3098 3198 3271 3272 (Esai.
3300 3216 3353 3265 ι,
3386 3197 3470 3269 4).

211 3335 318 3388 que
346 3320 629 3372 etiamnum
655 3322 786 3390 ﬂuat
811 3321 1061 3387 quotidie,
1096 3321 1369 3391 diligenter
1397 3322 1756 3393 excipiendum

213 3421 322 3475 εει,
353 3421 409 3466 ιιι
438 3413 668 3466 animam
699 3423 929 3467 nostram
955 3423 1113 3467 totam
1143 3424 1392 3483 penetret.

213 3570 316 3627 60.
356 3571 616 3644 Quisquis
659 3575 742 3630 sic
786 3575 954 3642 vivit,
989 3585 1170 3647 potest
1207 3577 1430 3634 dicere:
1465 3575 1756 3633 Fraternas

140 3673 297 3718 meus
317 3666 457 3719 misit
476 3683 686 3721 manum
708 3685 854 3723 suam
873 3687 965 3739 per
987 3679 1340 3740 prospectum,
1355 3679 1401 3725 et
1422 3683 1594 3726 venter
1611 3686 1755 3726 meus

140 3758 388 3811 turbatus
438 3770 512 3812 est
558 3759 628 3812 ad
673 3761 867 3814 illum:
920 3764 1123 3817 surrexi
1175 3765 1378 3830 aperire
1431 3764 1585 3834 fratri
1641 3781 1754 3818 meo

143 3847 329 3920 (Cant.
361 3864 420 3916 ν,
454 3849 531 3922 4).
567 3851 777 3908 Bonum
807 3863 891 3908 est
919 3863 974 3908 nt
1003 3855 1072 3910 ad
1105 3855 1403 3910 adventum
1438 3856 1648 3910 Domini
1672 3857 1756 3911 in-

145 3943 354 3996 teriora
387 3944 698 4002 turbentur.
733 3946 788 4003 Si
822 3948 887 4002 ad
914 3949 1088 4019 angeli
1119 3949 1408 4004 adventum
1441 3949 1606 4004 Maria
1635 3958 1753 4002 tur-

144 4033 270 4089 bata
303 4044 390 4090 est
433 4035 590 4107 (Luc.
622 4038 802 4109 1,29),
856 4051 1059 4111 quanto
1105 4042 1273 4111 magis
1302 4041 1368 4096 ad
1418 4039 1618 4096 Christi
1653 4055 1752 4096 nos

146 4126 434 4181 turbamur
479 4129 814 4185 adventum!
868 4131 1227 4187 lullnentibns
1269 4134 1472 4204 quippe
1511 4133 1750 4196 divinis,

142 4232 447 4288 corporeus
471 4221 854 4291 peregrinatur
882 4220 1131 4289 allectus,
1156 4235 1204 4279 et
1233 4241 1362 4280 usus
1392 4226 1483 4281 ille
1509 4227 1754 4282 exterio-

143 4308 219 4362 ris
270 4309 510 4366 bominis
559 4312 849 4368 exolescit.
901 4313 970 4368 Et
1017 4324 1073 4369 tu
1107 4315 1363 4383 turbare,
1411 4325 1466 4371 et
1496 4326 1549 4370 tu
1598 4316 1752 4371 festi-

144 4416 234 4454 na.
264 4400 616 4460 Festinantes
664 4405 742 4460 illi
765 4421 963 4476 agnum
994 4407 1322 4463 manducare
1354 4409 1750 4479 praecipiuntur

143 4492 342 4564 (Exod.
367 4511 461 4563 xtl,
484 4497 598 4569 li).
624 4499 822 4570 Surge,
846 4502 1020 4570 aperi,
1047 4502 1112 4555 ad
1133 4501 1354 4572 jannam
1377 4501 1623 4558 Christus
1640 4511 1746 4572 est,

1864 3297 2024 3354 Venit
2067 3298 2226 3362 hora,
2267 3308 2289 3336 ο
2328 3306 2384 3353 et
2402 3297 2619 3368 aperuit
2657 3311 2742 3363 os,
2775 3295 3078 3350 exinanivit
3111 3303 3468 3365 unguentum,

1859 3393 2078 3463 quando
2110 3394 2288 3448 virtus
2313 3393 2499 3448 exibat
2527 3392 2594 3448 de
2621 3407 2708 3447 eo.

1931 3484 2021 3539 65.
2061 3485 2174 3540 Hoc
2206 3495 2538 3556 unguentum
2568 3485 2908 3540 exinanitum
2934 3493 3016 3538 est
3041 3498 3206 3554 super
3228 3482 3469 3552 Judteos,

1859 3584 1916 3632 et
1942 3577 2241 3632 collectum
2274 3586 2360 3633 est
2391 3593 2419 3631 a
2449 3577 2740 3648 gentibus:
2775 3577 3114 3632 exinanitum
3148 3577 3202 3631 in
3247 3576 3461 3641 iudica,

1857 3679 1914 3726 et
1945 3670 2189 3726 redoluit
2226 3671 2279 3726 in
2319 3672 2574 3726 omnibus
2607 3672 2789 3726 terris.
2844 3670 2957 3726 Hoc
2990 3679 3267 3740 unguento
3300 3679 3464 3724 unt-ta

1859 3771 1946 3819 est
1973 3763 2164 3830 Maria,
2211 3774 2268 3818 et
2313 3765 2468 3833 virgo
2493 3764 2770 3832 concepit,
2805 3764 2961 3831 virgo
3003 3762 3214 3832 peperit
3256 3760 3464 3815 bonum

1857 3857 2083 3912 odorem
2112 3898 2128 3923 ,
2175 3857 2265 3910 Dei
2298 3857 2518 3913 Filitun.
2568 3857 2681 3911 Hoc
2725 3866 3060 3925 unguentum
3105 3856 3338 3910 ell'usum
3368 3865 3457 3911 est

1858 3965 2023 4018 super
2061 3963 2252 4018 aquas,
2297 3958 2352 4003 et
2396 3948 2760 4003 sanctilicavit
2801 3963 2993 4016 aquas.
3043 3947 3157 4004 Hoc
3188 3957 3467 4018 unguento

1857 4043 2005 4096 uncti
2033 4049 2160 4096 sunt
2187 4053 2296 4095 tres
2329 4041 2509 4110 pueri,
2543 4050 2597 4094 et
2627 4039 2915 4094 humorem
2956 4040 3025 4094 iis
3053 4039 3269 4094 ﬂamma
3302 4056 3462 4096 rora-

1855 4134 1935 4190 vit
1969 4135 2132 4208 (Dan.
2162 4151 2244 4200 ut,
2268 4135 2384 4207 23).
2413 4133 2526 4188 Hoc
2563 4133 2748 4188 Daniel
2780 4143 2978 4187 unctus
3003 4144 3112 4199 est,
3144 4141 3199 4187 et
3243 4133 3468 4188 leonum

1855 4244 1950 4283 ora
1979 4230 2230 4295 mollivit,
2262 4229 2641 4300 feritatemqua
2669 4229 2956 4299 permulsit
2988 4229 3154 4299 (Dan.
3186 4243 3260 4294 γι,
3290 4227 3406 4296 22).

1927 4321 2016 4376 66.
2051 4321 2197 4376 Fluit
2233 4321 2336 4376 hoc
2375 4333 2711 4391 unguentum
2757 4320 3023 4390 quotidie,
3054 4331 3109 4376 et
3155 4335 3450 4392 numquam

1853 4411 2058 4468 deﬁcit.
2087 4413 2289 4484 Accipe
2314 4429 2408 4468 vas
2439 4424 2610 4480 ttttun,
2647 4413 2822 4482 virgo,
2852 4421 2907 4466 et
2931 4414 3154 4476 accede,
3191 4422 3249 4468 ut
3278 4410 3458 4483 possis

1854 4505 1959 4560 hoc
1984 4518 2261 4576 unguento
2283 4508 2510 4578 repleri.
2539 4507 2740 4575 Accipe
2771 4517 3102 4577 unguentum
3131 4505 3461 4560 aestimatum

142 4589 415 4644 vestibula
447 4591 646 4648 domus
676 4602 781 4646 tua!
811 4594 988 4664 pulsat
1021 4611 1035 4650 :
1068 4595 1111 4649 si
1139 4595 1444 4665 aperueris,
1479 4596 1743 4663 introibit,
1773 4607 1826 4667 1)
1855 4603 2117 4655 trecentis
2139 4600 2398 4667 denariis,
2430 4601 2526 4656 sed
2557 4602 2723 4670 gratis
2745 4599 2956 4664 datum,
2991 4615 3102 4655 non
3135 4600 3456 4665 venditum;

141 4690 196 4734 et
222 4681 474 4740 introibit
501 4701 625 4741 cum
658 4687 844 4743 Patre.

210 4774 304 4831 61.
336 4775 448 4832 Nec
464 4780 641 4834 solum
667 4796 792 4835 cum
813 4781 1088 4853 ingressus
1113 4781 1292 4851 fuerit,
1322 4783 1633 4840 mercedem
1660 4799 1748 4840 re-

139 4865 332 4937 linquit
352 4887 372 4935 ;
399 4873 494 4926 sed
519 4874 683 4927 etiam
703 4873 852 4943 prius
873 4890 1032 4946 quam
1055 4875 1411 4946 ingrediatur,
1435 4877 1746 4932 mercedem

141 4966 448 5031 prd-mittit.
472 4966 668 5021 Adhuc
693 4969 870 5021 anima
895 4968 1162 5036 turbatur,
1191 4969 1368 5023 adhuc
1395 4968 1630 5038 parietes
1653 4970 1750 5024 do-

138 5071 263 5110 mus
294 5073 408 5112 sate
438 5059 641 5130 palpat,
683 5059 864 5114 adhuc
892 5059 1091 5115 ostium
1121 5061 1316 5130 quzerit
1363 5061 1453 5116 ubi
1497 5061 1750 5116 Christus

139 5159 244 5215 est,
278 5150 461 5206 adhuc
488 5154 655 5208 solvit
681 5153 956 5208 vinculum
987 5155 1189 5220 carnis,
1217 5163 1273 5210 et
1294 5154 1544 5224 corporis
1571 5155 1750 5210 claus-

139 5250 243 5310 tra,
272 5243 456 5300 adhuc
481 5243 735 5302 Christus
760 5243 790 5284 δ
823 5245 958 5302 loris
987 5247 1195 5318 pulsat:
1226 5245 1420 5302 Manus
1440 5257 1633 5314 autem,
1666 5247 1750 5303 in-

211 5389 238 5417 ε¹
271 5379 477 5437 Omnes
501 5383 639 5439 edit.
664 5398 789 5439 cum
827 5384 1017 5454 paucis
1046 5399 1178 5441 mss.
1199 5425 1215 5450 ,
1255 5402 1374 5440 cave
1414 5387 1604 5440 iterum
1627 5402 1745 5440 cor-

138 5467 317 5521 porea!
343 5456 647 5522 cupiditatis
682 5457 938 5522 illuviem,
967 5472 1029 5510 ne
1058 5458 1298 5511 lutulenti
1333 5466 1482 5512 actus
1509 5458 1750 5513 sordibus

140 5525 517 5592 inquinentur;
554 5527 646 5582 alii
676 5528 852 5582 multo
876 5529 1062 5598 plures
1105 5543 1168 5584 ac
1201 5529 1443 5599 potiores
1475 5537 1533 5583 ut
1559 5543 1663 5584 nos
1693 5531 1749 5586 in

207 5667 240 5748 lt
274 5665 546 5748 biss._no_n
580 5669 765 5740 pauci,
797 5672 937 5740 fores
968 5671 1161 5748 pulsat.

171 5746 248 5822 4:
271 5739 354 5810 “3.
377 5734 626 5822 Plerique
659 5734 817 5805 russi;
844 5734 1092 5806 nonnulli
1124 5734 1306 5800 autem
1337 5750 1401 5796 ae
1427 5739 1585 5814 edit.,
1616 5759 1742 5815 ape.

143 5811 249 5862 "sit
279 5824 360 5877 os.
395 5811 554 5868 exivit
578 5822 921 5884 unguentum.

1855 4701 1916 4747 ut
1944 4708 2135 4748 omnes
2167 4693 2436 4749 haberent
2462 4694 2648 4762 gratis.
2690 4693 2873 4762 Virgo,
2910 4707 3150 4761 ungere:
3185 4691 3299 4746 noli
3326 4706 3462 4745 con-

1855 4785 2064 4840 tristari
2097 4786 2237 4839 sicut
2283 4785 2452 4839 Judas
2481 4781 2665 4852 (Joan.
2696 4799 2792 4849 xit,
2823 4782 2903 4855 5),
2931 4785 3053 4854 quia
3087 4782 3189 4837 hoc
3219 4797 3466 4853 unguen-

1849 4888 1958 4933 tum
1979 4874 2338 4945 effunditur,‘1
2363 4876 2460 4932 sed
2482 4877 2759 4946 consepeli
2784 4878 2836 4930 in
2859 4886 2910 4932 te
2933 4876 3231 4932 Christum.
3249 4875 3456 4932 Claude

1852 4987 1985 5026 sane
2009 4985 2104 5022 vas
2133 4979 2316 5033 tuum,
2366 4985 2432 5023 ne
2460 4978 2799 5037 unguentum
2827 4969 3035 5023 elﬁuat.
3063 4968 3268 5023 Claude
3305 4967 3448 5023 intc-

1850 5064 2066 5135 gritatis
2093 5063 2270 5129 clave,
2303 5063 2560 5132 loquendi
2588 5063 2946 5129 verecundia,
2977 5061 3308 5118 abstinentia
3336 5061 3458 5133 glo-

1852 5155 2052 5213 riandi.

1927 5248 2017 5304 67.
2051 5247 2166 5303 Hoc
2194 5262 2317 5318 qua:
2342 5247 2510 5304 habet
2539 5257 2903 5322 unguentum,
2933 5247 3213 5304 Christum
3239 5247 3462 5319 recipit;

1926 5384 1954 5423 ἀ
1978 5386 2150 5442 Paris.
2179 5388 2429 5455 quaedam
2453 5390 2613 5456 edit.,
2637 5391 2730 5445 sed
2751 5389 3013 5458 consepeli
3032 5398 3081 5442 te
3100 5389 3152 5442 in
3172 5386 3454 5456 Christum,

1853 5473 2158 5529 perperam.
2187 5459 2327 5514 Infra
2346 5477 2474 5516 vero
2494 5461 2582 5517 ubi
2597 5475 2789 5515 omnes
2811 5461 2942 5516 edit.
2971 5475 3035 5514 ac
3057 5476 3188 5514 mss.
3219 5461 3452 5528 aliquot,

1853 5529 2054 5585 Claude
2090 5531 2403 5601 integritatis
2445 5534 2610 5598 clave,
2657 5541 2812 5598 etc.;
2855 5532 2949 5587 alii
2985 5531 3190 5586 habent
3232 5533 3452 5599 partim,

1850 5601 2038 5675 claude
2055 5603 2253 5675 ostium
2283 5604 2650 5675 integritatis;
2695 5604 2882 5658 claude
2922 5602 3167 5675 loquendi
3213 5617 3460 5659 verecun-

1850 5674 1992 5746 diam
2011 5673 2328 5746 abstinentia
2349 5662 2652 5746 gioriandi}
2671 5677 2893 5742 partim,
2920 5662 3118 5728 Claude
3145 5675 3456 5746 integritatis

1847 5745 1991 5816 clave
2026 5742 2272 5812 loquendi
2300 5741 2710 5816 (vcrecundiam,
2746 5747 3110 5801 abstinentiam
3155 5741 3448 5816 gloriandi.

1848 5813 2048 5876 Neutra
2083 5822 2264 5868 tamen
2296 5813 2486 5872 herum
2516 5811 2812 5882 lectionum
2845 5819 2981 5876 satis
3009 5811 3316 5878 commoda.-
