3974 6186
531 333 638 389 233

1904 318 2151 379 SANCTI
2188 306 2517 378 AMBROS"

3722 322 3822 380 ΞΜ

533 451 582 498 et
616 439 740 497 ideo
769 452 890 510 qum
912 434 1167 501 habebat,
1200 433 1273 489 ait
1304 452 1316 488 :
1348 432 1564 505 Aperui,
1589 432 1784 506 inquit,
1810 428 1961 505 fratri
1990 442 2122 497 meo,
2156 436 2201 495 Α
2304 432 2393 489 70.
2422 431 2590 489 Audis
2615 449 2803 492 vocem
2827 436 3097 507 pulsantis
3126 433 3193 491 ad
3212 435 3456 507 ianuam,
3485 441 3540 491 et
3563 434 3821 493 diccntEs:

534 539 695 608 frater
720 527 1113 586 meustransivit
1135 527 1312 596 (Cant.
1342 543 1395 592 v,
1429 524 1506 594 6).
1531 520 1814 594 Quomodo
1846 518 2136 581 transivit?

535 625 592 682 ld
623 633 730 690 est,
774 620 975 677 mentis
1009 619 1220 675 interna
1263 623 1608 691 penetravit,
1653 619 1795 675 sicut
1824 616 2027 674 dictum
2052 624 2136 674 est

537 715 762 772 Maria):
810 708 881 767 Et
910 722 1053 767 tuam
1090 711 1257 782 ipsius
1297 712 1525 766 animam
1569 706 1897 780 pertransibit
1928 708 2136 780 gladius

535 808 690 883 (Luc.
721 823 779 874 ιι,
804 804 921 876 35).
948 803 1144 860 Vivum
1170 803 1316 860 enim
1347 801 1586 859 Verbum
1612 803 1725 869 Dei,
1758 801 1895 857 sicut
1924 796 2137 872 gladius

538 912 753 968 acutus,
776 909 1094 973 penetrans,
1121 907 1173 954 et
1195 898 1558 970 corporalium
1579 897 1833 968 repagula
1856 895 2139 966 cogitatio-

538 1012 694 1064 num,
727 1004 783 1052 et
808 994 992 1051 cordis
1025 994 1238 1050 interna
1271 991 1503 1048 rimatur
1532 989 1723 1064 (Hebr.
1755 1006 1831 1057 Iv,
1862 988 1975 1062 12).

1149 1083 1381 1142 CAPUT
1412 1083 1529 1139 XII.

547 1180 800 1236 Omnibus
822 1190 867 1236 et
890 1180 1114 1235 maxime
1131 1178 1414 1252 virginibus
1430 1175 1697 1233 Christum
1711 1175 2137 1248 exspectandum:

613 1278 658 1330 si
681 1292 803 1331 vero
832 1275 922 1330 ille
944 1274 1252 1338 tardaverit,
1278 1268 1416 1343 quod
1443 1287 1639 1342 semper
1670 1269 1860 1324 animae
1880 1269 1939 1338 ﬁt
1960 1285 2132 1324 socor-

609 1369 720 1435 dia,
768 1368 1084 1443 surgendum
1121 1377 1167 1421 et
1196 1367 1451 1419 donorum
1483 1363 1546 1417 ab
1588 1378 1647 1417 eo
1670 1364 1785 1435 jam
1812 1371 2140 1433 acceptorum

609 1461 1042 1531 contemplatione
1093 1454 1436 1511 iuvocandum
1481 1452 1735 1525 Spiritum
1760 1463 1994 1508 sanctum
2008 1469 2142 1519 κω·

612 1554 804 1620 templo
836 1553 970 1606 enim
1010 1551 1273 1617 Sponsum
1310 1562 1701 1620 responsurum.
1734 1545 1873 1613 Quid
1909 1547 1972 1600 sit
2001 1544 2139 1617 quod

611 1660 766 1719 caput
793 1664 855 1701 ac
877 1647 1142 1701 cincinnos
1168 1660 1290 1699 suos
1316 1641 1556 1697 humidos
1582 1640 1764 1697 dicat?
1791 1658 1889 1711 quo
1920 1641 2032 1695 loco
2058 1641 2141 1694 in-

608 1743 794 1797 seritur
825 1757 855 1794 a
882 1739 1191 1811 capillorum
1214 1738 1465 1792 cincinnis
1488 1734 1798 1791 dehortatio.
1824 1730 2022 1790 Deinde
2054 1734 2139 1790 ubi

2240 527 2395 598 Aperi
2423 528 2571 593 mihi,
2604 536 2756 584 soror
2784 546 2898 584 mea
2928 548 2946 584 :
2978 528 3152 601 surge,
3175 529 3409 602 proxima
3435 544 3569 595 utea,
3599 527 3824 584 columba

2238 639 2372 687 mea,
2405 625 2632 695 perfecta
2675 633 2791 679 mea
2818 622 3010 695 (Ibid.)
3051 642 3061 674 :
3095 621 3373 678 charitate
3405 619 3674 692 proxima.
3703 624 3823 677 sim-

2238 714 2484 784 plicitate
2506 715 2781 782 columba,
2813 717 3009 770 virtute
3038 713 3312 785 perfecta;
3338 712 3459 784 quia
3484 724 3642 784 caput
3665 728 3823 767 meum

2236 808 2491 879 repletum
2532 818 2609 863 est
2655 826 2791 865 rore.
2841 809 2993 866 Sicut
3037 809 3181 863 enim
3226 822 3315 863 ros
3361 808 3482 864 cmli
3542 815 3825 863 nocturnas

2239 908 2457 956 amovet
2483 901 2779 968 siccitates,
2809 902 2880 957 ita
2912 917 3004 958 ros
3032 899 3247 956 Domini
3279 900 3452 955 nostri
3477 898 3604 955 Jcsu
3632 896 3825 955 Christi

2240 994 2523 1050 nocturnis
2552 1003 2605 1050 et
2648 994 2999 1051 saecularibus
3033 994 3275 1051 tenebris
3305 1006 3523 1050 telorum
3551 995 3676 1048 vitae
3714 996 3822 1049 slil.

2241 1088 2372 1144 lavit
2403 1088 2711 1146 humorem.
2745 1088 2858 1146 Hoc
2886 1098 2964 1145 est
2991 1098 3156 1160 caput
3186 1088 3327 1160 quod
3350 1097 3483 1143 aestu
3524 1087 3708 1143 mundi
3738 1103 3826 1143 nc-

2241 1180 2399 1236 scivit
2429 1197 2679 1237 arescere
2704 1198 2718 1249 ;
2750 1180 2893 1237 unde
2921 1181 2998 1237 ait
3023 1202 3035 1237 :
3070 1182 3207 1250 Quia
3235 1182 3279 1236 si
3309 1183 3364 1235 in
3392 1182 3606 1236 humido
3633 1183 3726 1237 hoc
3754 1186 3829 1253 [a-

2241 1274 2404 1342 ciunt,
2434 1274 2487 1328 in
2518 1272 2668 1328 arido
2695 1274 2823 1343 quid
2844 1274 3037 1346 facient
3065 1268 3218 1344 (Luc.
3246 1288 3402 1341 XXIII,
3433 1274 3571 1346 Si)?
3604 1268 3715 1332 Hoc
3740 1276 3827 1348 igi-

2243 1375 2329 1421 tur
2358 1376 2519 1437 caput
2547 1375 2696 1421 rorat
2721 1365 2864 1432 aliis,
2896 1360 3000 1421 sibi
3032 1366 3290 1422 abundat.
3336 1364 3403 1421 Et
3438 1367 3576 1422 bene
3602 1367 3828 1423 abundat

2241 1470 2403 1532 caput
2425 1461 2632 1517 Christi
2656 1480 2670 1528 ;
2697 1463 2819 1534 quia
2847 1472 3010 1533 caput
3034 1472 3183 1518 tuum
3201 1461 3455 1519 Christus
3477 1473 3581 1531 est,
3614 1465 3700 1535 qui
3725 1464 3827 1535 plc-

2242 1572 2345 1612 nus
2373 1565 2456 1612 est
2485 1572 2725 1627 semper,
2755 1571 2856 1612 nec
2894 1555 3321 1613 liberalitatibus
3357 1554 3678 1613 exhauritur
3703 1559 3827 1625 suis,

2242 1657 2334 1703 ant
2379 1648 2632 1704 diuturna
2680 1644 2864 1705 deﬁcit
2895 1646 3165 1721 largitate.
3194 1648 3249 1704 In
3284 1649 3387 1706 huc
3429 1660 3588 1720 caput
3635 1649 3826 1706 ferrum

2244 1757 2350 1798 non
2382 1742 2650 1810 ascendit,
2685 1741 2830 1814 quod
2858 1749 2943 1799 est
2973 1744 3393 1800 instrumentum
3442 1743 3595 1811 belli,
3629 1743 3826 1814 insigne

613 1839 841 1891 animam
890 1852 1073 1889 rursus
1118 1834 1185 1888 ad
1223 1832 1528 1888 servandam
1572 1832 1938 1896 innocentiam,
1972 1839 2020 1885 et
2046 1845 2138 1884 ca-
2168 1830 2217 1893 B
2243 1835 2553 1892 discordias.

610 1926 856 1999 piendum
880 1942 943 1980 ea:
970 1924 1168 1978 actibus
1197 1940 1256 1977 ac
1284 1922 1387 1993 fide
1412 1923 1622 1977 odorem
1652 1922 1938 1994 spiritalem
1969 1921 2143 1991 impu-

613 2018 706 2086 lit,
740 2017 960 2089 spondet
1001 2033 1117 2071 eam
1148 2016 1222 2071 sic
1249 2015 1581 2088 placituram,
1620 2028 2047 2084 accessurumque
2073 2011 2143 2067 ad

611 2114 783 2184 ipsam
810 2110 1111 2178 Christum,
1144 2126 1308 2182 neque
1338 2126 1391 2164 se
1419 2108 1499 2163 illi
1526 2108 1626 2163 nisi
1651 2107 1946 2162 tentationis
1985 2122 2142 2161 causa

607 2207 982 2265 subducturum
1004 2224 1023 2274 ;
1045 2214 1196 2278 atque
1220 2204 1349 2259 adeo
1375 2212 1649 2258 tentatores
1672 2218 1782 2257 esse
1801 2201 2137 2272 spernendos.

610 2302 699 2359 68.
729 2302 791 2357 Et
816 2309 870 2357 tu
895 2297 1298 2372 igitur,anima,
1317 2314 1422 2353 una
1442 2296 1509 2352 de
1532 2296 1757 2367 populo,
1775 2311 1878 2351 una
1895 2294 1962 2350 de
1982 2295 2142 2365 plebe

540 2398 741 2470 (neque
764 2395 910 2452 enim
934 2393 1189 2450 Christus
1214 2400 1395 2462 stupet
1411 2391 1574 2464 230
1588 2391 1770 2462 aliqua
1793 2390 2139 2446 saecularium

538 2490 852 2546 discrimina
885 2486 1235 2559 dignitatum,
1261 2500 1330 2541 ne
1354 2494 1600 2539 auratam
1632 2492 1866 2549 vestem,
1899 2490 1993 2537 aut
2020 2497 2141 2537 mo-

538 2585 648 2640 nile
672 2585 1002 2655 pretiosum,
1028 2589 1123 2635 aut
1148 2578 1346 2634 nobilia
1372 2578 1777 2633 coruscantium
1806 2588 2140 2647 gemmarum

540 2687 684 2733 serta
714 2678 958 2741 miratur,
996 2688 1227 2746 quorum
1269 2670 1569 2741 dispendiis
1609 2684 1756 2739 saepe
1793 2667 1861 2723 lis
1891 2675 2144 2722 movetur

544 2771 598 2823 iu
630 2762 899 2831 Ecclesia,
920 2782 1022 2836 pax
1051 2760 1313 2834 iugatur),
1336 2770 1485 2817 certe
1512 2768 1568 2815 tu
1598 2775 1702 2815 una
1727 2758 1794 2814 de
1818 2756 2137 2829 virginibus,

541 2876 663 2931 qnte
689 2859 938 2928 corporis
964 2857 1038 2911 tui
1060 2857 1286 2928 gratiam
1314 2853 1607 2924 splendore
1632 2850 1833 2908 mentis
1868 2849 2145 2906 illuminas

549 2955 795 3025 (propior
829 2951 972 3005 enim
1009 2965 1069 3005 es
1098 2965 1217 3020 qua:
1248 2946 1510 3004 Ecclesia:
1530 2943 1913 3018 compararis),
1944 2952 2026 3010 tu,
2059 2938 2145 2999 in-

547 3060 734 3117 quam,
760 3044 813 3099 in
839 3042 1003 3097 cubili
1037 3052 1151 3108 tuo,
1176 3046 1232 3097 et
1261 3048 1531 3096 nocturno
1555 3046 1802 3109 tempore
1823 3037 2139 3105 constituta,

542 3152 763 3208 semper
795 3135 1061 3193 meditare
1087 3134 1383 3201 Christum,
1418 3140 1472 3190 et
1490 3132 1608 3203 ejus
1639 3128 1930 3187 adventum
1963 3130 2141 3186 omni-

552 3232 655 3287 bus
686 3240 907 3303 sperato
934 3230 1244 3286 momentis.

616 3325 707 3380 69.
740 3323 798 3380 Si
828 3322 1047 3377 tardare.
1095 3321 1190 3376 tibi
1229 3319 1468 3384 videtur,
1511 3333 1763 3390 exsurge.
1788 3316 2028 3373 Tardare
2059 3317 2139 3372 vi-

541 3418 738 3483 detur,
780 3430 903 3472 cum
942 3415 1036 3470 diu
1074 3414 1281 3470 dormis
1314 3431 1326 3466 :
1379 3411 1596 3469 tardare
1640 3412 1876 3480 videtur,
1924 3427 2045 3468 cum
2068 3411 2138 3467 ab

540 3512 790 3567 oratione
815 3524 971 3566 vacas
997 3528 1011 3564 :
1043 3508 1259 3565 tardare
1281 3506 1517 3575 videtur,
1544 3523 1665 3563 cum
1694 3516 1883 3562 vecem
1910 3524 2016 3563 non
2047 3523 2140 3562 cx-

540 3603 676 3659 citas
705 3610 730 3640 ⁸
761 3601 1004 3673 psalmis.
1040 3601 1317 3658 Primitias
1357 3602 1655 3673 vigiliarum
1681 3608 1895 3657 tuarum
1921 3600 2139 3657 Christo

538 3697 718 3752 dicato
743 3738 759 3765 ,
812 3696 1079 3767 primitias
1111 3701 1325 3751 actuum
1373 3707 1587 3751 tuorum
1633 3695 1855 3751 Christo
1891 3694 2134 3751 immola.

545 3789 757 3844 Audisti
785 3789 838 3843 in
867 3788 1244 3857 superioribus
1264 3787 1388 3859 quia
1417 3788 1629 3843 vocavit
1657 3795 1730 3854 te,
1757 3787 1974 3843 dicens:
2011 3786 2140 3842 Veni

544 3899 575 3936 a
598 3880 801 3936 Libano
825 3924 842 3949 ,
891 3880 1102 3953 Sponsa
1128 3923 1143 3948 ,
1183 3881 1298 3935 veni
1328 3897 1358 3934 a
1399 3879 1636 3947 Libano;
1666 3879 1907 3935 transibis
1944 3888 1991 3935 et
2027 3897 2143 3950 per-

543 3974 786 4030 transibis
816 3992 847 4029 a
890 3976 1148 4049 principio
1197 3976 1319 4045 ﬁdei
1347 3973 1518 4048 (Cant.
1548 3990 1620 4042 tv,
1659 3973 1716 4046 8)
1747 3992 1762 4040 ;
1795 3973 2054 4030 transibis
2085 3974 2140 4028 in

540 4066 797 4123 sacculum
830 4078 1124 4135 certatura,
1160 4069 1521 4139 pertransibis
1545 4067 1611 4123 ad
1643 4068 1916 4124 Christum
1949 4067 2139 4123 trium-

540 4160 772 4230 phatura
802 4161 871 4216 de
896 4160 1122 4217 saeculo.
1148 4160 1363 4216 Audisti
1395 4161 1518 4231 quia
1550 4172 1601 4216 te
1625 4177 1653 4215 a
1687 4160 1905 4217 leonum
1936 4167 1991 4216 et
2022 4176 2144 4232 par-

538 4254 755 4321 dorum,
775 4253 827 4308 id
842 4263 947 4320 est,
964 4269 992 4307 a
1008 4254 1336 4325 spiritalium
1358 4253 1722 4325 nequitiarnm
1741 4254 2142 4310 incursionibus

538 4346 816 4418 separavit
843 4363 855 4398 :
887 4345 1084 4400 audisti
1127 4345 1251 4417 quia
1272 4346 1452 4415 placet
1479 4344 1528 4400 ei
1561 4355 1773 4399 tuarum
1800 4344 2142 4416 pulchritudo

542 4441 802 4494 virtutum
838 4457 852 4493 :
885 4436 1085 4493 audisti
1130 4437 1737 4509 quia.vestimentorum
1784 4445 1997 4492 tuorum
2021 4452 2143 4493 aro-

542 4541 706 4598 mata,
734 4531 840 4585 hoc
878 4536 984 4596 est,
1020 4529 1221 4586 bonum
1262 4533 1491 4586 odorem
1524 4515 1856 4602 integritatis
1892 4531 2143 4587 omnibus

2317 1928 2404 1982 7i.
2433 1926 2584 1985 Nunc
2613 1936 2821 2001 specta,
2853 1936 2905 1983 et
2931 1926 3055 1983 vide
3082 1943 3173 1983 ros
3194 1926 3286 1984 ille
3309 1928 3489 1999 qualis
3513 1927 3606 1994 sit,
3633 1926 3828 1983 scilicet

2246 2037 2351 2077 non
2388 2023 2628 2093 vulgaris
2667 2023 2951 2078 humoris:
2980 2020 3008 2061 ι’
3034 2023 3273 2078 cincinni
3312 2031 3495 2079 autem
3525 2033 3651 2078 sunt
3689 2026 3739 2077 in
3768 2037 3826 2078 eo

2241 2122 2517 2185 guttarum
2554 2118 2746 2170 noctis.
2796 2113 2937 2183 Noli,
2973 2113 3223 2186 proxima
3265 2131 3404 2183 mea,
3438 2114 3686 2186 accipere
3720 2113 3825 2169 cin-

2241 2207 2436 2261 cinnos
2466 2207 2833 2278 corporalium
2858 2206 3179 2279 capillorum
3207 2205 3386 2280 (Cant.
3420 2224 3474 2273 v,
3507 2206 3586 2281 2).
3618 2207 3730 2263 Non
3760 2205 3825 2262 illi

2247 2308 2592 2366 ornamenta,
2617 2298 2713 2354 sed
2742 2299 2972 2355 crimina
3000 2307 3127 2355 sunt
3153 2318 3165 2354 :
3194 2300 3465 2355 lenocinia
3493 2299 3700 2368 fornix,
3728 2317 3823 2355 non

2243 2399 2511 2461 praecepta
2545 2391 2781 2446 virtutis.
2815 2391 2969 2447 Alios
3010 2392 3295 2448 cincinnos
3334 2393 3621 2450 Nazaraeus
3658 2392 3824 2458 habet,

2242 2484 2297 2538 in
2321 2484 2516 2554 quibus
2543 2483 2742 2540 ferrum
2773 2501 2880 2540 non
2912 2485 3182 2552 ascendit,
3206 2501 3343 2556 quos
3365 2502 3530 2543 nemo
3561 2486 3821 2557 prmcidit:

2243 2576 2333 2647 qui
2364 2591 2469 2631 non
2506 2577 2833 2632 calamistris
2871 2578 3191 2648 compositi,
3237 2586 3292 2632 et
3322 2587 3443 2635 arte
3493 2578 3707 2649 digesti,
3740 2574 3824 2633 sed

2244 2672 2528 2742 multiplici
2551 2672 2855 2743 crispantes
2876 2673 3135 2728 virtutum
3166 2673 3455 2728 nitentium
3481 2674 3643 2745 gratia
3675 2671 3827 2727 rte-ful-

2245 2775 2456 2821 serunt.
2487 2766 2647 2822 Disce
2679 2767 2730 2821 in
2765 2766 2990 2822 historia
3023 2766 3216 2838 quales
3244 2765 3535 2822 Nazarmus
3565 2767 3823 2822 cincinnos

2247 2860 2470 2929 habeat,
2495 2876 2627 2931 quos
2655 2862 2910 2933 quamdiu
2943 2861 3177 2919 Samson
3203 2862 3392 2918 habuit
3415 2861 3668 2931 intactos,
3687 2874 3825 2918 num-

2246 2968 2407 3024 quam
2439 2954 2581 3011 vinci
2611 2957 2786 3026 potuit
2815 2954 3018 3029 (Judic.
3046 2970 3160 3024 xvt,
3197 2955 3308 3030 17).
3337 2955 3633 3013 Cincinuos
3660 2956 3821 3027 pcrdi-

2244 3047 2347 3112 dit,
2382 3054 2436 3102 et
2466 3050 2721 3102 meritum
2749 3046 2967 3105 virtutis
2999 3048 3199 3104 amisit.

2318 3140 2476 3213 231
2517 3141 2607 3195 72.
2648 3140 2846 3197 Audita
2891 3142 3055 3212 igitur
3099 3158 3231 3200 voce
3255 3144 3460 3213 Verbi,
3496 3160 3652 3216 quam
3680 3150 3826 3200 exuc-

2168 3221 2212 3284 C
2247 3246 2334 3286 ras
2381 3236 2616 3287 tunicam
2665 3245 2861 3301 nocte,
2895 3248 2965 3290 ne
3003 3250 3215 3305 quzeras
3260 3236 3712 3308 queritadmOdum
3757 3234 3825 3289 in-

2243 3325 2379 3380 duas
2405 3341 2560 3391 eam;
2598 3335 2619 3365 ε
2653 3325 2947 3382 offenditur
2971 3328 3115 3383 enim
3140 3369 3155 3395 ,
3186 3336 3242 3383 et
3272 3328 3587 3400 frequenter
3619 3328 3824 3385 oﬁertur

2244 3432 2341 3488 per
2371 3419 2664 3488 nequitiam
2709 3418 3033 3488 spiritalem.
3063 3420 3564 3486 Quemadmodum,
3593 3423 3820 3490 inquam,

2245 3510 2438 3565 induas
2485 3526 2601 3567 eam
2622 3552 2636 3576 ,
2664 3512 3033 3579 obliviscaris,
3073 3524 3128 3569 et
3160 3515 3373 3570 nescias
3406 3532 3419 3570 :
3454 3525 3511 3571 et
3553 3517 3699 3588 quasi
3728 3515 3821 3582 jam

2248 3602 2508 3657 Dominus
2563 3602 2812 3671 assistat,
2861 3620 3055 3659 exsors
3098 3607 3460 3679 corporalium
3511 3607 3821 3663 vinculorum

2247 3682 2460 3749 turbata
2491 3691 2516 3731 ἀ
2547 3710 2845 3768 consurgas
2876 3715 2888 3751 :
2932 3697 3202 3754 internam
3253 3700 3594 3757 orationibus
3642 3713 3823 3770 pra‘pn-

2244 3802 2333 3842 res
2380 3794 2616 3842 mentem
2667 3788 2795 3845 dum
2841 3791 3053 3861 surgis;
3087 3799 3147 3848 ut
3194 3808 3260 3849 ex
3312 3791 3609 3850 humilibus
3653 3793 3712 3847 ad
3746 3805 3823 3847 su-

2246 3900 2409 3955 perna
2437 3884 2759 3955 contendas,
2783 3895 2834 3943 et
2865 3886 3084 3943 studeas
3114 3889 3257 3943 tores
3281 3888 3357 3944 tui
3379 3889 3563 3946 cordis
3585 3888 3782 3960 aperire
3807 3901 3817 3938 :

2245 3978 2374 4032 dum
2424 3993 2615 4033 manus
2669 3988 2788 4034 tuas
2814 3979 3004 4035 tendes
3046 3980 3111 4035 ad
3141 3980 3416 4038 Christum
3440 4023 3455 4047 ,
3490 3981 3698 4037 ﬁdelem
3744 3987 3820 4032 tua

2246 4077 2392 4140 gesta
2423 4068 2711 4139 spirabunt
2742 4070 2989 4128 odorem.

2318 4163 2406 4219 75.
2452 4161 2695 4219 Admove
2735 4164 2897 4235 igitur
2935 4180 3127 4221 manus
3167 4166 3386 4223 naribus
3436 4169 3544 4224 tuis
3570 4210 3584 4235 ,
3617 4176 3665 4224 et
3694 4164 3821 4221 odo—

2246 4267 2359 4308 rem
2394 4262 2611 4310 actuum
2641 4263 2854 4310 tuorum
2886 4255 3156 4314 indefessa
3195 4274 3260 4314 ac
3294 4260 3542 4332 pervigili
3571 4258 3823 4315 alacritate

2247 4347 2445 4401 mentis
2496 4347 2741 4418 explora.
2776 4347 3030 4405 Mulccbit
3075 4359 3128 4406 te
3176 4350 3311 4406 odor
3348 4352 3585 4409 dextera)
3612 4359 3710 4406 tua:
3733 4380 3751 4413 ς
3776 4353 3823 4400 et

2246 4439 2585 4509 ﬂagranziam
2615 4443 3036 4498 resurrectionis
3087 4451 3176 4498 tua
3209 4446 3456 4502 membra
3495 4443 3821 4504 redoiebunt,

2249 4532 2523 4606 myrrham
2557 4533 2710 4605 digiti
2763 4535 2835 4589 tui
2884 4535 3194 4599 sudabunt.
3236 4536 3339 4594 hoc
3387 4548 3505 4609 est,
3541 4538 3656 4593 ﬁdei
3696 4547 3823 4589 verte

540 4624 801 4680 odoribus
826 4622 1070 4693 praetulit
1096 4641 1108 4677 :
1135 4622 1332 4679 audisti
1365 4624 1490 4695 quia
1522 4622 1714 4679 hortus
1743 4640 1804 4681 es
1828 4624 2140 4693 conclusus,
2169 4620 2224 4681 Ι)
2249 4629 2474 4697 gratiam
2503 4629 2763 4698 spiritalia
2801 4638 2954 4699 gesta
2986 4631 3316 4702 ﬂagrabunt.
3349 4631 3512 4705 Capis
3538 4647 3664 4703 ergo
3685 4672 3699 4696 ,
3731 4627 3821 4682 viro

538 4717 787 4773 suavium
823 4716 1211 4787 pomiferarum
1242 4714 1477 4772 refertus
1506 4715 1790 4774 fructibus.
1824 4715 1954 4773 Pete
1976 4718 2141 4789 igitur

538 4818 598 4865 ut
629 4808 834 4880 aspiret
872 4808 968 4864 tibi
999 4808 1235 4878 Spiritus
1265 4819 1509 4877 sanctus,
1534 4809 1740 4882 aspiret
1767 4824 1930 4880 super
1961 4808 2143 4867 cubile

542 4912 692 4959 tuum
714 4946 729 4971 ,
765 4913 928 4974 atque
953 4902 1178 4958 odorem
1211 4903 1315 4972 pia:
1342 4903 1571 4967 mentis,
1597 4912 1652 4959 et
1677 4906 1865 4975 gratiae
1886 4902 2147 4975 spiritalis

539 4996 862 5052 accumulet.
906 4995 1279 5066 Respondebit
1331 4994 1463 5051 tibi:
1520 4994 1631 5068 Ego
1680 4996 1920 5061 dormio,
1961 5004 2009 5051 et
2054 5011 2144 5050 cor

539 5104 710 5146 meum
732 5087 913 5162 vigilat
949 5086 1124 5161 (Cant.
1156 5105 1213 5157 v,
1246 5087 1328 5162 2).

614 5265 641 5295 ι
679 5257 751 5313 De
779 5256 1004 5327 psalmis
1030 5255 1179 5310 domi
1210 5255 1460 5327 privatim
1490 5253 1852 5327 decantandis
1883 5253 2142 5327 intelligi-

540 5343 685 5393 mus,
719 5325 841 5384 cn‘m
876 5326 1421 5399 publica‘psalmodia
1451 5325 1503 5380 id
1536 5328 1800 5399 temporis
1824 5327 1874 5399 in
1900 5325 2139 5399 Ecclesia

541 5395 932 5458 Mediolanen'si
956 5395 1136 5454 adhuc
1156 5413 1260 5452 non
1287 5398 1536 5453 videatur
1559 5397 1724 5450 fuisse
1747 5395 2016 5449 instituta.
2046 5396 2138 5451 Vel

539 5482 689 5529 certe
720 5486 814 5541 per
844 5487 1028 5526 vocem
1060 5471 1277 5541 psalmis
1306 5469 1510 5540 signari
1533 5478 1759 5539 possunt
1789 5466 2142 5541 alliquilibet

539 5539 739 5601 cantici
785 5544 856 5612 pii
891 5539 1380 5614 atqne‘spiritales,
1412 5541 1477 5596 ad
1514 5554 1654 5613 quos
1694 5553 1793 5595 nos
1819 5539 2142 5594 exhortatur

544 5625 767 5671 sanctus
798 5615 1112 5685 Apostolus.

624 5689 653 5728 ιι
685 5689 847 5742 Rom.
901 5688 1032 5743 edit.
1078 5688 1194 5745 sola
1221 5729 1236 5751 ,
1269 5685 1505 5743 Cincinni
1534 5695 1708 5743 autem
1746 5686 1846 5741 mei
1891 5686 2154 5758 guttarum

559 5760 743 5817 noctis.

641 5845 663 5879 β
689 5832 914 5899 Αιιιθνὺ.
943 5842 998 5901 et
1021 5832 1201 5899 Eras.,
1234 5831 1520 5912 agunditur
1543 5834 1675 5891 enim
1699 5849 1719 5908 ς
1744 5830 1873 5890 Gill.
1906 5846 1970 5888 ac
1998 5824 2158 5888 Rom.

2247 4734 2338 4790 go,
2369 4735 2434 4775 ex
2464 4721 2721 4776 interiore
2750 4730 2842 4776 tuo
2874 4737 3105 4794 corpore
3135 4714 3496 4795 voluptatem,
3525 4734 3579 4780 ct
3604 4726 3711 4795 ipsa
3739 4718 3820 4775 tibi

2245 4810 2444 4877 dulcis,
2479 4811 2593 4882 ipsa
2627 4813 2720 4867 tibi
2750 4814 2930 4870 suavis
2957 4830 3038 4882 es,
3074 4827 3123 4870 et
3158 4817 3272 4883 ipsa
3304 4818 3397 4873 tibi
3424 4816 3588 4890 (quod
3617 4829 3823 4886 peccau-

2247 4904 2389 4959 tibns
2433 4918 2582 4975 saepe
2629 4904 2934 4977 contingit)
2985 4924 3089 4961 non
3136 4907 3329 4982 incipis
3369 4909 3687 4981 displicere;
3720 4903 3823 4974 plus

2246 4997 2388 5052 enim
2424 4996 2518 5051 tibi
2564 4996 2800 5067 placebit
2827 4996 2968 5053 nuda
3016 4999 3358 5071 simplicitas,
3388 5013 3667 5075 corporeae
3693 4996 3821 5052 frau-

2246 5086 2332 5143 dis
2360 5095 2520 5144 exuta
2548 5088 2901 5159 tegminibus.

2247 5267 2370 5327 cum
2403 5253 2588 5327 paucis
2637 5266 2796 5327 tnss.,
2828 5249 3045 5327 offertur
3068 5255 3245 5327 enim;
3270 5252 3362 5309 alii
3413 5264 3543 5327 mss.
3572 5247 3817 5327 denique,

2248 5324 2529 5391 oﬂenditur
2577 5326 2732 5389 enim,
2761 5336 2866 5381 etc.
2898 5324 3014 5379 Non
3063 5326 3438 5386 incommode,
3469 5323 3607 5379 idem
3646 5323 3820 5391 quivi".3

2248 5382 2334 5469 est
2377 5402 2540 5469 atque
2593 5382 2836 5469 occurrit.
2867 5396 3006 5469 Quid
3036 5405 3216 5452 autem
3266 5398 3307 5451 si
3353 5382 3498 5469 legas
3527 5382 3821 5469 ostenditur?

2247 5466 2409 5522 Certe
2463 5461 2922 5523 hanclectioueiu
2974 5469 3298 5524 duceremus
3348 5461 3516 5522 multo
3546 5461 3815 5535 potiorem.

2249 5540 2292 5593 si
2325 5538 2466 5607 quod
2491 5536 2637 5593 aliud
2666 5540 2980 5610 praesidium
3012 5542 3060 5597 ci
3092 5539 3307 5596 adeSset
3350 5531 3820 5609 praeter—conjecm-

2252 5626 2365 5666 ram
2376 5650 2389 5664 ο

2330 5682 2357 5723 ἀ
2390 5686 2519 5742 Mss.
2564 5681 2803 5754 aliquot,
2834 5698 3115 5757 consurgas
3156 5686 3212 5740 in
3263 5696 3481 5750 terram,
3532 5670 3819 5737 orationibus

2266 5772 2527 5831 prwparas
2554 5763 2787 5821 mentem.
