3998 6190
163 310 243 367 ρετ
1211 304 1298 362 DE
1340 298 1707 363 VIRCINITA‘.

1822 294 2030 362 LIBER
2074 304 2281 366 UNUS.

3294 308 3403 366 986

215 428 282 482 li.
312 424 483 481 Talem
552 432 612 481 te
660 424 926 482 Christus
985 425 1345 494 desideravit,
1394 429 1558 483 talem
1648 424 1908 487 teAncc
1956 428 2310 484 succubueris
2355 428 2718 500 potestatibus
2764 429 2979 497 mundi,
3012 430 3105 487 tibi
3155 428 3403 489 Christus

161 522 353 577 mrtuus
376 520 560 593 elegit.
590 520 811 591 Apono
842 522 1019 593 itaque
1052 521 1353 595 ingreditur
1394 525 1571 589 ostio;
1598 537 1697 578 ne-

161 629 237 686 que
273 615 400 670 enim
444 624 627 684 potest
666 615 905 681 fallere,
937 617 1115 688 quise
1160 617 1528 689 ingressurum
1577 628 1699 673 esse

416 707 803 779 Complectere
856 710 1010 780 igitur
1071 724 1227 781 quem
1278 710 1521 781 qumsisti
1555 727 1570 764 :
1610 722 1700 766 ac-

157 802 253 856 cede
285 801 344 854 ad
371 800 579 871 ipsum,
615 811 675 855 et
726 802 1121 857 illuminabcris
1149 819 1164 856 :
1195 813 1318 858 tene
1346 802 1499 858 illum
1519 846 1533 867 ,
1564 818 1697 872 roga

155 912 201 952 ne
232 897 324 951 cito
359 895 548 959 abeat,
576 895 824 952 obsecra
866 912 934 952 ne
978 897 1233 963 recedat;
1268 896 1504 952 Verbum
1553 899 1697 953 enim

156 990 220 1045 Dei
241 994 422 1052 currit,
451 989 677 1045 fastidio
712 1004 825 1045 non
849 989 1057 1062 capitur
1077 1034 1092 1057 ,
1123 991 1448 1061 negligentia
1483 1005 1587 1046 non
1620 1000 1701 1046 tc-

153 1097 289 1139 setur.
312 1082 477 1139 Ducat
514 1087 709 1138 anima
744 1093 835 1139 tua
884 1085 939 1139 in
966 1084 1138 1139 verbo
1168 1084 1321 1155 ejus,
1352 1094 1407 1140 et
1453 1083 1699 1141 ctelcstis

153 1177 366 1232 semonis
388 1178 579 1233 insiste
606 1179 881 1249 vestigio;
911 1180 1019 1234 cito
1045 1178 1193 1234 enim
1220 1178 1438 1233 transit.

200 1270 271 1326 75.
304 1269 541 1343 Denique
587 1271 730 1343 quid
777 1273 852 1327 ait
894 1271 1029 1327 illa?
1058 1272 1283 1339 οπωήυὶ
1312 1286 1426 1326 eum
1452 1313 1467 1338 ,
1497 1281 1547 1327 et
1594 1286 1700 1325 non

151 1364 274 1416 inciti
291 1364 428 1417 illum
455 1382 475 1417 :
503 1365 688 1419 uocaui
718 1380 829 1419 cum
854 1407 869 1430 ,
900 1374 946 1419 et
978 1381 1080 1419 non
1106 1363 1379 1419 ubaudirit
1410 1380 1491 1419 me
1515 1362 1693 1435 (Cant.

151 1472 187 1519 r,
207 1454 273 1525 6).
296 1455 369 1512 Ne
388 1466 551 1528 putes
596 1456 904 1528 displicere
928 1466 981 1513 te
1002 1500 1015 1523 ,
1049 1472 1167 1529 ane
1197 1457 1429 1523 vocasti,
1464 1472 1584 1526 quae
1612 1472 1702 1510 ro-

151 1552 248 1620 psti
266 1593 279 1615 ,
301 1566 412 1621 qua
439 1551 734 1622 aperuisti,
764 1551 910 1623 quod
942 1561 1050 1607 tam
1081 1552 1192 1608 cito
1220 1550 1356 1606 abiit
1381 1567 1396 1603 :
1427 1550 1555 1605 sinit
1600 1562 1702 1606 nos

150 1658 256 1713 sape
277 1647 478 1700 tentari.
513 1644 764 1717 Denique
792 1645 973 1701 turbis
998 1646 1345 1717 rogantibus:
1367 1660 1437 1701 ne
1479 1644 1701 1701 recede-

151 1746 231 1801 rct,
252 1738 364 1808 quid
391 1740 464 1794 ait
492 1740 548 1794 in
583 1739 923 1809 Evangelia?
951 1737 1018 1795 Et
1043 1742 1162 1795 aliis
1186 1739 1474 1794 civitatibus
1505 1744 1702 1807 Oportet

1801 528 2078 587 occurret,
2112 532 2290 578 necte
2319 522 2408 577 diu
2441 523 2636 579 tentari
2669 524 2924 594 patietur.

1872 615 1962 671 78.
2003 615 2134 685 Quae
2162 616 2241 671 sic
2270 617 2550 672 Christum
2584 619 2832 689 requirit,
2866 636 2984 689 qurc
3012 618 3288 674 Christum
3324 620 3405 675 iu-

1801 709 1974 773 venit,
2009 717 2186 778 potest
2209 709 2393 765 dicere
2425 728 2439 765 :
2473 709 2642 765 Tenui
2668 728 2802 779 eum,
2833 728 2923 766 nec
2950 713 3240 780 relinquam
3268 729 3405 775 eum;

1801 804 1962 857 donec
2005 803 2331 857 iun’oducam
2373 820 2488 858 eum
2530 806 2581 857 in
2633 804 2841 858 domum
2888 806 3067 860 matris
3096 814 3325 874 meth
3352 805 3406 860 in

1800 892 2091 949 cubiculum
2118 895 2232 966 ejus
2257 911 2373 966 qua:
2398 913 2476 950 me
2502 898 2733 967 concepit
2762 894 2976 969 (Ibid).
3004 896 3136 966 Qua:
3180 907 3264 967 est
3307 894 3405 952 do-

1802 1008 1923 1048 mus
1970 994 2158 1047 matris
2206 1002 2312 1049 tute
2357 1001 2414 1049 et
2440 994 2751 1050 cubiculum
2802 995 2951 1065 ejus,
2985 993 3087 1049 nisi
3129 995 3404 1050 internum

1803 1095 1911 1141 tua:
1936 1096 2316 1157 secretumque
2346 1087 2594 1142 naturis?
2627 1087 2775 1143 lianc
2801 1087 3023 1143 domum
3065 1102 3222 1144 serta
3242 1130 3258 1155 ,
3295 1089 3398 1144 hu-

1795 1180 1887 1251 jus
1916 1178 2110 1234 domus
2142 1178 2402 1237 mundato
2431 1183 2766 1252 penetralia;
2801 1192 2858 1236 ut
2904 1196 3024 1236 cum
3059 1181 3404 1239 immaculata

1802 1273 1996 1327 domus
2044 1270 2238 1339 fuerit,
2289 1286 2389 1329 nec
2438 1274 2601 1329 ullius
2666 1274 2989 1329 adulterium
3051 1275 3405 1331 conscientia:

1800 1366 2055 1422 sordibus
2094 1366 2403 1437 inquinata,
2438 1366 2700 1437 spiritalis
2731 1367 2923 1421 domus
2956 1367 3007 1422 in
3036 1368 3400 1423 sacerdotium

1799 1468 2045 1515 sanctum
2084 1454 2264 1532 lapide
2294 1459 2539 1530 angulari
2585 1471 2958 1529 coagmentata
2998 1468 3320 1531 consurgat,
3350 1468 3409 1516 et

1803 1552 2038 1625 Spiritus
2084 1564 2305 1608 sanctus
2351 1550 2562 1608 habitet
2610 1553 2665 1608 in
2714 1568 2800 1609 ea.
2832 1553 2964 1621 Quze
3003 1554 3084 1608 sic
3126 1552 3403 1609 Christum

1802 1646 2058 1718 requirit,
2086 1663 2207 1718 quae
2234 1646 2315 1701 sic
2338 1644 2614 1701 Christum
2661 1645 2951 1712 obsecrat,
2985 1660 3092 1699 non
3144 1643 3406 1715 relinqui-

1806 1751 1895 1797 tur
1941 1740 2009 1796 ab
2047 1757 2149 1808 eo,
2199 1741 2368 1796 immo
2409 1740 2571 1795 etiam
2621 1738 2934 1809 frequenter
2983 1737 3270 1801 revisitur;
3320 1746 3406 1792 est

150 1833 591 1901 amycum.
622 1832 839 1887 verbum
883 1830 1022 1897 Dei;
1052 1833 1171 1905 quia
1199 1833 1318 1887 ideo
1354 1832 1539 1886 missus
1578 1847 1692 1886 sum
1720 1815 1771 1876 Β
1798 1835 1943 1891 enim
1993 1833 2277 1889 nobiscum
2324 1847 2496 1906 usuue
2541 1831 2607 1888 ad
2653 1832 3182 1887 consummationem
3215 1828 3402 1885 mundi

152 1919 263 1989 (Luc.
286 1936 354 1987 tv,
378 1920 489 1993 t3).
517 1921 635 1980 Sed
666 1924 838 1979 etiam
870 1926 915 1979 si
944 1926 1045 1980 tibi
1095 1924 1186 1981 ille
1215 1924 1415 1981 abiisse
1440 1923 1653 1980 videtur
1676 1966 1692 1992 ,

152 2011 273 2080 ieti,
297 2030 471 2071 ursus
493 2018 729 2088 explora
753 2015 929 2091 (Cant.
959 2032 1013 2081 v,
1042 2014 1120 2089 7),

201 2111 397 2168 τε.ὼῆ
421 2111 540 2169 lam
579 2114 699 2167 Deo
726 2112 927 2168 devota
957 2112 1085 2167 illos
1110 2110 1433 2168 metuendos
1462 2112 1696 2167 circum-

154 2198 351 2258 itu-aneos
394 2204 777 2277 intelligihiles
798 2204 998 2260 timere
1025 2206 1278 2259 custodes
1298 2247 1312 2270 ,
1342 2204 1450 2260 noli
1498 2205 1698 2260 timere

153 2306 222 2347 eos
253 2295 333 2365 qui
370 2296 722 2353 circumeunt
748 2297 1056 2364 civitatem,
1087 2296 1197 2351 noli
1242 2296 1463 2351 vulnera
1511 2294 1701 2351 formi-

153 2387 408 2461 Μαίη
452 2392 820 2464 sequentibus
859 2390 1136 2447 Christum
1182 2404 1380 2447 nocere
1420 2404 1528 2447 non
1573 2406 1700 2463 pns-

154 2488 265 2535 sunt.
290 2482 494 2541 Etiamsi
523 2499 739 2557 corpus
768 2493 942 2551 tuum,
973 2484 1077 2541 hoc
1100 2495 1183 2541 Bst
1204 2528 1219 2553 ,
1258 2486 1422 2540 vitam
1452 2486 1702 2556 corporis

156 2574 213 2628 uti
248 2574 491 2646 auferant,
534 2578 759 2633 vicinus
796 2589 883 2633 est
931 2577 1183 2635 Christus
1215 2598 1226 2632 :
1260 2596 1418 2649 quem
1460 2594 1583 2633 cum
1617 2580 1701 2633 in-

156 2670 464 2735 veneris,uhi
508 2686 641 2728 cum
688 2671 884 2728 eodem
936 2673 1265 2728 commorari
1294 2673 1494 2728 debeas
1531 2687 1700 2743 agno-

154 2771 244 2823 sce,
265 2774 325 2816 ne
349 2761 482 2820 forte
505 2779 544 2819 ει
574 2775 636 2820 te
658 2764 944 2831 discedat;
973 2764 1086 2820 cito
1115 2766 1259 2821 enim
1292 2763 1496 2820 deserit
1534 2764 1704 2835 negli-

153 2862 317 2918 gentes.

605 2952 769 3025 332
806 2951 1035 3009 CAPUT
1071 2951 1209 3008 xm.

156 3055 417 3120 Discendum
454 3066 610 3121 nobis
636 3083 748 3121 esse
796 3066 857 3120 ab
887 3062 1121 3122 Ecclesia
1149 3083 1248 3137 quo
1274 3076 1426 3140 pacto
1467 3066 1706 3139 Sponsus

206 3157 340 3211 teneri
373 3168 562 3229 queat,
610 3159 830 3214 vinculis
860 3159 1051 3213 scilicet
1100 3159 1368 3213 charitatis
1414 3170 1462 3213 et
1507 3161 1702 3231 suppli-

1802 1925 2015 1997 (Hatth.
2052 1942 2242 1993 xxvm,
2273 1924 2389 1996 20).

1868 2016 1959 2074 79.
2000 2016 2146 2090 Ergo
2199 2019 2452 2075 Christus
2494 2028 2747 2088 repertus
2787 2027 2903 2085 est,
2950 2027 3004 2072 et
3050 2025 3266 2073 tenetur
3300 2034 3314 2071 :
3348 2024 3404 2071 et

1799 2121 2050 2182 repertus
2096 2120 2183 2166 est
2224 2110 2314 2166 ille
2359 2111 2450 2182 qui
2501 2126 2598 2181 per
2647 2110 2937 2166 fenestram
2995 2121 3138 2164 tuam
3179 2123 3401 2163 manum

1802 2204 1970 2259 misit.
1998 2205 2129 2271 Quae
2160 2215 2244 2259 est
2271 2202 2506 2259 fenestra
2540 2213 2724 2258 nostra
2757 2202 2933 2274 (Cant.
2960 2219 3011 2271 ν,
3044 2200 3133 2275 4),
3169 2203 3272 2257 nisi
3306 2216 3403 2273 per

1802 2314 1963 2370 quam
2003 2312 2167 2370 opera
2194 2294 2397 2352 Christi
2426 2290 2703 2362 videmus,
2738 2297 2928 2351 oculus
2972 2295 3180 2351 scilicet
3203 2296 3403 2363 animi,

1803 2402 1857 2447 et
1902 2394 2099 2448 mentis
2142 2386 2403 2446 obtutus?
2436 2390 2503 2446 Et
2542 2389 2695 2457 ideo,
2742 2391 2915 2461 virgo,
2966 2406 3061 2461 per
3108 2391 3402 2446 fenestram

1805 2495 1953 2541 tuam
1979 2482 2229 2542 Christus
2261 2485 2533 2549 introeat,
2561 2482 2812 2539 Christus
2843 2498 3058 2537 manum
3099 2498 3249 2538 suam
3284 2484 3409 2538 init-

1808 2590 1885 2635 tat
1935 2596 2031 2650 per
2077 2579 2406 2644 fenestram,
2435 2576 2532 2633 tibi
2576 2577 2758 2632 veniat
2783 2574 2967 2643 Verbi,
3002 2591 3110 2630 non
3160 2574 3410 2645 corporis

1806 2688 1979 2727 amor.
2013 2671 2071 2727 Si
2122 2672 2283 2742 igitur
2330 2685 2426 2740 per
2473 2668 2765 2725 fenestram
2796 2679 2940 2725 tuam
2984 2684 3205 2724 manum
3243 2666 3413 2723 mittit

1809 2766 1906 2822 Dei
1959 2763 2237 2833 Verbum,
2278 2763 2401 2820 vide
2442 2761 2897 2834 quemadmodum
2973 2760 3241 2816 fenestras
3288 2769 3410 2815 tuas

1809 2877 2113 2934 prmpares,
2144 2858 2269 2915 vide
2295 2856 2748 2931 quemadmodum
2775 2859 2845 2913 ab
2890 2857 3035 2912 omni
3068 2857 3290 2927 pulvere
3317 2855 3414 2910 dc-

1811 2953 2060 3009 lictorum
2090 2952 2371 3025 detergere
2398 2951 2621 3008 debeas.
2652 2963 2673 2989 ο
2698 2949 2841 3006 Nihil
2867 2959 3063 3006 tetrum
3088 2949 3305 3013 habeat,
3332 2949 3415 3002 ni-

1813 3046 1884 3100 hil
1933 3045 2299 3101 adulterinum
2353 3046 2589 3101 fenestra
2637 3043 2882 3116 virginis.
2936 3043 3132 3099 Procul
3188 3041 3410 3097 stibium

1813 3147 1868 3193 et
1914 3148 2143 3193 caeteras
2191 3137 2427 3195 affectati
2477 3153 2646 3209 nugas
2674 3137 2918 3203 decoris,
2962 3134 3150 3207 procul
3202 3132 3410 3189 adulte-

209 3205 340 3211 """'
373 3205 526 3229 ‘l""""
548 3205 562 3224 ι
612 3205 829 3214 ’”””⁷’”“
861 3205 1048 3213 """"
1101 3205 1365 3213 "'"""""
1415 3205 1458 3213 "
1507 3205 1677 3231 '"rr"

208 3249 371 3304 ciorum
399 3251 648 3321 beneﬁcio
678 3268 695 3307 :
723 3250 1157 3305 introducendum
1183 3253 1339 3306 etiam
1385 3268 1499 3306 eum
1544 3253 1601 3306 in
1632 3256 1707 3307 in-

1818 3230 1920 3286 rini
1952 3231 2154 3287 amoris
2204 3231 2506 3287 illecebras.
2537 3231 2740 3286 Similis
2768 3228 2979 3287 aurium
3011 3229 3260 3284 clausura
3299 3238 3414 3295 est,

210 3347 412 3400 latiorem
437 3346 689 3413 domum,
726 3346 816 3401 sed
843 3347 1026 3399 uirtute
1067 3346 1209 3419 prius
1256 3356 1580 3403 exornatam.
1606 3342 1714 3403 Per

209 3448 333 3504 quam
360 3442 643 3511 fenestram
667 3456 877 3494 manum
906 3439 1105 3493 mittere
1130 3440 1332 3493 dicatur
1359 3438 1595 3510 Sponsus
1614 3485 1629 3509 ,
1667 3444 1714 3497 el

208 3533 610 3597 quemadmodum
655 3538 893 3605 fenestras
922 3532 1109 3602 virgini
1130 3533 1227 3586 sint
1258 3533 1551 3604 parandae?
1583 3533 1714 3589 Eam

209 3639 380 3693 quoque
419 3630 603 3700 janua:
652 3638 763 3681 sua
798 3623 991 3678 silentii
1021 3639 1164 3677 seras
1194 3636 1453 3691 apponere
1493 3626 1710 3692 debere,

210 3721 323 3787 quod
360 3737 547 3793 magno
594 3736 689 3774 suo
741 3717 880 3773 malo
916 3716 1023 3772 Era
1049 3733 1149 3770 non
1184 3715 1326 3789 fecit.
1352 3712 1499 3773 Tunc
1533 3719 1715 3774 morti-

210 3813 441 3882 ﬁcationis
476 3833 537 3870 uc
580 3814 975 3870 resurrectionis
1001 3814 1262 3885 myrrham
1301 3813 1638 3880 sudaturam;
1671 3813 1716 3868 si

213 3908 339 3961 modo
384 3909 527 3982 uirgo
567 3909 663 3963 illa
701 3910 823 3962 tatis
870 3908 1058 3980 fuerit,
1087 3908 1253 3978 qualis
1277 3924 1385 3962 esse
1398 3906 1613 3979 jubctur
1651 3904 1716 3960 ab

214 3998 432 4068 Apostolo
457 4020 474 4057 :
504 4004 595 4058 sed
619 4000 885 4057 Christum
912 4000 1099 4072 inquiri
1120 4001 1267 4067 velle,
1301 4011 1455 4071 atque
1478 4001 1600 4053 odio
1622 4000 1717 4053 Ita-

218 4090 313 4149 im
339 4095 711 4168 garrulitatem.

214 4246 287 4305 77.
327 4251 449 4319 Quis
490 4252 655 4325 igitur
685 4258 739 4307 te
770 4251 874 4305 nisi
904 4255 1094 4305 sancta
1145 4249 1388 4305 Ecclesia
1417 4248 1581 4306 debet
1611 4248 1717 4306 do-

163 4352 260 4397 cere
302 4345 745 4414 quemadmodum
788 4342 1066 4399 Christum
1119 4341 1345 4399 teneas?
1393 4342 1562 4398 immo
1602 4342 1715 4413 jam

163 4430 331 4502 docuit,
358 4437 405 4491 si
430 4450 550 4509 qua:
578 4438 739 4508 legis,
772 4434 1079 4504 intelligas:
1116 4435 1282 4501 Quam
1310 4434 1598 4499 modicum,
1630 4435 1715 4489 in-

166 4526 282 4593 quit,
310 4528 398 4599 fuit
417 4571 431 4593 ,
460 4546 576 4584 eum
617 4528 832 4583 transivi
856 4529 920 4582 ab
956 4528 1088 4598 ipsis
1108 4566 1124 4593 ,
1152 4527 1316 4582 donec
1362 4527 1535 4582 inveni
1564 4540 1715 4598 quem

1817 3324 2016 3396 quibus
2063 3341 2168 3381 non
2217 3325 2594 3396 SuSpendeuda
2645 3340 2843 3391 onera,
2877 3341 2982 3378 non
3034 3322 3242 3394 figenda
3293 3320 3413 3377 vui-

1818 3432 1945 3473 nera
1984 3436 1996 3472 :
2026 3418 2121 3473 sed
2154 3434 2290 3474 unus
2321 3427 2547 3473 ornatus
2572 3425 2654 3473 est
2674 3458 2689 3486 ,
2722 3416 2910 3473 audire
2938 3410 3079 3487 quod
3113 3416 3302 3488 prosit.

1887 3512 2049 3586 233
2088 3512 2177 3569 80.
2219 3512 2446 3568 Jannant
2478 3528 2693 3585 quoque
2724 3521 2869 3568 tuam
2901 3510 3050 3567 disce
3077 3510 3415 3581 temporibus

1817 3604 2075 3659 obserare
2120 3606 2434 3671 nocturnis,
2471 3622 2576 3659 non
2608 3604 2763 3661 facile
2803 3604 3087 3675 quisquam
3141 3612 3412 3672 patentem

1818 3700 2075 3769 reperiat.
2105 3698 2353 3769 Sponsus
2398 3702 2512 3770 ipse
2556 3700 2670 3754 vult
2698 3698 2936 3754 clausam
2969 3712 3111 3759 esse,
3141 3712 3264 3749 cum
3300 3694 3416 3765 pul-

1817 3803 1920 3847 sat.
1951 3792 2121 3848 Janua
2172 3805 2359 3848 nostra
2403 3809 2465 3847 os
2512 3803 2755 3846 nostrum
2811 3801 2923 3857 est,
2952 3789 3170 3843 Christo
3218 3803 3415 3857 propc-

1817 3885 2041 3941 modum
2068 3885 2169 3940 soli
2198 3884 2359 3939 debet
2386 3882 2587 3954 aperiri
2622 3902 2635 3936 :
2672 3898 2771 3938 nec
2800 3884 3073 3952 aperiatur
3094 3923 3108 3946 ,
3142 3880 3243 3936 nisi
3287 3890 3416 3937 ante

1818 3978 2115 4049 pulsaverit
2147 3976 2239 4033 Dei
2271 3976 2528 4032 Verbum.
2559 3975 2805 4045 Denique
2835 3974 2957 4028 ideo
2986 3975 3243 4044 scriptum
3288 3983 3368 4031 est
3400 3992 3412 4030 :

1820 4071 2023 4125 Hortus
2067 4070 2339 4125 conclusus
2360 4111 2375 4136 ,
2405 4084 2552 4123 soror
2575 4084 2690 4122 mea
2716 4067 2923 4138 Sponsa
2943 4110 2955 4129 ,
2987 4066 3166 4121 hortus
3204 4066 3417 4121 conclu-

1817 4178 1925 4233 sus,
1962 4169 2077 4238 fons
2101 4165 2336 4237 signatus
2361 4161 2536 4231 (Cant.
2568 4178 2644 4229 tv,
2676 4161 2789 4234 12);
2819 4176 2887 4216 ue
2917 4160 3074 4216 facile
3100 4160 3309 4231 aperiat
3355 4175 3417 4216 os

1817 4272 2007 4324 suum,
2047 4270 2149 4312 nec
2190 4255 2401 4327 vulgari
2439 4254 2688 4326 designet
2731 4254 2990 4325 alloquio.
3036 4252 3221 4323 Neque
3269 4250 3417 4308 enim

1817 4352 1884 4408 de
1912 4352 2044 4423 ipsis
2076 4350 2274 4407 divinis
2318 4349 2509 4417 decet,
2545 4350 2649 4404 nisi
2686 4347 2868 4404 Verbo
2899 4348 2993 4403 Dei
3026 4346 3370 4415 interpellata
3399 4386 3416 4412 ,

1819 4445 2172 4516 respondeas.
2200 4444 2342 4512 Quid
2375 4442 2470 4499 tibi
2500 4458 2623 4499 cum
2654 4442 2912 4499 caeteris!
2941 4440 3052 4497 Soli
3077 4441 3294 4497 Christo
3341 4434 3421 4493 lo—

1820 4546 2020 4607 quere,
2051 4536 2155 4592 soli
2188 4537 2434 4593 fabulare
2469 4535 2712 4591 Christo.
2747 4534 2804 4592 Si
2836 4534 3056 4590 enimut
3081 4531 3338 4586 mulieres
3364 4529 3420 4585 in

165 4596 494 4677 (desiturum
518 4639 634 4677 mea
669 4638 688 4677 :
712 4622 854 4677 tenui
892 4596 1009 4676 eam
1029 4662 1045 4690 ,
1076 4631 1124 4676 et
1145 4638 1247 4677 non
1292 4596 1707 4690 relinquam'eum

1825 4596 2066 4688 Ccciesia
2098 4640 2334 4700 taceant,
2360 4635 2620 4701 scriptum
2635 4638 2720 4686 est
2738 4629 2776 4701 (Ι
2798 4629 2919 4685 Cor.
2950 4643 3059 4694 xw,
3084 4625 3422 4697 3‘),quauto

167 4707 303 4779 (Cant.
331 4728 402 4772 tu.
433 4716 511 4788 4).
542 4715 754 4786 Quibus
790 4716 955 4786 igitur
997 4715 1251 4771 Christus
1305 4717 1566 4772 tenetur?
1594 4716 1715 4773 Non

167 4803 337 4874 injuria:
374 4812 633 4881 nexibus,
665 4827 776 4866 non
827 4809 1051 4867 restium
1103 4810 1263 4868 nodis
1293 4829 1306 4865 :
1339 4810 1434 4868 sed
1490 4811 1719 4870 vinculis

165 4895 393 4959 charitatis
415 4947 430 4970 ,
462 4906 664 4962 mentis
709 4904 942 4960 habenis
970 4904 1287 4974 stringitur,
1317 4914 1374 4961 et
1401 4905 1596 4963 anima:
1636 4914 1717 4961 te-

165 5000 290 5050 netur
334 4996 541 5055 allecto.
575 4999 637 5057 Si
663 4998 749 5057 vis
775 5008 832 5055 et
874 5007 932 5054 tu
959 5006 1148 5055 tenere
1175 4996 1487 5066 Christum,
1532 5014 1717 5071 qna're

161 5082 345 5159 iugiter,
390 5110 488 5150 nec.
524 5109 744 5165 poenam
789 5104 1032 5162 metuas;
1083 5092 1226 5149 inter
1263 5092 1529 5163 supplicia
1570 5093 1715 5149 enim

161 5176 429 5252 frequenter
445 5188 718 5260 corporis,
738 5187 882 5243 inter
909 5188 1053 5258 ipsas
1086 5198 1495 5256 persecutorum
1526 5201 1718 5243 manus

160 5268 365 5336 Christus
386 5283 577 5339 melius
626 5281 924 5337 invenitur.
957 5278 1124 5348 Quam
1170 5279 1463 5347 modicum,
1502 5278 1713 5351 inquit,

162 5368 253 5435 iiii.
278 5390 382 5429 cum
410 5379 617 5433 transivi
645 5376 711 5431 ab
749 5376 898 5448 ipsis.
934 5374 1149 5445 Exiguo
1180 5374 1323 5431 enim
1355 5379 1562 5446 spatio,
1594 5375 1718 5431 bre-

162 5462 290 5534 t’iqtte
313 5479 578 5527 momento
614 5486 740 5528 cum
769 5478 1186 5541 persecuturum
1219 5482 1412 5523 manus
1440 5470 1712 5538 evaseris,

214 5628 391 5709 ‘Rotn.
415 5635 722 5706 edit.,sola,
753 5651 971 5709 regnum
998 5632 1118 5689 Dei.
1136 5630 1342 5689 Rursus
1366 5644 1497 5709 vero
1523 5629 1715 5709 eadem

154 5712 255 5754 cum
292 5701 426 5775 aliis,
451 5717 507 5781 et
551 5701 981 5781 inssﬁaiiquot,
1007 5714 1063 5764 tu
1101 5706 1544 5781 rursus__e.splora
1569 5720 1588 5769 ;
1616 5702 1709 5781 ubi

158 5780 263 5909 ἓξὲξ.
291 5773 537 5855 πωπω,
565 5773 1080 5859 επετονηέεεριονα
1106 5792 1125 5841 :
1154 5784 1210 5834 et
1237 5776 1329 5837 alii
1359 5773 1575 5847 melius,
1603 5773 1708 5849 exi,

1822 4724 1993 4796 magis
2038 4740 2145 4779 non
2177 4726 2334 4780 decet
2361 4734 2551 4795 patere
2592 4723 2815 4793 virginis
2837 4721 3059 4791 ianuam
3083 4761 3100 4785 ,
3132 4735 3238 4773 non
3268 4720 3423 4774 decet

1819 4818 1998 4874 viduae
2028 4829 2216 4889 patere
2240 4819 2425 4874 forest
2456 4818 2580 4873 Cito
2612 4816 2902 4871 insidiator
2935 4813 3155 4885 pudoris
3186 4813 3427 4883 obrepit,

1819 4909 1846 4948 ἀ
1877 4912 1986 4966 cito
2017 4910 2239 4963 verbum
2268 4909 2489 4974 excidit,
2520 4908 2663 4977 quod
2698 4918 2964 4963 revocare
2990 4907 3287 4960 desideres.

1891 5003 1981 5058 8|.
2024 5002 2079 5058 Si
2110 5001 2240 5056 Evm
2268 5000 2447 5055 clausa
2472 4999 2661 5055 fuisset
2684 5001 2868 5071 janua,
2900 5014 3000 5055 nec
3032 4996 3198 5054 Adam
3224 4996 3423 5068 decep-

1827 5106 1910 5153 tus
1958 5094 2179 5158 fuisset,
2228 5108 2331 5150 nec
2380 5093 2754 5163 respondisset
2801 5094 3131 5163 interrogata
3181 5089 3422 5159 serpenti

1830 5189 1984 5263 (Cen.
2014 5203 2104 5253 ιιι,
2135 5187 2172 5241 2
2215 5195 2264 5241 et
2306 5186 2465 5255 seq.).
2495 5186 2740 5241 Introivit
2790 5200 2936 5240 mors
2983 5200 3080 5254 per
3128 5182 3423 5237 fenestram

1828 5284 2046 5358 (Jerem.
2078 5298 2130 5336 ix
2150 5323 2163 5345 ,
2191 5279 2311 5353 2i),
2346 5280 2445 5335 hoc
2476 5286 2560 5335 est
2582 5321 2595 5344 ,
2630 5293 2723 5350 per
2774 5277 2900 5332 Eva:
2928 5277 3148 5330 ostium.
3181 5270 3422 5341 ingredi-

1825 5386 1916 5433 tur
1957 5391 2104 5433 mors
2154 5390 2250 5446 per
2279 5374 2481 5430 ostium
2513 5382 2705 5438 tuum,
2736 5370 2781 5426 si
2831 5368 3024 5426 falsum
3065 5364 3308 5438 loquaris
3330 5406 3345 5431 ,
3378 5364 3425 5420 si

1826 5470 2080 5541 turpiter,
2113 5468 2160 5522 si
2194 5466 2529 5538 procaciter,
2563 5474 2846 5534 postremo
2875 5461 2925 5516 si
2955 5461 3049 5515 ubi
3074 5473 3184 5515 non
3207 5466 3425 5526 oportet

1898 5629 1926 5669 δ
1947 5628 2177 5696 Quidam
2206 5643 2363 5697 mss.,
2392 5630 2493 5695 exi,
2526 5638 2790 5684 extrorsus
2817 5629 3053 5699 explora.

1901 5702 1926 5733 ⁸
1960 5701 2125 5756 Pauci
2156 5718 2311 5769 ωειλ..
2341 5701 2474 5757 nihil
2502 5711 2759 5757 terrenum
2783 5698 2987 5756 habent.

1891 5770 1918 5811 ἀ
1955 5772 2113 5837 Rom.
2147 5773 2278 5830 edit.
2311 5775 2449 5851 sola,
2480 5774 2582 5829 cito
2612 5772 2817 5830 uerbum
2844 5772 3049 5853 excipit.
