3998 6190
495 216 608 277 ι87

1850 217 2098 276 SANCTI
2133 217 2462 276 AMBROSII

3701 216 3842 274 288

503 334 769 409 loquaris.
803 338 1012 394 Clausae
1037 337 1148 392 sint
1189 336 1351 408 igitur
1380 335 1650 392 labiorum
1676 335 1824 393 fores
1853 346 2104 403 tuorum,
2134 345 2187 406 Α
2210 348 2336 397 sunt
2380 345 2436 394 et
2463 335 2552 392 alii
2580 337 2871 404 custodes,
2903 351 3038 408 quos
3066 337 3239 409 magis
3268 335 3572 408 intelligere
3609 334 3842 392 debea-

505 437 564 485 et
606 428 918 484 obseratum
961 435 1176 483 maneat
1225 427 1376 482 vocis
1424 427 1798 484 vestibulum:
1833 439 1963 483 tunc
1993 427 2104 482 foro

509 529 655 577 tasse
683 521 1196 587 reserandum,cum
1225 521 1464 578 audieris
1496 521 1590 578 Dei
1621 537 1831 590 vocem,
1860 537 1982 577 cum
2013 536 2110 576 au-

511 613 680 670 dieris
709 614 804 668 Dei
835 613 1085 668 verbum.

579 705 671 760 82.
704 704 858 761 Tunc
881 706 975 762 tibi
1001 707 1218 778 myrrha
1251 706 1661 780 sudabit(Cant.
1687 706 1840 780 v,5),
1865 715 1992 761 tunc
2015 704 2110 762 tibi

507 797 853 869 baptismatis
879 800 1143 870 aspirabit
1167 801 1374 871 gratia;
1405 809 1467 856 ut
1494 801 1564 856 ab
1597 801 1885 856 elementis
1924 799 2111 855 mundi

510 893 876 949 commoriare
902 908 1026 948 cum
1051 891 1270 949 Chrism
1289 939 1304 962 ,
1336 906 1390 950 et
1420 910 1544 949 cum
1586 893 1806 950 Christo
1833 907 2107 964 resurgas.

516 983 657 1052 Quid
678 983 881 1050 adhuc,
910 986 1113 1056 inquit,
1146 987 1283 1041 velut
1327 987 1550 1040 uiuentes
1577 987 1641 1040 de
1666 986 1763 1041 hoc
1802 987 1993 1041 mundo
2019 986 2111 1040 de-

513 1079 762 1134 cernitis?
780 1078 866 1134 Ne
893 1081 1168 1152 tetigeritis
1188 1122 1203 1146 ,
1237 1097 1302 1134 ne
1341 1081 1770 1135 attaminaveritis
1794 1124 1808 1144 ,
1842 1097 1906 1135 ne
1934 1089 2115 1154 gusta-

511 1175 690 1232 veritis
717 1192 834 1244 qua:
866 1185 986 1230 sunt
1016 1177 1086 1230 ad
1115 1177 1497 1245 corruptionem
1521 1177 1638 1246 ipso
1657 1193 1756 1230 usu
1783 1173 2006 1248 (Coloss.
2040 1191 2112 1243 ιι,

514 1269 589 1324 20
603 1279 652 1323 et
674 1267 832 1341 seg.);
845 1270 1154 1339 corruptela
1172 1272 1318 1326 enim
1337 1270 1529 1326 abesse
1547 1271 1712 1326 debet
1733 1285 1762 1324 a
1777 1269 1939 1324 castis
1972 1287 1985 1322 :
2015 1269 2114 1323 ita.

515 1377 622 1433 que
650 1364 830 1418 carnis
859 1371 916 1418 et
943 1363 1128 1418 mundi
1159 1364 1391 1434 sepelite
1416 1377 1624 1418 curam.
1647 1363 1748 1431 Qui
1773 1360 2116 1416 cumChrislo

512 1457 908 1524 resurrexistis,
939 1472 1056 1524 qua:
1098 1473 1305 1511 sursum
1349 1466 1472 1511 sunt
1518 1457 1728 1528 quaerite
1756 1455 1842 1509 ubi
1881 1453 2116 1510 Christus

516 1559 592 1604 est
633 1548 852 1622 (Coloss.
879 1565 970 1616 ιιι,
1001 1552 1080 1620 1).
1108 1548 1242 1604 Cum
1273 1550 1550 1606 Christum
1577 1550 1845 1621 qumritis,
1901 1549 2116 1605 Patrem

517 1639 688 1696 Deum
714 1640 946 1709 videtis;
968 1642 1218 1698 Christus
1238 1643 1381 1698 enim
1411 1644 1464 1698 in
1490 1643 1714 1698 dextera
1745 1643 1841 1698 Dei
1870 1643 2044 1698 sedct.

591 1733 682 1790 85.
721 1734 829 1791 Sed
877 1751 940 1791 ea
987 1752 1111 1808 quae
1157 1735 1433 1793 Christum
1480 1738 1744 1808 requirit,
1798 1753 1908 1793 non
1955 1737 2119 1794 debet

2216 449 2356 490 mus.
2389 432 2486 488 Est
2510 433 2656 487 enim
2683 433 2872 487 civitas
2916 446 3037 502 quae
3067 439 3250 500 portas
3287 445 3567 486 murorum
3595 430 3843 484 clausas

2212 541 2320 581 non
2351 524 2540 591 habet,
2568 523 2637 578 de
2677 540 2782 596 qua
2823 523 3027 579 dictum
3077 533 3200 579 est:
3235 522 3300 578 Et
3343 533 3504 593 porta:
3545 526 3658 595 ejus
3705 539 3841 576 non

2213 621 2516 675 claudentur
2564 637 2656 691 per
2686 620 2822 674 diem
2862 619 3052 691 (Apoc.
3083 635 3195 688 ut,
3224 618 3351 688 25);
3383 635 3489 673 nox
3523 619 3668 674 enim
3700 632 3841 672 non

2214 715 2318 772 erit
2365 715 2600 784 amplius
2650 715 2701 768 in
2752 730 2852 778 ea,
2885 714 3118 769 all‘erent
3163 713 3393 782 gloriam
3438 721 3495 766 et
3544 710 3841 766 honorem

2215 815 2402 878 gentes
2430 808 2481 860 in
2515 805 2682 860 illam.
2714 805 2808 860 llla
2837 816 2919 861 est
2949 820 3078 875 ergo
3102 805 3300 859 civitas
3326 801 3664 858 Hierusalem
3691 817 3845 873 quae

2217 903 2272 957 in
2298 901 2439 956 coelo
2483 910 2568 956 est
2602 899 2792 974 (Hebr.
2826 916 2930 966 xu,
2961 899 3078 972 2‘2),
3108 900 3247 954 intra
3293 913 3455 969 quam
3497 899 3610 967 jam
3657 898 3845 968 quasi

2218 995 2454 1066 perfecta
2482 1003 2538 1049 et
2569 993 2913 1048 immaculata
2945 991 3218 1054 servaris;
3253 1008 3358 1045 non
3391 991 3537 1045 enim
3568 991 3733 1045 intrat
3766 991 3847 1046 in

2218 1103 2337 1142 eam
2368 1102 2529 1142 omne
2553 1085 2580 1124 δ
2611 1102 2922 1142 commune.
2949 1085 3269 1142 Communis
3295 1083 3515 1140 casulas
3550 1099 3656 1139 non
3689 1093 3788 1140 est
3819 1127 3840 1151 ,

2217 1182 2522 1238 communis
2555 1181 2810 1250 pudicitia
2845 1195 2953 1234 non
2985 1189 3099 1248 est,
3131 1195 3252 1250 qua:
3279 1180 3334 1234 in
3363 1179 3503 1234 libro
3529 1178 3654 1234 vita:
3680 1179 3849 1234 scri-

2218 1277 2364 1332 bitur
2395 1276 2580 1346 (Apoc.
2619 1292 2728 1342 xxr,
2762 1274 2880 1347 27).

2290 1367 2380 1423 86.
2420 1368 2476 1423 Si
2523 1367 2686 1436 igitur
2739 1367 3050 1420 invenimus
3094 1366 3407 1432 civitatem,
3451 1363 3850 1436 ingrediamur

2220 1463 2274 1519 in
2303 1478 2446 1527 eam,
2481 1462 2760 1516 videamus
2789 1460 2974 1516 lumen
3004 1460 3123 1531 ejus
3144 1503 3159 1528 ,
3185 1459 3464 1516 videamus
3494 1474 3711 1527 muros,
3737 1462 3850 1515 vi-

2221 1557 2447 1612 deamus
2477 1557 2682 1620 tribus,
2720 1554 3000 1610 videamus
3049 1554 3398 1610 fundamenta
3443 1555 3671 1608 muralia
3695 1593 3712 1621 ,
3745 1553 3854 1608 vi-

2221 1651 2449 1707 deamus
2493 1651 2656 1706 etiam
2722 1649 2978 1706 custodes
3025 1664 3330 1704 murorum.
3381 1647 3489 1702 Sed
3545 1647 3853 1718 quomodo

2223 1743 2594 1815 ingrediantur
2625 1743 2677 1797 in
2706 1745 2862 1798 eam?
2890 1742 2947 1796 In
2980 1744 3079 1798 hac
3105 1741 3328 1797 civitate
3359 1741 3465 1796 vita
3497 1749 3602 1804 est,
3631 1750 3686 1796 et
3714 1756 3848 1797 una

518 1842 641 1886 esse
670 1830 930 1902 vulgaris,
958 1846 1064 1886 non
1093 1830 1256 1888 debet
1285 1847 1410 1888 esse
1433 1833 1486 1886 in
1513 1832 1654 1898 foro,
1685 1847 1792 1887 non
1816 1833 1870 1888 in
1902 1832 2116 1902 plateis,
2147 1818 2197 1878 Β
2225 1848 2310 1895 est
2333 1839 2418 1892 via
2444 1853 2564 1908 quae
2593 1837 2742 1892 ducit
2768 1836 2836 1892 ad
2866 1837 3030 1891 vitam
3067 1854 3080 1892 :
3110 1838 3194 1891 via
3221 1844 3403 1892 autem
3433 1834 3682 1891 Christus
3701 1845 3846 1902 est;

519 1935 657 1978 voce
699 1924 958 1994 querula.
992 1939 1182 1994 gressu
1215 1925 1454 1991 lubrica,
1489 1935 1514 1962 ιι
1537 1925 1713 1980 facilis
1747 1925 1965 1991 auditu,
1999 1925 2122 1982 vilis

519 2027 767 2087 aspectu.
815 2017 1116 2074 Terrenum
1166 2017 1264 2073 tibi
1304 2019 1601 2090 Apostolus
1645 2019 1983 2076 consortium
2026 2034 2124 2075 ne-

521 2117 646 2181 gat,
677 2118 734 2166 et
757 2109 922 2181 {ultra
949 2121 1158 2166 naturae
1182 2111 1576 2182 propemodum
1623 2111 1885 2168 terminos
1915 2111 2017 2167 alis
2055 2111 2124 2167 ad

521 2201 719 2258 ctelum
771 2200 934 2258 docet
981 2201 1316 2273 Spiritalibus
1361 2202 1710 2258 evolandum.
1748 2203 1878 2268 Quae
1917 2221 2123 2259 sursum

519 2307 658 2363 sunt,
688 2297 880 2368 inquit,
909 2299 1095 2367 sapite,
1125 2312 1228 2352 non
1253 2313 1369 2367 qua:
1413 2315 1568 2370 super
1610 2307 1800 2352 terram
1827 2296 2016 2371 (Ibid.,
2040 2298 2120 2369 9.).

521 2388 630 2446 Sed
660 2390 785 2460 quia
818 2391 920 2444 hoc
965 2390 1303 2460 impossibile
1328 2400 1445 2447 erat
1473 2392 1527 2446 in
1557 2390 1663 2448 hoc
1701 2392 1948 2462 corporis
1976 2391 2126 2447 velut

519 2481 761 2536 claustro
783 2481 1040 2546 reclusis;
1070 2491 1124 2536 et
1151 2481 1280 2552 quia
1316 2481 1588 2537 defunctis
1615 2483 1938 2553 corporibus
1957 2524 1971 2549 ,
2005 2482 2122 2537 ani-

521 2587 610 2628 ma
640 2573 814 2628 fertur
841 2572 908 2628 ad
937 2575 1220 2644 superiora
1253 2575 1541 2642 revolare,
1570 2575 1790 2646 alligata
1819 2575 1948 2631 dum
1979 2576 2124 2631 vivi-

520 2676 642 2718 mus
688 2662 920 2734 quadam
948 2666 1172 2735 (nostra:
1225 2667 1344 2736 lege
1403 2675 1645 2732 natum,
1695 2667 1821 2723 ideo
1866 2668 2121 2723 addidit:

521 2759 721 2816 Ilortui
764 2761 902 2814 enim
949 2760 1107 2825 estis,
1138 2771 1188 2816 et
1214 2761 1318 2815 vita
1345 2771 1507 2816 vestra
1531 2761 1836 2815 abscondita
1881 2772 1956 2816 est
2006 2779 2124 2817 cum

523 2853 730 2910 Christo
771 2856 827 2910 in
875 2855 985 2910 Deo
1029 2855 1232 2929 (Ibid.,
1263 2857 1356 2927 5).
1407 2857 1464 2913 Si
1511 2858 1826 2913 abscondita
1873 2868 1960 2914 est
1998 2874 2122 2915 cum

521 2946 741 3005 Christo
767 2949 820 3003 in
853 2949 984 3015 Deo,
1014 2964 1123 3005 non
1148 2957 1409 3020 appareat
1434 2950 1670 3016 mundo;
1703 2949 1953 3007 Christus
1976 2954 2123 3008 enim

523 3053 775 3098 mortuus
800 3051 886 3098 est
912 3041 1137 3108 mundo,
1170 3042 1304 3098 vivit
1333 3045 1462 3100 Deo.

597 3136 688 3192 84.
732 3136 868 3192 Vide
932 3151 1076 3192 nunc
1125 3139 1584 3207 quemadmodum
1630 3137 1931 3195 desiderari
1978 3150 2128 3197 amet

523 3229 797 3298 Christus,
827 3230 1302 3288 confabulationes
1330 3249 1437 3288 non
1479 3244 1645 3288 amet.
1689 3234 1919 3305 Aperuit
1965 3235 2128 3309 234
2154 3211 2202 3275 C

524 3338 655 3395 ergo
684 3323 837 3395 virgo
877 3323 970 3379 illa
999 3338 1128 3380 suas
1173 3324 1318 3381 fores
1351 3326 1445 3382 Dci
1476 3326 1659 3383 Verbo
1689 3346 1703 3383 :
1735 3327 1830 3383 sed
1866 3330 2126 3396 transivit,

527 3417 721 3486 inquit,
753 3428 798 3472 et
824 3418 978 3472 exivit
1000 3420 1176 3474 anima
1199 3437 1311 3474 mea
1337 3422 1391 3474 in
1419 3421 1570 3476 verbo
1598 3423 1711 3492 ejus
1740 3419 1917 3493 (Cant.
1951 3438 2017 3488 γ,
2047 3423 2126 3496 6).

527 3510 709 3567 Exivit
730 3527 760 3567 a
788 3511 1011 3580 mundo,
1034 3513 1252 3567 exivita
1281 3514 1506 3579 seculo,
1526 3515 1788 3569 remansit
1809 3515 1861 3569 in
1884 3514 2126 3571 Christo.

531 3605 778 3673 Quaesivi,
812 3607 1016 3677 inquit,
1049 3623 1196 3675 eum,
1219 3618 1266 3662 et
1293 3609 1584 3664 noninveni
1611 3625 1725 3664 eum
1747 3607 1962 3682 (lbid.);
1987 3621 2133 3667 amat

527 3701 676 3757 enim
701 3701 949 3757 Christus
973 3701 1066 3757 diu
1098 3704 1321 3774 requiri.

1104 3815 1334 3875 CAPUT
1364 3815 1507 3873 XIV.

529 3910 788 3982 Sponsam
815 3911 1030 3967 inveniri
1062 3929 1094 3966 a
1119 3911 1414 3966 custodibus
1443 3909 1663 3966 cselestis
1709 3909 2046 3966 Hierusalem
2077 3911 2132 3965 in

599 4022 756 4076 quam
800 4005 880 4060 illi
921 4007 1314 4077 ingrediendum
1337 4047 1351 4072 ,
1381 4014 1429 4060 et
1447 4023 1552 4076 qua
1588 4005 1832 4061 ratione?
1879 4002 2132 4078 Ejusdem

599 4101 822 4156 civitatis
848 4101 1022 4155 lumen
1047 4142 1062 4167 ,
1089 4102 1224 4154 muri
1242 4142 1257 4166 ,
1289 4108 1455 4171 porta:
1476 4141 1490 4166 ,
1515 4115 1576 4151 ac
1599 4101 1734 4153 cives
1774 4099 2131 4168 explicantur.

604 4193 877 4263 Quomodo
917 4193 1239 4261 intelligatur
1278 4193 1452 4246 anima
1503 4191 1721 4262 spoliari
1749 4207 1782 4243 a
1809 4191 2001 4243 sanctis
2042 4206 2138 4244 an-

601 4287 730 4359 gelis
752 4301 772 4339 :
798 4284 1056 4356 quomodo
1083 4283 1238 4338 etiam
1263 4298 1376 4353 qut:
1404 4281 1666 4336 Christum
1707 4281 1763 4335 in
1794 4283 1911 4351 foro
1939 4288 1985 4335 et
2021 4281 2137 4352 pla-

603 4380 698 4435 teis
726 4377 951 4450 mysticis
979 4376 1252 4446 quwsitum
1300 4373 1551 4428 invenerit
1575 4414 1592 4439 ,
1625 4372 1686 4426 ab
1713 4372 1905 4426 eisdem
1940 4373 2138 4441 angelis

603 4471 937 4528 uulneretur?
968 4469 1165 4538 Quibus
1185 4467 1430 4542 jungitur
1453 4465 1559 4520 alia
1579 4465 1728 4537 pallii
1754 4465 1954 4520 utiliter
1976 4463 2137 4518 ablati

607 4568 880 4641 expositio.

605 4662 698 4720 85.
739 4661 1070 4717 Invenerunt
1095 4657 1242 4714 illam
1264 4654 1522 4713 custodes
1552 4666 1854 4711 murorum.
1879 4651 2138 4708 Fortasse

2222 1946 2352 2002 ergo
2379 1931 2654 1986 Christum
2700 1943 3014 1999 sequamur.
3047 1928 3153 1985 Sed
3182 1929 3296 2000 ipsa
3328 1929 3382 1984 in
3412 1928 3553 1984 caelo
3581 1937 3666 1984 est
3691 1928 3851 1983 civi-

2223 2034 2327 2080 tas.
2358 2021 2643 2092 Quomodo
2671 2022 2835 2091 igitur
2864 2021 3226 2076 ascendamus
3257 2020 3324 2075 ad
3379 2019 3577 2077 malum
3597 2061 3612 2085 ,
3662 2019 3852 2075 docet

2226 2115 2611 2187 cEvangelista
2643 2114 2732 2185 qui
2764 2114 2897 2169 dicit
2931 2131 2944 2169 :
2979 2112 3050 2167 Et
3079 2115 3227 2168 duxit
3255 2130 3334 2167 me
3348 2112 3578 2183 Spiritus
3599 2113 3654 2166 in
3680 2129 3851 2167 mon-

2225 2223 2323 2269 tem
2351 2227 2596 2283 magnum
2623 2219 2672 2263 et
2703 2210 2888 2274 altum,
2919 2220 2965 2265 et
2996 2207 3221 2262 ostendit
3254 2207 3380 2261 mihi
3409 2209 3670 2262 civitatem
3700 2224 3847 2262 san-

2225 2317 2358 2362 ctam
2383 2303 2710 2368 Hierusalem
2731 2302 3120 2357 descendentem
3141 2303 3204 2354 de
3223 2298 3348 2353 caelo
3369 2299 3554 2370 (Apoc.
3575 2312 3688 2365 ιιι,
3711 2298 3843 2371 ιο).

2225 2398 2598 2456 Ascendamus
2641 2413 2772 2468 ergo
2818 2395 3050 2466 Spiritu;
3083 2394 3212 2465 quia
3261 2407 3390 2449 caro
3435 2390 3736 2447 ascendere
3766 2391 3848 2446 ad

2225 2509 2344 2550 eam
2373 2508 2481 2549 non
2510 2501 2708 2563 potest.
2737 2489 3105 2544 Ascendamus
3135 2501 3235 2542 nos
3266 2485 3484 2541 interim
3510 2484 3578 2539 ad
3605 2484 3845 2551 caelum,

2226 2595 2288 2641 ut
2309 2585 2377 2641 ad
2404 2599 2504 2640 nos
2522 2593 2707 2655 postea
2731 2581 2800 2638 de
2822 2581 2963 2638 caelo
2985 2579 3075 2635 illa
3096 2578 3413 2644 descendat,
3434 2577 3486 2631 in
3512 2592 3616 2648 qua
3645 2576 3847 2632 lumen

2226 2691 2310 2739 est
2348 2680 2526 2735 simile
2556 2678 2752 2749 lapidis
2781 2673 3199 2748 pretiosissimi,
3250 2681 3310 2728 ut
3359 2670 3554 2742 lapidis
3602 2669 3847 2742 jaSpidis

2226 2785 2283 2832 et
2325 2773 2569 2846 crystalli
2601 2770 2792 2845 (Ibid.,
2826 2768 2938 2842 ll).
2991 2768 3167 2824 Habet
3201 2780 3416 2822 murum
3461 2779 3721 2836 magnum
3783 2773 3844 2820 et

2226 2869 2418 2925 altum.

2300 2961 2391 3018 87.
2431 2959 2677 3016 Didicisti
2723 2957 2939 3022 lumen,
2969 2953 3204 3011 didicisti
3237 2966 3449 3008 murum
3485 2949 3676 3006 :disce
3706 2965 3841 3021 por-

2229 3067 2334 3125 tas,
2361 3055 2511 3112 disce
2541 3052 2816 3110 custodes.
2848 3051 3035 3115 Habet,
3067 3047 3276 3119 inquit,
3308 3055 3486 3116 portas
3513 3044 3845 3114 duodecim;

2228 3162 2278 3209 et
2321 3154 2377 3207 in
2404 3153 2566 3224 portis
2595 3147 2621 3187 ἀ
2645 3150 2857 3220 angelos
2888 3146 3161 3202 duodecim
3183 3188 3197 3212 ,
3231 3144 3284 3198 in
3313 3141 3515 3214 fquibus
3564 3140 3846 3194 duodecim

2235 3249 2458 3304 tribuum
2478 3246 2704 3316 ﬁliorum
2728 3241 2895 3297 Israel
2916 3239 3268 3311 superscripta
3285 3245 3402 3291 sunt
3421 3235 3630 3290 nomina
3642 3233 3693 3307 (Ι
3704 3233 3799 3288 bid
3805 3271 3844 3299 .,

2237 3341 2351 3412 12).
2377 3339 2435 3394 In
2467 3339 2641 3410 portis
2666 3334 3098 3407 patriarcharum
3129 3331 3352 3388 nomina
3378 3329 3758 3393 continentur,
3793 3325 3846 3380 in

2235 3449 2392 3492 muro
2423 3433 2794 3504 apostolorum
2818 3447 2832 3496 ;
2869 3427 3220 3484 fundamenta
3247 3425 3394 3481 enim
3422 3423 3691 3486 civitatis,
3714 3437 3850 3494 apo-

2234 3527 2359 3583 stoli
2386 3525 2550 3597 (Ibid.
2584 3522 2675 3594 14)
2705 3541 2719 3577 :
2752 3533 2808 3578 et
2838 3516 2976 3593 lapis
3011 3517 3292 3590 angularis
3336 3526 3422 3572 est
3463 3513 3720 3570 Christus
3743 3557 3760 3578 .
3792 3514 3846 3568 in

2234 3633 2342 3691 quo
2370 3618 2552 3673 omnis
2580 3626 2855 3672 structura
2881 3613 3187 3684 consurgit.
3220 3611 3364 3667 Deus
3387 3619 3563 3674 extra,
3593 3608 3746 3664 Deus
3773 3606 3848 3660 in-

2237 3726 2322 3770 tus
2347 3756 2364 3782 ,
2395 3715 2538 3768 Deus
2589 3712 2790 3781 ubique
2817 3720 2928 3782 est;
2977 3707 3139 3763 habet
3179 3705 3324 3762 enim
3345 3746 3360 3770 ,
3391 3703 3599 3774 inquit,
3647 3701 3847 3755 civitas

2237 3807 2578 3878 maiestatem
2613 3805 2704 3861 Dei
2733 3801 2922 3873 (Ibid.,
2951 3803 3065 3872 ll).
3096 3801 3242 3870 Ergo
3270 3805 3326 3853 et
3353 3812 3473 3860 vos,
3506 3803 3716 3849 sanctae
3739 3794 3847 3848 vir—

2235 3904 2420 3976 gines,
2448 3911 2503 3957 et
2530 3901 2859 3972 quicumque
2882 3897 3015 3969 justi
3039 3894 3174 3952 estis
3195 3935 3209 3959 ,
3240 3891 3399 3966 235
3433 3901 3456 3928 ε
3491 3900 3546 3946 ct
3577 3890 3845 3944 immacu-

2239 3998 2400 4052 latam
2433 3996 2626 4051 anima:
2653 3993 2842 4064 geritis
2871 3992 3181 4048 castitatem
3201 4030 3215 4054 ,
3239 3988 3389 4042 cives
3412 3992 3730 4040 sanctorum
3762 3996 3848 4037 es-

2239 4090 2308 4145 tis
2334 4099 2390 4144 et
2413 4088 2697 4143 domestici
2730 4083 2846 4140 Dei.
2873 4083 2981 4139 Sed
3012 4092 3140 4138 tunc
3168 4079 3509 4135 nobilitatem
3552 4076 3716 4130 istam
3756 4086 3846 4144 pa-

2239 4185 2359 4240 triae
2409 4182 2785 4256 possidebitis,
2819 4180 2868 4234 si
2897 4177 3173 4234 Christum
3222 4175 3361 4229 intra
3413 4170 3652 4226 civitatis
3685 4167 3846 4237 hujus

2239 4286 2392 4347 septa
2423 4275 2712 4344 quaeratis,
2741 4271 2972 4343 ingressi
3017 4285 3116 4340 per
3162 4266 3328 4323 fidem
3354 4274 3615 4334 actusque
3641 4261 3846 4334 pretio-

2241 4385 2353 4436 sos,
2400 4367 2838 4440 patriarcharum
2867 4363 3151 4420 elarilicati
3175 4359 3408 4426 lumine,
3441 4355 3648 4412 fundati
3679 4366 3847 4424 super

2241 4461 2544 4534 apostolos,
2575 4465 2857 4513 versantes
2886 4457 3033 4511 inter
3061 4451 3304 4524 angelos.

2313 4556 2402 4613 88.
2431 4552 2714 4624 Quomodo
2759 4551 2923 4623 igitur
2952 4548 3042 4605 isti
3071 4545 3328 4602 custodes
3355 4543 3534 4616 angeli
3562 4551 3692 4598 sunt
3719 4583 3733 4608 ,
3755 4536 3845 4610 qui

2243 4659 2408 4705 castae
2441 4648 2638 4702 animae
2688 4643 2909 4715 pallium
2963 4641 3162 4696 tollunt
3210 4636 3401 4712 (Cant.
3432 4652 3498 4705 v,
3546 4633 3650 4707 7)?
3685 4626 3842 4689 Aliud

530 4784 561 4835 ι.
607 4793 636 4822 α
655 4783 734 4839 lta
761 4788 871 4836 vet.
902 4779 1034 4835 edit.
1066 4793 1129 4833 ac
1147 4776 1331 4847 plures
1350 4787 1507 4840 mss.;
1531 4771 1692 4828 Rom.
1715 4779 1896 4826 autem
1922 4767 2056 4826 edit.
2080 4776 2135 4824 et
2160 4766 2216 4828 D
2241 4767 2350 4822 nim
2391 4779 2500 4847 pro
2544 4759 2820 4847 communi
2873 4757 3325 4847 opinionestant
3340 4796 3362 4847 ,
3374 4745 3841 4847 Justinus-Pint

537 4871 672 4914 mss.
705 4851 1177 4924 nonnulli._{acilis
1207 4847 1376 4902 aditu.
1452 4917 1465 4924 _
1489 4915 1501 4924 .
1702 4923 1708 4924 ί
1781 4922 1788 4924 _
1951 4912 1963 4924 ,

609 4927 636 4966 b
669 4925 947 4981 Commune
969 4915 1264 4991 Scriptura:
1290 4934 1422 4983 usu,
1452 4915 1595 4972 idem
1631 4923 1716 4970 est
1739 4922 1905 4983 atque
1951 4915 2130 4982 impn-

535 5014 656 5056 rum
689 5007 748 5051 ut
769 4997 879 5066 jam
911 4994 1038 5049 alibi
1067 4991 1472 5066 annotavimus.

612 5081 634 5108 ε
671 5065 844 5125 Fuere
873 5069 1014 5122 inter
1044 5065 1335 5139 haereticos
1367 5071 1474 5139 tam
1499 5068 1712 5139 veteres
1734 5071 1910 5139 quam
1929 5068 2132 5120 novos,

535 5143 627 5214 qui
658 5140 1036 5214 Apocalypsin:
1063 5153 1091 5189 a
1119 5135 1332 5214 Joanne
1379 5129 1722 5214 Evangelista
1749 5129 2006 5214 scriptam
2035 5141 2135 5214 ne-

537 5201 731 5286 garent
751 5231 771 5286 γε
801 5227 832 5268 e
859 5201 1056 5281 quibus
1084 5205 1327 5286 nonnulli
1357 5203 1631 5286 etiam_eo
1657 5201 2136 5286 defellel‘tltlluifnj:

541 5267 852 5356 pudentius,
878 5267 943 5356 ut
963 5295 1082 5356 eaut
1110 5272 1762 5356 Cerinthojattrilutereut
1785 5311 1812 5352 ,.
1831 5267 2135 5356 cujusmotii

538 5339 760 5414 luerunt
804 5339 1060 5422 a'logiani,
1089 5362 1226 5416 quos
1254 5345 1510 5422 refutavit
1548 5340 1903 5422 Epiphanius.
1942 5339 2137 5422 Exsti-

541 5411 726 5487 lerunt
751 5411 966 5497 quoque
1012 5411 1506 5497 intereatholicus,
1537 5415 1627 5497 qui
1658 5411 1909 5497 eumdem
1942 5411 2143 5497 librum

541 5481 1070 5557 autmalteriioanni
1117 5487 1363 5559 ejusdem
1414 5481 1931 5559 ctitnA'Evangelista
1970 5481 2146 5534 aetatis

539 5555 998 5633 ascriberentmut
1014 5555 1304 5633 crederent
1321 5555 2147 5633 meritodubitat-i_posse,utrum

541 5623 713 5698 illius
730 5623 924 5695 auctur
962 5635 1070 5691 dici
1114 5631 1315 5686 debeat
1365 5628 1730 5698 Evangelista.
1763 5623 2148 5698 Verumtamen

542 5694 914 5788 quidquidjn
943 5702 1282 5788 contrarium
1334 5694 2149 5788 aﬂerurithinlirmumests-si

546 5756 804 5838 i'uiiislia
833 5756 1424 5840 lia'lrvudiﬁantiquortlm
1447 5756 1644 5838 agmini
1666 5767 1995 5838 opponatur.
2018 5756 2150 5820 Ete-

2239 4818 2364 4894 Silii.
2391 4818 2625 4906 'i‘ryph.,
2659 4818 3094 4906 Irenmus'libnv
3123 4835 3179 4882 et
3214 4818 3537 4906 v,.t_tecnt_ton
3567 4820 3718 4906 apud
3740 4818 3843 4906 Iliu-

2239 4891 2642 4966 sebium'llist'.
2675 4904 2821 4958 Eccl.
2857 4902 2952 4973 lib.
2982 4916 3074 4968 ιιι,
3108 4914 3228 4969 cap.
3253 4891 3353 4973 25,
3385 4894 3640 4951 Clemens
3688 4891 3839 4973 Alex.

2241 4981 2370 5036 item
2401 4977 2592 5034 eodem
2622 4976 2716 5031 lib.
2745 4989 2866 5044 cap.
2897 4972 2990 5035 25,
3024 4971 3350 5044 universalis
3378 4980 3715 5044 consensus;
3742 4969 3838 5044 ilco

2241 5067 2360 5107 rum
2393 5050 2534 5119 apud
2560 5037 2828 5103 eumdctn'
2843 5044 2936 5099 lib.
2969 5058 3031 5119 γ.
3055 5056 3192 5119 ca__p._
3210 5043 3279 5096 l8
3305 5052 3360 5094 et
3385 5037 3476 5103 28,
3503 5037 3836 5119 Apollonius:

2239 5101 2541 5179 ist-laudem
2568 5101 2661 5176 lib.
2697 5101 2776 5190 vt,
2810 5132 2934 5185 cap.
2964 5101 3057 5190 ἓξ,
3099 5101 3414 5190 Qrigcnes,_
3445 5101 3608 5190 queis.
3638 5101 3840 5190 accedit

2241 5194 2611 5250 Tcrtullianus
2660 5180 2923 5260 adversus
2973 5180 3324 5260 Marcion’em.
3375 5181 3509 5234 Cum
3561 5180 3643 5260 his
3683 5186 3836 5260 atque

2241 5248 2364 5321 aliis
2403 5264 2656 5319 omnibus
2700 5257 2942 5330 concinit
2989 5254 3311 5330 Ambrosius
3361 5266 3548 5330 noster
3575 5248 3838 5330 Inicus-icui

2243 5319 2300 5394 et
2332 5337 2383 5389 in
2433 5337 2569 5405 psal.
2603 5350 2650 5397 ι,
2681 5349 2735 5387 ιι.
2767 5328 2868 5394 54ς
2900 5330 2956 5405 in
2995 5329 3193 5405 ps_a|m_.
3226 5341 3318 5405 ξι..
3345 5341 3400 5378 n.
3427 5323 3498 5377 26
3519 5363 3534 5387 ,
3560 5331 3616 5405 et
3642 5319 3787 5405 alibi.

2317 5405 2345 5443 ά
2373 5391 2502 5461 Μὲε.
2533 5391 2758 5474 aliquot,
2789 5391 3011 5474 angulos
3033 5396 3326 5474 duodecim,
3359 5409 3466 5474 non
3498 5391 3673 5474 solum
3713 5399 3834 5474 con:

2247 5487 2330 5535 tra
2357 5463 2689 5546 reliquorum
2716 5463 2880 5543 atque
2904 5472 3034 5528 edit.
3069 5466 3338 5531 omnium,
3371 5463 3467 5519 sed
3512 5465 3675 5518 etiam
3705 5469 3832 5515 sacrt

2257 5560 2437 5606 textus
2465 5547 2869 5601 auctoritatem.
3228 5607 3232 5608 ν
3479 5606 3486 5608 _

2331 5631 2353 5657 ε
2376 5618 2494 5675 Non
2523 5618 2680 5690 pauci
2711 5630 2844 5690 mss.
2871 5655 2887 5681 ,
2920 5621 2967 5690 et
2991 5607 3376 5690 immaculatum
3400 5606 3628 5690 animant

2253 5663 2904 5756 castrih72;'£5£hditi','él
2923 5663 3258 5756 int—maculato
3287 5675 3460 5756 aninto
3480 5673 3656 5748 geritis
3673 5663 3833 5727 ἐιτηερ

2927 5737 3088 5810 bullis
3115 5737 3485 5803 consentiunt:
