3974 6186
146 165 230 225 289

1218 163 1312 222 DE
1356 159 1803 224 VIRGINITATE
1843 161 2053 222 LIBER
2094 163 2291 223 UNUS.

3287 171 3397 229 290

145 287 328 357 pallium
358 284 614 356 virginum
636 291 725 341 est
752 324 770 353 ,
803 283 946 340 aliud
973 293 1000 323 ε
1029 282 1414 342 adolescentiae
1453 287 1688 342 circum-
1725 289 1766 348 Α
1795 287 1898 358 ipsi
1921 284 2084 340 Deum
2117 286 2356 341 uidebunt
2385 283 2697 359 (Matth,’v,
2724 287 2812 358 7).
2841 287 3082 360 Denique
3114 289 3206 346 ubi
3235 305 3393 346 mun-

148 383 364 438 ioraneae.
388 378 476 434 illa
518 395 634 451 quae
663 379 722 435 in
754 378 871 434 foro
891 378 1161 435 Christum
1187 379 1437 450 requirit,
1469 382 1691 451 pallium
1792 377 1939 434 davit
1967 393 2084 446 cor,
2118 377 2356 435 Verbum
2386 381 2612 450 reperit,
2649 380 2818 435 Deum
2850 379 3002 436 vidit.

149 477 282 531 etiam
305 475 437 546 quod
465 474 720 543 habebat,
751 473 968 541 amisit;
999 474 1285 546 prudentia
1316 476 1461 532 enim
1496 490 1604 532 non
1635 473 1692 531 in

2397 491 2631 552 CAPUT
2659 493 2778 554 XV.

147 568 262 686 ξονον
291 585 390 686 ηυξ
419 569 471 624 in
513 567 746 674 P'aEeisf
774 567 870 624 sed
899 568 949 623 in
982 568 1226 674 Εθθίίξδίθ
1267 568 1594 676 ΡθξδίδθωΫ
1623 567 1694 624 Et
1792 605 1875 660 Ad
1912 605 2246 677 quaerendum
2276 605 2443 662 Deum
2490 609 2719 664 animam
2761 611 2979 678 excitat,
3033 613 3392 686 explicatoque

150 664 340 719 fortasse
366 664 444 736 (ut
467 678 589 720 cum
614 663 745 735 ipsis
784 679 1000 735 quoque
1029 664 1310 719 veniamus
1352 664 1404 719 in
1433 664 1686 735 gratiam,

149 770 276 830 atque
299 758 534 814 omnium
570 757 974 814 misericordem
1005 757 1176 813 Deum
1213 772 1334 813 esse
1364 757 1690 824 doceamus;

149 850 244 920 quia
264 859 312 906 et
337 851 408 906 illi
431 848 704 906 Christum
748 850 1039 921 aliquando
1070 850 1380 921 reperiunt,
1427 850 1475 905 si
1512 860 1690 907 tamen

147 944 306 1016 jugiter
331 943 597 1017 quaerant)
628 943 850 1014 pallium
884 941 986 999 hoc
1022 943 1252 998 amictus
1277 953 1359 999 est
1385 943 1654 1014 corporis.

199 1038 271 1093 89.
295 1039 430 1110 Ergo
457 1039 550 1109 qui
573 1036 820 1109 qumsivit
849 1038 901 1092 in
926 1037 1091 1094 cubili
1120 1036 1394 1092 Christum
1424 1036 1492 1110 (si
1513 1045 1690 1092 tamen

145 1131 206 1186 sic
227 1131 488 1203 quaesivit,
537 1132 682 1187 sicut
709 1131 802 1186 ille
823 1131 914 1202 qui
941 1130 1119 1186 dixit:
1159 1131 1252 1186 Sic
1291 1146 1486 1184 memor
1515 1129 1592 1199 fui
1620 1131 1694 1183 tui

145 1243 265 1294 super
303 1233 512 1280 stratum
550 1242 719 1280 meum
754 1223 928 1296 (Psal.
953 1239 1084 1292 Lxu,
1115 1221 1168 1295 7)
1210 1239 1225 1288 ;
1265 1224 1310 1278 si
1352 1221 1608 1294 quaesivit
1637 1221 1694 1279 in

146 1320 352 1376 noctibus
374 1361 391 1388 ,
418 1320 570 1390 juxta
601 1319 746 1391 quod
790 1319 1052 1389 scriptum
1083 1329 1202 1375 est:
1236 1317 1303 1374 In
1340 1319 1570 1374 noctibus
1607 1336 1696 1375 ea:-

148 1415 274 1467 tutfitc
305 1430 481 1468 manus
520 1423 718 1468 uestras
744 1413 797 1467 in
825 1421 1005 1468 sancta
1041 1411 1220 1486 (Psal.
1253 1429 1490 1480 cxxxiii,
1527 1414 1622 1485 2);
1649 1413 1697 1469 si

147 1504 356 1576 quaesivit
381 1507 433 1562 in
465 1507 719 1571 civitate,
751 1508 803 1560 in
830 1505 950 1562 foro
973 1515 1028 1562 et
1056 1506 1107 1560 in
1129 1506 1362 1576 plateis:
1396 1505 1447 1561 in
1475 1507 1697 1563 civitate

146 1600 216 1656 Dei
242 1604 390 1658 nostri
414 1621 426 1656 :
457 1602 510 1657 in
545 1602 670 1658 foro
699 1600 937 1657 fortasse
964 1602 1018 1657 in
1048 1617 1157 1673 quo
1166 1602 1335 1673 judex
1363 1603 1455 1659 ille
1474 1602 1502 1641 ι’
1526 1603 1695 1659 divini

1865 719 1956 756 cur
1982 719 2041 756 ea
2064 705 2312 774 feminino
2345 706 2588 761 vocabulo
2615 707 2839 774 dicatur,
2865 719 3032 765 monet
3054 711 3283 766 diuinum
3313 717 3396 784 [a-

1865 810 2036 849 uorem
2077 813 2184 851 esse
2207 797 2613 867 implorandum,
2645 811 2701 855 ut
2735 803 2908 857 eadem
2927 803 2991 858 ab
3017 804 3110 859 illo
3136 805 3393 877 guberne-

1865 895 1951 939 tur
1977 886 2145 942 instar
2169 890 2445 959 cujusdam
2473 908 2700 960 currus;
2727 894 2809 948 illi
2828 897 2965 949 enim
2988 906 3212 967 quatuor
3223 907 3394 955 motus

1866 997 1976 1037 esse
2015 991 2278 1053 tamquam
2320 985 2535 1040 totidem
2589 1004 2779 1058 equos,
2820 1005 2852 1042 a
2898 989 3081 1062 quibus
3121 1000 3396 1067 raptatur:

1865 1089 1993 1139 quos
2024 1076 2171 1130 docet
2198 1078 2401 1133 ratione
2424 1095 2487 1132 ac
2507 1081 2785 1151 prudentia
2813 1083 3178 1140 moderandas.

1867 1233 1956 1290 93.
2002 1235 2198 1304 Qumre
2238 1253 2370 1309 ergo
2404 1238 2555 1295 illum
2581 1282 2596 1307 ,
2633 1242 2820 1314 virgo,
2874 1245 3042 1301 immo
3085 1261 3395 1318 quaeramus

1797 1342 2023 1394 omnes;
2056 1331 2238 1386 anima
2267 1332 2413 1388 enim
2439 1349 2629 1390 sexum
2658 1351 2766 1392 non
2790 1336 2980 1395 habet:
3010 1339 3107 1396 sed
3133 1340 3258 1398 ideo
3286 1341 3398 1398 for-

1799 1429 1944 1477 tasse
1983 1421 2282 1479 femineum
2328 1440 2525 1481 nomen
2571 1429 2814 1498 accepit,
2845 1431 2990 1500 quod
3019 1447 3142 1488 eam
3180 1434 3394 1492 violen-

1799 1513 1907 1570 tior
1934 1522 2100 1570 aestus
2142 1517 2390 1585 corporis
2412 1519 2524 1589 agit
2549 1537 2562 1574 :
2595 1518 2716 1591 ipsa
2743 1530 2926 1577 autem
2953 1521 3189 1594 impetus
3218 1526 3400 1583 carnis

1800 1619 1990 1661 amore
2017 1607 2098 1663 sui
2129 1607 2280 1663 molli
2298 1609 2531 1680 quadam
2559 1621 2616 1667 et
2641 1611 2838 1668 blanda
2867 1615 3081 1671 ratione
3103 1615 3396 1674 demulcet.

144 1693 249 1763 juris
294 1695 470 1760 sedet,
506 1697 558 1751 in
608 1695 805 1766 plateis
857 1695 1000 1751 unde
1048 1695 1264 1752 collecti
1309 1705 1436 1750 sunt
1488 1696 1580 1766 qui
1627 1695 1696 1752 ad
1724 1685 1774 1746 B
1871 1696 1960 1754 94.
1996 1698 2141 1771 Ergo
2158 1701 2496 1759 orationibus
2519 1713 2574 1760 et
2601 1704 3076 1764 obsecrationibus
3116 1708 3285 1766 Deum
3315 1709 3398 1765 in-

146 1802 312 1842 cteuam
334 1789 668 1845 Dominicam
699 1787 1095 1860 convenerunt)
1115 1797 1311 1860 potest,
1340 1788 1698 1845 custodienti-

149 1882 226 1937 bus
258 1883 509 1940 civitatem
552 1883 656 1942 Dei
702 1884 932 1956 angelis,
963 1884 1090 1940 dum
1115 1884 1208 1940 diu
1249 1885 1475 1956 quaerit,
1506 1899 1699 1941 occur-

149 1989 261 2031 rere.

201 2069 272 2126 90.
297 2069 424 2140 Quin
447 2071 623 2128 etiam
654 2086 720 2128 ex
749 2071 960 2128 ctelesti
988 2070 1278 2128 custodum
1310 2079 1505 2129 natura
1534 2073 1701 2129 coale-

149 2170 254 2217 stem
278 2163 569 2236 intelligere
611 2179 902 2236 possumus
945 2164 1241 2231 civitatem,
1273 2166 1499 2221 caeleste
1526 2165 1700 2220 forum

147 2249 327 2321 justitia:
351 2258 742 2329 sempiternae:
777 2273 884 2313 non
913 2258 1048 2313 viles
1075 2257 1308 2328 plateas,
1336 2257 1432 2314 sed
1470 2257 1703 2316 fortasse

151 2346 188 2398 in
225 2348 392 2414 quibus
429 2349 783 2420 superfluere
827 2349 949 2406 fons
994 2350 1088 2407 ille
1128 2351 1450 2417 consuevit,
1500 2352 1570 2408 de
1595 2367 1703 2424 quo

149 2438 360 2508 scriptum
385 2452 499 2498 est:
534 2443 889 2513 Superﬂaant
931 2443 1020 2497 tibi
1061 2460 1210 2514 aqua:
1237 2445 1301 2498 de
1323 2454 1413 2499 tuo
1442 2446 1613 2516 fonte,
1656 2452 1705 2500 et

150 2530 187 2583 iu
209 2533 366 2600 plateis
388 2539 483 2592 tuis
510 2535 892 2604 dilfundantur
925 2548 1028 2593 tua:
1056 2555 1207 2609 aqua:
1237 2540 1256 2612 (
1282 2539 1438 2595 Prov.
1464 2556 1521 2609 v,
1564 2540 1633 2597 16
1660 2543 1701 2614 ).

150 2622 226 2691 Qui
253 2626 322 2682 sic
357 2646 476 2702 ergo
518 2630 813 2688 Christum
868 2630 1135 2702 requirit,
1186 2631 1253 2688 ad
1307 2631 1536 2703 angelos
1582 2648 1706 2703 per-

150 2723 280 2776 venit.

204 2815 278 2870 9l.
305 2817 403 2875 Sed
442 2820 487 2875 si
520 2819 694 2876 bonis
739 2819 810 2876 ad
839 2820 1062 2892 angelos
1107 2823 1318 2877 meritis
1355 2823 1702 2892 pervenitur;

148 2922 224 2963 cur
245 2915 323 2981 qui
347 2915 665 2983 pervenerit
688 2914 1056 2971 vulneratur?
1080 2915 1175 2970 Est
1204 2927 1258 2971 et
1281 2916 1493 2987 gladius
1510 2918 1704 2986 bonus,

149 3003 270 3074 cujus
293 3007 442 3076 gladii
471 3010 683 3065 bonum
738 3009 962 3064 vulnus.
1005 3007 1265 3064 Vulnerat
1306 3009 1402 3065 Dei
1447 3009 1703 3077 verbum,

1801 1790 1978 1848 vitare
2001 1791 2262 1850 debemus
2290 1803 2348 1849 ut
2375 1797 2532 1867 quasi
2565 1796 2741 1853 bonus
2780 1808 2967 1856 auster
2989 1801 3176 1860 alflare
3205 1802 3402 1874 digne-

1801 1891 1910 1939 tur.
1951 1883 2224 1958 Verbique
2263 1886 2421 1944 nobis
2479 1903 2668 1944 auram
2703 1890 2943 1948 etelestis
2985 1893 3230 1963 aSpiret:
3277 1909 3401 1966 quae

1801 1977 2113 2036 fructiferas
2139 1981 2370 2039 arbores
2398 1999 2507 2039 non
2531 1983 2752 2040 turbare
2777 1995 2945 2042 vento
2967 1988 3140 2058 gravi,
3168 1987 3265 2045 sed
3292 1989 3404 2047 leni

1801 2073 2101 2141 spiramine
2153 2074 2393 2146 ﬂatuque
2433 2077 2581 2132 molli
2627 2080 2913 2135 consuevit
2965 2081 3191 2152 agitare.
3244 2081 3404 2140 Unde

1801 2170 2066 2239 scriptum
2094 2179 2210 2224 est:
2236 2168 2423 2224 Posuit
2455 2187 2532 2226 me
2554 2186 2738 2227 currus
2761 2173 3055 2228 Aminadab
3101 2173 3288 2246 (Cant.
3323 2191 3401 2243 vr,

1804 2261 1866 2318 Η
1895 2261 1951 2333 );
1986 2277 2053 2318 eo
2079 2261 2225 2332 quod
2254 2262 2436 2317 anima
2465 2271 2652 2319 nostra
2692 2264 2820 2320 dum
2860 2265 3105 2338 jungitur
3150 2269 3403 2338 corpori,

1804 2355 1959 2411 velut
1984 2355 2206 2426 quidam
2234 2370 2497 2426 equorum
2531 2357 2884 2413 frementium
2911 2373 3107 2415 currus
3132 2369 3404 2416 rectorem

1806 2448 1891 2504 sui
1919 2448 2114 2520 quaerit
2145 2449 2425 2520 aurigam;
2470 2449 2777 2506 Aminadab
2807 2451 2954 2507 enim
2999 2461 3154 2524 pater
3190 2452 3407 2510 Naason

1806 2538 1930 2610 fuit,
1961 2541 2101 2597 sicut
2127 2541 2180 2596 in
2198 2540 2452 2598 Numeris
2480 2541 2715 2612 legimus
2743 2542 2952 2617 (Num.
2983 2559 3022 2613 ι,
3052 2545 3083 2599 7
3110 2547 3150 2615 ),
3175 2546 3266 2616 qui
3291 2555 3412 2602 erat

1808 2634 2066 2705 princeps
2097 2633 2284 2705 populi
2311 2632 2480 2690 Juda:
2515 2634 2672 2706 cujus
2698 2635 2870 2707 ﬁgura
2899 2635 3140 2693 refertur
3164 2637 3231 2692 ad
3251 2636 3412 2694 Chri-

1809 2733 1976 2794 stum,
2003 2725 2096 2797 qui
2121 2740 2282 2781 verus
2310 2725 2495 2796 populi
2526 2727 2783 2797 princeps
2807 2728 3047 2783 animam
3083 2727 3217 2800 justi
3260 2728 3417 2786 velut

1809 2832 2028 2874 currum
2058 2820 2290 2890 agitator
2313 2819 2637 2885 ascendens.
2664 2819 2828 2876 Verbi
2858 2821 3090 2878 habenis
3119 2823 3410 2894 gubernat;

1810 2925 1878 2965 ne
1901 2909 2272 2966 violentorum
2302 2926 2569 2984 equorum
2602 2914 2789 2970 furore
2811 2913 2864 2968 in
2885 2914 3113 2987 abrupta
3142 2916 3407 2986 rapiatur.

1882 3000 1974 3056 95.
2032 3002 2170 3058 Sunt
2214 3004 2362 3058 enim
2399 3004 2520 3074 ejus
2546 3003 2695 3060 velut
2742 3014 2973 3076 quatuor
2999 3007 3145 3077 equi,
3177 3016 3413 3078 quatuor

147 3095 222 3150 sed
248 3113 339 3154 non
365 3100 600 3157 ulcerat.
637 3099 732 3154 Est
762 3100 958 3154 vulnus
989 3098 1116 3154 boni
1145 3100 1380 3165 amoris,
1425 3109 1554 3154 sunt
1590 3099 1706 3154 vul-
1735 3084 1781 3148 C
1812 3091 2130 3152 affectiones
2154 3140 2169 3165 ,
2206 3097 2308 3166 ira,
2338 3097 2606 3168 cupiditas
2628 3139 2644 3164 ,
2671 3099 2957 3170 voluptas,
2992 3100 3175 3158 timor.
3207 3102 3416 3171 Quibus

148 3203 251 3245 nera
281 3193 588 3260 cbaritatis;
643 3193 878 3264 ideoque
910 3192 1074 3247 dixit:
1112 3191 1399 3246 Vulnerata
1443 3192 1708 3247 cliaritatis

146 3301 220 3356 ego
237 3305 336 3341 sum
362 3287 531 3361 (Cant.
567 3304 632 3354 ιι,
655 3285 733 3359 5).
771 3287 902 3355 Quae
924 3287 1166 3358 perfecta
1190 3296 1295 3355 est,
1315 3287 1598 3342 vulnerata
1626 3295 1710 3342 est

147 3377 410 3436 cbaritatis.
459 3383 621 3438 Bona
668 3388 798 3436 sunt
843 3380 1007 3451 igitur
1065 3379 1228 3435 Verbi
1260 3379 1517 3446 vulnera,
1567 3377 1710 3434 bona

147 3482 252 3528 sunt
292 3477 516 3533 amantis
555 3475 822 3530 vulnera:
877 3473 1042 3529 Utilia
1079 3474 1224 3529 enim
1269 3474 1481 3528 vulnera
1520 3473 1707 3538 antici,

147 3579 273 3631 quam
293 3569 579 3623 voluntaria
619 3568 798 3623 oscula
820 3567 1018 3621 inimici
1050 3565 1234 3637 (Prov.
1265 3582 1432 3632 xxvu,
1457 3565 1550 3637 6).
1583 3565 1712 3621 Vul-

148 3669 306 3714 nerata
340 3661 629 3718 charitatis
673 3659 921 3715 Rebecca
942 3667 1046 3723 est,
1070 3674 1215 3729 quae,
1244 3657 1452 3714 relictis
1476 3657 1714 3727 parenti-

149 3747 230 3804 bus
251 3792 266 3814 ,
292 3753 532 3824 migravit
576 3750 648 3807 ad
677 3766 942 3822 sponsum
991 3748 1149 3822 (Gen.
1181 3764 1337 3815 xxxv,
1365 3747 1434 3804 58
1460 3759 1510 3803 et
1538 3747 1671 3820 seq.)
1695 3766 1710 3804 :

153 3841 394 3899 vulnerata
435 3843 723 3902 charitatis
751 3841 980 3909 Rachel,
1028 3857 1148 3913 quae
1194 3841 1389 3897 zelavit
1441 3854 1712 3906 sororem,

152 3940 318 3994 amavit
351 3941 608 3996 maritum
666 3937 840 4012 (Gen.
871 3951 998 4002 xxx,
1037 3937 1061 3991 1
1093 3934 1134 4006 ).
1167 3935 1352 3990 Sorori
1392 3934 1535 3990 enim
1570 3932 1713 4003 quod

153 4020 420 4090 abundabat
450 4035 607 4101 filiis,
638 4033 754 4103 ipsa
802 4031 982 4088 adhuc
1010 4030 1216 4085 sterilis
1246 4028 1559 4094 invidebat;
1591 4027 1714 4098 quia

154 4129 305 4193 typum
330 4129 549 4198 gerebat
575 4125 862 4191 Ecclesiae,
886 4123 972 4179 cui
997 4123 1233 4178 dicitur:
1258 4121 1483 4190 Lwtare,
1500 4120 1713 4187 sterilis,

153 4230 245 4285 qm:
267 4235 356 4275 non
378 4223 559 4291 paris:
610 4235 820 4289 erumpe
845 4226 894 4273 et
935 4216 1170 4272 exclama
1190 4231 1304 4287 qua:
1345 4231 1447 4270 non
1487 4213 1715 4286 parturis

155 4306 300 4377 (Emi.
330 4329 436 4382 LIV,
465 4312 541 4387 1).

211 4403 287 4459 92.
331 4406 662 4466 Invenerunt
702 4423 834 4482 ergo
883 4407 1174 4473 custodes,
1205 4415 1261 4463 et
1287 4406 1716 4463 vulneraverunt

1812 3187 2116 3244 furentibus
2150 3203 2273 3244 cum
2306 3191 2534 3260 cmperit
2559 3190 2676 3261 agi,
2722 3206 3066 3264 nequaquam
3094 3195 3276 3266 seipsa
3320 3209 3415 3252 co-

1811 3281 2054 3352 gnoscit:
2083 3281 2438 3353 corruptibile
2465 3283 2608 3338 enim
2640 3299 2839 3354 corpus
2863 3286 3098 3342 animam
3128 3296 3338 3359 gravat,
3358 3295 3416 3346 et

1816 3384 2088 3447 tamquam
2113 3387 2135 3416 ο
2162 3376 2612 3432 irrationabilium
2631 3377 2949 3434 animalium
2975 3395 3168 3436 currus
3191 3381 3417 3438 invitam

1813 3470 1974 3540 rapit,
2016 3469 2362 3526 volventibus
2392 3469 2537 3526 curis
2579 3471 2730 3526 velut
2757 3471 2990 3543 quodam
3037 3474 3244 3544 impetu
3285 3490 3417 3545 pro-

1814 3570 2089 3628 ruentem,
2119 3562 2296 3618 donec
2322 3571 2639 3618 memorata:
2664 3566 2912 3634 corporis
2943 3566 3225 3635 passiones
3251 3565 3416 3624 Verbi

1813 3654 2012 3710 virtute
2044 3655 2352 3711 mitescant.
2386 3655 2514 3711 ΙΙωο
2559 3655 2713 3710 verbi
2763 3664 3035 3727 tamquam
3066 3657 3192 3712 boni
3242 3657 3416 3728 agita-

1817 3748 1950 3802 toris
2000 3757 2082 3803 est
2114 3746 2489 3818 providentia,
2543 3763 2614 3803 ne
2647 3747 2723 3801 illi
2755 3748 2952 3803 animae
2975 3763 3096 3819 quae
3125 3747 3180 3803 in
3203 3762 3264 3804 se
3301 3763 3415 3805 non

1815 3849 1900 3896 est
1942 3840 2103 3895 morti
2136 3839 2393 3907 obnoxia,
2415 3855 2614 3910 corpus
2638 3840 2870 3896 mortale
2911 3840 3266 3910 conjunctum
3297 3843 3412 3915 agi-

1820 3934 2077 3989 tationem
2101 3933 2186 3988 sui
2217 3931 2381 3988 faciat
2409 3947 2533 3988 esse
2562 3931 2862 3990 difficilem.

1894 4027 1992 4084 96.
2026 4027 2211 4082 Primo
2236 4027 2400 4097 igitur
2429 4028 2530 4082 hos
2576 4026 2795 4082 veloces
2831 4034 3011 4083 motus
3037 4028 3288 4099 corporis
3317 4031 3424 4087 do-

1818 4121 1996 4187 mitet,
2027 4128 2084 4176 et
2123 4135 2267 4176 nexu
2293 4118 2521 4175 rationis
2545 4119 2813 4176 mfrenet:
2841 4119 2971 4176 dein
2995 4129 3189 4178 caveat
3212 4137 3282 4179 ne
3308 4122 3421 4178 dis-

1817 4217 1935 4288 pari
1985 4224 2138 4270 motu
2181 4230 2241 4271 se
2286 4213 2436 4271 velut
2483 4214 2611 4287 equi
2664 4214 2928 4285 implicet,
2977 4223 3037 4272 ut
3073 4216 3274 4272 bonum
3325 4226 3421 4274 aut

1816 4309 2100 4379 improbus
2121 4308 2419 4374 decoloret,
2453 4316 2546 4364 aut
2575 4309 2764 4365 tardus
2792 4309 3094 4379 impediat,
3129 4319 3222 4366 aut
3250 4311 3422 4369 turbi-

1818 4402 1919 4458 dus
1959 4402 2254 4474 inquietet;
2300 4402 2480 4458 fremit
2508 4402 2655 4458 enim
2687 4419 2860 4475 equus
2903 4404 3144 4469 malitiae,
3186 4419 3421 4476 seseque

153 4509 280 4568 eam,
307 4513 357 4558 et
383 4505 633 4562 tulerunt
661 4506 712 4560 ei
736 4480 964 4572 pallium
982 4543 998 4570 ,
1033 4502 1136 4558 hoc
1164 4513 1283 4568 est,
1324 4509 1478 4556 actus
1518 4514 1714 4569 corpo-
1739 4480 1792 4540 Ῑ)
1815 4495 2072 4567 jactando
2094 4511 2316 4552 currum
2338 4495 2510 4563 laedit,
2538 4505 2732 4567 gravat
2761 4497 3022 4568 jugalem.
3067 4496 3220 4553 Hunc
3243 4497 3422 4554 bonus

154 4591 264 4647 ralis
301 4594 636 4654 involucrum
687 4598 1064 4664 sustulerunt,
1095 4606 1156 4651 ut
1189 4595 1332 4650 nuda
1359 4594 1555 4649 mentis
1584 4593 1714 4647 sim-

153 4683 938 4762 PlicitasquazreretChristum;
968 4690 1094 4759 quia
1125 4703 1286 4745 nemo
1314 4695 1492 4758 potest
1511 4685 1714 4740 amictu

153 4783 351 4840 restitas
375 4787 756 4858 philosophia),
786 4786 840 4840 in
863 4785 1048 4840 habitu
1077 4784 1290 4840 scilicet
1309 4783 1588 4853 sapientiae
1613 4797 1712 4836 sa:—

151 4872 320 4931 cularis
343 4877 624 4936 Christum
655 4880 864 4935 videre.
900 4879 968 4934 Et
993 4879 1132 4934 bene
1161 4877 1371 4932 tollitur
1397 4876 1447 4931 ei
1483 4874 1717 4929 amictus

151 4963 514 5040 Philosophiae;
543 4987 614 5028 ne
643 4971 766 5043 quis
793 4987 912 5028 eam
941 4987 1040 5042 per
1069 4968 1473 5040 philoSOphiam
1503 4969 1709 5038 deprae-

148 5054 286 5113 detur
308 5061 530 5134 (Colon,
554 5081 614 5134 ιι,
642 5064 721 5137 8).
748 5065 894 5120 Bene
920 5063 1132 5120 tollitur
1155 5063 1202 5119 ei
1229 5062 1478 5134 pallium,
1509 5076 1628 5131 quae
1653 5057 1722 5114 ad

149 5145 397 5209 Christum
428 5158 797 5226 propinquat;
821 5167 880 5211 ut
911 5157 1082 5212 Deum
1119 5156 1306 5210 visura
1331 5154 1532 5209 mundo
1559 5150 1726 5208 corde

147 5236 486 5313 ingrediatur:
517 5246 664 5306 Beati
701 5248 864 5321 236
882 5248 1026 5306 enim
1057 5248 1250 5303 mundo
1286 5247 1460 5317 corde,
1483 5244 1726 5317 quoniam

211 5490 328 5547 -ιω
360 5494 495 5564 edit.
523 5505 632 5553 vet.
671 5505 731 5552 et
749 5510 881 5552 mss.
913 5511 1127 5560 omnes,
1155 5494 1331 5551 tribus
1366 5490 1608 5560 exceptis
1633 5488 1726 5545 ubi

155 5552 531 5644 legitur,'aliud
571 5552 950 5644 adolescentia.
990 5552 1417 5644 Circumforanea
1449 5552 1543 5644 illa
1580 5576 1730 5644 ιιι-ιφ,

151 5641 244 5688 etc.
273 5635 431 5690 Rom.
461 5651 645 5695 autem
669 5639 804 5693 edit.
835 5638 936 5694 hoc
964 5650 1172 5694 tantum
1204 5635 1437 5692 recessit
1475 5635 1543 5689 ab
1587 5635 1728 5700 aliis,

151 5704 278 5771 (1³οά
311 5719 410 5778 PN
436 5708 838 5777 adolescentiw.
868 5711 1112 5782 reposuit
1138 5708 1554 5766 adolescentulo}.

1816 4590 2001 4660 auriga
2031 4590 2310 4646 demulcet
2332 4631 2348 4657 ,
2381 4599 2436 4646 et
2469 4589 2523 4644 in
2573 4604 2826 4658 campum
2860 4590 3108 4645 veritatis
3151 4591 3419 4659 immittit,

1817 4680 2026 4737 fraudis
2056 4682 2297 4738 declinat
2333 4680 2658 4738 anfractum.
2689 4681 2952 4752 Tutusiad
2985 4682 3267 4752 superiora
3295 4698 3423 4738 cur-

1813 4790 1908 4831 sus
1964 4785 2081 4844 est,
2133 4775 2477 4846 periculosus
2507 4775 2576 4830 ad
2619 4774 2882 4832 inferiora
2920 4774 3243 4831 descensus.
3293 4775 3424 4832 Indo

1817 4868 1970 4936 quasi
2006 4866 2331 4937 emeritiqui
2358 4866 2498 4922 bene
2519 4867 2866 4937 portaverint
2890 4867 3078 4938 jugum
3107 4865 3297 4934 Verbi,
3329 4884 3422 4924 us-

1825 4973 1930 5029 que
1961 4956 2027 5013 ad
2060 4956 2279 5011 Domini
2329 4971 2574 5028 praesepe
2612 4957 2890 5013 ducuntur
2914 5000 2930 5025 ,
2961 4959 3015 5014 in
3055 4973 3162 5029 quo
3192 4973 3301 5015 non
3341 4958 3421 5018 fe-

1825 5066 1953 5109 num
1983 5061 2070 5109 est
2095 5067 2240 5120 esca,
2273 5051 2376 5108 sed
2404 5049 2568 5122 panis
2593 5051 2684 5120 qui
2714 5050 3002 5107 descendit
3026 5067 3058 5107 e
3080 5052 3241 5108 caelo.

1897 5147 1989 5204 97.
2008 5143 2179 5214 Hujus
2196 5158 2390 5199 currus
2407 5152 2542 5198 rota:
2561 5151 2714 5208 sunt,
2729 5141 2800 5198 de
2821 5142 3018 5212 quibus
3033 5143 3422 5214 dixitpropbe—

1831 5250 1908 5297 ta:
1926 5240 1996 5294 Et
2014 5238 2229 5312 spiritus
2242 5239 2359 5293 vitae
2371 5245 2479 5292 erat
2500 5235 2555 5291 in
2574 5234 2701 5290 rotis
2726 5234 2943 5305 (Laeca.
2970 5249 3013 5297 ι,
3029 5233 3122 5306 20)
3143 5251 3158 5302 ;
3191 5248 3257 5291 eo
3279 5235 3424 5307 quod

1906 5485 1935 5527 ¹³
1965 5486 2222 5544 Nonnulli
2250 5499 2383 5541 mss.
2415 5484 2588 5540 divino
2607 5481 2910 5557 jure‘cedet.

1918 5570 1939 5597 ε
1971 5560 2112 5614 Edit.
2142 5574 2206 5614 ac
2234 5557 2388 5630 pauci
2421 5571 2578 5620 mss.,
2607 5551 3062 5630 irrationabilium.
3088 5553 3272 5621 Rom.,
3290 5554 3428 5614 irra-

1841 5631 2134 5698 tionalium,
2165 5624 2468 5685 animalium
2490 5643 2670 5683 cursus
2693 5643 2714 5692 ;
2737 5624 2829 5682 alii
2849 5639 3046 5699 magno
3063 5642 3309 5700 numero,
3330 5667 3345 5686 ο
3369 5668 3388 5689 ο
3404 5669 3424 5691 ο

1832 5717 2036 5758 currus.
