3974 6186
554 133 655 189 291
1914 112 2160 177 SANGTI
2186 110 2516 177 AMBROSII
3743 106 3848 166 39:!

554 266 750 308 currus
780 251 975 308 anima:
1006 257 1152 305 teres
1177 256 1233 303 et
1259 243 1532 303 rotundus
1552 243 1674 299 sine
1714 241 1823 299 ulla
1849 239 2153 298 oﬂ’ensione
2180 234 2237 298 Δ
2260 237 2449 309 pedes.
2492 235 2601 294 Ubi
2627 244 2756 299 sunt
2798 234 2966 307 pedes
3000 232 3200 298 Verbi,
3251 230 3354 289 nisi
3397 231 3492 289 ubi
3524 247 3728 301 corpus
3751 250 3831 290 est

556 344 829 401 volvatur.
2262 331 2507 389 Christi?
2535 329 2580 387 Ο
2622 329 2893 387 thesauris
2949 326 3205 385 omnibus
3247 324 3553 395 opulentior
3600 325 3770 381 ﬁdes!
3822 342 3852 382 ο

1065 454 1225 528 237
1255 452 1486 515 CAPUT
1515 451 1654 511 xvr.

574 570 793 627 Verbum
838 569 894 622 in
925 568 1130 621 hortum
1160 566 1311 622 nucis
1358 581 1474 637 qucc
1513 564 1811 621 tentationis
1854 565 2023 638 ﬁgura
2062 572 2163 632 est,

634 664 922 728 invitatur;
949 671 1002 715 ut
1021 658 1146 729 ﬁdei
1173 677 1232 714 ac
1256 660 1502 715 uirtutum
1527 660 1712 713 odores
1733 657 1931 728 capiat,
1966 657 2169 727 meique

562 776 565 777 '
636 756 930 811 manducet.
966 753 1035 810 In
1067 755 1276 810 Christo
1305 756 1543 810 omnibus
1570 755 1746 809 omnia
1768 762 2074 826 suppetere:
2108 767 2167 804 ac

633 850 851 923 proinde
874 849 1109 918 exemplo
1127 848 1541 903 hwmorrhoissa:
1562 847 1797 901 mulieris
1819 845 2169 901 accedendum

634 942 707 997 ad
718 943 887 1013 ipsum
905 957 1021 995 cum
1033 942 1184 1010 ﬁrma
1199 940 1323 1009 ﬁde,
1345 943 1496 1013 cujus
1518 938 1784 994 mirabiles
1802 935 2017 1006 eﬂectus
2037 951 2173 1007 pra:-

640 1034 901 1089 dicantur.
933 1032 1294 1106 Adjiciendam
1316 1031 1443 1104 ﬁdei
1464 1031 1710 1085 humilem
1737 1046 1940 1101 quoque
1968 1033 2173 1102 confes-

641 1128 862 1193 sionem;
880 1142 971 1182 nec
986 1126 1060 1181 eis
1072 1126 1159 1197 qui
1176 1124 1380 1181 Christo
1401 1124 1702 1191 detrahant,
1719 1123 2137 1193 respondendum
2154 1140 2173 1177 :

641 1218 731 1273 sed
756 1219 988 1292 ejusdem
1020 1217 1250 1273 mulieris
1274 1235 1415 1273 more
1435 1216 1748 1272 dicendum:
1770 1215 1888 1271 Non
1905 1215 2172 1281 laboravi,

642 1318 749 1365 etc.
808 1306 1080 1364 Postremo
1120 1306 1190 1362 ad
1240 1306 1626 1361 conciliandam
1664 1305 1870 1375 [emime
1913 1305 2177 1375 conﬁtenti

642 1401 1003 1455 auctoritatem
1030 1398 1175 1454 Petri
1200 1409 1246 1453 et
1275 1396 1431 1452 Pauli
1458 1397 1694 1467 exempla
1717 1396 1785 1451 ad
1813 1396 2044 1453 eamdem
2075 1396 2180 1451 vir-

647 1508 804 1552 tutem
829 1497 1141 1570 pertinentia
1168 1503 1547 1566 praponuntur.

2263 424 2560 482 virtutibus
2582 422 2835 494 corporis
2861 421 3118 479 omnibus
3149 420 3283 475 ﬁdes
3309 418 3541 475 fortior!
3572 434 3606 475 ο
3634 419 3855 475 medicis

2265 517 2519 575 omnibus
2546 517 2872 573 salutariorl
2904 515 3074 573 Simul
3107 524 3163 568 ut
3188 513 3422 569 acceSsit
3444 514 3660 582 mulier,
3688 515 3854 569 virtu-

2269 623 2378 669 tem
2405 615 2599 677 sensit,
2635 612 2962 668 medicinam
2994 607 3342 680 impetravit;
3371 616 3430 664 ut
3455 608 3503 663 si
3532 608 3756 665 oculum
3784 609 3859 665 lu-

2271 709 2402 762 mini
2452 705 2786 773 admoveas,
2836 705 3178 760 illuminatur
3218 710 3512 774 antequam
3535 702 3776 768 sentias,
3809 710 3861 756 et

2271 801 2521 872 operatio
2552 801 2688 855 lucis
2732 799 2998 873 praevenit
3042 806 3379 869 apparatum.
3427 795 3619 852 Passio
3662 796 3861 852 invete-

2271 904 2390 949 rata
2416 935 2432 961 ,
2486 893 2671 965 passio
2723 890 3175 956 immedicabilis,
3208 906 3328 961 qua:
3370 898 3424 945 et
3478 889 3613 949 artis
3650 904 3859 945 omnem

2272 988 2482 1043 vicerat
2512 988 2997 1058 excogitationem,
3025 995 3079 1041 et
3117 985 3468 1056 pecuniarum
3491 983 3861 1041 subministra-

2276 1080 2715 1154 tionem,_238
2760 1081 2879 1137 solo
2922 1074 3149 1135 ﬁmbriae
3179 1086 3401 1134 curatur
3444 1085 3681 1137 attactu.
3726 1075 3864 1131 illius

2276 1172 2441 1245 igitur
2489 1172 2708 1228 femina:
2741 1173 2881 1237 tibi,
2913 1172 3100 1243 virgo,
3134 1181 3188 1229 et
3217 1171 3269 1226 iu
3303 1170 3556 1228 adeundo
3606 1169 3863 1227 servanda

2278 1266 2634 1333 verecundia,
2670 1276 2722 1322 et
2755 1266 2806 1321 in
2843 1265 2947 1322 (ide
2976 1264 3239 1327 imitanda
3268 1264 3483 1322 devotio
3515 1276 3623 1323 est.

2352 1360 2475 1417 101.
2507 1360 2720 1427 Quanta
2762 1374 2897 1419 vero
2944 1359 3035 1415 illa
3068 1359 3263 1432 gratia,
3293 1359 3438 1437 quod
3464 1374 3533 1421 ea.
3554 1375 3678 1433 qua:
3704 1358 3867 1415 videri

2279 1453 2671 1523 erubescebat,
2703 1454 2891 1509 vitium
2946 1463 3128 1510 tamen
3175 1468 3283 1509 non
3321 1453 3543 1511 erubuit
3588 1451 3864 1510 confiteri!

2280 1544 2400 1601 Noli
2431 1562 2560 1616 ergo
2587 1546 2775 1621 lapsus
2806 1544 3061 1603 occulere
3096 1556 3239 1614 tuos,
3272 1546 3446 1603 fatere
3475 1544 3624 1618 quod
3654 1546 3741 1601 ille
3765 1545 3868 1616 jam

645 1630 736 1687 98.
769 1629 878 1688 Sed
923 1644 992 1686 ne
1021 1629 1240 1701 longius
1284 1630 1564 1696 labamur,
1602 1630 1863 1685 invitantur
1896 1628 1992 1686 Dei
2038 1628 2177 1685 Ver-

2298 1642 2476 1698 iovit:
2526 1640 2639 1697 noli
2668 1642 3000 1698 erubescere
3040 1641 3184 1713 quod
3226 1657 3332 1697 uou
3369 1641 3710 1699 erubueruut
3753 1655 3869 1712 pro-

578 1726 789 1785 homin
811 1725 1035 1782 hortum
1065 1725 1222 1780 nucis
1266 1722 1450 1798 (Cant.
1480 1743 1552 1793 vt,
1588 1726 1713 1797 10),
1746 1725 1800 1781 in
1832 1741 1940 1797 quo
1966 1725 2176 1780 fructus

578 1818 919 1889 prophetica:
944 1820 1218 1887 lectionis,
1250 1828 1305 1875 et
1329 1819 1689 1875 sacerdotalis
1725 1830 1806 1875 est
1838 1820 2031 1890 gratia,
2055 1833 2177 1889 qua:

578 1928 766 1971 amara
789 1914 843 1970 ie
876 1914 1295 1981 mutationibus,
1330 1913 1467 1968 dura
1497 1913 1551 1968 in
1575 1912 1882 1980 laboribus,
1916 1914 1969 1967 in
2002 1912 2173 1965 virtu-

578 2006 727 2064 tibus
764 2007 1124 2062 interioribus
1153 2006 1441 2062 fructuosa
1488 2014 1595 2063 est.
1646 2006 1803 2063 Unde
1833 2007 1995 2062 etiam
2024 2005 2175 2077 virga

575 2094 763 2155 Aaron
792 2113 965 2155 uucca
990 2097 1180 2154 ﬂoruit
1205 2096 1396 2168 (Nam.
1430 2114 1563 2165 xm,
1594 2099 1676 2170 8),
1706 2098 1954 2166 non'jam
1987 2110 2178 2153 natura

581 2206 702 2258 sua,
727 2191 833 2251 sed
858 2193 1061 2249 virtute
1102 2202 1334 2249 secreta.
1386 2192 1692 2249 Deseeudat
1715 2207 1846 2263 ergo
1875 2193 1928 2247 in
1958 2191 2179 2246 hortum

581 2293 811 2351 suum.“
840 2295 899 2340 ut
923 2284 1225 2342 vindemiet
1251 2285 1438 2353 iidem,
1460 2284 1639 2356 capiat
1665 2285 1890 2351 odores,
1921 2283 2178 2353 pabulum

579 2380 811 2438 cmbste
836 2381 1094 2450 reperiat,
1125 2381 1448 2436 suavitatem
1491 2381 1668 2437 nostri
1709 2380 1891 2437 mellis
1931 2380 2182 2451 epuletur

577 2473 768 2531 dicens
794 2490 807 2526 :
849 2471 1175 2528 Vindemiavi
1202 2473 1469 2545 myrrham
1499 2490 1662 2527 meam
1691 2490 1806 2528 cum
1840 2472 2181 2538 muralibus,

579 2565 891 2621 manducaui
920 2582 1109 2636 panem
1134 2580 1307 2619 meum
1330 2581 1449 2619 cum
1474 2564 1624 2618 melle
1660 2580 1776 2618 meo
1804 2562 1979 2630 (Cant.
2019 2578 2068 2631 v,
2102 2559 2180 2632 1).

578 2656 735 2721 Quod
759 2656 1100 2713 diversarum
1133 2656 1397 2711 virtutum
1434 2664 1751 2710 concretum
1785 2653 2029 2720 ﬁoribus,
2064 2653 2187 2708 illa-

580 2764 701 2807 rum
727 2762 891 2817 apum
919 2764 1043 2818 qua
1070 2749 1402 2818 sapientiam
1448 2748 1745 2816 pradicant
1784 2746 1970 2820 (Prov.
2004 2756 2079 2812 vt',
2104 2746 2182 2818 8),

580 2839 610 2879 δ
628 2856 870 2897 consono
891 2856 1060 2910 apere
1076 2852 1467 2912 congregatum
1496 2851 1681 2896 sancta
1711 2840 1956 2897 Ecclesia
1980 2841 2034 2895 iu
2050 2840 2187 2896 lavis

582 2935 788 3002 condit,
813 2947 872 2991 ut
895 2935 1054 2991 cibus
1079 2933 1285 2991 Christi
1315 2935 1405 2990 sit.

2280 1734 2478 1806 pineus.
2506 1734 2649 1791 Audi
2670 1735 3005 1799 Hieremiam
3029 1736 3333 1795 dicentem:
3360 1736 3507 1792 Sana
3520 1753 3621 1807 me,
3639 1734 3867 1804 Domine,

2279 1817 2328 1883 et
2355 1830 2575 1883 sanabor
2607 1827 2825 1903 (Jerem.
2868 1845 2999 1901 xvn,
3049 1829 3165 1902 M).
3201 1830 3291 1887 Sic
3328 1838 3386 1889 el.
3416 1829 3509 1886 illa
3540 1829 3710 1896 dixit,
3757 1843 3869 1884 cum

2280 1923 2622 1994 contingeret
2649 1924 2918 1981 ﬁrribriam
2944 1942 2963 1988 ;
2989 1924 3133 1981 Sana
3158 1941 3257 1991 me,
3285 1921 3530 1988 Domine,
3548 1932 3598 1977 et
3626 1920 3866 1977 sanabor:

2280 2011 2307 2051 ά
2340 2014 2498 2071 Salva
2528 2032 2604 2071 me
2629 2058 2644 2082 ,
2684 2015 2927 2080 Domine,
2952 2026 3000 2071 et
3029 2016 3298 2082 saluabor;
3334 2015 3457 2086 quia
3479 2014 3655 2087 gloria
3687 2029 3797 2068 nua
3819 2021 3867 2065 tu

2282 2116 2374 2173 es‘;
2402 2108 2517 2163 sola
2549 2108 2693 2163 enim
2722 2123 2856 2164 sana
2882 2119 2987 2175 est,
3021 2124 3182 2179 quam
3215 2120 3267 2164 tu
3291 2108 3599 2167 sanaveris.

2358 2200 2481 2257 102.
2514 2201 2569 2259 Si
2596 2203 2717 2274 quis
2745 2214 2925 2259 tamen
2967 2204 3062 2261 tibi
3092 2202 3239 2261 dicat
3270 2201 3429 2275 (quia
3458 2201 3541 2258 sic
3571 2202 3868 2273 plerumque

2286 2303 2563 2350 tentantur
2590 2295 2809 2365 fideles)
2843 2314 2857 2351 :
2890 2296 2990 2354 Ubi
3037 2308 3111 2353 est
3139 2297 3351 2353 uerbum
3395 2296 3654 2355 Domini?
3699 2293 3869 2348 Veniat

2284 2385 2476 2461 (Ibid.,
2514 2387 2638 2461 15);
2685 2389 2889 2444 dictum
2918 2399 3005 2445 est
3028 2390 3170 2447 enim
3199 2398 3255 2448 et
3283 2390 3515 2445 Domino
3543 2408 3559 2445 :
3601 2386 3868 2449 Descendat

2286 2499 2424 2536 nunc
2447 2483 2509 2537 de
2532 2500 2703 2551 cruce,
2735 2494 2783 2538 et
2806 2484 3065 2540 credimus
3093 2486 3139 2540 ei
3160 2500 3178 2539 :
3209 2483 3424 2557 conﬁdit
3450 2484 3505 2539 in
3533 2481 3773 2548 Domino,
3808 2480 3868 2535 li-

2287 2574 2425 2630 beret
2455 2592 2591 2630 nunc
2611 2593 2749 2643 eum,
2771 2578 2815 2632 si
2842 2577 2949 2632 vult
2975 2577 3189 2649 (Matth.
3220 2594 3389 2645 xxvtt,
3416 2575 3510 2647 42,
3544 2575 3658 2648 45).
3687 2573 3871 2645 Siquis

2287 2683 2419 2738 ergo
2444 2668 2539 2724 tibi
2565 2670 2875 2725 insultando
2903 2670 3006 2726 hoc
3049 2671 3275 2737 dixerit,
3316 2682 3372 2727 et
3396 2680 3447 2726 te
3477 2670 3532 2725 iu
3560 2670 3766 2726 fabulas
3789 2682 3871 2724 vo—

2288 2761 2453 2817 luerit
2470 2776 2720 2831 evocare,
2743 2765 2849 2819 noli
2872 2768 3203 2836 reSpondere
3225 2765 3306 2831 ei;
3339 2764 3677 2829 noluitenim
3694 2762 3869 2818 talibus

2290 2855 2629 2926 reSpondere
2671 2854 2946 2914 Christus.
3004 2858 3192 2923 Solum
3244 2858 3529 2919 Christum
3575 2858 3868 2928 interroga;

2290 2945 2403 3002 illis
2435 2948 2581 3003 enim
2610 2950 2655 3004 si
2683 2949 2908 3017 dixeris,
2943 2967 3050 3007 non
3075 2952 3329 3011 credent:
3360 2952 3410 3009 si
3440 2948 3865 3025 interrogaveris,

655 3030 747 3087 99.
767 3029 962 3089 Omnia
981 3030 1142 3100 igitur
1165 3030 1500 3086 liabemusiu
1524 3028 1764 3087 Christo.
1790 3031 1978 3087 Omnis
2007 3032 2187 3088 anima
2292 3058 2404 3098 non
2434 3044 2847 3115 respondebunt
2875 3010 2990 3103 tibi.
3024 3056 3047 3083 θ
3074 3046 3172 3104 Dic
3201 3010 3303 3105 soli
3324 3045 3505 3105 Verbo
3540 3064 3555 3101 :
3592 3010 3715 3102 Non
3747 3010 3869 3098 laba;

584 3123 811 3181 accedat
842 3123 911 3180 ad
957 3140 1114 3188 eum,
1153 3125 1273 3180 sive
1298 3124 1681 3195 corporalibus
1724 3140 1864 3197 aegra
1907 3127 2146 3197 peccatis
2171 3169 2186 3196 ,

586 3219 706 3274 sive
753 3218 926 3273 clavis
970 3218 1298 3289 quibusdam
1340 3218 1625 3274 smcularis
1651 3219 1963 3290 cupiditatis
1991 3220 2182 3290 inﬁxa,

587 3314 709 3368 sive
737 3311 1057 3383 imperfecta
1100 3312 1280 3369 adhuc
1302 3312 1542 3384 quidem,
1579 3322 1603 3351 ο
1630 3312 1726 3368 sed
1765 3312 1977 3369 intenta
2007 3323 2189 3370 tamen

589 3405 948 3462 meditatione
978 3405 1308 3476 proﬁciens,
1363 3407 1476 3461 sive
1522 3406 1709 3461 multis
1759 3407 1938 3477 aliqua
1975 3408 2047 3463 sit
2075 3408 2188 3479 jam

591 3500 830 3571 perlecta
861 3501 1194 3556 virtutibus:
1239 3501 1418 3555 omnis
1456 3502 1508 3554 in
1550 3500 1763 3555 Domini
1794 3509 2063 3571 potestate
2084 3511 2188 3570 est,

590 3601 647 3650 et
674 3592 859 3647 omnia
891 3592 1152 3648 Christus
1179 3600 1266 3647 est
1296 3590 1474 3647 nobis.
1517 3591 1572 3648 Si
1604 3592 1800 3648 vulnus
1827 3608 2023 3648 curare
2050 3593 2195 3649 desi-

591 3689 772 3755 deras,
806 3688 1053 3745 medicus
1080 3697 1196 3743 est:
1236 3686 1284 3743 si
1312 3687 1556 3744 febribus
1585 3698 1805 3754 aestuas,
1841 3687 1963 3744 lotis
1993 3699 2111 3744 est:
2145 3689 2192 3745 si

591 3784 839 3857 gravaris
880 3784 1174 3855 iniquitate
1199 3826 1214 3851 ,
1237 3784 1443 3855 justitia
1473 3793 1587 3839 est:
1637 3783 1683 3838 si
1715 3784 1917 3838 atixilio
1940 3783 2151 3854 indiges
2174 3826 2189 3851 ,

595 3879 772 3933 virtus
791 3888 906 3933 est:
942 3878 991 3933 si
1017 3885 1249 3933 mortem
1279 3879 1459 3942 times,
1491 3876 1603 3932 vita
1635 3883 1721 3933 est
1747 3895 1760 3932 :
1791 3876 1838 3931 si
1863 3876 2060 3932 coelum
2095 3876 2187 3932 de-

592 3969 829 4036 sideras,
854 3971 941 4026 via
962 3979 1078 4027 est:
1127 3972 1174 4026 si
1207 3972 1463 4027 tenebras
1496 3971 1655 4042 fugis,
1687 3972 1775 4025 lux
1802 3981 1916 4026 est:
1947 3971 1991 4026 si
2013 3971 2191 4026 cibum

592 4063 817 4134 qumris,
844 4064 1161 4119 alimentum
1207 4075 1309 4121 est.
1342 4062 1559 4119 Gustate
1593 4064 1774 4136 igitur,
1806 4074 1853 4119 et
1889 4065 2051 4118 videte
2070 4079 2196 4131 quo-

593 4158 735 4211 niam
759 4158 934 4211 suavis
969 4168 1043 4212 est
1086 4156 1379 4213 Dominus:
1408 4159 1586 4213 beatus
1611 4159 1689 4212 vir
1731 4159 1817 4224 qui
1858 4168 2031 4229 sperat
2056 4159 2110 4212 in
2134 4173 2194 4212 eo

591 4251 611 4319 ε
640 4250 784 4305 Psal.
820 4266 1012 4315 xxxm,
1042 4250 1134 4321 9).

666 4342 790 4399 100.
824 4342 1076 4413 Speravit
1107 4343 1159 4397 in
1193 4358 1260 4398 eo
1289 4342 1402 4410 illa,
1427 4357 1549 4415 quae
1576 4342 1719 4399 ﬂuxu
1742 4345 2020 4417 sanguinis
2049 4345 2198 4402 labo-

592 4439 771 4505 rabat,
805 4447 860 4494 et
880 4438 1142 4493 contiuuo
1166 4449 1356 4492 sanata
1390 4447 1504 4492 est:
1537 4437 1634 4494 sed
1662 4438 1786 4509 quia
1806 4437 1983 4495 ﬁdelis
2010 4454 2195 4496 acces-

591 4544 663 4599 sit
688 4544 706 4612 (
732 4541 858 4597 Luc.
885 4558 1001 4610 vm,
1034 4539 1105 4597 43
1131 4550 1180 4596 et
1204 4557 1309 4610 seq.
1337 4540 1376 4612 ).
1411 4539 1480 4595 Et
1521 4549 1574 4595 tu
1607 4555 1731 4595 cum
1763 4541 1900 4609 lide,
1933 4541 2073 4612 ﬁlia,
2109 4545 2195 4601 vel

591 4639 861 4694 ﬁmbriam
893 4638 1012 4709 ejus
1035 4637 1261 4708 attinge.
1309 4635 1426 4693 Jam
1457 4636 1803 4693 swcularium
1836 4638 2012 4697 ﬂuxus
2044 4642 2193 4696 volu.

590 4742 825 4802 ptatum,
877 4729 1342 4804 modo;torrentis
1375 4728 1682 4797 exundans,
1727 4729 1890 4786 Verbi
1937 4731 2195 4790 salutaris

591 4828 778 4882 calore
808 4824 1138 4893 siccabitur;
1166 4824 1210 4879 si
1240 4838 1363 4878 cum
1384 4822 1489 4879 {ide
1515 4833 1696 4879 tamen
1719 4822 1975 4894 accedas,
2004 4827 2049 4880 si
2080 4826 2195 4896 pari

593 4920 885 4978 devotione
899 4920 1071 4977 divini
1093 4919 1364 4976 sermonis
1387 4927 1687 4975 extremam
1710 4919 1905 4974 saltem
1924 4919 2197 4976 ﬁmbriam

592 5013 1067 5086 comprehendas,
1114 5013 1164 5069 si
1218 5022 1460 5073 tremens
1509 5012 1763 5085 procidas
1806 5023 1937 5069 ante
1977 5012 2197 5073 Domini

670 5202 697 5232 '
726 5194 861 5250 Tres
910 5209 1068 5262 mss.,
1116 5202 1170 5249 ut
1200 5192 1482 5265 vindemiet
1504 5192 1765 5264 myrrham
1795 5232 1809 5260 ,
1841 5190 2000 5262 ﬁdem
2026 5193 2201 5265 capiat

601 5265 795 5331 oderis,
830 5266 1077 5335 pabulum
1094 5266 1299 5320 caeleste
1318 5264 1558 5333 reperiat.

671 5335 698 5374 ι’
728 5338 856 5408 Mss.
886 5338 1199 5406 complures
1222 5378 1236 5402 ,
1264 5350 1487 5408 consono
1513 5350 1603 5388 ore
1628 5343 2017 5408 congregatum.

675 5417 697 5482 ξ
732 5407 1121 5482 bis_s..aliquot,
1148 5408 1237 5482 sed
1264 5407 1447 5460 nitenti
1457 5416 1644 5482 tamen
1673 5407 2029 5482 meditatione.

671 5474 883 5560 d__Salvd
905 5474 1005 5546 me,
1040 5477 1283 5549 Domine,
1308 5488 1359 5547 ct
1386 5476 1624 5543 taleaer
1647 5520 1664 5545 ,
1708 5478 1763 5537 iu
1786 5491 1921 5539 mss.
1951 5478 2199 5547 pluribus

605 5557 947 5610 omittuntur.

610 5614 617 5621 '
662 5614 703 5656 ὀ
731 5616 901 5683 Paris,
935 5618 1184 5694 quzednm
1210 5617 1371 5689 edjL,
1400 5616 1500 5679 Dic
1520 5622 1631 5677 solo
1656 5618 2122 5695 υιτὺοουΡθθδίωθ.

2291 3137 2404 3191 ravi
2433 3153 2651 3208 sequens
2683 3148 2798 3209 post
2838 3150 2914 3208 te,
2943 3149 2991 3195 et
3021 3140 3159 3196 diem
3207 3140 3430 3196 hominis
3474 3157 3585 3198 non
3623 3135 3869 3209 concupiui

2292 3227 2531 3302 (Jerem.
2559 3246 2690 3298 xvii,
2726 3230 2847 3303 16).

2373 3324 2497 3381 105.
2559 3324 2675 3381 Hoc
2736 3324 2873 3380 dixit
2922 3326 3014 3381 illa
3059 3326 3299 3405 mulier,
3351 3335 3407 3383 et
3450 3328 3612 3389 stetit
3653 3323 3866 3397 sanguis.

2292 3416 2554 3485 Quamvis
2586 3417 2827 3488 fatigata,
2861 3419 3117 3489 quamvis
3137 3433 3301 3488 argra,
3330 3433 3452 3489 qua:
3476 3417 3577 3475 diu
3607 3418 3872 3492 quaesierat

2293 3507 2593 3577 Christum,
2626 3511 2762 3566 dixit
2790 3520 3005 3569 tamen:
3041 3510 3162 3568 Non
3183 3510 3410 3570 laboravi
3438 3529 3658 3584 sequens
3686 3520 3790 3584 post
3810 3520 3870 3575 te;

2297 3618 2476 3675 neque
2503 3602 2650 3659 enim
2697 3603 2931 3673 laborat,
2971 3620 3094 3678 qua:
3126 3605 3403 3663 Christum
3447 3607 3733 3678 sequitur,
3764 3615 3869 3659 euut

2298 3697 2610 3754 laborantes
2632 3696 2700 3753 ad
2725 3713 2785 3755 se
2812 3710 2868 3754 ut
2904 3698 3276 3773 τθαυὶεεοίωι,
3309 3710 3501 3759 evocet
3541 3698 3765 3775 (Matth.
3794 3711 3869 3769 ιι,

2295 3793 2366 3849 28
2387 3795 2429 3864 ).
2463 3795 2606 3867 Ergo
2653 3794 2825 3865 ipsum
2851 3809 3163 3868 sequamur.
3191 3795 3458 3867 Quamdiu
3495 3795 3676 3868 ipsum
3714 3790 3870 3863 semii-

2301 3907 2443 3957 mur,
2488 3906 2595 3947 non
2637 3890 2979 3951 laboramus:
3024 3892 3149 3962 quin
3192 3905 3300 3947 non
3327 3900 3413 3946 est
3455 3889 3687 3947 laborin
3725 3884 3873 3943 Jacob

2299 3983 2493 4056 (Num.
2520 3999 2670 4051 χχιιι,
2703 3983 2819 4054 21).
2852 3984 2917 4045 ΕΙ.
2945 3985 2996 4038 in
3026 3984 3187 4041 Esaia
3215 4001 3229 4039 :
3261 3983 3363 4053 Qui
3390 3993 3684 4054 exspectant
3712 3978 3870 4037 Darni-

2303 4095 2447 4137 num.
2470 4118 2481 4134 .
2503 4119 2517 4133 .
2541 4117 2554 4132 .
2586 4087 2820 4145 current,
2849 4088 2898 4133 et
2928 4094 3030 4134 non
3054 4076 3363 4135 laborabunt
3391 4077 3569 4148 (Esai.
3598 4093 3686 4141 XL,
3706 4073 3810 4145 51).

2373 4174 2496 4231 101.
2534 4173 2737 4230 Deinde
2756 4187 2885 4234 cum
2907 4180 3180 4245 quaereret
3206 4168 3459 4229 Christus
3482 4170 3611 4244 quis
3637 4165 3876 4239 tetigisset

2300 4282 2423 4322 eum
2458 4266 2614 4339 (Luc.
2646 4282 2759 4332 vm,
2795 4264 2915 4337 45),
2948 4281 3131 4321 nonne
3162 4265 3258 4321 tibi
3288 4264 3505 4325 videtur
3538 4264 3630 4327 illa
3658 4259 3873 4323 dixisse:

2302 4360 2441 4430 Quid
2475 4360 2802 4432 interrogas,
2842 4360 3114 4419 Domine?
3146 4359 3233 4431 Tu
3276 4359 3414 4417 scis:
3464 4373 3585 4432 qua:
3631 4352 3875 4428 prodeunt

2305 4469 2400 4524 per
2431 4452 2575 4509 labia
2620 4468 2735 4519 mea
2761 4494 2779 4516 ,
2802 4461 2934 4521 ante
2966 4451 3163 4511 faciem
3191 4460 3336 4507 tuam
3364 4460 3519 4518 sunt;
3553 4460 3607 4507 et
3637 4447 3755 4508 ideo
3781 4457 3877 4501 non

2303 4545 2608 4603 crml‘undor
2639 4554 2859 4615 peccata
2905 4545 3135 4620 propria
3176 4545 3449 4605 conliteri.
3498 4540 3875 4617 Confunder

2301 4641 2389 4712 qui
2415 4648 2786 4711 persequuntur
2836 4656 2913 4705 me
2941 4680 2955 4705 ,
2992 4649 3040 4697 ct
3083 4656 3184 4697 non
3219 4638 3516 4711 confundor
3538 4654 3630 4712 ego
3660 4633 3877 4710 (laetu.

2303 4748 2432 4798 xvn,
2469 4732 2581 4803 18).
3290 4798 3296 4807 ⁸

2376 4828 2499 4886 105.
2524 4827 2643 4885 Non
2671 4826 2936 4885 confusus
2962 4835 3047 4885 est
3085 4827 3289 4891 Petrus
3307 4826 3527 4889 dicere:
3559 4825 3663 4883 Eni
3702 4840 3735 4879 α
3772 4835 3880 4889 φοι

2303 4920 2550 4988 Domine,
2573 4921 2696 4994 quia
2717 4930 2955 4991 peccator
2983 4936 3097 4977 sum
3142 4937 3233 4994 ego
3262 4918 3421 4992 (Luc.
3448 4936 3502 4985 π,
3528 4916 3621 4989 8);
3649 4917 3729 4973 vir
3748 4912 3881 4970 enim

2303 5016 2524 5087 sapiens
2552 5022 2606 5070 et
2624 5013 2830 5088 gravis,
2859 5013 2919 5077 in
2943 5028 3051 5091 quo
3071 5024 3217 5071 esset
3240 5013 3502 5073 Ecclesia:
3531 5011 3547 5049 ί
3584 5010 3877 5067 ﬁrmamen-

2366 5194 2405 5278 ,τ
2433 5191 2662 5263 Quidam
2700 5206 2832 5279 mss.
2859 5193 3303 5320 fundamentiérm.
3332 5193 3462 5279 Non
3488 5195 3658 5280 male;
3690 5191 3822 5250 unde
3845 5185 3880 5247 ii

2366 5281 2471 5319 tam
2508 5280 2537 5319 e
2580 5265 2863 5320 catholicis
2905 5281 2994 5320 ουι
3048 5265 3136 5320 illa
3221 5265 3376 5319 hrrstt
3430 5266 3643 5320 Domini
3688 5264 3872 5320 verba.

2308 5264 2471 5321 etiam
2508 5280 2537 5319 e
2580 5264 2873 5321 catholicis
2905 5266 2994 5334 qui
3048 5265 3136 5320 illa
3175 5264 3377 5320 Christi
3430 5266 3643 5322 Domini
3688 5264 3872 5334 verba.

2308 5352 2462 5404 super
2483 5335 2617 5388 hanc
2638 5345 2831 5406 petram
2851 5331 3117 5406 mdiﬁcabo
3151 5335 3437 5392 Ecclesium
3466 5353 3648 5401 meam,
3673 5352 3705 5390 a
3725 5331 3878 5406 Patri-

2306 5406 2408 5476 hus
2436 5406 2505 5461 tle
2534 5404 2695 5461 Petro
2723 5404 2976 5476 umquam
3003 5407 3279 5465 intellecta
3303 5419 3432 5463 eunt
3455 5407 3686 5474 inﬁcias,
3717 5404 3877 5476 velet

2308 5475 2411 5551 hoc
2451 5476 2570 5551 solo
2598 5472 3057 5551 SttnctéAD'QClOll'ls
3090 5479 3217 5551 loco
3252 5480 3469 5536 revinei
3504 5472 3755 5551 possunt;
3803 5472 3877 5527 hic

2306 5548 2456 5609 etum
2482 5547 2550 5606 ad
2574 5562 2705 5606 eum
2729 5548 2901 5611 aliudi
2929 5550 3277 5609 manifestum
3309 5563 3418 5608 est.
