3974 6186
205 115 315 176 295

211 240 346 298 tum,
381 240 435 288 et
473 227 859 299 magisterium
908 226 1241 297 disciplin-a3,
1289 225 1420 282 nihil
1471 224 1652 279 utilius
1709 223 1810 278 sibi
1843 230 1890 286 Α

211 339 333 379 esse
365 323 678 394 prospexit,
713 337 878 395 quam
908 338 974 380 tte
1006 319 1356 376 secundantis
1383 318 1562 387 operis
1590 316 1813 373 cxtolle-

213 427 366 472 retur
394 424 616 470 eventu.
676 413 746 473 Et
794 412 939 469 ideo:
979 411 1116 478 Exi,
1155 411 1352 488 inquit,
1379 427 1411 464 a
1441 426 1552 476 me,
1599 409 1816 464 Domine

213 508 284 580 (Il
313 506 432 563 Cor.
457 524 556 573 xu,
586 509 663 578 7).
721 505 840 561 Non
867 516 1019 576 rogat
1048 514 1106 561 ut
1135 503 1422 568 deseratur
1444 545 1459 570 ,
1490 501 1583 562 sed
1627 518 1694 568 ne
1727 503 1811 556 in-

214 602 394 659 ﬂetur.

290 693 410 751 106.
452 693 650 748 Paulus
682 706 898 762 quoque
930 692 996 748 de
1031 690 1216 746 carnis
1265 689 1485 750 stimulo
1517 688 1810 759 gloriatur,

215 788 355 860 quod
385 788 489 844 sibi
522 802 590 843 ne
619 786 998 853 extollerctur,
1028 785 1312 856 provisum
1354 795 1456 840 cst.
1489 783 1811 838 llleccbrosa

212 877 468 946 jactantia
501 888 586 940 est
609 918 622 944 ,
655 892 816 948 quam
849 877 1014 931 etiam
1047 875 1249 931 Paulus
1271 885 1528 930 veretur:
1559 873 1766 928 lubrica
1792 914 1807 940 ,

217 988 333 1042 quze
360 972 522 1026 etiam
550 972 608 1025 in
635 970 803 1026 Paulo
828 982 1071 1039 cavetur.
1123 968 1229 1025 Sed
1263 985 1370 1034 non
1399 969 1502 1024 iste
1525 966 1666 1024 facili
1697 983 1813 1026 mo-

218 1066 340 1122 bilis
359 1079 517 1135 easu,
548 1064 640 1136 qui
669 1063 1334 1122 revelationibustimebat
1360 1061 1579 1130 extolli;
1609 1071 1661 1116 et
1689 1061 1811 1118 ideo

215 1160 369 1230 quasi
421 1158 579 1214 furtis
626 1159 831 1214 athleta
883 1158 1100 1213 laetatur
1127 1156 1270 1228 quod
1303 1156 1526 1218 vulnere
1566 1156 1812 1228 corporis

214 1268 398 1310 emere
426 1252 696 1308 didicerat
729 1250 923 1308 animae
953 1251 1265 1306 sanitatem.

701 1344 864 1418 239
901 1342 1129 1402 CAPUT
1167 1342 1332 1400 xvn.

215 1438 503 1494 Cavendum
537 1438 849 1512 jactantiam
887 1438 1071 1494 suadet
1109 1453 1225 1492 cum
1253 1437 1371 1491 aliis
1396 1436 1666 1508 exemplis,
1703 1447 1810 1492 tum

281 1532 610 1604 potissimum
637 1530 889 1602 apicula;
937 1530 1123 1584 habere
1154 1530 1288 1584 enim
1331 1531 1557 1588 animum
1584 1541 1811 1586 nostram

1353 111 1440 166 DE
1482 108 1932 168 VlRGlt‘il'l‘ATE
1972 107 2176 167 LIBER
2213 108 2415 166 UNUS.

3412 97 3516 176 ραι

1990 223 2112 279 103.
2154 222 2326 295 Supra
2371 222 2628 278 mundum
2661 231 2779 282 erat
2801 222 3035 294 justitia,
3061 236 3182 277 eum
3218 222 3396 276 omnia
3427 238 3515 276 rc-

1915 331 2016 386 gua
2045 315 2227 369 tnundi
2258 325 2312 369 et
2335 315 2642 368 universam
2673 314 2789 386 ejus
2816 314 3042 385 gloriam
3074 313 3326 369 diabolus
3355 311 3518 366 oller-

1914 418 1996 461 ret
2027 406 2238 478 (Matth.
2276 424 2346 473 tv,
2378 407 2454 479 8).
2489 409 2664 478 Supra
2700 407 2955 462 mundum
2997 408 3113 474 fuit,
3152 407 3239 477 qui
3269 408 3338 461 dc
3362 422 3519 460 mun-

1913 500 1983 555 do
2036 500 2168 555 nihil
2215 500 2415 573 attigit.
2468 500 2717 574 Denique
2773 501 2886 554 ait:
2953 498 3100 556 Venit
3148 499 3305 572 hujus
3341 489 3521 554 mundi

1914 594 2177 664 princeps,
2210 595 2332 650 etin
2358 611 2436 648 me
2463 637 2476 662 ,
2502 595 2713 666 linquit,
2748 596 2970 649 inveniet
2998 594 3129 648 nihil
3162 593 3366 664 (Joan.
3401 608 3517 660 xtv,

1914 687 2028 756 30).
2055 687 2252 756 Discite
2282 703 2410 758 ergo
2434 686 2486 740 iu
2513 685 2614 742 hoc
2643 687 2844 744 mundo
2876 703 3038 758 supra
3070 688 3332 742 mundum
3363 701 3513 742 esse:

1914 788 1968 834 et
2019 780 2064 833 si
2095 795 2290 850 corpus
2336 780 2557 853 geritis,
2606 780 2797 835 volitet
2828 781 2879 833 iit
2926 779 3083 835 vobis
3113 779 3225 834 ales
3273 779 3520 834 interior.

1916 874 2092 945 Supra
2120 875 2378 930 mundum
2409 885 2492 931 est
2532 875 2620 930 ille
2645 917 2658 941 ,
2709 875 2802 946 qui
2831 874 2973 946 tollit
3011 875 3178 930 Deum
3209 873 3263 928 in
3292 887 3524 943 corpore

1914 980 2031 1022 SUO.

1989 1062 2110 1119 109.
2153 1063 2259 1120 Sed
2299 1065 2466 1119 Deum
2512 1063 2712 1119 imitari
2749 1079 2854 1118 non
2890 1076 3200 1134 possumus.
3241 1059 3521 1115 Imitemur

1913 1159 2209 1232 apostolos,
2261 1175 2395 1231 quos
2430 1159 2662 1216 ttiuttdus
2713 1158 2839 1213 odio
2890 1157 3115 1222 habuit;
3177 1156 3300 1227 quia

1917 1268 2024 1306 non
2052 1261 2209 1307 erant
2240 1251 2306 1306 de
2329 1253 2432 1308 hoc
2460 1252 2660 1308 mundo
2689 1249 2872 1324 (Joan.
2903 1267 2992 1313 xv,
3018 1249 3126 1321 19).
3147 1249 3252 1304 Hos
3285 1249 3518 1313 imitare,

1917 1345 2016 1406 bos
2045 1362 2294 1417 sequere.
2329 1346 2436 1403 Sed
2465 1346 2695 1404 arduum
2729 1358 2886 1417 putas
2921 1345 3152 1402 humana
3199 1343 3395 1400 virtute
3428 1358 3517 1397 Stt—

1913 1454 2008 1508 pra
2042 1439 2297 1495 mundum
2329 1439 2648 1495 ascendere.
2682 1439 2831 1494 Bene
2861 1439 3098 1502 asseris;
3133 1453 3262 1503 nam
3308 1445 3361 1490 et.
3389 1451 3519 1508 apo-

1916 1531 2036 1592 Stoli
2061 1549 2172 1588 non
2194 1533 2346 1604 quasi
2363 1543 2674 1600 consortes,
2691 1531 2787 1587 sed
2806 1531 2956 1603 quasi
2979 1529 3225 1604 discipuli
3242 1527 3520 1602 sequendo

284 1644 403 1683 suos
444 1627 668 1700 volatus,
717 1626 901 1700 quibus
953 1624 1148 1680 mundo
1195 1629 1336 1696 facta
1383 1625 1648 1698 superior,
1696 1623 1806 1680 Deo
1839 1622 1882 1686 Β
1916 1627 2220 1695 Dominum,
2249 1643 2412 1699 supra
2442 1627 2700 1684 mundum
2731 1643 2854 1684 esse
2887 1623 3309 1682 meruerunt.Et
3333 1634 3386 1686 tu
3403 1633 3519 1680 esto

283 1723 590 1792 retentisque
629 1721 904 1782 virtutibus
921 1720 1196 1793 jungatur.
1235 1718 1351 1774 Has
1379 1736 1539 1792 supra
1565 1717 1812 1772 mundum

282 1834 395 1874 esse
418 1817 564 1872 docet
592 1815 825 1883 exemplo
848 1813 1062 1882 Christi,
1100 1813 1167 1868 ad
1194 1816 1342 1885 cujus
1367 1823 1518 1888 atque
1545 1813 1812 1884 apostolo-

285 1929 400 1967 rum
438 1913 774 1966 imitationem
804 1911 1028 1964 animam
1058 1919 1220 1981 urget.
1273 1908 1357 1966 Ne
1385 1920 1554 1966 tamen
1579 1910 1814 1966 videatur

280 2004 553 2078 exemplar
598 2003 905 2070 sublimius,
938 2002 1174 2056 hortatur
1212 2011 1265 2056 ut
1292 2002 1384 2073 ﬁat
1414 1999 1607 2056 Christi
1657 2002 1813 2056 disci-

278 2098 428 2172 pula,
476 2113 578 2164 quo
615 2097 852 2152 oratione
884 2096 1159 2164 adjuvetur
1181 2112 1199 2149 :
1247 2096 1454 2150 interim
1489 2094 1813 2168 diligentiam

277 2190 540 2260 adhibeat,
565 2205 626 2250 ac
649 2189 770 2244 vitia
793 2189 934 2242 varia
962 2189 1220 2258 relinquat
1242 2187 1390 2258 foris.

285 2283 406 2340 ltiti.
442 2283 584 2357 Ergo
619 2291 674 2344 et
701 2290 757 2338 tu
781 2281 826 2338 si
859 2297 1082 2338 munera
1107 2282 1292 2339 divina
1315 2282 1650 2354 superﬂuere
1681 2285 1736 2342 in
1762 2293 1812 2342 te

202 2385 260 2433 et
279 2376 591 2432 redundare
619 2376 963 2446 cognoveris,
991 2384 1134 2431 tuam
1167 2376 1360 2434 metire
1389 2377 1660 2442 virtutem,
1690 2391 1812 2448 gra-

204 2470 337 2524 tiam
394 2469 506 2524 Deo
548 2467 740 2533 redde,
785 2476 810 2503 θ
846 2467 1474 2538 contemplationemque
1522 2471 1765 2540 corporis
1794 2510 1810 2535 ,

202 2565 360 2620 velut
391 2562 539 2618 navis
566 2561 852 2620 saburram
881 2563 1129 2632 suscipe;
1171 2577 1242 2620 ne.
1267 2571 1316 2617 te
1342 2561 1396 2618 iu
1432 2562 1597 2622 tantis
1622 2561 1812 2617 tnuudi

204 2656 463 2712 ﬂuctibus
494 2654 774 2725 iactantia:
810 2654 1041 2725 alicujus
1085 2669 1218 2710 aura
1261 2654 1633 2712 circumferat.
1682 2655 1813 2726 Apis

203 2751 300 2806 illa
326 2751 546 2823 sapiens
572 2765 694 2806 cum
723 2750 868 2806 aeris
896 2759 1075 2808 motus
1100 2757 1380 2820 suspectos
1405 2748 1588 2813 habet,
1618 2750 1812 2820 lapillis

204 2859 354 2916 saepe
385 2845 612 2901 sublatis
634 2884 648 2910 ,
682 2843 986 2913 perkiuania
1035 2860 1095 2901 se
1125 2843 1288 2900 librat
1320 2843 1544 2908 nubila;
1588 2859 1656 2900 ne
1695 2843 1813 2902 leve

205 2943 423 2996 alarum
492 2938 776 3009 remigium
850 2939 1196 3010 praecipitent
1266 2938 1432 2992 ﬂabra
1503 2948 1808 2996 ventorum.

1914 1721 2116 1782 ChriSti
2143 1722 2431 1794 discipula,
2465 1722 2671 1780 Christi
2718 1721 2912 1778 tantula
2951 1737 2964 1775 :
3009 1729 3063 1776 et
3090 1735 3192 1791 pro
3243 1729 3293 1773 te
3343 1724 3517 1790 rogat,

1916 1820 2006 1888 qui
2037 1834 2132 1888 pro
2160 1817 2266 1873 illis
2296 1817 2525 1889 rogavit.
2552 1816 2668 1874 Non
2692 1817 2834 1871 enim
2870 1830 2968 1886 pro
2996 1813 3259 1884 apostolis
3285 1822 3516 1878 tantum,

1917 1909 2114 1983 inquit,
2149 1925 2314 1979 rogo;
2348 1910 2441 1965 sed
2474 1925 2570 1980 pro
2600 1909 2666 1966 iis
2710 1910 2804 1980 qui
2831 1909 3054 1968 credent
3087 1921 3183 1980 per
3210 1918 3518 1971 sermonem

1915 2019 2098 2064 eorum
2135 2005 2190 2060 iu
2221 2020 2339 2069 nte;
2376 2013 2431 2058 ut
2455 2019 2644 2060 omnes
2670 2020 2836 2059 unum
2866 2003 2992 2060 sint.
3019 2001 3197 2058 Unum
3229 2001 3390 2072 igitur
3421 2011 3519 2052 nos

1915 2112 2036 2155 esse
2060 2098 2174 2156 vult
2202 2098 2482 2165 Dominus,
2517 2109 2572 2153 ut
2599 2114 2766 2168 supra
2797 2097 3056 2160 mundum
3088 2096 3257 2152 simus
3287 2107 3516 2158 omnes;

1919 2198 1975 2246 ut
2003 2204 2106 2248 una
2146 2188 2216 2246 sit
2259 2189 2504 2254 castitas,
2547 2205 2650 2244 una
2682 2190 2930 2244 voluntas
2955 2230 2968 2255 ,
3007 2203 3110 2250 una
3135 2187 3382 2252 bonitas,
3418 2199 3523 2240 una

1915 2281 2107 2352 gratia.
2143 2281 2237 2338 His
2265 2282 2410 2338 enim
2438 2282 2604 2338 alitur
2631 2292 2688 2340 et
2714 2291 2942 2354 augetur
2967 2282 3162 2338 anima:
3185 2282 3418 2338 volatus.

1990 2376 2118 2432 110.
2168 2375 2314 2448 Ergo
2356 2387 2378 2414 ο
2426 2391 2534 2432 non
2571 2377 2981 2450 pigrescamus,
3039 2375 3135 2432 sed
3187 2375 3254 2432 de
3293 2375 3522 2432 terrenis

1916 2481 2342 2538 Consurgamus;
2375 2483 2436 2526 ea
2464 2479 2543 2526 est
2571 2469 2716 2524 enim
2756 2478 2948 2524 natura
2973 2482 3298 2540 pennarum,
3327 2478 3377 2526 ut
3410 2467 3523 2538 agi-

1926 2558 2091 2630 tando
2110 2575 2165 2614 se
2185 2562 2441 2618 virtutem
2463 2561 2791 2631 capiant.Eo
2807 2562 3026 2634 juvatur
3047 2562 3393 2632 volatus,quo
3409 2561 3521 2617 ani-

1919 2668 2002 2706 nta
2026 2652 2349 2720 delectatur,
2380 2671 2503 2722 qua:
2532 2657 2575 2709 si
2601 2671 2816 2725 semper
2841 2656 3007 2713 Deum
3049 2663 3327 2734 sequatur,
3357 2663 3519 2728 atque

1918 2743 1972 2797 in
2004 2743 2166 2800 domo
2194 2745 2410 2806 Domini
2439 2747 2683 2805 habitare
2713 2747 3006 2810 desideret,
3038 2756 3093 2802 et
3123 2747 3240 2817 ejus
3280 2746 3518 2804 delecta—

1920 2837 2068 2912 tione
2092 2847 2367 2910 pascatur,
2417 2854 2477 2907 ac
2509 2840 2783 2906 miraculis
2816 2841 3078 2898 virtutum
3126 2839 3303 2896 alatur
3323 2839 3520 2898 coeles-

1919 2931 2088 2996 tium;
2136 2932 2264 2988 loris
2294 2933 2570 3006 relinquet
2622 2934 2911 3002 invidiam,
2949 2945 3250 3006 numerum
3294 2934 3521 2994 oliorum

207 3030 414 3092 Paulus
443 3041 496 3090 et
525 3029 804 3088 Barnabas
831 3039 1160 3100 putaverunt
1184 3046 1244 3086 se
1271 3031 1508 3103 gravari,
1538 3046 1658 3086 cum
1689 3046 1812 3086 cer-
1839 3021 1883 3084 C
1916 3033 1998 3080 est
2033 3025 2370 3096 angelorum,
2420 3025 2549 3084 foris
2581 3026 2905 3098 cupiditates
2937 3027 3204 3098 corporis,
3227 3043 3347 3100 qua:
3381 3035 3517 3084 tein-

204 3134 406 3184 nerent
440 3125 660 3183 adorari
689 3123 830 3196 (Act.
865 3141 972 3191 XIV,
1002 3125 1087 3192 12,
1127 3123 1234 3195 15).
1273 3125 1342 3180 Et
1373 3137 1427 3181 tu
1451 3141 1604 3192 cave,
1637 3127 1810 3197 virgo,

204 3217 358 3274 illius
387 3217 617 3288 apicula:
640 3217 826 3282 modo,
859 3234 927 3280 ne
945 3217 1158 3278 alarum
1183 3227 1396 3276 tuarum
1419 3221 1658 3279 volatum
1680 3237 1810 3280 aura

204 3315 400 3372 mundi
425 3313 583 3384 huius
606 3313 854 3370 extollat.

284 3409 412 3464 107.
456 3408 630 3466 liabet
676 3409 825 3465 enim
877 3407 1056 3464 anima
1110 3410 1325 3469 volatus
1380 3425 1531 3470 suos.
1586 3412 1654 3470 Et
1692 3411 1813 3470 ideo

204 3501 418 3556 dictum
449 3509 532 3558 est
560 3519 573 3552 :
619 3499 722 3568 Qui
751 3510 867 3560 sunt
895 3501 1016 3568 isti,
1050 3502 1140 3572 qui
1162 3506 1292 3556 sicut
1324 3503 1479 3557 nubes
1519 3503 1728 3573 volant,
1766 3514 1815 3562 et

206 3594 343 3646 sicut
376 3593 627 3660 columine
667 3610 786 3648 cum
831 3594 999 3665 pullis
1024 3597 1131 3650 suis
1159 3594 1334 3667 (Esai.
1369 3612 1467 3660 LX.
1515 3597 1610 3667 8)?
1643 3599 1816 3657 liabet

205 3701 340 3756 ergo
369 3685 550 3740 anima
581 3685 855 3756 spiritales
885 3686 1095 3742 volatus
1117 3727 1130 3750 ,
1177 3703 1298 3758 quae
1345 3689 1493 3744 brevi
1535 3698 1814 3750 momento

208 3789 382 3834 totum
424 3779 693 3850 percurrit
735 3779 963 3844 orbem;
1025 3780 1207 3836 liberae
1237 3782 1382 3840 enim
1431 3791 1562 3838 sunt
1610 3784 1813 3854 cogita-

209 3874 387 3928 tiones
421 3871 770 3942 prudentium
804 3889 818 3924 :
851 3882 1056 3943 quanto
1106 3872 1175 3928 ad
1213 3873 1410 3932 altiora
1440 3884 1496 3932 et
1543 3875 1813 3935 diviniora

211 3981 270 4020 se
302 3963 587 4034 subrigunt
611 4008 624 4030 ,
673 3972 827 4018 tanto
873 3965 1042 4035 magis
1070 3967 1190 4021 sine
1230 3967 1338 4021 ullo
1391 3976 1622 4023 terrenae
1653 3969 1812 4024 molis

210 4055 603 4126 impedimento
632 4056 900 4112 teruntur.
921 4056 1108 4128 Itaque
1132 4057 1419 4115 adhaerens
1442 4059 1578 4125 Deo.
1597 4069 1653 4120 et
1679 4061 1813 4116 inia-

206 4151 349 4221 ginis
403 4151 458 4204 in
513 4164 576 4204 se
619 4149 868 4206 referens
918 4151 1159 4206 cmlestis
1192 4152 1452 4222 efﬁgi-em,
1488 4153 1576 4209 ubi
1618 4168 1811 4210 cursus

209 4258 339 4300 suos
358 4243 430 4296 ab
451 4258 716 4313 equorum
744 4243 1152 4312 perturbatione
1181 4243 1550 4313 placidaverit,
1580 4247 1634 4301 in
1661 4247 1810 4304 illum

209 4335 509 4392 :etbcreum
593 4352 901 4408 purumque
969 4337 1152 4393 locum
1212 4339 1405 4409 plausu
1485 4339 1810 4412 Spiritalium

210 4436 398 4483 evecta
425 4442 755 4498 pennarum,
778 4427 1218 4498 despicitgomuia
1247 4447 1366 4501 quae
1397 4432 1451 4487 in
1480 4409 1581 4489 hoc
1612 4433 1816 4490 mundo
1838 4408 1893 4468 D

212 4528 377 4574 sunt:
426 4528 483 4574 et
511 4521 735 4574 aeternis
769 4522 970 4574 intenta
1003 4521 1316 4589 virtutibus,
1359 4538 1521 4593 supra
1548 4525 1811 4580 mundum

213 4610 434 4666 labitur.
488 4611 667 4680 Supra
720 4611 980 4666 mundum
1030 4614 1175 4667 enim
1217 4613 1425 4684 justitia
1455 4627 1559 4680 est,
1593 4615 1618 4653 ιδ
1648 4632 1812 4688 supra

213 4705 471 4761 mundum
512 4705 753 4762 Charitas
779 4747 793 4768 ν
849 4721 1015 4776 supra
1064 4708 1328 4764 mundum
1358 4709 1580 4764 castitas
1604 4751 1620 4775 ,
1652 4725 1816 4780 supra

213 4796 474 4851 mundum
509 4797 752 4864 bonitas,
782 4812 947 4867 supra
975 4799 1231 4854 mundum
1262 4799 1526 4870 sapientia
1561 4818 1575 4854 :
1611 4811 1668 4858 et
1688 4804 1729 4858 si
1758 4802 1814 4859 in

211 4889 316 4946 hoc
345 4889 550 4968 mundo
575 4891 668 4957 sit,
696 4905 865 4960 supra
894 4892 1154 4946 mundum
1186 4902 1364 4948 tamen
1396 4904 1500 4949 est.

283 5033 309 5062 ⁸
346 5025 509 5080 Rom.
568 5025 701 5088 edit,
757 5029 1235 5101 contentionemque
1291 5029 1569 5101 corporis:
1617 5031 1814 5089 melius

211 5097 466 5171 alia,_ac
512 5112 646 5171 mss.
705 5100 1284 5170 contemplationemque
1316 5097 1582 5170 corporis;
1612 5102 1663 5156 id
1701 5114 1809 5171 est,

209 5168 704 5241 considerationem
735 5168 1012 5241 corpiireze
1038 5168 1342 5241 fragilitatis
1363 5168 1426 5226 ac
1451 5171 1691 5228 vilitatis.
1718 5168 1814 5229 Est

209 5253 390 5311 autem
413 5239 665 5311 sebunfa,
697 5240 854 5310 cujus
874 5239 1141 5296 continuo
1161 5253 1278 5311 post
1306 5245 1509 5297 mentio
1543 5247 1620 5310 lit,
1646 5260 1813 5304 arena

209 5310 263 5365 in
293 5309 462 5386 fundo
485 5310 705 5386 navium
731 5314 926 5386 posita,
945 5327 1013 5386 ne
1038 5314 1144 5386 illic
1163 5309 1257 5367 aut
1278 5314 1504 5386 nimium
1532 5309 1814 5383 ﬂuctnent,

208 5393 301 5436 aut
339 5382 568 5435 alterum
600 5383 654 5435 in
708 5382 914 5448 partem
964 5384 1314 5439 inclinentur.
1344 5385 1500 5451 Quod
1528 5401 1658 5441 Vero
1687 5382 1816 5443 sub?

206 5453 826 5527 jttng‘itur‘deapibus1
874 5454 926 5509 id
960 5471 1066 5510 non
1096 5456 1326 5512 obscure
1363 5457 1590 5527 petitum
1625 5455 1725 5516 fuit
1750 5474 1816 5514 ex

207 5521 1034 5600 ἰιΙοὛίνείηἰΙὶιὶ.ιν’.1.ἶθφτε.ε
1135 5597 1168 5600 _
1267 5527 1270 5530 ⁴
1364 5521 1389 5600 ’ξ

311 5629 378 5661 ε-.
422 5626 436 5640 .
470 5625 539 5661 ._.
684 5629 695 5643 .
736 5631 804 5661 ._.
842 5597 958 5661 .'._.
997 5633 1009 5646 .
1047 5597 1350 5661 ._.Etssepe
1376 5597 1583 5661 lapillos,

316 5654 386 5706 Ut
407 5658 589 5718 cymba
611 5658 872 5710 instabiles
892 5658 1044 5711 ﬂuctu
1061 5654 1579 5724 iactante'sabui‘ram,’

1917 3117 2064 3192 plum
2097 3118 2194 3176 Dei
2249 3119 2525 3180 maculare
2553 3125 2690 3188 ;non
2745 3118 2967 3180 debent.
2996 3120 3075 3191 .Et
3104 3121 3229 3178 ideo
3260 3120 3522 3192 quoniam

1917 3213 2180 3284 templum
2206 3213 2301 3270 Dei
2330 3228 2541 3281 sumus,
2562 3213 2874 3270 maleriales
2903 3229 2936 3270 a
2959 3215 3115 3271 nobis
3129 3215 3521 3279 sollicitudines

1916 3302 2252 3358 abdicetuus.

2481 3397 2709 3457 CAPUT
2750 3399 2940 3458 XVIII.

1919 3505 2070 3573 Quod
2097 3526 2129 3560 τι
2153 3509 2320 3578 poetis
2357 3511 2544 3564 anima:
2573 3527 2780 3573 currus,
2807 3513 2923 3583 equi
2945 3522 2991 3568 et
3022 3513 3119 3568 ala:
3143 3513 3518 3582 attribuuntur,

1985 3601 2040 3656 id
2070 3603 2336 3672 petitante
2367 3604 2620 3674 propheta
2648 3602 2936 3660 Ezechiele.
2961 3605 3134 3671 Huius
3155 3617 3375 3676 quatuor
3405 3607 3525 3662 atti-

1989 3696 2202 3749 ntnlium
2233 3699 2429 3766 formas
2457 3697 2644 3766 quibus
2687 3709 2912 3768 quatuor
2955 3700 3322 3768 exprimantur
3349 3697 3523 3754 Evan-

1988 3789 2206 3859 gelislte,
2231 3799 2453 3857 quatuor
2470 3791 2621 3843 etiam
2663 3789 3015 3846 cardiualium
3045 3790 3292 3847 virtutum
3322 3790 3528 3860 ﬁguras

1987 3896 2092 3936 esse
2119 3881 2428 3938 ostenditur.
2465 3881 2633 3938 David
2667 3883 2822 3936 etiam
2859 3883 2923 3936 de
2950 3883 3138 3938 anintie
3177 3883 3276 3940 olis
3305 3883 3526 3951 pulchre

1988 3973 2198 4026 dixisse.
2234 3973 2478 4027 Accendit
2503 3991 2624 4045 ergo
2655 3990 2750 4028 nos
2781 3977 2848 4028 ad
2879 3975 3106 4028 volatum
3153 3987 3363 4031 sanctus
3414 3979 3520 4032 Am

1989 4065 2154 4129 tistes,
2183 4074 2234 4122 et
2249 4081 2365 4134 qua:
2411 4064 2658 4136 fugienda
2685 4077 2888 4120 moneat
2925 4064 3068 4121 Icari
3113 4066 3329 4135 lapsus,
3375 4069 3526 4127 nobis

1989 4157 2178 4226 aperit.
2218 4155 2420 4211 Deinde
2459 4159 2670 4214 volandi
2716 4158 3029 4230 difﬁcultate
3053 4163 3342 4232 proposita,
3375 4165 3522 4216 docet

1988 4250 2031 4304 si
2059 4259 2206 4304 actus
2241 4252 2402 4306 nostri
2429 4251 2526 4305 sibi
2551 4254 2945 4320 ‘cousenserinl,
2995 4257 3108 4326 [ore
3153 4265 3204 4309 ut
3255 4255 3520 4310 videamus

1988 4341 2255 4402 Christum
2276 4345 2328 4402 in
2372 4345 2577 4417 throno,
2595 4347 2686 4418 qui
2704 4364 2799 4402 nos
2830 4348 3056 4419 dirigat:
3101 4365 3216 4415 cum
3240 4365 3357 4412 vero
3379 4349 3524 4420 legit".

1993 4444 2078 4492 tur
2105 4437 2261 4492 modo
2298 4448 2520 4492 montem
2543 4436 2732 4493 solitus
2765 4439 3074 4506 ascendere,
3106 4441 3262 4494 modo
3307 4442 3514 4506 navim;

1992 4529 2090 4581 hac
2113 4545 2292 4582 ansam
2321 4540 2522 4598 nactus,
2551 4532 2698 4586 navis
2720 4548 2779 4586 ac
2805 4533 3109 4604 piscationis
3138 4532 3304 4603 .Petri
3341 4535 3521 4606 mysti-

1991 4639 2102 4675 cam
2133 4623 2319 4678 enodat
2341 4625 2670 4678 sententiam.

1992 4713 2116 4770 111.
2159 4713 2239 4770 Ac
2266 4730 2335 4771 ne
2363 4714 2502 4770 forte
2530 4713 2558 4753 ιι
2583 4716 2962 4788 philosophica
2989 4719 3155 4774 alicui
3186 4727 3278 4774 aut
3307 4721 3522 4789 poetica

1921 4821 2214 4876 usurpasse
2240 4807 2550 4876 videamur,
2582 4818 2640 4864 ut
2685 4826 2904 4879 currus,
2936 4828 3108 4884 equos
3129 4856 3143 4880 ,
3185 4813 3300 4869 alas
3327 4817 3532 4879 anima;

1920 4897 2250 4964 diceremus,
2301 4914 2420 4969 quae
2472 4901 2547 4954 illi
2602 4903 2773 4972 magis
2802 4919 3145 4978 assumpsere
3187 4905 3256 4966 de
3287 4910 3532 4980 nostris;

2009 5029 2206 5082 Tollunt
2226 5045 2240 5084 :
2259 5032 2334 5083 his
2351 5044 2465 5083 sese
2491 5047 2580 5098 per
2601 5035 2762 5086 inania
2780 5038 2947 5089 nubila
2976 5038 3177 5092 librant.

1988 5159 2017 5200 δ
2059 5161 2238 5244 Supra
2265 5164 2515 5218 mundum
2545 5165 2798 5232 charitas,
2837 5166 2888 5220 iit
2916 5183 3048 5224 mss.
3080 5171 3355 5244 plerisque
3379 5175 3529 5238 desi-

1917 5231 2196 5287 derantur.

1995 5313 2018 5342 °
2057 5302 2261 5390 Quines
2291 5304 2422 5362 edit.
2475 5325 2578 5363 non
2623 5310 2978 5390 pigrescnmus
3009 5312 3242 5371 deserere
3291 5329 3530 5390 terrena;

1921 5390 1981 5458 ea
2017 5384 2113 5442 est,
2149 5385 2255 5432 etc.
2292 5392 2423 5433 mss.
2456 5397 2582 5435 vero
2632 5382 2873 5458 nonnulli
2903 5400 3008 5458 non
3037 5387 3387 5456 pigrescamus
3415 5382 3538 5458 sint?

1940 5455 2144 5572 terqena
2162 5463 2182 5513 ;
2205 5466 2264 5504 ea
2291 5458 2384 5518 est,
2442 5462 2548 5508 etc.
2584 5451 2775 5523 reliqui
2807 5456 2977 5510 multo
3007 5451 3195 5527 plures
3223 5471 3279 5515 ut
3309 5463 3362 5522 in
3403 5451 3538 5532 cum:

1965 5533 2027 5572 ex
2059 5534 2110 5572 u.

1965 5533 2110 5572 CXI“.

2014 5584 2041 5670 ξί
2073 5589 2364 5677 .Rlatonetn
2397 5592 2500 5677 hoc
2558 5593 2677 5649 loco
2713 5593 2984 5677 designari
3028 5616 3149 5677 non
3183 5602 3537 5677 inliciabitur,

1945 5661 2029 5716 cui
2073 5661 2290 5718 libuerit
2320 5663 2460 5720 hunc
2485 5664 2658 5721 locum
2697 5675 2751 5723 et
2777 5661 2895 5736 quin
2927 5668 3018 5725 lib.
3043 5685 3081 5727 tt
3119 5673 3186 5760 de
3226 5661 3540 5754 Abraham;
