  <div class='ocr_page' id='page_1' title='image "/cluster/home/n/w/nwhite01/storage/ocr_20150623/16/uva.x000826550/155.png"; bbox 0 0 3974 6186; ppageno 0'>
   <div class='ocr_carea' id='block_1_1' title="bbox 537 129 645 192">
    <p class='ocr_par' dir='ltr' id='par_1_1' title="bbox 537 129 645 192">
     <span class='ocr_line' id='line_1_1' title="bbox 537 129 645 192; baseline -0.019 -1"><span class='ocrx_word' id='word_1_1' title='bbox 537 129 645 192; x_wconf 70' lang='grc'><strong>295</strong></span> 
     </span>
    </p>
   </div>
   <div class='ocr_carea' id='block_1_2' title="bbox 1896 121 2505 183">
    <p class='ocr_par' dir='ltr' id='par_1_2' title="bbox 1896 121 2505 183">
     <span class='ocr_line' id='line_1_2' title="bbox 1896 121 2505 183; baseline -0.005 0"><span class='ocrx_word' id='word_1_2' title='bbox 1896 125 2142 183; x_wconf 83' lang='lat' dir='ltr'><strong>SANCTI</strong></span> <span class='ocrx_word' id='word_1_3' title='bbox 2179 121 2505 182; x_wconf 78' lang='lat' dir='ltr'><strong>AMBROSII</strong></span> 
     </span>
    </p>
   </div>
   <div class='ocr_carea' id='block_1_3' title="bbox 3743 127 3843 186">
    <p class='ocr_par' dir='ltr' id='par_1_3' title="bbox 3743 127 3843 186">
     <span class='ocr_line' id='line_1_3' title="bbox 3743 127 3843 186; baseline 0 0"><span class='ocrx_word' id='word_1_4' title='bbox 3743 127 3843 186; x_wconf 68' lang='lat'><strong>296</strong></span> 
     </span>
    </p>
   </div>
   <div class='ocr_carea' id='block_1_4' title="bbox 534 231 3846 310">
    <p class='ocr_par' dir='ltr' id='par_1_4' title="bbox 534 231 3846 310">
     <span class='ocr_line' id='line_1_4' title="bbox 534 231 3846 310; baseline -0.001 -12"><span class='ocrx_word' id='word_1_5' title='bbox 534 241 854 300; x_wconf 76' lang='lat' dir='ltr'><strong>domesticis</strong></span> <span class='ocrx_word' id='word_1_6' title='bbox 897 257 994 299; x_wconf 89' lang='lat' dir='ltr'><strong>nos</strong></span> <span class='ocrx_word' id='word_1_7' title='bbox 1033 255 1163 298; x_wconf 93' lang='lat' dir='ltr'><strong>usos</strong></span> <span class='ocrx_word' id='word_1_8' title='bbox 1192 235 1450 296; x_wconf 82' lang='lat' dir='ltr'><strong>subsidiis</strong></span> <span class='ocrx_word' id='word_1_9' title='bbox 1477 235 1810 306; x_wconf 77' lang='lat' dir='ltr'><strong>prepheticac</strong></span> <span class='ocrx_word' id='word_1_10' title='bbox 1839 237 2009 293; x_wconf 90' lang='lat' dir='ltr'><strong>series</strong></span> <span class='ocrx_word' id='word_1_11' title='bbox 2045 236 2155 292; x_wconf 92' lang='lat' dir='ltr'><strong>lec-</strong></span> <span class='ocrx_word' id='word_1_12' title='bbox 2180 240 2230 300; x_wconf 79' lang='grc' dir='ltr'><strong>Α</strong></span> <span class='ocrx_word' id='word_1_13' title='bbox 2261 243 2418 304; x_wconf 89' lang='lat' dir='ltr'><strong>taque</strong></span> <span class='ocrx_word' id='word_1_14' title='bbox 2443 233 2655 290; x_wconf 67' lang='lat' dir='ltr'><strong>cwlesti</strong></span> <span class='ocrx_word' id='word_1_15' title='bbox 2683 231 2933 290; x_wconf 83' lang='lat' dir='ltr'><strong>sublimis</strong></span> <span class='ocrx_word' id='word_1_16' title='bbox 2955 241 3012 290; x_wconf 90' lang='lat' dir='ltr'><strong>et</strong></span> <span class='ocrx_word' id='word_1_17' title='bbox 3040 234 3246 292; x_wconf 89' lang='lat' dir='ltr'><strong>intenta</strong></span> <span class='ocrx_word' id='word_1_18' title='bbox 3277 237 3555 310; x_wconf 85' lang='lat' dir='ltr'><strong>mysterio,</strong></span> <span class='ocrx_word' id='word_1_19' title='bbox 3574 253 3846 295; x_wconf 87' lang='lat' dir='ltr'><strong>resurrec-</strong></span> 
     </span>
    </p>
   </div>
   <div class='ocr_carea' id='block_1_5' title="bbox 535 328 2160 405">
    <p class='ocr_par' dir='ltr' id='par_1_5' title="bbox 535 328 2160 405">
     <span class='ocr_line' id='line_1_5' title="bbox 535 328 2160 405; baseline -0.006 -13"><span class='ocrx_word' id='word_1_20' title='bbox 535 337 702 394; x_wconf 92' lang='lat' dir='ltr'><strong>tionis</strong></span> <span class='ocrx_word' id='word_1_21' title='bbox 745 335 1017 403; x_wconf 87' lang='lat' dir='ltr'><strong>ostendit,</strong></span> <span class='ocrx_word' id='word_1_22' title='bbox 1062 349 1182 405; x_wconf 71' lang='lat' dir='ltr'><strong>qua:</strong></span> <span class='ocrx_word' id='word_1_23' title='bbox 1219 333 1274 388; x_wconf 94' lang='lat' dir='ltr'><strong>in</strong></span> <span class='ocrx_word' id='word_1_24' title='bbox 1305 331 1449 386; x_wconf 92' lang='lat' dir='ltr'><strong>hunc</strong></span> <span class='ocrx_word' id='word_1_25' title='bbox 1499 328 1718 384; x_wconf 88' lang='lat' dir='ltr'><strong>modum</strong></span> <span class='ocrx_word' id='word_1_26' title='bbox 1750 343 1778 383; x_wconf 86' lang='lat' dir='ltr'><strong>a</strong></span> <span class='ocrx_word' id='word_1_27' title='bbox 1811 339 2000 385; x_wconf 91' lang='lat' dir='ltr'><strong>saneto</strong></span> <span class='ocrx_word' id='word_1_28' title='bbox 2027 330 2160 384; x_wconf 85' lang='lat' dir='ltr'><strong>Eze-</strong></span> 
     </span>
    </p>
   </div>
   <div class='ocr_carea' id='block_1_6' title="bbox 2261 329 3849 403">
    <p class='ocr_par' dir='ltr' id='par_1_6' title="bbox 2261 329 3849 403">
     <span class='ocr_line' id='line_1_6' title="bbox 2261 329 3849 403; baseline 0.003 -19"><span class='ocrx_word' id='word_1_29' title='bbox 2261 329 2425 384; x_wconf 91' lang='lat' dir='ltr'><strong>tionis</strong></span> <span class='ocrx_word' id='word_1_30' title='bbox 2462 329 2692 400; x_wconf 78' lang='lat' dir='ltr'><strong>gloriam</strong></span> <span class='ocrx_word' id='word_1_31' title='bbox 2735 329 2911 398; x_wconf 89' lang='lat' dir='ltr'><strong>pretio</strong></span> <span class='ocrx_word' id='word_1_32' title='bbox 2946 330 3217 400; x_wconf 67' lang='lat' dir='ltr'><strong>mquitatis</strong></span> <span class='ocrx_word' id='word_1_33' title='bbox 3245 330 3583 400; x_wconf 83' lang='lat' dir='ltr'><strong>adipiscitur.</strong></span> <span class='ocrx_word' id='word_1_34' title='bbox 3623 333 3849 403; x_wconf 83' lang='lat' dir='ltr'><strong>Propter</strong></span> 
     </span>
    </p>
   </div>
   <div class='ocr_carea' id='block_1_7' title="bbox 535 421 3848 498">
    <p class='ocr_par' dir='ltr' id='par_1_7' title="bbox 535 421 3848 498">
     <span class='ocr_line' id='line_1_7' title="bbox 535 421 3848 498; baseline -0.001 -13"><span class='ocrx_word' id='word_1_35' title='bbox 535 429 712 485; x_wconf 90' lang='lat' dir='ltr'><strong>chiele</strong></span> <span class='ocrx_word' id='word_1_36' title='bbox 756 429 954 498; x_wconf 90' lang='lat' dir='ltr'><strong>scripta</strong></span> <span class='ocrx_word' id='word_1_37' title='bbox 986 436 1071 483; x_wconf 90' lang='lat' dir='ltr'><strong>est</strong></span> <span class='ocrx_word' id='word_1_38' title='bbox 1099 442 1113 479; x_wconf 92' lang='lat'>:</span> <span class='ocrx_word' id='word_1_39' title='bbox 1149 425 1216 480; x_wconf 86' lang='lat' dir='ltr'><strong>Et</strong></span> <span class='ocrx_word' id='word_1_40' title='bbox 1259 424 1399 496; x_wconf 88' lang='lat' dir='ltr'><strong>facta</strong></span> <span class='ocrx_word' id='word_1_41' title='bbox 1428 430 1500 478; x_wconf 87' lang='lat' dir='ltr'><strong>est</strong></span> <span class='ocrx_word' id='word_1_42' title='bbox 1529 421 1642 476; x_wconf 88' lang='lat' dir='ltr'><strong>illic</strong></span> <span class='ocrx_word' id='word_1_43' title='bbox 1685 439 1838 494; x_wconf 95' lang='lat' dir='ltr'><strong>super</strong></span> <span class='ocrx_word' id='word_1_44' title='bbox 1864 440 1947 478; x_wconf 87' lang='lat' dir='ltr'><strong>me</strong></span> <span class='ocrx_word' id='word_1_45' title='bbox 1976 440 2160 494; x_wconf 67' lang='lat' dir='ltr'><strong>manu,</strong></span> <span class='ocrx_word' id='word_1_46' title='bbox 2259 421 2404 492; x_wconf 94' lang='lat' dir='ltr'><strong>quod</strong></span> <span class='ocrx_word' id='word_1_47' title='bbox 2431 421 2498 476; x_wconf 90' lang='lat' dir='ltr'><strong>ad</strong></span> <span class='ocrx_word' id='word_1_48' title='bbox 2545 437 2664 478; x_wconf 91' lang='lat' dir='ltr'><strong>eam</strong></span> <span class='ocrx_word' id='word_1_49' title='bbox 2695 421 2904 477; x_wconf 90' lang='lat' dir='ltr'><strong>dictum</strong></span> <span class='ocrx_word' id='word_1_50' title='bbox 2949 431 3034 478; x_wconf 87' lang='lat' dir='ltr'><strong>est</strong></span> <span class='ocrx_word' id='word_1_51' title='bbox 3066 440 3080 479; x_wconf 90' lang='lat'><strong>:</strong></span> <span class='ocrx_word' id='word_1_52' title='bbox 3119 421 3470 480; x_wconf 83' lang='lat' dir='ltr'><strong>Renovabitur</strong></span> <span class='ocrx_word' id='word_1_53' title='bbox 3496 427 3629 481; x_wconf 96' lang='lat' dir='ltr'><strong>sicut</strong></span> <span class='ocrx_word' id='word_1_54' title='bbox 3669 426 3848 497; x_wconf 68' lang='lat' dir='ltr'><strong>aquilis</strong></span> 
     </span>
    </p>
   </div>
   <div class='ocr_carea' id='block_1_8' title="bbox 545 514 2156 588">
    <p class='ocr_par' dir='ltr' id='par_1_8' title="bbox 545 514 2156 588">
     <span class='ocr_line' id='line_1_8' title="bbox 545 514 2156 588; baseline -0.004 -14"><span class='ocrx_word' id='word_1_55' title='bbox 545 519 779 584; x_wconf 88' lang='lat' dir='ltr'><strong>Domini,</strong></span> <span class='ocrx_word' id='word_1_56' title='bbox 813 529 861 574; x_wconf 89' lang='lat' dir='ltr'><strong>et</strong></span> <span class='ocrx_word' id='word_1_57' title='bbox 887 519 1019 585; x_wconf 82' lang='lat' dir='ltr'><strong>uidi,</strong></span> <span class='ocrx_word' id='word_1_58' title='bbox 1046 528 1095 574; x_wconf 90' lang='lat' dir='ltr'><strong>et</strong></span> <span class='ocrx_word' id='word_1_59' title='bbox 1130 535 1244 573; x_wconf 85' lang='lat' dir='ltr'><strong>ecce</strong></span> <span class='ocrx_word' id='word_1_60' title='bbox 1273 529 1298 555; x_wconf 71' lang='grc' dir='ltr'><strong>ί·</strong></span> <span class='ocrx_word' id='word_1_61' title='bbox 1343 514 1559 587; x_wconf 87' lang='lat' dir='ltr'><strong>spiritus</strong></span> <span class='ocrx_word' id='word_1_62' title='bbox 1602 531 1817 588; x_wconf 92' lang='lat' dir='ltr'><strong>surgens</strong></span> <span class='ocrx_word' id='word_1_63' title='bbox 1842 515 2070 570; x_wconf 82' lang='lat' dir='ltr'><strong>veniebat</strong></span> <span class='ocrx_word' id='word_1_64' title='bbox 2093 514 2156 568; x_wconf 92' lang='lat' dir='ltr'><strong>ab</strong></span> 
     </span>
    </p>
   </div>
   <div class='ocr_carea' id='block_1_9' title="bbox 533 609 2153 685">
    <p class='ocr_par' dir='ltr' id='par_1_9' title="bbox 533 609 2153 685">
     <span class='ocr_line' id='line_1_9' title="bbox 533 609 2153 685; baseline -0.002 -19"><span class='ocrx_word' id='word_1_65' title='bbox 533 610 810 683; x_wconf 81' lang='lat' dir='ltr'><strong>Aquilone,</strong></span> <span class='ocrx_word' id='word_1_66' title='bbox 841 621 886 665; x_wconf 91' lang='lat' dir='ltr'><strong>et</strong></span> <span class='ocrx_word' id='word_1_67' title='bbox 908 611 1066 666; x_wconf 88' lang='lat' dir='ltr'><strong>nubes</strong></span> <span class='ocrx_word' id='word_1_68' title='bbox 1087 628 1275 685; x_wconf 89' lang='lat' dir='ltr'><strong>magna</strong></span> <span class='ocrx_word' id='word_1_69' title='bbox 1301 625 1407 670; x_wconf 89' lang='lat' dir='ltr'><strong>erat</strong></span> <span class='ocrx_word' id='word_1_70' title='bbox 1431 617 1486 669; x_wconf 91' lang='lat' dir='ltr'><strong>in</strong></span> <span class='ocrx_word' id='word_1_71' title='bbox 1514 627 1595 677; x_wconf 85' lang='lat' dir='ltr'><strong>eo,</strong></span> <span class='ocrx_word' id='word_1_72' title='bbox 1627 617 1677 662; x_wconf 87' lang='lat' dir='ltr'><strong>et</strong></span> <span class='ocrx_word' id='word_1_73' title='bbox 1717 610 1851 680; x_wconf 82' lang='lat' dir='ltr'><strong>ignis</strong></span> <span class='ocrx_word' id='word_1_74' title='bbox 1872 609 2153 681; x_wconf 82' lang='lat' dir='ltr'><strong>refulgens,</strong></span> 
     </span>
    </p>
   </div>
   <div class='ocr_carea' id='block_1_10' title="bbox 531 700 2155 778">
    <p class='ocr_par' dir='ltr' id='par_1_10' title="bbox 531 700 2155 778">
     <span class='ocr_line' id='line_1_10' title="bbox 531 700 2155 778; baseline -0.003 -19"><span class='ocrx_word' id='word_1_75' title='bbox 531 713 581 760; x_wconf 91' lang='lat' dir='ltr'><strong>et</strong></span> <span class='ocrx_word' id='word_1_76' title='bbox 609 703 778 758; x_wconf 85' lang='lat' dir='ltr'><strong>lumen</strong></span> <span class='ocrx_word' id='word_1_77' title='bbox 813 705 868 758; x_wconf 87' lang='lat' dir='ltr'><strong>in</strong></span> <span class='ocrx_word' id='word_1_78' title='bbox 907 705 1129 759; x_wconf 79' lang='lat' dir='ltr'><strong>circuitu</strong></span> <span class='ocrx_word' id='word_1_79' title='bbox 1152 707 1267 778; x_wconf 84' lang='lat' dir='ltr'><strong>ejus</strong></span> <span class='ocrx_word' id='word_1_80' title='bbox 1307 707 1441 763; x_wconf 85' lang='lat' dir='ltr'><strong>sicut</strong></span> <span class='ocrx_word' id='word_1_81' title='bbox 1470 709 1640 764; x_wconf 85' lang='lat' dir='ltr'><strong>lumen</strong></span> <span class='ocrx_word' id='word_1_82' title='bbox 1683 701 1859 757; x_wconf 81' lang='lat' dir='ltr'><strong>electri</strong></span> <span class='ocrx_word' id='word_1_83' title='bbox 1894 701 1950 755; x_wconf 90' lang='lat' dir='ltr'><strong>in</strong></span> <span class='ocrx_word' id='word_1_84' title='bbox 1984 700 2155 754; x_wconf 89' lang='lat' dir='ltr'><strong>medoi</strong></span> 
     </span>
    </p>
   </div>
   <div class='ocr_carea' id='block_1_11' title="bbox 529 795 2152 870">
    <p class='ocr_par' dir='ltr' id='par_1_11' title="bbox 529 795 2152 870">
     <span class='ocr_line' id='line_1_11' title="bbox 529 795 2152 870; baseline -0.002 -20"><span class='ocrx_word' id='word_1_85' title='bbox 529 795 687 870; x_wconf 83' lang='lat' dir='ltr'><strong>ignis,</strong></span> <span class='ocrx_word' id='word_1_86' title='bbox 721 806 766 851; x_wconf 91' lang='lat' dir='ltr'><strong>et</strong></span> <span class='ocrx_word' id='word_1_87' title='bbox 793 798 966 853; x_wconf 87' lang='lat' dir='ltr'><strong>lumen</strong></span> <span class='ocrx_word' id='word_1_88' title='bbox 994 800 1049 854; x_wconf 89' lang='lat' dir='ltr'><strong>in</strong></span> <span class='ocrx_word' id='word_1_89' title='bbox 1088 815 1170 868; x_wconf 87' lang='lat' dir='ltr'><strong>eo,</strong></span> <span class='ocrx_word' id='word_1_90' title='bbox 1203 809 1254 856; x_wconf 92' lang='lat' dir='ltr'><strong>et</strong></span> <span class='ocrx_word' id='word_1_91' title='bbox 1279 801 1335 856; x_wconf 88' lang='lat' dir='ltr'><strong>in</strong></span> <span class='ocrx_word' id='word_1_92' title='bbox 1360 803 1531 857; x_wconf 88' lang='lat' dir='ltr'><strong>medio</strong></span> <span class='ocrx_word' id='word_1_93' title='bbox 1558 801 1694 856; x_wconf 81' lang='lat' dir='ltr'><strong>sicut</strong></span> <span class='ocrx_word' id='word_1_94' title='bbox 1719 797 2005 852; x_wconf 82' lang='lat' dir='ltr'><strong>similitudo</strong></span> <span class='ocrx_word' id='word_1_95' title='bbox 2024 811 2152 866; x_wconf 88' lang='lat' dir='ltr'><strong>qua-</strong></span> 
     </span>
    </p>
   </div>
   <div class='ocr_carea' id='block_1_12' title="bbox 533 890 1633 965">
    <p class='ocr_par' dir='ltr' id='par_1_12' title="bbox 533 890 1633 965">
     <span class='ocr_line' id='line_1_12' title="bbox 533 890 1633 965; baseline 0 -20"><span class='ocrx_word' id='word_1_96' title='bbox 533 899 656 946; x_wconf 88' lang='lat' dir='ltr'><strong>tuor</strong></span> <span class='ocrx_word' id='word_1_97' title='bbox 681 891 992 945; x_wconf 86' lang='lat' dir='ltr'><strong>animalium</strong></span> <span class='ocrx_word' id='word_1_98' title='bbox 1015 890 1256 962; x_wconf 70' lang='lat' dir='ltr'><strong>(Ezeclm</strong></span> <span class='ocrx_word' id='word_1_99' title='bbox 1289 933 1305 961; x_wconf 91' lang='lat'><strong>,</strong></span> <span class='ocrx_word' id='word_1_100' title='bbox 1331 895 1366 950; x_wconf 78' lang='lat'><strong>3</strong></span> <span class='ocrx_word' id='word_1_101' title='bbox 1394 904 1445 949; x_wconf 89' lang='lat' dir='ltr'><strong>et</strong></span> <span class='ocrx_word' id='word_1_102' title='bbox 1469 894 1633 965; x_wconf 92' lang='lat' dir='ltr'><strong>seq.).</strong></span> 
     </span>
    </p>
   </div>
   <div class='ocr_carea' id='block_1_13' title="bbox 606 982 2146 1056">
    <p class='ocr_par' dir='ltr' id='par_1_13' title="bbox 606 982 2146 1056">
     <span class='ocr_line' id='line_1_13' title="bbox 606 982 2146 1056; baseline -0.002 -17"><span class='ocrx_word' id='word_1_103' title='bbox 606 982 770 1056; x_wconf 61' lang='grc'><strong>241</strong></span> <span class='ocrx_word' id='word_1_104' title='bbox 797 983 920 1038; x_wconf 78' lang='grc'><strong>112.</strong></span> <span class='ocrx_word' id='word_1_105' title='bbox 956 983 1124 1041; x_wconf 84' lang='lat' dir='ltr'><strong>Vides</strong></span> <span class='ocrx_word' id='word_1_106' title='bbox 1152 985 1316 1056; x_wconf 78' lang='lat' dir='ltr'><strong>igitur</strong></span> <span class='ocrx_word' id='word_1_107' title='bbox 1339 986 1593 1042; x_wconf 86' lang='lat' dir='ltr'><strong>animalia</strong></span> <span class='ocrx_word' id='word_1_108' title='bbox 1619 984 1732 1055; x_wconf 88' lang='lat' dir='ltr'><strong>jam</strong></span> <span class='ocrx_word' id='word_1_109' title='bbox 1759 990 1991 1051; x_wconf 83' lang='lat' dir='ltr'><strong>quatuor</strong></span> <span class='ocrx_word' id='word_1_110' title='bbox 2019 995 2146 1037; x_wconf 85' lang='lat' dir='ltr'><strong>esse</strong></span> 
     </span>
    </p>
   </div>
   <div class='ocr_carea' id='block_1_14' title="bbox 530 1074 2149 1148">
    <p class='ocr_par' dir='ltr' id='par_1_14' title="bbox 530 1074 2149 1148">
     <span class='ocr_line' id='line_1_14' title="bbox 530 1074 2149 1148; baseline -0.004 -14"><span class='ocrx_word' id='word_1_111' title='bbox 530 1076 827 1148; x_wconf 87' lang='lat' dir='ltr'><strong>descripta.</strong></span> <span class='ocrx_word' id='word_1_112' title='bbox 857 1076 1179 1148; x_wconf 77' lang='lat' dir='ltr'><strong>Cuiusmodi</strong></span> <span class='ocrx_word' id='word_1_113' title='bbox 1211 1079 1320 1135; x_wconf 91' lang='lat' dir='ltr'><strong>sint</strong></span> <span class='ocrx_word' id='word_1_114' title='bbox 1346 1079 1601 1136; x_wconf 84' lang='lat' dir='ltr'><strong>animalia</strong></span> <span class='ocrx_word' id='word_1_115' title='bbox 1631 1079 1732 1133; x_wconf 90' lang='lat' dir='ltr'><strong>ista</strong></span> <span class='ocrx_word' id='word_1_116' title='bbox 1762 1075 2027 1132; x_wconf 87' lang='lat' dir='ltr'><strong>debemus</strong></span> <span class='ocrx_word' id='word_1_117' title='bbox 2052 1074 2149 1128; x_wconf 92' lang='lat' dir='ltr'><strong>ad-</strong></span> 
     </span>
    </p>
   </div>
   <div class='ocr_carea' id='block_1_15' title="bbox 528 1168 2142 1244">
    <p class='ocr_par' dir='ltr' id='par_1_15' title="bbox 528 1168 2142 1244">
     <span class='ocr_line' id='line_1_15' title="bbox 528 1168 2142 1244; baseline -0.001 -20"><span class='ocrx_word' id='word_1_118' title='bbox 528 1176 749 1226; x_wconf 79' lang='lat' dir='ltr'><strong>vertere</strong></span> <span class='ocrx_word' id='word_1_119' title='bbox 783 1187 796 1223; x_wconf 90' lang='lat'>:</span> <span class='ocrx_word' id='word_1_120' title='bbox 826 1169 1159 1238; x_wconf 89' lang='lat' dir='ltr'><strong>Similitudo,</strong></span> <span class='ocrx_word' id='word_1_121' title='bbox 1190 1173 1368 1244; x_wconf 88' lang='lat' dir='ltr'><strong>inquit</strong></span> <span class='ocrx_word' id='word_1_122' title='bbox 1387 1215 1402 1239; x_wconf 91' lang='lat'><strong>,</strong></span> <span class='ocrx_word' id='word_1_123' title='bbox 1433 1173 1609 1227; x_wconf 84' lang='lat' dir='ltr'><strong>uultus</strong></span> <span class='ocrx_word' id='word_1_124' title='bbox 1640 1187 1818 1226; x_wconf 89' lang='lat' dir='ltr'><strong>eorum</strong></span> <span class='ocrx_word' id='word_1_125' title='bbox 1847 1169 2012 1241; x_wconf 88' lang='lat' dir='ltr'><strong>facies</strong></span> <span class='ocrx_word' id='word_1_126' title='bbox 2043 1168 2142 1222; x_wconf 80' lang='lat' dir='ltr'><strong>Ito-</strong></span> 
     </span>
    </p>
   </div>
   <div class='ocr_carea' id='block_1_16' title="bbox 529 1263 2145 1337">
    <p class='ocr_par' dir='ltr' id='par_1_16' title="bbox 529 1263 2145 1337">
     <span class='ocr_line' id='line_1_16' title="bbox 529 1263 2145 1337; baseline -0.002 -18"><span class='ocrx_word' id='word_1_127' title='bbox 529 1265 708 1332; x_wconf 87' lang='lat' dir='ltr'><strong>minis,</strong></span> <span class='ocrx_word' id='word_1_128' title='bbox 741 1265 902 1337; x_wconf 89' lang='lat' dir='ltr'><strong>facies</strong></span> <span class='ocrx_word' id='word_1_129' title='bbox 953 1265 1116 1320; x_wconf 88' lang='lat' dir='ltr'><strong>leonis</strong></span> <span class='ocrx_word' id='word_1_130' title='bbox 1157 1283 1189 1320; x_wconf 88' lang='lat' dir='ltr'><strong>a</strong></span> <span class='ocrx_word' id='word_1_131' title='bbox 1219 1267 1417 1322; x_wconf 71' lang='lat' dir='ltr'><strong>dextris</strong></span> <span class='ocrx_word' id='word_1_132' title='bbox 1462 1267 1568 1322; x_wconf 86' lang='lat' dir='ltr'><strong>illis</strong></span> <span class='ocrx_word' id='word_1_133' title='bbox 1599 1276 1844 1336; x_wconf 86' lang='lat' dir='ltr'><strong>quatuor,</strong></span> <span class='ocrx_word' id='word_1_134' title='bbox 1895 1273 1942 1318; x_wconf 91' lang='lat' dir='ltr'><strong>et</strong></span> <span class='ocrx_word' id='word_1_135' title='bbox 1987 1263 2145 1333; x_wconf 87' lang='lat' dir='ltr'><strong>facies</strong></span> 
     </span>
    </p>
   </div>
   <div class='ocr_carea' id='block_1_17' title="bbox 527 1356 2144 1430">
    <p class='ocr_par' dir='ltr' id='par_1_17' title="bbox 527 1356 2144 1430">
     <span class='ocr_line' id='line_1_17' title="bbox 527 1356 2144 1430; baseline -0.002 -17"><span class='ocrx_word' id='word_1_136' title='bbox 527 1357 678 1413; x_wconf 83' lang='lat' dir='ltr'><strong>uituli</strong></span> <span class='ocrx_word' id='word_1_137' title='bbox 708 1373 740 1411; x_wconf 92' lang='lat' dir='ltr'><strong>a</strong></span> <span class='ocrx_word' id='word_1_138' title='bbox 767 1357 991 1413; x_wconf 83' lang='lat' dir='ltr'><strong>sinistris</strong></span> <span class='ocrx_word' id='word_1_139' title='bbox 1019 1358 1127 1414; x_wconf 88' lang='lat' dir='ltr'><strong>illis</strong></span> <span class='ocrx_word' id='word_1_140' title='bbox 1152 1370 1394 1430; x_wconf 85' lang='lat' dir='ltr'><strong>quatuor,</strong></span> <span class='ocrx_word' id='word_1_141' title='bbox 1436 1368 1484 1413; x_wconf 88' lang='lat' dir='ltr'><strong>et</strong></span> <span class='ocrx_word' id='word_1_142' title='bbox 1515 1359 1677 1430; x_wconf 89' lang='lat' dir='ltr'><strong>facies</strong></span> <span class='ocrx_word' id='word_1_143' title='bbox 1702 1357 1895 1427; x_wconf 67' lang='lat' dir='ltr'><strong>aquilo:</strong></span> <span class='ocrx_word' id='word_1_144' title='bbox 1921 1356 2144 1426; x_wconf 83' lang='lat' dir='ltr'><strong>desuper</strong></span> 
     </span>
    </p>
   </div>
   <div class='ocr_carea' id='block_1_18' title="bbox 529 1448 1997 1520">
    <p class='ocr_par' dir='ltr' id='par_1_18' title="bbox 529 1448 1997 1520">
     <span class='ocr_line' id='line_1_18' title="bbox 529 1448 1997 1520; baseline -0.003 -16"><span class='ocrx_word' id='word_1_145' title='bbox 529 1449 639 1506; x_wconf 90' lang='lat' dir='ltr'><strong>illis</strong></span> <span class='ocrx_word' id='word_1_146' title='bbox 659 1459 904 1520; x_wconf 89' lang='lat' dir='ltr'><strong>quatuor,</strong></span> <span class='ocrx_word' id='word_1_147' title='bbox 932 1460 982 1505; x_wconf 88' lang='lat' dir='ltr'><strong>et</strong></span> <span class='ocrx_word' id='word_1_148' title='bbox 1003 1451 1102 1506; x_wconf 70' lang='lat' dir='ltr'><strong>ala:</strong></span> <span class='ocrx_word' id='word_1_149' title='bbox 1123 1468 1302 1506; x_wconf 88' lang='lat' dir='ltr'><strong>eorum</strong></span> <span class='ocrx_word' id='word_1_150' title='bbox 1326 1459 1553 1506; x_wconf 75' lang='lat' dir='ltr'><strong>extensa:</strong></span> <span class='ocrx_word' id='word_1_151' title='bbox 1571 1448 1736 1516; x_wconf 91' lang='lat' dir='ltr'><strong>(Ibid.</strong></span> <span class='ocrx_word' id='word_1_152' title='bbox 1771 1449 1860 1511; x_wconf 84' lang='grc'><strong>10,</strong></span> <span class='ocrx_word' id='word_1_153' title='bbox 1885 1448 1997 1518; x_wconf 84' lang='grc'><strong>11).</strong></span> 
     </span>
    </p>
   </div>
   <div class='ocr_carea' id='block_1_19' title="bbox 602 1539 2142 1612">
    <p class='ocr_par' dir='ltr' id='par_1_19' title="bbox 602 1539 2142 1612">
     <span class='ocr_line' id='line_1_19' title="bbox 602 1539 2142 1612; baseline -0.002 -17"><span class='ocrx_word' id='word_1_154' title='bbox 602 1541 728 1596; x_wconf 79' lang='grc'><strong>115.</strong></span> <span class='ocrx_word' id='word_1_155' title='bbox 773 1539 874 1596; x_wconf 87' lang='lat' dir='ltr'><strong>Hic</strong></span> <span class='ocrx_word' id='word_1_156' title='bbox 903 1555 1121 1612; x_wconf 89' lang='lat' dir='ltr'><strong>quoque</strong></span> <span class='ocrx_word' id='word_1_157' title='bbox 1150 1542 1392 1596; x_wconf 88' lang='lat' dir='ltr'><strong>anintam</strong></span> <span class='ocrx_word' id='word_1_158' title='bbox 1420 1541 1657 1597; x_wconf 88' lang='lat' dir='ltr'><strong>describi</strong></span> <span class='ocrx_word' id='word_1_159' title='bbox 1689 1539 2022 1610; x_wconf 89' lang='lat' dir='ltr'><strong>accepimus,</strong></span> <span class='ocrx_word' id='word_1_160' title='bbox 2047 1552 2142 1593; x_wconf 88' lang='lat' dir='ltr'><strong>cu-</strong></span> 
     </span>
    </p>
   </div>
   <div class='ocr_carea' id='block_1_20' title="bbox 2247 512 3051 587">
    <p class='ocr_par' dir='ltr' id='par_1_20' title="bbox 2247 512 3051 587">
     <span class='ocr_line' id='line_1_20' title="bbox 2247 512 3051 587; baseline 0.007 -21"><span class='ocrx_word' id='word_1_161' title='bbox 2247 515 2496 585; x_wconf 82' lang='lat' dir='ltr'><strong>jurentus</strong></span> <span class='ocrx_word' id='word_1_162' title='bbox 2523 523 2611 568; x_wconf 90' lang='lat' dir='ltr'><strong>tua</strong></span> <span class='ocrx_word' id='word_1_163' title='bbox 2632 512 2804 585; x_wconf 85' lang='lat' dir='ltr'><strong>(Psal.</strong></span> <span class='ocrx_word' id='word_1_164' title='bbox 2838 529 2910 570; x_wconf 80' lang='lat' dir='ltr'><strong>att</strong></span> <span class='ocrx_word' id='word_1_165' title='bbox 2929 556 2944 581; x_wconf 94' lang='lat'><strong>,</strong></span> <span class='ocrx_word' id='word_1_166' title='bbox 2969 514 3051 587; x_wconf 85' lang='lat'><strong>5).</strong></span> 
     </span>
    </p>
   </div>
   <div class='ocr_carea' id='block_1_21' title="bbox 2330 605 3847 680">
    <p class='ocr_par' dir='ltr' id='par_1_21' title="bbox 2330 605 3847 680">
     <span class='ocr_line' id='line_1_21' title="bbox 2330 605 3847 680; baseline 0.004 -20"><span class='ocrx_word' id='word_1_167' title='bbox 2330 605 2453 661; x_wconf 82' lang='grc'><strong>115.</strong></span> <span class='ocrx_word' id='word_1_168' title='bbox 2495 605 2591 662; x_wconf 88' lang='lat' dir='ltr'><strong>Est</strong></span> <span class='ocrx_word' id='word_1_169' title='bbox 2619 622 2749 678; x_wconf 90' lang='lat' dir='ltr'><strong>ergo</strong></span> <span class='ocrx_word' id='word_1_170' title='bbox 2776 617 2828 663; x_wconf 92' lang='lat' dir='ltr'><strong>et</strong></span> <span class='ocrx_word' id='word_1_171' title='bbox 2847 607 3001 678; x_wconf 88' lang='lat' dir='ltr'><strong>juxta</strong></span> <span class='ocrx_word' id='word_1_172' title='bbox 3032 607 3224 677; x_wconf 86' lang='lat' dir='ltr'><strong>David,</strong></span> <span class='ocrx_word' id='word_1_173' title='bbox 3254 609 3356 665; x_wconf 87' lang='lat' dir='ltr'><strong>alis</strong></span> <span class='ocrx_word' id='word_1_174' title='bbox 3381 609 3714 680; x_wconf 88' lang='lat' dir='ltr'><strong>spiritalibus</strong></span> <span class='ocrx_word' id='word_1_175' title='bbox 3737 611 3847 667; x_wconf 83' lang='lat' dir='ltr'><strong>ani-</strong></span> 
     </span>
    </p>
   </div>
   <div class='ocr_carea' id='block_1_22' title="bbox 2256 697 3843 770">
    <p class='ocr_par' dir='ltr' id='par_1_22' title="bbox 2256 697 3843 770">
     <span class='ocr_line' id='line_1_22' title="bbox 2256 697 3843 770; baseline 0.003 -17"><span class='ocrx_word' id='word_1_176' title='bbox 2256 713 2342 753; x_wconf 93' lang='lat' dir='ltr'><strong>ma</strong></span> <span class='ocrx_word' id='word_1_177' title='bbox 2373 697 2529 768; x_wconf 92' lang='lat' dir='ltr'><strong>fulta,</strong></span> <span class='ocrx_word' id='word_1_178' title='bbox 2570 714 2730 769; x_wconf 90' lang='lat' dir='ltr'><strong>quam</strong></span> <span class='ocrx_word' id='word_1_179' title='bbox 2763 714 3005 770; x_wconf 92' lang='lat' dir='ltr'><strong>eousque</strong></span> <span class='ocrx_word' id='word_1_180' title='bbox 3042 700 3318 757; x_wconf 81' lang='lat' dir='ltr'><strong>volucrem</strong></span> <span class='ocrx_word' id='word_1_181' title='bbox 3361 701 3519 758; x_wconf 89' lang='lat' dir='ltr'><strong>nobis</strong></span> <span class='ocrx_word' id='word_1_182' title='bbox 3559 701 3729 758; x_wconf 87' lang='lat' dir='ltr'><strong>voluit</strong></span> <span class='ocrx_word' id='word_1_183' title='bbox 3752 701 3843 758; x_wconf 87' lang='lat' dir='ltr'><strong>de-</strong></span> 
     </span>
    </p>
   </div>
   <div class='ocr_carea' id='block_1_23' title="bbox 2252 792 3845 865">
    <p class='ocr_par' dir='ltr' id='par_1_23' title="bbox 2252 792 3845 865">
     <span class='ocr_line' id='line_1_23' title="bbox 2252 792 3845 865; baseline 0.003 -18"><span class='ocrx_word' id='word_1_184' title='bbox 2252 792 2482 859; x_wconf 90' lang='lat' dir='ltr'><strong>clarare,</strong></span> <span class='ocrx_word' id='word_1_185' title='bbox 2509 803 2566 847; x_wconf 88' lang='lat' dir='ltr'><strong>ut</strong></span> <span class='ocrx_word' id='word_1_186' title='bbox 2595 794 2722 848; x_wconf 86' lang='lat' dir='ltr'><strong>alibi</strong></span> <span class='ocrx_word' id='word_1_187' title='bbox 2764 809 2980 865; x_wconf 86' lang='lat' dir='ltr'><strong>quoque</strong></span> <span class='ocrx_word' id='word_1_188' title='bbox 3007 793 3214 850; x_wconf 89' lang='lat' dir='ltr'><strong>diceret</strong></span> <span class='ocrx_word' id='word_1_189' title='bbox 3238 811 3252 849; x_wconf 86' lang='lat'><strong>:</strong></span> <span class='ocrx_word' id='word_1_190' title='bbox 3302 795 3491 849; x_wconf 78' lang='lat' dir='ltr'><strong>Anima</strong></span> <span class='ocrx_word' id='word_1_191' title='bbox 3521 804 3697 850; x_wconf 86' lang='lat' dir='ltr'><strong>nostra</strong></span> <span class='ocrx_word' id='word_1_192' title='bbox 3720 796 3845 851; x_wconf 86' lang='lat' dir='ltr'><strong>sicut</strong></span> 
     </span>
    </p>
   </div>
   <div class='ocr_carea' id='block_1_24' title="bbox 2253 887 3843 962">
    <p class='ocr_par' dir='ltr' id='par_1_24' title="bbox 2253 887 3843 962">
     <span class='ocr_line' id='line_1_24' title="bbox 2253 887 3843 962; baseline 0.003 -23"><span class='ocrx_word' id='word_1_193' title='bbox 2253 902 2430 955; x_wconf 87' lang='lat' dir='ltr'><strong>passer</strong></span> <span class='ocrx_word' id='word_1_194' title='bbox 2452 897 2632 957; x_wconf 89' lang='lat' dir='ltr'><strong>erepta</strong></span> <span class='ocrx_word' id='word_1_195' title='bbox 2662 898 2734 942; x_wconf 92' lang='lat' dir='ltr'><strong>est</strong></span> <span class='ocrx_word' id='word_1_196' title='bbox 2757 887 2822 942; x_wconf 90' lang='lat' dir='ltr'><strong>de</strong></span> <span class='ocrx_word' id='word_1_197' title='bbox 2847 889 3028 959; x_wconf 86' lang='lat' dir='ltr'><strong>laqueo</strong></span> <span class='ocrx_word' id='word_1_198' title='bbox 3057 891 3350 943; x_wconf 80' lang='lat' dir='ltr'><strong>venantium</strong></span> <span class='ocrx_word' id='word_1_199' title='bbox 3373 889 3547 962; x_wconf 78' lang='lat' dir='ltr'><strong>(Psal.</strong></span> <span class='ocrx_word' id='word_1_200' title='bbox 3579 889 3843 960; x_wconf 67' lang='lat' dir='ltr'><strong>cxxtuﬂ).</strong></span> 
     </span>
    </p>
   </div>
   <div class='ocr_carea' id='block_1_25' title="bbox 2251 976 3846 1053">
    <p class='ocr_par' dir='ltr' id='par_1_25' title="bbox 2251 976 3846 1053">
     <span class='ocr_line' id='line_1_25' title="bbox 2251 976 3846 1053; baseline 0.004 -21"><span class='ocrx_word' id='word_1_201' title='bbox 2251 976 2320 1032; x_wconf 90' lang='lat' dir='ltr'><strong>Et</strong></span> <span class='ocrx_word' id='word_1_202' title='bbox 2348 977 2474 1034; x_wconf 88' lang='lat' dir='ltr'><strong>alibi</strong></span> <span class='ocrx_word' id='word_1_203' title='bbox 2502 995 2516 1033; x_wconf 91' lang='lat'>:</span> <span class='ocrx_word' id='word_1_204' title='bbox 2549 977 2618 1034; x_wconf 84' lang='lat' dir='ltr'><strong>In</strong></span> <span class='ocrx_word' id='word_1_205' title='bbox 2644 977 2870 1034; x_wconf 87' lang='lat' dir='ltr'><strong>Domino</strong></span> <span class='ocrx_word' id='word_1_206' title='bbox 2891 980 3100 1050; x_wconf 80' lang='lat' dir='ltr'><strong>conﬁdo</strong></span> <span class='ocrx_word' id='word_1_207' title='bbox 3123 1023 3137 1046; x_wconf 90' lang='lat'><strong>,</strong></span> <span class='ocrx_word' id='word_1_208' title='bbox 3168 981 3427 1053; x_wconf 88' lang='lat' dir='ltr'><strong>quomodo</strong></span> <span class='ocrx_word' id='word_1_209' title='bbox 3453 982 3625 1037; x_wconf 86' lang='lat' dir='ltr'><strong>dicitis</strong></span> <span class='ocrx_word' id='word_1_210' title='bbox 3668 984 3846 1039; x_wconf 68' lang='lat' dir='ltr'><strong>animi:</strong></span> 
     </span>
    </p>
   </div>
   <div class='ocr_carea' id='block_1_26' title="bbox 2249 1067 3841 1144">
    <p class='ocr_par' dir='ltr' id='par_1_26' title="bbox 2249 1067 3841 1144">
     <span class='ocr_line' id='line_1_26' title="bbox 2249 1067 3841 1144; baseline 0.004 -22"><span class='ocrx_word' id='word_1_211' title='bbox 2249 1084 2374 1122; x_wconf 72' lang='lat' dir='ltr'><strong>mea:</strong></span> <span class='ocrx_word' id='word_1_212' title='bbox 2395 1085 2414 1124; x_wconf 86' lang='lat'><strong>.&#39;</strong></span> <span class='ocrx_word' id='word_1_213' title='bbox 2440 1067 2779 1141; x_wconf 85' lang='lat' dir='ltr'><strong>Transmigra</strong></span> <span class='ocrx_word' id='word_1_214' title='bbox 2807 1071 2859 1123; x_wconf 90' lang='lat' dir='ltr'><strong>in</strong></span> <span class='ocrx_word' id='word_1_215' title='bbox 2885 1079 3111 1124; x_wconf 87' lang='lat' dir='ltr'><strong>montem</strong></span> <span class='ocrx_word' id='word_1_216' title='bbox 3138 1071 3271 1125; x_wconf 87' lang='lat' dir='ltr'><strong>sicut</strong></span> <span class='ocrx_word' id='word_1_217' title='bbox 3291 1088 3471 1144; x_wconf 81' lang='lat' dir='ltr'><strong>passer</strong></span> <span class='ocrx_word' id='word_1_218' title='bbox 3493 1071 3665 1144; x_wconf 86' lang='lat' dir='ltr'><strong>(Psal.</strong></span> <span class='ocrx_word' id='word_1_219' title='bbox 3693 1089 3745 1138; x_wconf 87' lang='lat' dir='ltr'><strong>x,</strong></span> <span class='ocrx_word' id='word_1_220' title='bbox 3767 1072 3841 1142; x_wconf 69' lang='grc'><strong>2).</strong></span> 
     </span>
    </p>
   </div>
   <div class='ocr_carea' id='block_1_27' title="bbox 2250 1159 3842 1234">
    <p class='ocr_par' dir='ltr' id='par_1_27' title="bbox 2250 1159 3842 1234">
     <span class='ocr_line' id='line_1_27' title="bbox 2250 1159 3842 1234; baseline 0.003 -20"><span class='ocrx_word' id='word_1_221' title='bbox 2250 1159 2424 1216; x_wconf 85' lang='lat' dir='ltr'><strong>Habet</strong></span> <span class='ocrx_word' id='word_1_222' title='bbox 2450 1160 2614 1231; x_wconf 80' lang='lat' dir='ltr'><strong>igitur</strong></span> <span class='ocrx_word' id='word_1_223' title='bbox 2637 1162 2752 1217; x_wconf 84' lang='lat' dir='ltr'><strong>alas</strong></span> <span class='ocrx_word' id='word_1_224' title='bbox 2777 1162 2956 1217; x_wconf 88' lang='lat' dir='ltr'><strong>anima</strong></span> <span class='ocrx_word' id='word_1_225' title='bbox 2987 1177 3116 1218; x_wconf 92' lang='lat' dir='ltr'><strong>suas</strong></span> <span class='ocrx_word' id='word_1_226' title='bbox 3133 1205 3147 1228; x_wconf 94' lang='lat'><strong>,</strong></span> <span class='ocrx_word' id='word_1_227' title='bbox 3181 1163 3379 1234; x_wconf 90' lang='lat' dir='ltr'><strong>quibus</strong></span> <span class='ocrx_word' id='word_1_228' title='bbox 3407 1179 3470 1219; x_wconf 91' lang='lat' dir='ltr'><strong>se</strong></span> <span class='ocrx_word' id='word_1_229' title='bbox 3491 1163 3662 1234; x_wconf 88' lang='lat' dir='ltr'><strong>possit</strong></span> <span class='ocrx_word' id='word_1_230' title='bbox 3684 1163 3842 1220; x_wconf 87' lang='lat' dir='ltr'><strong>libera</strong></span> 
     </span>
    </p>
   </div>
   <div class='ocr_carea' id='block_1_28' title="bbox 2247 1253 3843 1327">
    <p class='ocr_par' dir='ltr' id='par_1_28' title="bbox 2247 1253 3843 1327">
     <span class='ocr_line' id='line_1_28' title="bbox 2247 1253 3843 1327; baseline 0.004 -19"><span class='ocrx_word' id='word_1_231' title='bbox 2247 1254 2428 1310; x_wconf 91' lang='lat' dir='ltr'><strong>levare</strong></span> <span class='ocrx_word' id='word_1_232' title='bbox 2448 1253 2516 1309; x_wconf 88' lang='lat' dir='ltr'><strong>de</strong></span> <span class='ocrx_word' id='word_1_233' title='bbox 2549 1256 2729 1310; x_wconf 88' lang='lat' dir='ltr'><strong>terris.</strong></span> <span class='ocrx_word' id='word_1_234' title='bbox 2761 1256 2984 1311; x_wconf 88' lang='lat' dir='ltr'><strong>Alarum</strong></span> <span class='ocrx_word' id='word_1_235' title='bbox 3013 1264 3195 1312; x_wconf 91' lang='lat' dir='ltr'><strong>autem</strong></span> <span class='ocrx_word' id='word_1_236' title='bbox 3227 1257 3514 1327; x_wconf 82' lang='lat' dir='ltr'><strong>remigium</strong></span> <span class='ocrx_word' id='word_1_237' title='bbox 3543 1272 3652 1312; x_wconf 92' lang='lat' dir='ltr'><strong>non</strong></span> <span class='ocrx_word' id='word_1_238' title='bbox 3680 1267 3843 1314; x_wconf 87' lang='lat' dir='ltr'><strong>mate-</strong></span> 
     </span>
    </p>
   </div>
   <div class='ocr_carea' id='block_1_29' title="bbox 2245 1343 3844 1418">
    <p class='ocr_par' dir='ltr' id='par_1_29' title="bbox 2245 1343 3844 1418">
     <span class='ocr_line' id='line_1_29' title="bbox 2245 1343 3844 1418; baseline 0.004 -18"><span class='ocrx_word' id='word_1_239' title='bbox 2245 1343 2396 1400; x_wconf 91' lang='lat' dir='ltr'><strong>rialis</strong></span> <span class='ocrx_word' id='word_1_240' title='bbox 2426 1359 2692 1416; x_wconf 85' lang='lat' dir='ltr'><strong>compago</strong></span> <span class='ocrx_word' id='word_1_241' title='bbox 2721 1362 3042 1418; x_wconf 91' lang='lat' dir='ltr'><strong>pennarum,</strong></span> <span class='ocrx_word' id='word_1_242' title='bbox 3069 1348 3164 1404; x_wconf 88' lang='lat' dir='ltr'><strong>sed</strong></span> <span class='ocrx_word' id='word_1_243' title='bbox 3190 1349 3481 1403; x_wconf 90' lang='lat' dir='ltr'><strong>continuus</strong></span> <span class='ocrx_word' id='word_1_244' title='bbox 3508 1349 3648 1404; x_wconf 90' lang='lat' dir='ltr'><strong>ordo</strong></span> <span class='ocrx_word' id='word_1_245' title='bbox 3683 1349 3844 1408; x_wconf 86' lang='lat' dir='ltr'><strong>bono-</strong></span> 
     </span>
    </p>
   </div>
   <div class='ocr_carea' id='block_1_30' title="bbox 2242 1435 3841 1510">
    <p class='ocr_par' dir='ltr' id='par_1_30' title="bbox 2242 1435 3841 1510">
     <span class='ocr_line' id='line_1_30' title="bbox 2242 1435 3841 1510; baseline 0.004 -18"><span class='ocrx_word' id='word_1_246' title='bbox 2242 1452 2363 1492; x_wconf 92' lang='lat' dir='ltr'><strong>rum</strong></span> <span class='ocrx_word' id='word_1_247' title='bbox 2397 1435 2661 1494; x_wconf 87' lang='lat' dir='ltr'><strong>factorum</strong></span> <span class='ocrx_word' id='word_1_248' title='bbox 2689 1448 2806 1505; x_wconf 90' lang='lat' dir='ltr'><strong>est;</strong></span> <span class='ocrx_word' id='word_1_249' title='bbox 2849 1439 3026 1510; x_wconf 86' lang='lat' dir='ltr'><strong>qualis</strong></span> <span class='ocrx_word' id='word_1_250' title='bbox 3068 1439 3161 1496; x_wconf 90' lang='lat' dir='ltr'><strong>ille</strong></span> <span class='ocrx_word' id='word_1_251' title='bbox 3205 1440 3548 1508; x_wconf 87' lang='lat' dir='ltr'><strong>Dominicus,</strong></span> <span class='ocrx_word' id='word_1_252' title='bbox 3594 1441 3683 1497; x_wconf 89' lang='lat' dir='ltr'><strong>cui</strong></span> <span class='ocrx_word' id='word_1_253' title='bbox 3713 1441 3841 1499; x_wconf 89' lang='lat' dir='ltr'><strong>bene</strong></span> 
     </span>
    </p>
   </div>
   <div class='ocr_carea' id='block_1_31' title="bbox 2241 1530 3837 1606">
    <p class='ocr_par' dir='ltr' id='par_1_31' title="bbox 2241 1530 3837 1606">
     <span class='ocr_line' id='line_1_31' title="bbox 2241 1530 3837 1606; baseline 0.004 -20"><span class='ocrx_word' id='word_1_254' title='bbox 2241 1530 2472 1587; x_wconf 90' lang='lat' dir='ltr'><strong>dicitur:</strong></span> <span class='ocrx_word' id='word_1_255' title='bbox 2499 1532 2563 1587; x_wconf 83' lang='lat' dir='ltr'><strong>Et</strong></span> <span class='ocrx_word' id='word_1_256' title='bbox 2584 1533 2637 1588; x_wconf 91' lang='lat' dir='ltr'><strong>in</strong></span> <span class='ocrx_word' id='word_1_257' title='bbox 2658 1533 2842 1589; x_wconf 88' lang='lat' dir='ltr'><strong>umbra</strong></span> <span class='ocrx_word' id='word_1_258' title='bbox 2857 1535 3064 1588; x_wconf 89' lang='lat' dir='ltr'><strong>alarum</strong></span> <span class='ocrx_word' id='word_1_259' title='bbox 3086 1544 3292 1590; x_wconf 89' lang='lat' dir='ltr'><strong>tuarum</strong></span> <span class='ocrx_word' id='word_1_260' title='bbox 3307 1535 3523 1606; x_wconf 82' lang='lat' dir='ltr'><strong>sperabo</strong></span> <span class='ocrx_word' id='word_1_261' title='bbox 3553 1533 3837 1606; x_wconf 61' lang='lat' dir='ltr'><strong>(Psalmvt,</strong></span> 
     </span>
    </p>
   </div>
   <div class='ocr_carea' id='block_1_32' title="bbox 524 1623 3837 1703">
    <p class='ocr_par' dir='ltr' id='par_1_32' title="bbox 524 1623 3837 1703">
     <span class='ocr_line' id='line_1_32' title="bbox 524 1623 3837 1703; baseline 0.002 -25"><span class='ocrx_word' id='word_1_262' title='bbox 524 1627 614 1702; x_wconf 85' lang='lat' dir='ltr'><strong>jus</strong></span> <span class='ocrx_word' id='word_1_263' title='bbox 641 1639 875 1702; x_wconf 76' lang='lat' dir='ltr'><strong>quatuor</strong></span> <span class='ocrx_word' id='word_1_264' title='bbox 899 1631 1179 1700; x_wconf 65' lang='lat' dir='ltr'><strong>animalia,</strong></span> <span class='ocrx_word' id='word_1_265' title='bbox 1225 1641 1460 1703; x_wconf 67' lang='lat' dir='ltr'><strong>quatuor</strong></span> <span class='ocrx_word' id='word_1_266' title='bbox 1505 1631 1824 1688; x_wconf 65' lang='lat' dir='ltr'><strong>affectiones</strong></span> <span class='ocrx_word' id='word_1_267' title='bbox 1846 1639 2010 1686; x_wconf 77' lang='lat' dir='ltr'><strong>sunt;</strong></span> <span class='ocrx_word' id='word_1_268' title='bbox 2043 1629 2140 1686; x_wconf 67' lang='lat' dir='ltr'><strong>sed</strong></span> <span class='ocrx_word' id='word_1_269' title='bbox 2170 1639 2218 1699; x_wconf 80' lang='grc' dir='ltr'><strong>Β</strong></span> <span class='ocrx_word' id='word_1_270' title='bbox 2243 1623 2338 1693; x_wconf 74' lang='lat'><strong>2).</strong></span> <span class='ocrx_word' id='word_1_271' title='bbox 2362 1624 2479 1681; x_wconf 81' lang='lat' dir='ltr'><strong>Non</strong></span> <span class='ocrx_word' id='word_1_272' title='bbox 2509 1626 2684 1683; x_wconf 89' lang='lat' dir='ltr'><strong>solum</strong></span> <span class='ocrx_word' id='word_1_273' title='bbox 2710 1628 2856 1683; x_wconf 91' lang='lat' dir='ltr'><strong>enim</strong></span> <span class='ocrx_word' id='word_1_274' title='bbox 2897 1641 3090 1683; x_wconf 87' lang='lat' dir='ltr'><strong>manus</strong></span> <span class='ocrx_word' id='word_1_275' title='bbox 3119 1628 3222 1684; x_wconf 64' lang='lat' dir='ltr'><strong>illa:</strong></span> <span class='ocrx_word' id='word_1_276' title='bbox 3245 1628 3459 1684; x_wconf 88' lang='lat' dir='ltr'><strong>Domini</strong></span> <span class='ocrx_word' id='word_1_277' title='bbox 3487 1627 3670 1684; x_wconf 57' lang='lat' dir='ltr'><strong>afﬁxas</strong></span> <span class='ocrx_word' id='word_1_278' title='bbox 3697 1629 3837 1686; x_wconf 91' lang='lat' dir='ltr'><strong>cruci</strong></span> 
     </span>
    </p>
   </div>
   <div class='ocr_carea' id='block_1_33' title="bbox 526 1724 2137 1798">
    <p class='ocr_par' dir='ltr' id='par_1_33' title="bbox 526 1724 2137 1798">
     <span class='ocr_line' id='line_1_33' title="bbox 526 1724 2137 1798; baseline -0.002 -16"><span class='ocrx_word' id='word_1_279' title='bbox 526 1739 634 1782; x_wconf 90' lang='lat' dir='ltr'><strong>non</strong></span> <span class='ocrx_word' id='word_1_280' title='bbox 659 1725 757 1792; x_wconf 90' lang='lat' dir='ltr'><strong>ita,</strong></span> <span class='ocrx_word' id='word_1_281' title='bbox 781 1733 839 1780; x_wconf 95' lang='lat' dir='ltr'><strong>ut</strong></span> <span class='ocrx_word' id='word_1_282' title='bbox 867 1724 977 1780; x_wconf 83' lang='lat' dir='ltr'><strong>illae</strong></span> <span class='ocrx_word' id='word_1_283' title='bbox 999 1740 1135 1797; x_wconf 90' lang='lat' dir='ltr'><strong>quas</strong></span> <span class='ocrx_word' id='word_1_284' title='bbox 1157 1740 1320 1798; x_wconf 88' lang='lat' dir='ltr'><strong>supra</strong></span> <span class='ocrx_word' id='word_1_285' title='bbox 1343 1726 1769 1797; x_wconf 85' lang='lat' dir='ltr'><strong>descripsimus;</strong></span> <span class='ocrx_word' id='word_1_286' title='bbox 1799 1724 1977 1780; x_wconf 90' lang='lat' dir='ltr'><strong>adhuc</strong></span> <span class='ocrx_word' id='word_1_287' title='bbox 1995 1724 2137 1780; x_wconf 90' lang='lat' dir='ltr'><strong>enim</strong></span> 
     </span>
    </p>
   </div>
   <div class='ocr_carea' id='block_1_34' title="bbox 525 1816 2134 1890">
    <p class='ocr_par' dir='ltr' id='par_1_34' title="bbox 525 1816 2134 1890">
     <span class='ocr_line' id='line_1_34' title="bbox 525 1816 2134 1890; baseline -0.002 -17"><span class='ocrx_word' id='word_1_288' title='bbox 525 1817 635 1874; x_wconf 67' lang='lat' dir='ltr'><strong>illa:</strong></span> <span class='ocrx_word' id='word_1_289' title='bbox 681 1817 1010 1873; x_wconf 91' lang='lat' dir='ltr'><strong>erudiuntur</strong></span> <span class='ocrx_word' id='word_1_290' title='bbox 1059 1817 1294 1887; x_wconf 66' lang='lat' dir='ltr'><strong>animae,</strong></span> <span class='ocrx_word' id='word_1_291' title='bbox 1349 1833 1778 1890; x_wconf 90' lang='lat' dir='ltr'><strong>processumque</strong></span> <span class='ocrx_word' id='word_1_292' title='bbox 1823 1816 2134 1885; x_wconf 91' lang='lat' dir='ltr'><strong>accipiunt:</strong></span> 
     </span>
    </p>
   </div>
   <div class='ocr_carea' id='block_1_35' title="bbox 525 1910 2138 1984">
    <p class='ocr_par' dir='ltr' id='par_1_35' title="bbox 525 1910 2138 1984">
     <span class='ocr_line' id='line_1_35' title="bbox 525 1910 2138 1984; baseline -0.001 -16"><span class='ocrx_word' id='word_1_293' title='bbox 525 1910 616 1968; x_wconf 87' lang='lat' dir='ltr'><strong>hic</strong></span> <span class='ocrx_word' id='word_1_294' title='bbox 632 1911 744 1982; x_wconf 90' lang='lat' dir='ltr'><strong>jam</strong></span> <span class='ocrx_word' id='word_1_295' title='bbox 775 1911 1014 1982; x_wconf 86' lang='lat' dir='ltr'><strong>perlecta</strong></span> <span class='ocrx_word' id='word_1_296' title='bbox 1039 1912 1391 1970; x_wconf 87' lang='lat' dir='ltr'><strong>describitur.</strong></span> <span class='ocrx_word' id='word_1_297' title='bbox 1417 1912 1661 1984; x_wconf 90' lang='lat' dir='ltr'><strong>Denique</strong></span> <span class='ocrx_word' id='word_1_298' title='bbox 1688 1911 1800 1968; x_wconf 77' lang='lat' dir='ltr'><strong>illas</strong></span> <span class='ocrx_word' id='word_1_299' title='bbox 1842 1911 2138 1966; x_wconf 83' lang='lat' dir='ltr'><strong>invitantur</strong></span> 
     </span>
    </p>
   </div>
   <div class='ocr_carea' id='block_1_36' title="bbox 526 2004 2138 2072">
    <p class='ocr_par' dir='ltr' id='par_1_36' title="bbox 526 2004 2138 2072">
     <span class='ocr_line' id='line_1_36' title="bbox 526 2004 2138 2072; baseline 0 -11"><span class='ocrx_word' id='word_1_300' title='bbox 526 2005 596 2062; x_wconf 87' lang='lat' dir='ltr'><strong>ad</strong></span> <span class='ocrx_word' id='word_1_301' title='bbox 623 2005 849 2072; x_wconf 68' lang='lat' dir='ltr'><strong>caelum,</strong></span> <span class='ocrx_word' id='word_1_302' title='bbox 881 2005 1000 2064; x_wconf 66' lang='lat' dir='ltr'><strong>hinc</strong></span> <span class='ocrx_word' id='word_1_303' title='bbox 1047 2006 1103 2062; x_wconf 92' lang='lat' dir='ltr'><strong>in</strong></span> <span class='ocrx_word' id='word_1_304' title='bbox 1132 2005 1275 2063; x_wconf 76' lang='lat' dir='ltr'><strong>ccelo</strong></span> <span class='ocrx_word' id='word_1_305' title='bbox 1321 2015 1406 2063; x_wconf 89' lang='lat' dir='ltr'><strong>est</strong></span> <span class='ocrx_word' id='word_1_306' title='bbox 1427 2022 1552 2063; x_wconf 88' lang='lat' dir='ltr'><strong>cum</strong></span> <span class='ocrx_word' id='word_1_307' title='bbox 1598 2007 1690 2061; x_wconf 91' lang='lat' dir='ltr'><strong>Dei</strong></span> <span class='ocrx_word' id='word_1_308' title='bbox 1741 2005 1931 2062; x_wconf 87' lang='lat' dir='ltr'><strong>verbo.</strong></span> <span class='ocrx_word' id='word_1_309' title='bbox 1965 2004 2138 2061; x_wconf 85' lang='lat' dir='ltr'><strong>Habet</strong></span> 
     </span>
    </p>
   </div>
   <div class='ocr_carea' id='block_1_37' title="bbox 522 2094 2137 2168">
    <p class='ocr_par' dir='ltr' id='par_1_37' title="bbox 522 2094 2137 2168">
     <span class='ocr_line' id='line_1_37' title="bbox 522 2094 2137 2168; baseline -0.001 -17"><span class='ocrx_word' id='word_1_310' title='bbox 522 2106 704 2153; x_wconf 86' lang='lat' dir='ltr'><strong>autem</strong></span> <span class='ocrx_word' id='word_1_311' title='bbox 727 2107 965 2168; x_wconf 89' lang='lat' dir='ltr'><strong>quatuor</strong></span> <span class='ocrx_word' id='word_1_312' title='bbox 991 2097 1335 2165; x_wconf 87' lang='lat' dir='ltr'><strong>aﬁ‘ectiones,</strong></span> <span class='ocrx_word' id='word_1_313' title='bbox 1369 2099 1423 2152; x_wconf 90' lang='lat' dir='ltr'><strong>id</strong></span> <span class='ocrx_word' id='word_1_314' title='bbox 1454 2106 1560 2164; x_wconf 89' lang='lat' dir='ltr'><strong>est,</strong></span> <span class='ocrx_word' id='word_1_315' title='bbox 1589 2095 1933 2152; x_wconf 87' lang='lat' dir='ltr'><strong>similitudini</strong></span> <span class='ocrx_word' id='word_1_316' title='bbox 1963 2094 2137 2151; x_wconf 89' lang='lat' dir='ltr'><strong>homi-</strong></span> 
     </span>
    </p>
   </div>
   <div class='ocr_carea' id='block_1_38' title="bbox 522 2190 2136 2262">
    <p class='ocr_par' dir='ltr' id='par_1_38' title="bbox 522 2190 2136 2262">
     <span class='ocr_line' id='line_1_38' title="bbox 522 2190 2136 2262; baseline 0 -16"><span class='ocrx_word' id='word_1_317' title='bbox 522 2190 639 2259; x_wconf 90' lang='lat' dir='ltr'><strong>nis,</strong></span> <span class='ocrx_word' id='word_1_318' title='bbox 674 2191 880 2258; x_wconf 91' lang='lat' dir='ltr'><strong>leonis,</strong></span> <span class='ocrx_word' id='word_1_319' title='bbox 926 2191 1122 2259; x_wconf 92' lang='lat' dir='ltr'><strong>vituli,</strong></span> <span class='ocrx_word' id='word_1_320' title='bbox 1173 2201 1230 2249; x_wconf 89' lang='lat' dir='ltr'><strong>et</strong></span> <span class='ocrx_word' id='word_1_321' title='bbox 1279 2193 1478 2262; x_wconf 78' lang='lat' dir='ltr'><strong>aquila:</strong></span> <span class='ocrx_word' id='word_1_322' title='bbox 1524 2191 1940 2262; x_wconf 86' lang='lat' dir='ltr'><strong>comparandas.</strong></span> <span class='ocrx_word' id='word_1_323' title='bbox 1988 2191 2136 2260; x_wconf 86' lang='lat' dir='ltr'><strong>Quas</strong></span> 
     </span>
    </p>
   </div>
   <div class='ocr_carea' id='block_1_39' title="bbox 520 2283 2136 2357">
    <p class='ocr_par' dir='ltr' id='par_1_39' title="bbox 520 2283 2136 2357">
     <span class='ocr_line' id='line_1_39' title="bbox 520 2283 2136 2357; baseline 0.002 -18"><span class='ocrx_word' id='word_1_324' title='bbox 520 2283 724 2340; x_wconf 91' lang='lat' dir='ltr'><strong>formas</strong></span> <span class='ocrx_word' id='word_1_325' title='bbox 748 2299 846 2355; x_wconf 91' lang='lat' dir='ltr'><strong>pro</strong></span> <span class='ocrx_word' id='word_1_326' title='bbox 873 2283 1138 2340; x_wconf 89' lang='lat' dir='ltr'><strong>librorum</strong></span> <span class='ocrx_word' id='word_1_327' title='bbox 1157 2285 1607 2357; x_wconf 78' lang='lat' dir='ltr'><strong>Evangelicorum</strong></span> <span class='ocrx_word' id='word_1_328' title='bbox 1628 2286 1965 2357; x_wconf 87' lang='lat' dir='ltr'><strong>proprietate</strong></span> <span class='ocrx_word' id='word_1_329' title='bbox 1980 2301 2136 2343; x_wconf 80' lang='lat' dir='ltr'><strong>acce-</strong></span> 
     </span>
    </p>
   </div>
   <div class='ocr_carea' id='block_1_40' title="bbox 518 2375 2135 2451">
    <p class='ocr_par' dir='ltr' id='par_1_40' title="bbox 518 2375 2135 2451">
     <span class='ocr_line' id='line_1_40' title="bbox 518 2375 2135 2451; baseline 0.002 -19"><span class='ocrx_word' id='word_1_330' title='bbox 518 2375 700 2448; x_wconf 90' lang='lat' dir='ltr'><strong>pimus</strong></span> <span class='ocrx_word' id='word_1_331' title='bbox 731 2375 1010 2448; x_wconf 88' lang='lat' dir='ltr'><strong>ﬁguratas.</strong></span> <span class='ocrx_word' id='word_1_332' title='bbox 1045 2377 1113 2432; x_wconf 88' lang='lat' dir='ltr'><strong>Et</strong></span> <span class='ocrx_word' id='word_1_333' title='bbox 1145 2378 1270 2435; x_wconf 90' lang='lat' dir='ltr'><strong>ideo</strong></span> <span class='ocrx_word' id='word_1_334' title='bbox 1320 2377 1410 2435; x_wconf 92' lang='lat' dir='ltr'><strong>hic</strong></span> <span class='ocrx_word' id='word_1_335' title='bbox 1441 2395 1656 2451; x_wconf 89' lang='lat' dir='ltr'><strong>quoque</strong></span> <span class='ocrx_word' id='word_1_336' title='bbox 1689 2379 1743 2434; x_wconf 94' lang='lat' dir='ltr'><strong>in</strong></span> <span class='ocrx_word' id='word_1_337' title='bbox 1774 2380 1995 2436; x_wconf 90' lang='lat' dir='ltr'><strong>homine</strong></span> <span class='ocrx_word' id='word_1_338' title='bbox 2046 2395 2135 2436; x_wconf 89' lang='lat' dir='ltr'><strong>ra-</strong></span> 
     </span>
    </p>
   </div>
   <div class='ocr_carea' id='block_1_41' title="bbox 519 2470 2134 2546">
    <p class='ocr_par' dir='ltr' id='par_1_41' title="bbox 519 2470 2134 2546">
     <span class='ocr_line' id='line_1_41' title="bbox 519 2470 2134 2546; baseline 0.003 -20"><span class='ocrx_word' id='word_1_339' title='bbox 519 2470 821 2535; x_wconf 90' lang='lat' dir='ltr'><strong>tionabilis,</strong></span> <span class='ocrx_word' id='word_1_340' title='bbox 857 2471 912 2526; x_wconf 93' lang='lat' dir='ltr'><strong>in</strong></span> <span class='ocrx_word' id='word_1_341' title='bbox 941 2471 1102 2528; x_wconf 89' lang='lat' dir='ltr'><strong>leone</strong></span> <span class='ocrx_word' id='word_1_342' title='bbox 1131 2473 1482 2546; x_wconf 89' lang='lat' dir='ltr'><strong>impetibilis,</strong></span> <span class='ocrx_word' id='word_1_343' title='bbox 1515 2475 1568 2529; x_wconf 92' lang='lat' dir='ltr'><strong>in</strong></span> <span class='ocrx_word' id='word_1_344' title='bbox 1598 2474 1770 2530; x_wconf 90' lang='lat' dir='ltr'><strong>vitulo</strong></span> <span class='ocrx_word' id='word_1_345' title='bbox 1795 2474 2134 2545; x_wconf 91' lang='lat' dir='ltr'><strong>concupisci-</strong></span> 
     </span>
    </p>
   </div>
   <div class='ocr_carea' id='block_1_42' title="bbox 519 2560 2131 2638">
    <p class='ocr_par' dir='ltr' id='par_1_42' title="bbox 519 2560 2131 2638">
     <span class='ocr_line' id='line_1_42' title="bbox 519 2560 2131 2638; baseline 0.002 -20"><span class='ocrx_word' id='word_1_346' title='bbox 519 2560 667 2631; x_wconf 88' lang='lat' dir='ltr'><strong>bilis,</strong></span> <span class='ocrx_word' id='word_1_347' title='bbox 701 2563 756 2618; x_wconf 92' lang='lat' dir='ltr'><strong>in</strong></span> <span class='ocrx_word' id='word_1_348' title='bbox 784 2563 966 2634; x_wconf 90' lang='lat' dir='ltr'><strong>aquila</strong></span> <span class='ocrx_word' id='word_1_349' title='bbox 989 2564 1221 2620; x_wconf 81' lang='lat' dir='ltr'><strong>visibilis</strong></span> <span class='ocrx_word' id='word_1_350' title='bbox 1241 2580 1340 2636; x_wconf 90' lang='lat' dir='ltr'><strong>per</strong></span> <span class='ocrx_word' id='word_1_351' title='bbox 1361 2566 1563 2636; x_wconf 89' lang='lat' dir='ltr'><strong>ﬁguras</strong></span> <span class='ocrx_word' id='word_1_352' title='bbox 1589 2565 1907 2622; x_wconf 87' lang='lat' dir='ltr'><strong>animalium</strong></span> <span class='ocrx_word' id='word_1_353' title='bbox 1921 2568 2131 2638; x_wconf 89' lang='lat' dir='ltr'><strong>species</strong></span> 
     </span>
    </p>
   </div>
   <div class='ocr_carea' id='block_1_43' title="bbox 516 2654 1228 2728">
    <p class='ocr_par' dir='ltr' id='par_1_43' title="bbox 516 2654 1228 2728">
     <span class='ocr_line' id='line_1_43' title="bbox 516 2654 1228 2728; baseline 0.003 -18"><span class='ocrx_word' id='word_1_354' title='bbox 516 2654 825 2712; x_wconf 81' lang='lat' dir='ltr'><strong>aﬁ&#39;ectionis</strong></span> <span class='ocrx_word' id='word_1_355' title='bbox 841 2672 1098 2728; x_wconf 86' lang='lat' dir='ltr'><strong>expressa</strong></span> <span class='ocrx_word' id='word_1_356' title='bbox 1123 2668 1228 2713; x_wconf 92' lang='lat' dir='ltr'><strong>est.</strong></span> 
     </span>
    </p>
   </div>
   <div class='ocr_carea' id='block_1_44' title="bbox 592 2746 2129 2819">
    <p class='ocr_par' dir='ltr' id='par_1_44' title="bbox 592 2746 2129 2819">
     <span class='ocr_line' id='line_1_44' title="bbox 592 2746 2129 2819; baseline 0.005 -19"><span class='ocrx_word' id='word_1_357' title='bbox 592 2746 720 2801; x_wconf 73' lang='grc'><strong>114.</strong></span> <span class='ocrx_word' id='word_1_358' title='bbox 749 2746 884 2801; x_wconf 84' lang='lat' dir='ltr'><strong>Nam</strong></span> <span class='ocrx_word' id='word_1_359' title='bbox 909 2747 962 2802; x_wconf 89' lang='lat' dir='ltr'><strong>in</strong></span> <span class='ocrx_word' id='word_1_360' title='bbox 987 2748 1134 2802; x_wconf 93' lang='lat' dir='ltr'><strong>omni</strong></span> <span class='ocrx_word' id='word_1_361' title='bbox 1166 2749 1416 2819; x_wconf 90' lang='lat' dir='ltr'><strong>sapiente</strong></span> <span class='ocrx_word' id='word_1_362' title='bbox 1437 2751 1557 2806; x_wconf 90' lang='lat' dir='ltr'><strong>viro</strong></span> <span class='ocrx_word' id='word_1_363' title='bbox 1580 2750 1884 2808; x_wconf 86' lang='lat' dir='ltr'><strong>Prudentes</strong></span> <span class='ocrx_word' id='word_1_364' title='bbox 1906 2749 2129 2808; x_wconf 66' lang='lat' dir='ltr'><strong>Graeciaa</strong></span> 
     </span>
    </p>
   </div>
   <div class='ocr_carea' id='block_1_45' title="bbox 514 2841 2124 2920">
    <p class='ocr_par' dir='ltr' id='par_1_45' title="bbox 514 2841 2124 2920">
     <span class='ocr_line' id='line_1_45' title="bbox 514 2841 2124 2920; baseline 0.005 -26"><span class='ocrx_word' id='word_1_365' title='bbox 514 2851 638 2896; x_wconf 88' lang='lat' dir='ltr'><strong>esse</strong></span> <span class='ocrx_word' id='word_1_366' title='bbox 669 2849 1120 2895; x_wconf 88' lang='lat' dir='ltr'><strong>memoraverunt</strong></span> <span class='ocrx_word' id='word_1_367' title='bbox 1168 2841 1486 2916; x_wconf 70' lang='grc' dir='ltr'><strong>λογιστικὸν,</strong></span> <span class='ocrx_word' id='word_1_368' title='bbox 1529 2846 1834 2917; x_wconf 82' lang='grc' dir='ltr'><strong>θυμηθιχὸν,</strong></span> <span class='ocrx_word' id='word_1_369' title='bbox 1877 2846 2124 2920; x_wconf 81' lang='grc' dir='ltr'><strong>ἐπιθυμη-</strong></span> 
     </span>
    </p>
   </div>
   <div class='ocr_carea' id='block_1_46' title="bbox 514 2927 2128 3006">
    <p class='ocr_par' dir='ltr' id='par_1_46' title="bbox 514 2927 2128 3006">
     <span class='ocr_line' id='line_1_46' title="bbox 514 2927 2128 3006; baseline 0.004 -20"><span class='ocrx_word' id='word_1_370' title='bbox 514 2931 670 2996; x_wconf 82' lang='grc' dir='ltr'><strong>τικὸν,</strong></span> <span class='ocrx_word' id='word_1_371' title='bbox 695 2927 1024 3006; x_wconf 79' lang='grc' dir='ltr'><strong>διορατικόνέ</strong></span> <span class='ocrx_word' id='word_1_372' title='bbox 1057 2931 1235 2987; x_wconf 88' lang='lat' dir='ltr'><strong>Latini</strong></span> <span class='ocrx_word' id='word_1_373' title='bbox 1279 2949 1413 2990; x_wconf 91' lang='lat' dir='ltr'><strong>vero</strong></span> <span class='ocrx_word' id='word_1_374' title='bbox 1460 2935 1828 3005; x_wconf 87' lang='lat' dir='ltr'><strong>prudentiam,</strong></span> <span class='ocrx_word' id='word_1_375' title='bbox 1856 2936 2128 2992; x_wconf 84' lang='lat' dir='ltr'><strong>fortitudi-</strong></span> 
     </span>
    </p>
   </div>
   <div class='ocr_carea' id='block_1_47' title="bbox 2245 1717 3830 1788">
    <p class='ocr_par' dir='ltr' id='par_1_47' title="bbox 2245 1717 3830 1788">
     <span class='ocr_line' id='line_1_47' title="bbox 2245 1717 3830 1788; baseline 0.003 -17"><span class='ocrx_word' id='word_1_376' title='bbox 2245 1717 2299 1771; x_wconf 92' lang='lat' dir='ltr'><strong>in</strong></span> <span class='ocrx_word' id='word_1_377' title='bbox 2330 1717 2552 1773; x_wconf 92' lang='lat' dir='ltr'><strong>modum</strong></span> <span class='ocrx_word' id='word_1_378' title='bbox 2576 1719 2810 1775; x_wconf 80' lang='lat' dir='ltr'><strong>volantis</strong></span> <span class='ocrx_word' id='word_1_379' title='bbox 2830 1729 3087 1788; x_wconf 59' lang='lat' dir='ltr'><strong>extenta,</strong></span> <span class='ocrx_word' id='word_1_380' title='bbox 3107 1719 3202 1776; x_wconf 89' lang='lat' dir='ltr'><strong>sed</strong></span> <span class='ocrx_word' id='word_1_381' title='bbox 3226 1720 3392 1776; x_wconf 89' lang='lat' dir='ltr'><strong>etiam</strong></span> <span class='ocrx_word' id='word_1_382' title='bbox 3415 1719 3559 1776; x_wconf 77' lang='lat' dir='ltr'><strong>facta</strong></span> <span class='ocrx_word' id='word_1_383' title='bbox 3575 1721 3830 1788; x_wconf 70' lang='lat' dir='ltr'><strong>caelestia,</strong></span> 
     </span>
    </p>
   </div>
   <div class='ocr_carea' id='block_1_48' title="bbox 2243 1811 3836 1884">
    <p class='ocr_par' dir='ltr' id='par_1_48' title="bbox 2243 1811 3836 1884">
     <span class='ocr_line' id='line_1_48' title="bbox 2243 1811 3836 1884; baseline 0.005 -19"><span class='ocrx_word' id='word_1_384' title='bbox 2243 1811 2387 1866; x_wconf 90' lang='lat' dir='ltr'><strong>velut</strong></span> <span class='ocrx_word' id='word_1_385' title='bbox 2415 1811 2605 1868; x_wconf 91' lang='lat' dir='ltr'><strong>umbra</strong></span> <span class='ocrx_word' id='word_1_386' title='bbox 2635 1813 2997 1884; x_wconf 88' lang='lat' dir='ltr'><strong>refrigerante</strong></span> <span class='ocrx_word' id='word_1_387' title='bbox 3027 1814 3214 1871; x_wconf 90' lang='lat' dir='ltr'><strong>salutis</strong></span> <span class='ocrx_word' id='word_1_388' title='bbox 3241 1826 3477 1884; x_wconf 64' lang='lat' dir='ltr'><strong>aeternae,</strong></span> <span class='ocrx_word' id='word_1_389' title='bbox 3520 1817 3705 1874; x_wconf 91' lang='lat' dir='ltr'><strong>mundi</strong></span> <span class='ocrx_word' id='word_1_390' title='bbox 3733 1817 3836 1874; x_wconf 86' lang='lat' dir='ltr'><strong>fer-</strong></span> 
     </span>
    </p>
   </div>
   <div class='ocr_carea' id='block_1_49' title="bbox 2241 1904 3126 1976">
    <p class='ocr_par' dir='ltr' id='par_1_49' title="bbox 2241 1904 3126 1976">
     <span class='ocr_line' id='line_1_49' title="bbox 2241 1904 3126 1976; baseline 0.005 -18"><span class='ocrx_word' id='word_1_391' title='bbox 2241 1906 2420 1960; x_wconf 89' lang='lat' dir='ltr'><strong>ventis</strong></span> <span class='ocrx_word' id='word_1_392' title='bbox 2447 1904 2701 1960; x_wconf 90' lang='lat' dir='ltr'><strong>incendia</strong></span> <span class='ocrx_word' id='word_1_393' title='bbox 2729 1914 3126 1976; x_wconf 83' lang='lat' dir='ltr'><strong>temperarunt.</strong></span> 
     </span>
    </p>
   </div>
   <div class='ocr_carea' id='block_1_50' title="bbox 2313 1997 3832 2076">
    <p class='ocr_par' dir='ltr' id='par_1_50' title="bbox 2313 1997 3832 2076">
     <span class='ocr_line' id='line_1_50' title="bbox 2313 1997 3832 2076; baseline 0.006 -25"><span class='ocrx_word' id='word_1_394' title='bbox 2313 1997 2437 2053; x_wconf 88' lang='grc'><strong>116.</strong></span> <span class='ocrx_word' id='word_1_395' title='bbox 2465 1998 2606 2070; x_wconf 83' lang='lat' dir='ltr'><strong>Ergo</strong></span> <span class='ocrx_word' id='word_1_396' title='bbox 2634 2001 2760 2070; x_wconf 89' lang='lat' dir='ltr'><strong>quia</strong></span> <span class='ocrx_word' id='word_1_397' title='bbox 2785 1999 3006 2056; x_wconf 89' lang='lat' dir='ltr'><strong>volandi</strong></span> <span class='ocrx_word' id='word_1_398' title='bbox 3029 2000 3187 2057; x_wconf 88' lang='lat' dir='ltr'><strong>nobis</strong></span> <span class='ocrx_word' id='word_1_399' title='bbox 3215 2000 3340 2057; x_wconf 84' lang='lat' dir='ltr'><strong>data</strong></span> <span class='ocrx_word' id='word_1_400' title='bbox 3370 2010 3456 2060; x_wconf 88' lang='lat' dir='ltr'><strong>est</strong></span> <span class='ocrx_word' id='word_1_401' title='bbox 3474 2002 3655 2073; x_wconf 88' lang='lat' dir='ltr'><strong>copia,</strong></span> <span class='ocrx_word' id='word_1_402' title='bbox 3684 2001 3832 2076; x_wconf 67' lang='grc'><strong>242</strong></span> 
     </span>
    </p>
   </div>
   <div class='ocr_carea' id='block_1_51' title="bbox 2237 2095 3832 2168">
    <p class='ocr_par' dir='ltr' id='par_1_51' title="bbox 2237 2095 3832 2168">
     <span class='ocr_line' id='line_1_51' title="bbox 2237 2095 3832 2168; baseline 0.001 -20"><span class='ocrx_word' id='word_1_403' title='bbox 2237 2095 2438 2149; x_wconf 78' lang='lat' dir='ltr'><strong>excitet</strong></span> <span class='ocrx_word' id='word_1_404' title='bbox 2461 2095 2513 2149; x_wconf 93' lang='lat' dir='ltr'><strong>in</strong></span> <span class='ocrx_word' id='word_1_405' title='bbox 2538 2107 2598 2150; x_wconf 91' lang='lat' dir='ltr'><strong>se</strong></span> <span class='ocrx_word' id='word_1_406' title='bbox 2628 2095 2999 2166; x_wconf 89' lang='lat' dir='ltr'><strong>unusquisque</strong></span> <span class='ocrx_word' id='word_1_407' title='bbox 3023 2095 3253 2165; x_wconf 87' lang='lat' dir='ltr'><strong>gratiam</strong></span> <span class='ocrx_word' id='word_1_408' title='bbox 3299 2095 3419 2163; x_wconf 85' lang='lat' dir='ltr'><strong>Dei,</strong></span> <span class='ocrx_word' id='word_1_409' title='bbox 3449 2111 3516 2151; x_wconf 91' lang='lat' dir='ltr'><strong>ac</strong></span> <span class='ocrx_word' id='word_1_410' title='bbox 3545 2095 3832 2168; x_wconf 88' lang='lat' dir='ltr'><strong>posteriora</strong></span> 
     </span>
    </p>
   </div>
   <div class='ocr_carea' id='block_1_52' title="bbox 2237 2187 3830 2262">
    <p class='ocr_par' dir='ltr' id='par_1_52' title="bbox 2237 2187 3830 2262">
     <span class='ocr_line' id='line_1_52' title="bbox 2237 2187 3830 2262; baseline 0.002 -21"><span class='ocrx_word' id='word_1_411' title='bbox 2237 2187 2589 2254; x_wconf 89' lang='lat' dir='ltr'><strong>obltviscens,</strong></span> <span class='ocrx_word' id='word_1_412' title='bbox 2617 2190 2799 2259; x_wconf 89' lang='lat' dir='ltr'><strong>priora</strong></span> <span class='ocrx_word' id='word_1_413' title='bbox 2826 2198 3116 2262; x_wconf 85' lang='lat' dir='ltr'><strong>appetens,</strong></span> <span class='ocrx_word' id='word_1_414' title='bbox 3147 2189 3216 2245; x_wconf 90' lang='lat' dir='ltr'><strong>ad</strong></span> <span class='ocrx_word' id='word_1_415' title='bbox 3247 2189 3523 2246; x_wconf 88' lang='lat' dir='ltr'><strong>destinata</strong></span> <span class='ocrx_word' id='word_1_416' title='bbox 3551 2190 3830 2246; x_wconf 88' lang='lat' dir='ltr'><strong>contendat</strong></span> 
     </span>
    </p>
   </div>
   <div class='ocr_carea' id='block_1_53' title="bbox 2238 2277 3833 2353">
    <p class='ocr_par' dir='ltr' id='par_1_53' title="bbox 2238 2277 3833 2353">
     <span class='ocr_line' id='line_1_53' title="bbox 2238 2277 3833 2353; baseline 0.003 -21"><span class='ocrx_word' id='word_1_417' title='bbox 2238 2277 2407 2351; x_wconf 80' lang='lat' dir='ltr'><strong>(Phil.</strong></span> <span class='ocrx_word' id='word_1_418' title='bbox 2439 2295 2519 2347; x_wconf 88' lang='grc' dir='ltr'>ιιι,</span> <span class='ocrx_word' id='word_1_419' title='bbox 2552 2280 2664 2353; x_wconf 81' lang='grc'><strong>15).</strong></span> <span class='ocrx_word' id='word_1_420' title='bbox 2698 2281 2896 2336; x_wconf 88' lang='lat' dir='ltr'><strong>Procul</strong></span> <span class='ocrx_word' id='word_1_421' title='bbox 2925 2298 2958 2338; x_wconf 90' lang='lat' dir='ltr'><strong>a</strong></span> <span class='ocrx_word' id='word_1_422' title='bbox 3002 2293 3022 2320; x_wconf 76' lang='grc' dir='ltr'>ε</span> <span class='ocrx_word' id='word_1_423' title='bbox 3057 2281 3266 2338; x_wconf 73' lang='lat' dir='ltr'><strong>militia:</strong></span> <span class='ocrx_word' id='word_1_424' title='bbox 3311 2281 3634 2350; x_wconf 91' lang='lat' dir='ltr'><strong>honoribus,</strong></span> <span class='ocrx_word' id='word_1_425' title='bbox 3657 2280 3833 2353; x_wconf 89' lang='lat' dir='ltr'><strong>procul</strong></span> 
     </span>
    </p>
   </div>
   <div class='ocr_carea' id='block_1_54' title="bbox 2236 2372 3833 2445">
    <p class='ocr_par' dir='ltr' id='par_1_54' title="bbox 2236 2372 3833 2445">
     <span class='ocr_line' id='line_1_54' title="bbox 2236 2372 3833 2445; baseline 0.002 -19"><span class='ocrx_word' id='word_1_426' title='bbox 2236 2372 2304 2428; x_wconf 90' lang='lat' dir='ltr'><strong>ab</strong></span> <span class='ocrx_word' id='word_1_427' title='bbox 2326 2373 2548 2429; x_wconf 83' lang='lat' dir='ltr'><strong>aestibus</strong></span> <span class='ocrx_word' id='word_1_428' title='bbox 2581 2373 2798 2440; x_wconf 89' lang='lat' dir='ltr'><strong>mundi;</strong></span> <span class='ocrx_word' id='word_1_429' title='bbox 2831 2389 2900 2430; x_wconf 93' lang='lat' dir='ltr'><strong>ne</strong></span> <span class='ocrx_word' id='word_1_430' title='bbox 2924 2373 3069 2445; x_wconf 91' lang='lat' dir='ltr'><strong>quod</strong></span> <span class='ocrx_word' id='word_1_431' title='bbox 3095 2373 3298 2430; x_wconf 62' lang='lat' dir='ltr'><strong>fabulae</strong></span> <span class='ocrx_word' id='word_1_432' title='bbox 3327 2373 3534 2443; x_wconf 82' lang='lat' dir='ltr'><strong>lerunt,</strong></span> <span class='ocrx_word' id='word_1_433' title='bbox 3561 2385 3690 2430; x_wconf 58' lang='lat' dir='ltr'><strong>aestu</strong></span> <span class='ocrx_word' id='word_1_434' title='bbox 3711 2375 3833 2430; x_wconf 88' lang='lat' dir='ltr'><strong>solis</strong></span> 
     </span>
    </p>
   </div>
   <div class='ocr_carea' id='block_1_55' title="bbox 2235 2466 3831 2537">
    <p class='ocr_par' dir='ltr' id='par_1_55' title="bbox 2235 2466 3831 2537">
     <span class='ocr_line' id='line_1_55' title="bbox 2235 2466 3831 2537; baseline -0.001 -15"><span class='ocrx_word' id='word_1_435' title='bbox 2235 2481 2361 2522; x_wconf 90' lang='lat' dir='ltr'><strong>cera</strong></span> <span class='ocrx_word' id='word_1_436' title='bbox 2395 2467 2635 2523; x_wconf 89' lang='lat' dir='ltr'><strong>resoluta</strong></span> <span class='ocrx_word' id='word_1_437' title='bbox 2665 2466 2882 2524; x_wconf 88' lang='lat' dir='ltr'><strong>Icareos</strong></span> <span class='ocrx_word' id='word_1_438' title='bbox 2923 2467 3135 2522; x_wconf 87' lang='lat' dir='ltr'><strong>volatus</strong></span> <span class='ocrx_word' id='word_1_439' title='bbox 3165 2481 3342 2537; x_wconf 88' lang='lat' dir='ltr'><strong>penna</strong></span> <span class='ocrx_word' id='word_1_440' title='bbox 3375 2467 3659 2524; x_wconf 86' lang='lat' dir='ltr'><strong>relabente</strong></span> <span class='ocrx_word' id='word_1_441' title='bbox 3678 2466 3831 2522; x_wconf 88' lang='lat' dir='ltr'><strong>desti-</strong></span> 
     </span>
    </p>
   </div>
   <div class='ocr_carea' id='block_1_56' title="bbox 2234 2555 3816 2632">
    <p class='ocr_par' dir='ltr' id='par_1_56' title="bbox 2234 2555 3816 2632">
     <span class='ocr_line' id='line_1_56' title="bbox 2234 2555 3816 2632; baseline -0.001 -18"><span class='ocrx_word' id='word_1_442' title='bbox 2234 2566 2370 2614; x_wconf 89' lang='lat' dir='ltr'><strong>tuat.</strong></span> <span class='ocrx_word' id='word_1_443' title='bbox 2417 2559 2550 2614; x_wconf 84' lang='lat' dir='ltr'><strong>Nam</strong></span> <span class='ocrx_word' id='word_1_444' title='bbox 2577 2555 2758 2615; x_wconf 75' lang='lat' dir='ltr'><strong>licetd</strong></span> <span class='ocrx_word' id='word_1_445' title='bbox 2787 2558 3027 2632; x_wconf 88' lang='lat' dir='ltr'><strong>gravitas</strong></span> <span class='ocrx_word' id='word_1_446' title='bbox 3064 2558 3334 2615; x_wconf 90' lang='lat' dir='ltr'><strong>dictorum</strong></span> <span class='ocrx_word' id='word_1_447' title='bbox 3388 2560 3562 2626; x_wconf 89' lang='lat' dir='ltr'><strong>absit;</strong></span> <span class='ocrx_word' id='word_1_448' title='bbox 3617 2557 3816 2629; x_wconf 87' lang='lat' dir='ltr'><strong>poetico</strong></span> 
     </span>
    </p>
   </div>
   <div class='ocr_carea' id='block_1_57' title="bbox 2235 2651 3826 2724">
    <p class='ocr_par' dir='ltr' id='par_1_57' title="bbox 2235 2651 3826 2724">
     <span class='ocr_line' id='line_1_57' title="bbox 2235 2651 3826 2724; baseline -0.003 -15"><span class='ocrx_word' id='word_1_449' title='bbox 2235 2663 2412 2710; x_wconf 91' lang='lat' dir='ltr'><strong>tamen</strong></span> <span class='ocrx_word' id='word_1_450' title='bbox 2437 2653 2554 2709; x_wconf 90' lang='lat' dir='ltr'><strong>sale</strong></span> <span class='ocrx_word' id='word_1_451' title='bbox 2583 2653 2868 2709; x_wconf 87' lang='lat' dir='ltr'><strong>declarare</strong></span> <span class='ocrx_word' id='word_1_452' title='bbox 2899 2654 3190 2709; x_wconf 91' lang='lat' dir='ltr'><strong>voluerunt</strong></span> <span class='ocrx_word' id='word_1_453' title='bbox 3217 2653 3569 2724; x_wconf 91' lang='lat' dir='ltr'><strong>prudentium</strong></span> <span class='ocrx_word' id='word_1_454' title='bbox 3611 2651 3826 2707; x_wconf 87' lang='lat' dir='ltr'><strong>maturi-</strong></span> 
     </span>
    </p>
   </div>
   <div class='ocr_carea' id='block_1_58' title="bbox 2233 2746 3826 2818">
    <p class='ocr_par' dir='ltr' id='par_1_58' title="bbox 2233 2746 3826 2818">
     <span class='ocr_line' id='line_1_58' title="bbox 2233 2746 3826 2818; baseline -0.003 -15"><span class='ocrx_word' id='word_1_455' title='bbox 2233 2748 2328 2803; x_wconf 91' lang='lat' dir='ltr'><strong>tati</strong></span> <span class='ocrx_word' id='word_1_456' title='bbox 2359 2756 2506 2803; x_wconf 90' lang='lat' dir='ltr'><strong>tutos</strong></span> <span class='ocrx_word' id='word_1_457' title='bbox 2535 2761 2659 2804; x_wconf 90' lang='lat' dir='ltr'><strong>esse</strong></span> <span class='ocrx_word' id='word_1_458' title='bbox 2686 2748 2900 2804; x_wconf 88' lang='lat' dir='ltr'><strong>volatus</strong></span> <span class='ocrx_word' id='word_1_459' title='bbox 2926 2762 3025 2818; x_wconf 89' lang='lat' dir='ltr'><strong>per</strong></span> <span class='ocrx_word' id='word_1_460' title='bbox 3052 2747 3336 2813; x_wconf 70' lang='lat' dir='ltr'><strong>saaculum,</strong></span> <span class='ocrx_word' id='word_1_461' title='bbox 3379 2746 3676 2816; x_wconf 78' lang='lat' dir='ltr'><strong>iuvenilem</strong></span> <span class='ocrx_word' id='word_1_462' title='bbox 3706 2761 3826 2802; x_wconf 90' lang='lat' dir='ltr'><strong>vero</strong></span> 
     </span>
    </p>
   </div>
   <div class='ocr_carea' id='block_1_59' title="bbox 2229 2838 3821 2910">
    <p class='ocr_par' dir='ltr' id='par_1_59' title="bbox 2229 2838 3821 2910">
     <span class='ocr_line' id='line_1_59' title="bbox 2229 2838 3821 2910; baseline -0.001 -15"><span class='ocrx_word' id='word_1_463' title='bbox 2229 2839 2501 2896; x_wconf 87' lang='lat' dir='ltr'><strong>levitatem</strong></span> <span class='ocrx_word' id='word_1_464' title='bbox 2530 2840 2824 2896; x_wconf 79' lang='lat' dir='ltr'><strong>obnoxiam</strong></span> <span class='ocrx_word' id='word_1_465' title='bbox 2867 2851 2889 2878; x_wconf 87' lang='grc' dir='ltr'>ο</span> <span class='ocrx_word' id='word_1_466' title='bbox 2918 2838 3303 2910; x_wconf 88' lang='lat' dir='ltr'><strong>cupiditatibus</strong></span> <span class='ocrx_word' id='word_1_467' title='bbox 3346 2839 3572 2906; x_wconf 90' lang='lat' dir='ltr'><strong>mundi,</strong></span> <span class='ocrx_word' id='word_1_468' title='bbox 3604 2839 3821 2896; x_wconf 84' lang='lat' dir='ltr'><strong>reﬂuen-</strong></span> 
     </span>
    </p>
   </div>
   <div class='ocr_carea' id='block_1_60' title="bbox 2230 2932 3819 3004">
    <p class='ocr_par' dir='ltr' id='par_1_60' title="bbox 2230 2932 3819 3004">
     <span class='ocr_line' id='line_1_60' title="bbox 2230 2932 3819 3004; baseline 0.001 -18"><span class='ocrx_word' id='word_1_469' title='bbox 2230 2932 2372 2988; x_wconf 88' lang='lat' dir='ltr'><strong>tibus</strong></span> <span class='ocrx_word' id='word_1_470' title='bbox 2393 2935 2610 3004; x_wconf 90' lang='lat' dir='ltr'><strong>pennis,</strong></span> <span class='ocrx_word' id='word_1_471' title='bbox 2634 2943 2709 2999; x_wconf 91' lang='lat' dir='ltr'><strong>et,</strong></span> <span class='ocrx_word' id='word_1_472' title='bbox 2735 2949 2832 3004; x_wconf 90' lang='lat' dir='ltr'><strong>per</strong></span> <span class='ocrx_word' id='word_1_473' title='bbox 2846 2933 3041 2989; x_wconf 89' lang='lat' dir='ltr'><strong>oblivia</strong></span> <span class='ocrx_word' id='word_1_474' title='bbox 3054 2933 3320 3001; x_wconf 87' lang='lat' dir='ltr'><strong>veritatis,</strong></span> <span class='ocrx_word' id='word_1_475' title='bbox 3341 2935 3665 2990; x_wconf 88' lang='lat' dir='ltr'><strong>meritorum</strong></span> <span class='ocrx_word' id='word_1_476' title='bbox 3680 2949 3819 2990; x_wconf 64' lang='lat' dir='ltr'><strong>como</strong></span> 
     </span>
    </p>
   </div>
   <div class='ocr_carea' id='block_1_61' title="bbox 517 3025 3701 3099">
    <p class='ocr_par' dir='ltr' id='par_1_61' title="bbox 517 3025 3701 3099">
     <span class='ocr_line' id='line_1_61' title="bbox 517 3025 3701 3099; baseline 0 -17"><span class='ocrx_word' id='word_1_477' title='bbox 517 3039 666 3092; x_wconf 89' lang='lat' dir='ltr'><strong>nem,</strong></span> <span class='ocrx_word' id='word_1_478' title='bbox 697 3025 1134 3095; x_wconf 85' lang='lat' dir='ltr'><strong>temperantiam,</strong></span> <span class='ocrx_word' id='word_1_479' title='bbox 1159 3035 1323 3098; x_wconf 90' lang='lat' dir='ltr'><strong>atque</strong></span> <span class='ocrx_word' id='word_1_480' title='bbox 1344 3027 1633 3099; x_wconf 83' lang='lat' dir='ltr'><strong>justitiam.</strong></span> <span class='ocrx_word' id='word_1_481' title='bbox 1658 3029 1950 3086; x_wconf 90' lang='lat' dir='ltr'><strong>Prudentia</strong></span> <span class='ocrx_word' id='word_1_482' title='bbox 1977 3031 2120 3087; x_wconf 92' lang='lat' dir='ltr'><strong>enim</strong></span> <span class='ocrx_word' id='word_1_483' title='bbox 2153 3034 2198 3096; x_wconf 83' lang='lat' dir='ltr'>C</span> <span class='ocrx_word' id='word_1_484' title='bbox 2231 3041 2366 3096; x_wconf 87' lang='lat' dir='ltr'><strong>page</strong></span> <span class='ocrx_word' id='word_1_485' title='bbox 2393 3025 2658 3093; x_wconf 87' lang='lat' dir='ltr'><strong>resoluta,</strong></span> <span class='ocrx_word' id='word_1_486' title='bbox 2686 3025 2895 3096; x_wconf 87' lang='lat' dir='ltr'><strong>majore</strong></span> <span class='ocrx_word' id='word_1_487' title='bbox 2926 3027 3171 3098; x_wconf 92' lang='lat' dir='ltr'><strong>pernicie</strong></span> <span class='ocrx_word' id='word_1_488' title='bbox 3199 3027 3252 3082; x_wconf 92' lang='lat' dir='ltr'><strong>in</strong></span> <span class='ocrx_word' id='word_1_489' title='bbox 3281 3035 3480 3082; x_wconf 87' lang='lat' dir='ltr'><strong>terram</strong></span> <span class='ocrx_word' id='word_1_490' title='bbox 3504 3026 3701 3084; x_wconf 89' lang='lat' dir='ltr'><strong>relabi.</strong></span> 
     </span>
    </p>
   </div>
   <div class='ocr_carea' id='block_1_62' title="bbox 513 3119 2120 3195">
    <p class='ocr_par' dir='ltr' id='par_1_62' title="bbox 513 3119 2120 3195">
     <span class='ocr_line' id='line_1_62' title="bbox 513 3119 2120 3195; baseline 0.003 -19"><span class='ocrx_word' id='word_1_491' title='bbox 513 3119 746 3176; x_wconf 85' lang='lat' dir='ltr'><strong>rationis</strong></span> <span class='ocrx_word' id='word_1_492' title='bbox 776 3119 1029 3175; x_wconf 63' lang='lat' dir='ltr'><strong>humana;</strong></span> <span class='ocrx_word' id='word_1_493' title='bbox 1051 3130 1132 3177; x_wconf 90' lang='lat' dir='ltr'><strong>est</strong></span> <span class='ocrx_word' id='word_1_494' title='bbox 1174 3139 1188 3177; x_wconf 90' lang='lat'><strong>:</strong></span> <span class='ocrx_word' id='word_1_495' title='bbox 1229 3121 1489 3179; x_wconf 78' lang='lat' dir='ltr'><strong>fortitudo</strong></span> <span class='ocrx_word' id='word_1_496' title='bbox 1515 3123 1625 3178; x_wconf 92' lang='lat' dir='ltr'><strong>vim</strong></span> <span class='ocrx_word' id='word_1_497' title='bbox 1655 3123 1946 3195; x_wconf 90' lang='lat' dir='ltr'><strong>quamdam</strong></span> <span class='ocrx_word' id='word_1_498' title='bbox 1977 3125 2120 3181; x_wconf 89' lang='lat' dir='ltr'><strong>fero-</strong></span> 
     </span>
    </p>
   </div>
   <div class='ocr_carea' id='block_1_63' title="bbox 511 3210 2121 3288">
    <p class='ocr_par' dir='ltr' id='par_1_63' title="bbox 511 3210 2121 3288">
     <span class='ocr_line' id='line_1_63' title="bbox 511 3210 2121 3288; baseline 0.004 -21"><span class='ocrx_word' id='word_1_499' title='bbox 511 3210 710 3268; x_wconf 90' lang='lat' dir='ltr'><strong>cientis</strong></span> <span class='ocrx_word' id='word_1_500' title='bbox 739 3211 958 3268; x_wconf 88' lang='lat' dir='ltr'><strong>virtutis</strong></span> <span class='ocrx_word' id='word_1_501' title='bbox 1001 3214 1185 3282; x_wconf 89' lang='lat' dir='ltr'><strong>habet,</strong></span> <span class='ocrx_word' id='word_1_502' title='bbox 1214 3215 1512 3286; x_wconf 89' lang='lat' dir='ltr'><strong>mortisque</strong></span> <span class='ocrx_word' id='word_1_503' title='bbox 1537 3225 1907 3288; x_wconf 91' lang='lat' dir='ltr'><strong>contemptum</strong></span> <span class='ocrx_word' id='word_1_504' title='bbox 1937 3234 1952 3272; x_wconf 90' lang='lat'><strong>:</strong></span> <span class='ocrx_word' id='word_1_505' title='bbox 1986 3227 2121 3274; x_wconf 85' lang='lat' dir='ltr'><strong>tem-</strong></span> 
     </span>
    </p>
   </div>
   <div class='ocr_carea' id='block_1_64' title="bbox 510 3305 2118 3382">
    <p class='ocr_par' dir='ltr' id='par_1_64' title="bbox 510 3305 2118 3382">
     <span class='ocr_line' id='line_1_64' title="bbox 510 3305 2118 3382; baseline 0.003 -21"><span class='ocrx_word' id='word_1_506' title='bbox 510 3305 756 3376; x_wconf 88' lang='lat' dir='ltr'><strong>perantia</strong></span> <span class='ocrx_word' id='word_1_507' title='bbox 787 3314 1018 3361; x_wconf 78' lang='lat' dir='ltr'><strong>sacratae</strong></span> <span class='ocrx_word' id='word_1_508' title='bbox 1039 3306 1257 3363; x_wconf 93' lang='lat' dir='ltr'><strong>vinculo</strong></span> <span class='ocrx_word' id='word_1_509' title='bbox 1285 3307 1590 3375; x_wconf 89' lang='lat' dir='ltr'><strong>charitatis,</strong></span> <span class='ocrx_word' id='word_1_510' title='bbox 1623 3310 2118 3382; x_wconf 83' lang='lat' dir='ltr'><strong>mysteriorumque</strong></span> 
     </span>
    </p>
   </div>
   <div class='ocr_carea' id='block_1_65' title="bbox 507 3397 2122 3473">
    <p class='ocr_par' dir='ltr' id='par_1_65' title="bbox 507 3397 2122 3473">
     <span class='ocr_line' id='line_1_65' title="bbox 507 3397 2122 3473; baseline 0.002 -19"><span class='ocrx_word' id='word_1_511' title='bbox 507 3397 971 3468; x_wconf 89' lang='lat' dir='ltr'><strong>contemplatione</strong></span> <span class='ocrx_word' id='word_1_512' title='bbox 996 3399 1326 3468; x_wconf 67' lang='lat' dir='ltr'><strong>caelestium,</strong></span> <span class='ocrx_word' id='word_1_513' title='bbox 1377 3401 1602 3473; x_wconf 80' lang='lat' dir='ltr'><strong>ncgligit</strong></span> <span class='ocrx_word' id='word_1_514' title='bbox 1639 3402 1889 3472; x_wconf 91' lang='lat' dir='ltr'><strong>corporis</strong></span> <span class='ocrx_word' id='word_1_515' title='bbox 1929 3403 2122 3473; x_wconf 85' lang='lat' dir='ltr'><strong>volup-</strong></span> 
     </span>
    </p>
   </div>
   <div class='ocr_carea' id='block_1_66' title="bbox 508 3489 2114 3566">
    <p class='ocr_par' dir='ltr' id='par_1_66' title="bbox 508 3489 2114 3566">
     <span class='ocr_line' id='line_1_66' title="bbox 508 3489 2114 3566; baseline 0.004 -21"><span class='ocrx_word' id='word_1_516' title='bbox 508 3495 651 3546; x_wconf 85' lang='lat' dir='ltr'><strong>tates</strong></span> <span class='ocrx_word' id='word_1_517' title='bbox 680 3508 693 3542; x_wconf 88' lang='lat'><strong>:</strong></span> <span class='ocrx_word' id='word_1_518' title='bbox 720 3489 926 3560; x_wconf 91' lang='lat' dir='ltr'><strong>justitia</strong></span> <span class='ocrx_word' id='word_1_519' title='bbox 958 3491 1011 3546; x_wconf 91' lang='lat' dir='ltr'><strong>in</strong></span> <span class='ocrx_word' id='word_1_520' title='bbox 1038 3492 1148 3546; x_wconf 89' lang='lat' dir='ltr'><strong>alto</strong></span> <span class='ocrx_word' id='word_1_521' title='bbox 1177 3493 1412 3562; x_wconf 91' lang='lat' dir='ltr'><strong>quodam</strong></span> <span class='ocrx_word' id='word_1_522' title='bbox 1441 3505 1696 3566; x_wconf 89' lang='lat' dir='ltr'><strong>suggestu</strong></span> <span class='ocrx_word' id='word_1_523' title='bbox 1736 3495 1911 3551; x_wconf 90' lang='lat' dir='ltr'><strong>locata</strong></span> <span class='ocrx_word' id='word_1_524' title='bbox 1943 3495 2114 3562; x_wconf 91' lang='lat' dir='ltr'><strong>videt,</strong></span> 
     </span>
    </p>
   </div>
   <div class='ocr_carea' id='block_1_67' title="bbox 503 3582 2114 3659">
    <p class='ocr_par' dir='ltr' id='par_1_67' title="bbox 503 3582 2114 3659">
     <span class='ocr_line' id='line_1_67' title="bbox 503 3582 2114 3659; baseline 0.004 -21"><span class='ocrx_word' id='word_1_525' title='bbox 503 3583 862 3654; x_wconf 84' lang='lat' dir='ltr'><strong>exploratque</strong></span> <span class='ocrx_word' id='word_1_526' title='bbox 915 3585 1140 3639; x_wconf 90' lang='lat' dir='ltr'><strong>omnia:</strong></span> <span class='ocrx_word' id='word_1_527' title='bbox 1188 3582 1362 3656; x_wconf 64' lang='lat' dir='ltr'><strong>l’quze</strong></span> <span class='ocrx_word' id='word_1_528' title='bbox 1409 3586 1528 3641; x_wconf 92' lang='lat' dir='ltr'><strong>aliis</strong></span> <span class='ocrx_word' id='word_1_529' title='bbox 1579 3588 1758 3657; x_wconf 89' lang='lat' dir='ltr'><strong>potius</strong></span> <span class='ocrx_word' id='word_1_530' title='bbox 1804 3597 1925 3643; x_wconf 90' lang='lat' dir='ltr'><strong>nata</strong></span> <span class='ocrx_word' id='word_1_531' title='bbox 1952 3604 2114 3659; x_wconf 91' lang='lat' dir='ltr'><strong>quam</strong></span> 
     </span>
    </p>
   </div>
   <div class='ocr_carea' id='block_1_68' title="bbox 503 3676 2118 3752">
    <p class='ocr_par' dir='ltr' id='par_1_68' title="bbox 503 3676 2118 3752">
     <span class='ocr_line' id='line_1_68' title="bbox 503 3676 2118 3752; baseline 0.003 -19"><span class='ocrx_word' id='word_1_532' title='bbox 503 3676 630 3744; x_wconf 81' lang='lat' dir='ltr'><strong>sibi,</strong></span> <span class='ocrx_word' id='word_1_533' title='bbox 687 3693 800 3734; x_wconf 94' lang='lat' dir='ltr'><strong>non</strong></span> <span class='ocrx_word' id='word_1_534' title='bbox 831 3687 938 3733; x_wconf 91' lang='lat' dir='ltr'><strong>tam</strong></span> <span class='ocrx_word' id='word_1_535' title='bbox 971 3693 1098 3734; x_wconf 87' lang='lat' dir='ltr'><strong>suas</strong></span> <span class='ocrx_word' id='word_1_536' title='bbox 1149 3679 1413 3736; x_wconf 89' lang='lat' dir='ltr'><strong>utilitates</strong></span> <span class='ocrx_word' id='word_1_537' title='bbox 1443 3695 1603 3752; x_wconf 88' lang='lat' dir='ltr'><strong>quam</strong></span> <span class='ocrx_word' id='word_1_538' title='bbox 1649 3681 1859 3752; x_wconf 91' lang='lat' dir='ltr'><strong>publica</strong></span> <span class='ocrx_word' id='word_1_539' title='bbox 1907 3683 2118 3738; x_wconf 91' lang='lat' dir='ltr'><strong>emolu-</strong></span> 
     </span>
    </p>
   </div>
   <div class='ocr_carea' id='block_1_69' title="bbox 501 3771 2110 3848">
    <p class='ocr_par' dir='ltr' id='par_1_69' title="bbox 501 3771 2110 3848">
     <span class='ocr_line' id='line_1_69' title="bbox 501 3771 2110 3848; baseline 0.004 -22"><span class='ocrx_word' id='word_1_540' title='bbox 501 3778 687 3826; x_wconf 89' lang='lat' dir='ltr'><strong>menta</strong></span> <span class='ocrx_word' id='word_1_541' title='bbox 716 3771 967 3826; x_wconf 88' lang='lat' dir='ltr'><strong>rimatur.</strong></span> <span class='ocrx_word' id='word_1_542' title='bbox 1014 3771 1320 3844; x_wconf 85' lang='lat' dir='ltr'><strong>Meritoque</strong></span> <span class='ocrx_word' id='word_1_543' title='bbox 1360 3774 1541 3831; x_wconf 90' lang='lat' dir='ltr'><strong>anima</strong></span> <span class='ocrx_word' id='word_1_544' title='bbox 1572 3787 1795 3846; x_wconf 91' lang='lat' dir='ltr'><strong>operata</strong></span> <span class='ocrx_word' id='word_1_545' title='bbox 1817 3775 2110 3848; x_wconf 85' lang='lat' dir='ltr'><strong>justitiam,</strong></span> 
     </span>
    </p>
   </div>
   <div class='ocr_carea' id='block_1_70' title="bbox 499 3861 2112 3944">
    <p class='ocr_par' dir='ltr' id='par_1_70' title="bbox 499 3861 2112 3944">
     <span class='ocr_line' id='line_1_70' title="bbox 499 3861 2112 3944; baseline 0.006 -26"><span class='ocrx_word' id='word_1_546' title='bbox 499 3861 732 3920; x_wconf 80' lang='lat' dir='ltr'><strong>formam</strong></span> <span class='ocrx_word' id='word_1_547' title='bbox 759 3864 953 3936; x_wconf 76' lang='lat' dir='ltr'><strong>aquila:</strong></span> <span class='ocrx_word' id='word_1_548' title='bbox 985 3867 1205 3938; x_wconf 90' lang='lat' dir='ltr'><strong>accipit,</strong></span> <span class='ocrx_word' id='word_1_549' title='bbox 1249 3868 1394 3940; x_wconf 88' lang='lat' dir='ltr'><strong>quod</strong></span> <span class='ocrx_word' id='word_1_550' title='bbox 1425 3877 1643 3928; x_wconf 90' lang='lat' dir='ltr'><strong>terrena</strong></span> <span class='ocrx_word' id='word_1_551' title='bbox 1682 3870 1989 3944; x_wconf 87' lang='lat' dir='ltr'><strong>defugiens,</strong></span> <span class='ocrx_word' id='word_1_552' title='bbox 2024 3882 2112 3927; x_wconf 90' lang='lat' dir='ltr'><strong>to-</strong></span> 
     </span>
    </p>
   </div>
   <div class='ocr_carea' id='block_1_71' title="bbox 500 4043 2106 4124">
    <p class='ocr_par' dir='ltr' id='par_1_71' title="bbox 500 4043 2106 4124">
     <span class='ocr_line' id='line_1_71' title="bbox 500 4043 2106 4124; baseline 0.006 -24"><span class='ocrx_word' id='word_1_553' title='bbox 500 4057 553 4101; x_wconf 92' lang='lat' dir='ltr'><strong>c.</strong></span> <span class='ocrx_word' id='word_1_554' title='bbox 570 4043 788 4124; x_wconf 81' lang='lat' dir='ltr'><strong>8,num.</strong></span> <span class='ocrx_word' id='word_1_555' title='bbox 816 4047 908 4124; x_wconf 59' lang='lat'><strong>55,</strong></span> <span class='ocrx_word' id='word_1_556' title='bbox 929 4049 1298 4124; x_wconf 80' lang='lat' dir='ltr'><strong>disputantur,</strong></span> <span class='ocrx_word' id='word_1_557' title='bbox 1330 4052 1471 4109; x_wconf 90' lang='lat' dir='ltr'><strong>inter</strong></span> <span class='ocrx_word' id='word_1_558' title='bbox 1493 4068 1554 4109; x_wconf 90' lang='lat' dir='ltr'><strong>se</strong></span> <span class='ocrx_word' id='word_1_559' title='bbox 1567 4069 1904 4124; x_wconf 86' lang='lat' dir='ltr'><strong>comparare.</strong></span> <span class='ocrx_word' id='word_1_560' title='bbox 1932 4055 2106 4113; x_wconf 90' lang='lat' dir='ltr'><strong>Sedet</strong></span> 
     </span>
    </p>
   </div>
   <div class='ocr_carea' id='block_1_72' title="bbox 498 4117 2107 4195">
    <p class='ocr_par' dir='ltr' id='par_1_72' title="bbox 498 4117 2107 4195">
     <span class='ocr_line' id='line_1_72' title="bbox 498 4117 2107 4195; baseline 0.006 -24"><span class='ocrx_word' id='word_1_561' title='bbox 498 4124 626 4195; x_wconf 65' lang='lat' dir='ltr'><strong>ante</strong></span> <span class='ocrx_word' id='word_1_562' title='bbox 647 4117 999 4195; x_wconf 70' lang='lat' dir='ltr'><strong>Ambrosium</strong></span> <span class='ocrx_word' id='word_1_563' title='bbox 1024 4117 1291 4195; x_wconf 65' lang='lat' dir='ltr'><strong>lustinus</strong></span> <span class='ocrx_word' id='word_1_564' title='bbox 1317 4117 1928 4195; x_wconf 12' lang='lat' dir='ltr'><strong>martyrioratIParmn.</strong></span> <span class='ocrx_word' id='word_1_565' title='bbox 1955 4143 2107 4182; x_wconf 89' lang='lat' dir='ltr'><strong>eum-</strong></span> 
     </span>
    </p>
   </div>
   <div class='ocr_carea' id='block_1_73' title="bbox 497 4186 2105 4263">
    <p class='ocr_par' dir='ltr' id='par_1_73' title="bbox 497 4186 2105 4263">
     <span class='ocr_line' id='line_1_73' title="bbox 497 4186 2105 4263; baseline 0.007 -19"><span class='ocrx_word' id='word_1_566' title='bbox 497 4186 624 4263; x_wconf 76' lang='lat' dir='ltr'><strong>dem</strong></span> <span class='ocrx_word' id='word_1_567' title='bbox 647 4260 656 4263; x_wconf 76' lang='lat'><strong><em>_</em></strong></span> <span class='ocrx_word' id='word_1_568' title='bbox 679 4188 1061 4263; x_wconf 66' lang='lat' dir='ltr'><strong>philosophum</strong></span> <span class='ocrx_word' id='word_1_569' title='bbox 1107 4186 1495 4263; x_wconf 79' lang='lat' dir='ltr'><strong>prophetarum</strong></span> <span class='ocrx_word' id='word_1_570' title='bbox 1529 4194 1720 4263; x_wconf 90' lang='lat' dir='ltr'><strong>libros,</strong></span> <span class='ocrx_word' id='word_1_571' title='bbox 1751 4208 1807 4251; x_wconf 90' lang='lat' dir='ltr'><strong>et</strong></span> <span class='ocrx_word' id='word_1_572' title='bbox 1852 4197 1996 4254; x_wconf 89' lang='lat' dir='ltr'><strong>hunc</strong></span> <span class='ocrx_word' id='word_1_573' title='bbox 2023 4199 2105 4254; x_wconf 89' lang='lat' dir='ltr'><strong>in-</strong></span> 
     </span>
    </p>
   </div>
   <div class='ocr_carea' id='block_1_74' title="bbox 497 4259 2105 4335">
    <p class='ocr_par' dir='ltr' id='par_1_74' title="bbox 497 4259 2105 4335">
     <span class='ocr_line' id='line_1_74' title="bbox 497 4259 2105 4335; baseline 0.007 -22"><span class='ocrx_word' id='word_1_574' title='bbox 497 4259 717 4335; x_wconf 75' lang='lat' dir='ltr'><strong>primis_</strong></span> <span class='ocrx_word' id='word_1_575' title='bbox 744 4259 1046 4335; x_wconf 62' lang='lat' dir='ltr'><strong>Euechielis</strong></span> <span class='ocrx_word' id='word_1_576' title='bbox 1105 4259 1280 4318; x_wconf 83' lang='lat' dir='ltr'><strong>locum</strong></span> <span class='ocrx_word' id='word_1_577' title='bbox 1344 4265 1640 4332; x_wconf 85' lang='lat' dir='ltr'><strong>perlegisse</strong></span> <span class='ocrx_word' id='word_1_578' title='bbox 1682 4259 1944 4335; x_wconf 83' lang='lat' dir='ltr'><strong>testatus,</strong></span> <span class='ocrx_word' id='word_1_579' title='bbox 2006 4270 2105 4324; x_wconf 89' lang='lat' dir='ltr'><strong>ad-</strong></span> 
     </span>
    </p>
   </div>
   <div class='ocr_carea' id='block_1_75' title="bbox 2306 3117 3820 3176">
    <p class='ocr_par' dir='ltr' id='par_1_75' title="bbox 2306 3117 3820 3176">
     <span class='ocr_line' id='line_1_75' title="bbox 2306 3117 3820 3176; baseline 0.002 -5"><span class='ocrx_word' id='word_1_580' title='bbox 2306 3117 2427 3174; x_wconf 84' lang='grc'><strong>117.</strong></span> <span class='ocrx_word' id='word_1_581' title='bbox 2468 3118 2619 3173; x_wconf 91' lang='lat' dir='ltr'><strong>Ilaud</strong></span> <span class='ocrx_word' id='word_1_582' title='bbox 2648 3117 2824 3174; x_wconf 82' lang='lat' dir='ltr'><strong>facilis</strong></span> <span class='ocrx_word' id='word_1_583' title='bbox 2852 3119 3070 3173; x_wconf 92' lang='lat' dir='ltr'><strong>volatus</strong></span> <span class='ocrx_word' id='word_1_584' title='bbox 3091 3119 3345 3174; x_wconf 92' lang='lat' dir='ltr'><strong>omnibus</strong></span> <span class='ocrx_word' id='word_1_585' title='bbox 3372 3133 3389 3174; x_wconf 90' lang='lat'><strong>:</strong></span> <span class='ocrx_word' id='word_1_586' title='bbox 3415 3119 3656 3176; x_wconf 82' lang='lat' dir='ltr'><strong>difﬁcilis</strong></span> <span class='ocrx_word' id='word_1_587' title='bbox 3674 3119 3820 3176; x_wconf 90' lang='lat' dir='ltr'><strong>etiam</strong></span> 
     </span>
    </p>
   </div>
   <div class='ocr_carea' id='block_1_76' title="bbox 2233 3211 3820 3271">
    <p class='ocr_par' dir='ltr' id='par_1_76' title="bbox 2233 3211 3820 3271">
     <span class='ocr_line' id='line_1_76' title="bbox 2233 3211 3820 3271; baseline 0.001 -3"><span class='ocrx_word' id='word_1_588' title='bbox 2233 3211 2710 3268; x_wconf 72' lang='lat' dir='ltr'><strong>fdiscordantibus</strong></span> <span class='ocrx_word' id='word_1_589' title='bbox 2742 3212 2970 3268; x_wconf 91' lang='lat' dir='ltr'><strong>internis</strong></span> <span class='ocrx_word' id='word_1_590' title='bbox 2998 3212 3324 3269; x_wconf 88' lang='lat' dir='ltr'><strong>animalibus</strong></span> <span class='ocrx_word' id='word_1_591' title='bbox 3353 3215 3478 3268; x_wconf 69' lang='lat' dir='ltr'><strong>vita:</strong></span> <span class='ocrx_word' id='word_1_592' title='bbox 3503 3230 3699 3271; x_wconf 86' lang='lat' dir='ltr'><strong>cursus</strong></span> <span class='ocrx_word' id='word_1_593' title='bbox 3733 3214 3820 3270; x_wconf 87' lang='lat' dir='ltr'><strong>bu-</strong></span> 
     </span>
    </p>
   </div>
   <div class='ocr_carea' id='block_1_77' title="bbox 2227 3307 3816 3372">
    <p class='ocr_par' dir='ltr' id='par_1_77' title="bbox 2227 3307 3816 3372">
     <span class='ocr_line' id='line_1_77' title="bbox 2227 3307 3816 3372; baseline 0 -10"><span class='ocrx_word' id='word_1_594' title='bbox 2227 3319 2403 3363; x_wconf 74' lang='lat' dir='ltr'><strong>mana:</strong></span> <span class='ocrx_word' id='word_1_595' title='bbox 2432 3315 2539 3364; x_wconf 91' lang='lat' dir='ltr'><strong>est.</strong></span> <span class='ocrx_word' id='word_1_596' title='bbox 2573 3312 2642 3362; x_wconf 80' lang='lat' dir='ltr'><strong>At</strong></span> <span class='ocrx_word' id='word_1_597' title='bbox 2680 3307 2727 3363; x_wconf 90' lang='lat' dir='ltr'><strong>si</strong></span> <span class='ocrx_word' id='word_1_598' title='bbox 2768 3307 2872 3364; x_wconf 89' lang='lat' dir='ltr'><strong>sibi</strong></span> <span class='ocrx_word' id='word_1_599' title='bbox 2918 3316 3072 3363; x_wconf 87' lang='lat' dir='ltr'><strong>actus</strong></span> <span class='ocrx_word' id='word_1_600' title='bbox 3121 3308 3291 3364; x_wconf 88' lang='lat' dir='ltr'><strong>nostri</strong></span> <span class='ocrx_word' id='word_1_601' title='bbox 3335 3307 3472 3364; x_wconf 89' lang='lat' dir='ltr'><strong>ordo</strong></span> <span class='ocrx_word' id='word_1_602' title='bbox 3512 3308 3816 3372; x_wconf 83' lang='lat' dir='ltr'><strong>conveniat.</strong></span> 
     </span>
    </p>
   </div>
   <div class='ocr_carea' id='block_1_78' title="bbox 2225 3399 3819 3472">
    <p class='ocr_par' dir='ltr' id='par_1_78' title="bbox 2225 3399 3819 3472">
     <span class='ocr_line' id='line_1_78' title="bbox 2225 3399 3819 3472; baseline -0.001 -17"><span class='ocrx_word' id='word_1_603' title='bbox 2225 3399 2430 3456; x_wconf 91' lang='lat' dir='ltr'><strong>videbit</strong></span> <span class='ocrx_word' id='word_1_604' title='bbox 2458 3409 2512 3456; x_wconf 93' lang='lat' dir='ltr'><strong>et</strong></span> <span class='ocrx_word' id='word_1_605' title='bbox 2543 3399 2597 3456; x_wconf 93' lang='lat' dir='ltr'><strong>in</strong></span> <span class='ocrx_word' id='word_1_606' title='bbox 2619 3399 2776 3455; x_wconf 91' lang='lat' dir='ltr'><strong>nobis</strong></span> <span class='ocrx_word' id='word_1_607' title='bbox 2808 3399 3072 3471; x_wconf 87' lang='lat' dir='ltr'><strong>propheta</strong></span> <span class='ocrx_word' id='word_1_608' title='bbox 3100 3409 3275 3456; x_wconf 91' lang='lat' dir='ltr'><strong>rotam</strong></span> <span class='ocrx_word' id='word_1_609' title='bbox 3304 3400 3449 3455; x_wconf 91' lang='lat' dir='ltr'><strong>illam</strong></span> <span class='ocrx_word' id='word_1_610' title='bbox 3479 3417 3644 3456; x_wconf 88' lang='lat' dir='ltr'><strong>unam</strong></span> <span class='ocrx_word' id='word_1_611' title='bbox 3672 3415 3819 3472; x_wconf 89' lang='lat' dir='ltr'><strong>super</strong></span> 
     </span>
    </p>
   </div>
   <div class='ocr_carea' id='block_1_79' title="bbox 2227 3494 3817 3567">
    <p class='ocr_par' dir='ltr' id='par_1_79' title="bbox 2227 3494 3817 3567">
     <span class='ocr_line' id='line_1_79' title="bbox 2227 3494 3817 3567; baseline -0.002 -15"><span class='ocrx_word' id='word_1_612' title='bbox 2227 3505 2427 3552; x_wconf 89' lang='lat' dir='ltr'><strong>terram</strong></span> <span class='ocrx_word' id='word_1_613' title='bbox 2450 3496 2800 3566; x_wconf 88' lang='lat' dir='ltr'><strong>conjunctam</strong></span> <span class='ocrx_word' id='word_1_614' title='bbox 2829 3494 3154 3551; x_wconf 85' lang='lat' dir='ltr'><strong>animalibus</strong></span> <span class='ocrx_word' id='word_1_615' title='bbox 3179 3507 3429 3567; x_wconf 88' lang='lat' dir='ltr'><strong>quatuor.</strong></span> <span class='ocrx_word' id='word_1_616' title='bbox 3454 3495 3680 3554; x_wconf 78' lang='lat' dir='ltr'><strong>Videbit</strong></span> <span class='ocrx_word' id='word_1_617' title='bbox 3701 3507 3817 3565; x_wconf 74' lang='lat' dir='ltr'><strong>etgo</strong></span> 
     </span>
    </p>
   </div>
   <div class='ocr_carea' id='block_1_80' title="bbox 2219 3587 3815 3660">
    <p class='ocr_par' dir='ltr' id='par_1_80' title="bbox 2219 3587 3815 3660">
     <span class='ocr_line' id='line_1_80' title="bbox 2219 3587 3815 3660; baseline 0 -17"><span class='ocrx_word' id='word_1_618' title='bbox 2219 3602 2409 3644; x_wconf 90' lang='lat' dir='ltr'><strong>rursus</strong></span> <span class='ocrx_word' id='word_1_619' title='bbox 2437 3588 2722 3655; x_wconf 84' lang='lat' dir='ltr'><strong>Ezechiel;</strong></span> <span class='ocrx_word' id='word_1_620' title='bbox 2749 3587 2900 3644; x_wconf 90' lang='lat' dir='ltr'><strong>videt</strong></span> <span class='ocrx_word' id='word_1_621' title='bbox 2933 3589 3079 3645; x_wconf 93' lang='lat' dir='ltr'><strong>enim</strong></span> <span class='ocrx_word' id='word_1_622' title='bbox 3111 3589 3288 3644; x_wconf 91' lang='lat' dir='ltr'><strong>adhuc</strong></span> <span class='ocrx_word' id='word_1_623' title='bbox 3315 3599 3372 3645; x_wconf 91' lang='lat' dir='ltr'><strong>et</strong></span> <span class='ocrx_word' id='word_1_624' title='bbox 3398 3589 3570 3660; x_wconf 84' lang='lat' dir='ltr'><strong>viget,</strong></span> <span class='ocrx_word' id='word_1_625' title='bbox 3598 3598 3654 3646; x_wconf 89' lang='lat' dir='ltr'><strong>et</strong></span> <span class='ocrx_word' id='word_1_626' title='bbox 3679 3589 3815 3660; x_wconf 85' lang='lat' dir='ltr'><strong>vige-</strong></span> 
     </span>
    </p>
   </div>
   <div class='ocr_carea' id='block_1_81' title="bbox 2219 3679 3809 3752">
    <p class='ocr_par' dir='ltr' id='par_1_81' title="bbox 2219 3679 3809 3752">
     <span class='ocr_line' id='line_1_81' title="bbox 2219 3679 3809 3752; baseline -0.001 -16"><span class='ocrx_word' id='word_1_627' title='bbox 2219 3680 2318 3736; x_wconf 89' lang='lat' dir='ltr'><strong>bit.</strong></span> <span class='ocrx_word' id='word_1_628' title='bbox 2348 3679 2592 3748; x_wconf 82' lang='lat' dir='ltr'><strong>Videbit,</strong></span> <span class='ocrx_word' id='word_1_629' title='bbox 2648 3681 2866 3751; x_wconf 88' lang='lat' dir='ltr'><strong>inquam</strong></span> <span class='ocrx_word' id='word_1_630' title='bbox 2889 3721 2905 3750; x_wconf 91' lang='lat'><strong>,</strong></span> <span class='ocrx_word' id='word_1_631' title='bbox 2958 3691 3133 3736; x_wconf 90' lang='lat' dir='ltr'><strong>rotam</strong></span> <span class='ocrx_word' id='word_1_632' title='bbox 3183 3681 3238 3735; x_wconf 91' lang='lat' dir='ltr'><strong>in</strong></span> <span class='ocrx_word' id='word_1_633' title='bbox 3269 3680 3448 3738; x_wconf 89' lang='lat' dir='ltr'><strong>medio</strong></span> <span class='ocrx_word' id='word_1_634' title='bbox 3486 3691 3626 3738; x_wconf 69' lang='lat' dir='ltr'><strong>rotas</strong></span> <span class='ocrx_word' id='word_1_635' title='bbox 3662 3695 3809 3752; x_wconf 84' lang='lat' dir='ltr'><strong>super</strong></span> 
     </span>
    </p>
   </div>
   <div class='ocr_carea' id='block_1_82' title="bbox 2219 3772 3804 3847">
    <p class='ocr_par' dir='ltr' id='par_1_82' title="bbox 2219 3772 3804 3847">
     <span class='ocr_line' id='line_1_82' title="bbox 2219 3772 3804 3847; baseline -0.003 -17"><span class='ocrx_word' id='word_1_636' title='bbox 2219 3784 2417 3831; x_wconf 88' lang='lat' dir='ltr'><strong>terram</strong></span> <span class='ocrx_word' id='word_1_637' title='bbox 2449 3774 2570 3830; x_wconf 90' lang='lat' dir='ltr'><strong>sine</strong></span> <span class='ocrx_word' id='word_1_638' title='bbox 2593 3773 2893 3830; x_wconf 85' lang='lat' dir='ltr'><strong>oﬁ‘ensione</strong></span> <span class='ocrx_word' id='word_1_639' title='bbox 2923 3774 3196 3831; x_wconf 90' lang='lat' dir='ltr'><strong>labentem</strong></span> <span class='ocrx_word' id='word_1_640' title='bbox 3225 3772 3444 3847; x_wconf 80' lang='lat' dir='ltr'><strong>(Ezech.</strong></span> <span class='ocrx_word' id='word_1_641' title='bbox 3474 3791 3528 3841; x_wconf 88' lang='grc' dir='ltr'>ι,</span> <span class='ocrx_word' id='word_1_642' title='bbox 3565 3775 3660 3842; x_wconf 84' lang='grc'><strong>15,</strong></span> <span class='ocrx_word' id='word_1_643' title='bbox 3701 3773 3804 3842; x_wconf 84' lang='grc'><strong>16).</strong></span> 
     </span>
    </p>
   </div>
   <div class='ocr_carea' id='block_1_83' title="bbox 2219 3868 3812 3942">
    <p class='ocr_par' dir='ltr' id='par_1_83' title="bbox 2219 3868 3812 3942">
     <span class='ocr_line' id='line_1_83' title="bbox 2219 3868 3812 3942; baseline -0.003 -16"><span class='ocrx_word' id='word_1_644' title='bbox 2219 3871 2356 3927; x_wconf 70' lang='lat' dir='ltr'><strong>[tota</strong></span> <span class='ocrx_word' id='word_1_645' title='bbox 2381 3870 2528 3926; x_wconf 89' lang='lat' dir='ltr'><strong>enim</strong></span> <span class='ocrx_word' id='word_1_646' title='bbox 2562 3884 2728 3941; x_wconf 88' lang='lat' dir='ltr'><strong>super</strong></span> <span class='ocrx_word' id='word_1_647' title='bbox 2768 3879 2969 3926; x_wconf 90' lang='lat' dir='ltr'><strong>terram</strong></span> <span class='ocrx_word' id='word_1_648' title='bbox 3001 3869 3112 3925; x_wconf 92' lang='lat' dir='ltr'><strong>vita</strong></span> <span class='ocrx_word' id='word_1_649' title='bbox 3141 3878 3224 3926; x_wconf 89' lang='lat' dir='ltr'><strong>est</strong></span> <span class='ocrx_word' id='word_1_650' title='bbox 3244 3868 3494 3942; x_wconf 92' lang='lat' dir='ltr'><strong>corporis</strong></span> <span class='ocrx_word' id='word_1_651' title='bbox 3526 3870 3595 3926; x_wconf 90' lang='lat' dir='ltr'><strong>ad</strong></span> <span class='ocrx_word' id='word_1_652' title='bbox 3634 3868 3812 3926; x_wconf 79' lang='lat' dir='ltr'><strong>anima:</strong></span> 
     </span>
    </p>
   </div>
   <div class='ocr_carea' id='block_1_84' title="bbox 2214 4051 3777 4124">
    <p class='ocr_par' dir='ltr' id='par_1_84' title="bbox 2214 4051 3777 4124">
     <span class='ocr_line' id='line_1_84' title="bbox 2214 4051 3777 4124; baseline -0.004 -13"><span class='ocrx_word' id='word_1_653' title='bbox 2214 4055 2409 4112; x_wconf 88' lang='lat' dir='ltr'><strong>iisdem</strong></span> <span class='ocrx_word' id='word_1_654' title='bbox 2433 4053 2619 4110; x_wconf 89' lang='lat' dir='ltr'><strong>verbis</strong></span> <span class='ocrx_word' id='word_1_655' title='bbox 2647 4053 2888 4124; x_wconf 88' lang='lat' dir='ltr'><strong>reperies</strong></span> <span class='ocrx_word' id='word_1_656' title='bbox 2916 4052 2968 4108; x_wconf 89' lang='lat' dir='ltr'><strong>iu</strong></span> <span class='ocrx_word' id='word_1_657' title='bbox 2987 4051 3133 4124; x_wconf 87' lang='lat' dir='ltr'><strong>psal.</strong></span> <span class='ocrx_word' id='word_1_658' title='bbox 3164 4067 3324 4118; x_wconf 88' lang='lat' dir='ltr'><strong>xxxv,</strong></span> <span class='ocrx_word' id='word_1_659' title='bbox 3354 4053 3462 4108; x_wconf 92' lang='lat' dir='ltr'><strong>col.</strong></span> <span class='ocrx_word' id='word_1_660' title='bbox 3487 4052 3620 4119; x_wconf 87' lang='lat'><strong>768,</strong></span> <span class='ocrx_word' id='word_1_661' title='bbox 3646 4069 3698 4107; x_wconf 89' lang='grc' dir='ltr'>ιι.</span> <span class='ocrx_word' id='word_1_662' title='bbox 3728 4051 3777 4106; x_wconf 91' lang='grc'><strong>7.</strong></span> 
     </span>
    </p>
   </div>
   <div class='ocr_carea' id='block_1_85' title="bbox 2291 4121 3809 4196">
    <p class='ocr_par' dir='ltr' id='par_1_85' title="bbox 2291 4121 3809 4196">
     <span class='ocr_line' id='line_1_85' title="bbox 2291 4121 3809 4196; baseline -0.006 -13"><span class='ocrx_word' id='word_1_663' title='bbox 2291 4138 2313 4166; x_wconf 76' lang='grc' dir='ltr'>ε</span> <span class='ocrx_word' id='word_1_664' title='bbox 2358 4127 2549 4183; x_wconf 85' lang='lat' dir='ltr'><strong>Militia</strong></span> <span class='ocrx_word' id='word_1_665' title='bbox 2595 4121 2725 4181; x_wconf 54' lang='lat' dir='ltr'><strong>non&#39;</strong></span> <span class='ocrx_word' id='word_1_666' title='bbox 2745 4126 2924 4180; x_wconf 83' lang='lat' dir='ltr'><strong>solum</strong></span> <span class='ocrx_word' id='word_1_667' title='bbox 2967 4123 3037 4196; x_wconf 89' lang='lat' dir='ltr'><strong>de</strong></span> <span class='ocrx_word' id='word_1_668' title='bbox 3064 4124 3329 4196; x_wconf 87' lang='lat' dir='ltr'><strong>castrensi</strong></span> <span class='ocrx_word' id='word_1_669' title='bbox 3359 4125 3698 4196; x_wconf 89' lang='lat' dir='ltr'><strong>intelligitur,</strong></span> <span class='ocrx_word' id='word_1_670' title='bbox 3726 4121 3809 4178; x_wconf 82' lang='lat' dir='ltr'><strong>sed</strong></span> 
     </span>
    </p>
   </div>
   <div class='ocr_carea' id='block_1_86' title="bbox 2213 4195 3806 4266">
    <p class='ocr_par' dir='ltr' id='par_1_86' title="bbox 2213 4195 3806 4266">
     <span class='ocr_line' id='line_1_86' title="bbox 2213 4195 3806 4266; baseline -0.004 -13"><span class='ocrx_word' id='word_1_671' title='bbox 2213 4199 2376 4253; x_wconf 89' lang='lat' dir='ltr'><strong>etiam</strong></span> <span class='ocrx_word' id='word_1_672' title='bbox 2423 4197 2493 4254; x_wconf 87' lang='lat' dir='ltr'><strong>de</strong></span> <span class='ocrx_word' id='word_1_673' title='bbox 2539 4196 2744 4266; x_wconf 82' lang='lat' dir='ltr'><strong>forensi</strong></span> <span class='ocrx_word' id='word_1_674' title='bbox 2792 4195 3153 4266; x_wconf 86' lang='lat' dir='ltr'><strong>professione.</strong></span> <span class='ocrx_word' id='word_1_675' title='bbox 3201 4195 3565 4266; x_wconf 84' lang='lat' dir='ltr'><strong>Symmachus</strong></span> <span class='ocrx_word' id='word_1_676' title='bbox 3593 4196 3686 4250; x_wconf 93' lang='lat' dir='ltr'><strong>lib.</strong></span> <span class='ocrx_word' id='word_1_677' title='bbox 3718 4210 3806 4253; x_wconf 70' lang='grc' dir='ltr'>ιιι,</span> 
     </span>
    </p>
   </div>
   <div class='ocr_carea' id='block_1_87' title="bbox 2213 4265 3806 4340">
    <p class='ocr_par' dir='ltr' id='par_1_87' title="bbox 2213 4265 3806 4340">
     <span class='ocr_line' id='line_1_87' title="bbox 2213 4265 3806 4340; baseline -0.003 -18"><span class='ocrx_word' id='word_1_678' title='bbox 2213 4271 2357 4340; x_wconf 84' lang='lat' dir='ltr'><strong>epist</strong></span> <span class='ocrx_word' id='word_1_679' title='bbox 2384 4268 2516 4324; x_wconf 66' lang='lat'>1‘24:</span> <span class='ocrx_word' id='word_1_680' title='bbox 2544 4265 2823 4340; x_wconf 71' lang='lat' dir='ltr'><strong>Fungetur</strong></span> <span class='ocrx_word' id='word_1_681' title='bbox 2847 4267 3035 4340; x_wconf 71' lang='lat' dir='ltr'><strong>militia</strong></span> <span class='ocrx_word' id='word_1_682' title='bbox 3055 4267 3108 4319; x_wconf 89' lang='lat' dir='ltr'><strong>in</strong></span> <span class='ocrx_word' id='word_1_683' title='bbox 3136 4265 3343 4340; x_wconf 78' lang='lat' dir='ltr'><strong>scriniis</strong></span> <span class='ocrx_word' id='word_1_684' title='bbox 3373 4267 3685 4340; x_wconf 76' lang='lat' dir='ltr'><strong>litterarum,</strong></span> <span class='ocrx_word' id='word_1_685' title='bbox 3711 4276 3806 4322; x_wconf 88' lang='lat' dir='ltr'><strong>ctc.</strong></span> 
     </span>
    </p>
   </div>
   <div class='ocr_carea' id='block_1_88' title="bbox 492 4327 2120 4424">
    <p class='ocr_par' dir='ltr' id='par_1_88' title="bbox 492 4327 2106 4424">
     <span class='ocr_line' id='line_1_88' title="bbox 492 4327 2106 4424; baseline 0.009 -40"><span class='ocrx_word' id='word_1_686' title='bbox 691 4327 865 4419; x_wconf 48' lang='grc' dir='ltr'><strong>Ἐνξεγ</strong></span> <span class='ocrx_word' id='word_1_687' title='bbox 912 4331 1207 4424; x_wconf 51' lang='grc' dir='ltr'><strong>ῥρμάέμξνρς</strong></span> <span class='ocrx_word' id='word_1_688' title='bbox 1257 4335 1283 4389; x_wconf 83' lang='grc' dir='ltr'>ὁ</span> <span class='ocrx_word' id='word_1_689' title='bbox 1323 4327 1671 4424; x_wconf 48' lang='grc' dir='ltr'><strong>ιλξγαλξφοέηος</strong></span> <span class='ocrx_word' id='word_1_690' title='bbox 1697 4327 1958 4424; x_wconf 47' lang='lat' dir='ltr'><strong>dilemma&quot;</strong></span> <span class='ocrx_word' id='word_1_691' title='bbox 1973 4345 2106 4412; x_wconf 86' lang='grc' dir='ltr'><strong><em>μετὰ</em></strong></span> 
     </span>
    </p>
   </div>
   <div class='ocr_carea' id='block_1_89' title="bbox 2236 4327 3808 4424">
    <p class='ocr_par' dir='ltr' id='par_1_89' title="bbox 2241 4327 3808 4424">
     <span class='ocr_line' id='line_1_89' title="bbox 2241 4327 3808 4424; baseline -0.003 -31"><span class='ocrx_word' id='word_1_692' title='bbox 2241 4327 2546 4424; x_wconf 39' lang='grc' dir='ltr'>ιὶιιιιουγροιο</span> <span class='ocrx_word' id='word_1_693' title='bbox 2572 4327 2830 4424; x_wconf 49' lang='grc' dir='ltr'>ειὶθνιῐιέιὰ</span> <span class='ocrx_word' id='word_1_694' title='bbox 2861 4337 3279 4424; x_wconf 66' lang='lat' dir='ltr'><strong>signiﬁcandum</strong></span> <span class='ocrx_word' id='word_1_695' title='bbox 3311 4338 3597 4420; x_wconf 82' lang='lat' dir='ltr'><strong>quodlibet</strong></span> <span class='ocrx_word' id='word_1_696' title='bbox 3626 4327 3808 4424; x_wconf 74' lang='lat' dir='ltr'><strong>munus</strong></span> 
     </span>
    </p>
   </div>
   <div class='ocr_carea' id='block_1_90' title="bbox 496 4401 2105 4488">
    <p class='ocr_par' dir='ltr' id='par_1_90' title="bbox 496 4401 2105 4488">
     <span class='ocr_line' id='line_1_90' title="bbox 496 4401 2105 4488; baseline 0.007 -33"><span class='ocrx_word' id='word_1_697' title='bbox 496 4401 686 4488; x_wconf 50' lang='grc' dir='ltr'><strong>ζοᾈλῆς</strong></span> <span class='ocrx_word' id='word_1_698' title='bbox 704 4401 1001 4488; x_wconf 59' lang='grc' dir='ltr'><strong>παρρηςίὰξ</strong></span> <span class='ocrx_word' id='word_1_699' title='bbox 1027 4401 1334 4488; x_wconf 40' lang='grc' dir='ltr'><strong>βξιᾷλὲγωνξ</strong></span> <span class='ocrx_word' id='word_1_700' title='bbox 1356 4401 1416 4462; x_wconf 77' lang='grc' dir='ltr'><strong>’ὁ</strong></span> <span class='ocrx_word' id='word_1_701' title='bbox 1437 4401 1537 4478; x_wconf 59' lang='lat' dir='ltr'><strong>psi</strong></span> <span class='ocrx_word' id='word_1_702' title='bbox 1559 4407 1622 4468; x_wconf 76' lang='lat' dir='ltr'><strong>dri</strong></span> <span class='ocrx_word' id='word_1_703' title='bbox 1645 4411 1806 4483; x_wconf 76' lang='grc' dir='ltr'><strong>μέγας</strong></span> <span class='ocrx_word' id='word_1_704' title='bbox 1831 4413 1884 4465; x_wconf 82' lang='grc' dir='ltr'><strong>ἐν</strong></span> <span class='ocrx_word' id='word_1_705' title='bbox 1907 4401 2105 4488; x_wconf 55' lang='lat' dir='ltr'><strong>clipeiue;</strong></span> 
     </span>
    </p>
   </div>
   <div class='ocr_carea' id='block_1_91' title="bbox 498 4473 1274 4546">
    <p class='ocr_par' dir='ltr' id='par_1_91' title="bbox 498 4473 1274 4546">
     <span class='ocr_line' id='line_1_91' title="bbox 498 4473 1274 4546; baseline 0.003 -20"><span class='ocrx_word' id='word_1_706' title='bbox 498 4473 837 4546; x_wconf 46' lang='grc' dir='ltr'><strong>Ζεὺς-πτηνὸῦ</strong></span> <span class='ocrx_word' id='word_1_707' title='bbox 867 4473 1008 4546; x_wconf 80' lang='grc' dir='ltr'><strong>ἅρμα</strong></span> <span class='ocrx_word' id='word_1_708' title='bbox 1028 4473 1274 4531; x_wconf 50' lang='lat' dir='ltr'><strong>lucibus».</strong></span> 
     </span>
    </p>
   </div>
   <div class='ocr_carea' id='block_1_92' title="bbox 568 4494 2096 4626">
    <p class='ocr_par' dir='ltr' id='par_1_92' title="bbox 568 4494 2096 4626">
     <span class='ocr_line' id='line_1_92' title="bbox 568 4494 1274 4546; baseline 0.003 -20"><span class='ocrx_word' id='word_1_709' title='bbox 568 4494 625 4534; x_wconf 79' lang='grc' dir='ltr'><strong>υς</strong></span> <span class='ocrx_word' id='word_1_710' title='bbox 647 4494 837 4530; x_wconf 79' lang='grc' dir='ltr'><strong>πτηνον</strong></span> <span class='ocrx_word' id='word_1_711' title='bbox 867 4497 898 4528; x_wconf 83' lang='grc' dir='ltr'><em>α</em></span> <span class='ocrx_word' id='word_1_712' title='bbox 937 4495 1008 4546; x_wconf 80' lang='grc' dir='ltr'>μα</span> <span class='ocrx_word' id='word_1_713' title='bbox 1035 4494 1274 4531; x_wconf 73' lang='grc' dir='ltr'><strong>ελαυνων.</strong></span> 
     </span>
     <span class='ocr_line' id='line_1_93' title="bbox 568 4494 2096 4626; baseline 0.008 -30"><span class='ocrx_word' id='word_1_714' title='bbox 568 4543 697 4626; x_wconf 46' lang='lat' dir='ltr'><strong>illa</strong></span> <span class='ocrx_word' id='word_1_715' title='bbox 723 4558 854 4626; x_wconf 74' lang='lat' dir='ltr'><strong>mss.</strong></span> <span class='ocrx_word' id='word_1_716' title='bbox 1015 4547 1082 4600; x_wconf 89' lang='lat' dir='ltr'><strong>ad</strong></span> <span class='ocrx_word' id='word_1_717' title='bbox 1105 4555 1302 4626; x_wconf 62' lang='lat' dir='ltr'><strong>unum;</strong></span> <span class='ocrx_word' id='word_1_718' title='bbox 1321 4548 1450 4604; x_wconf 88' lang='lat' dir='ltr'><strong>edit.</strong></span> <span class='ocrx_word' id='word_1_719' title='bbox 1473 4565 1632 4626; x_wconf 78' lang='lat' dir='ltr'><strong>vero,</strong></span> <span class='ocrx_word' id='word_1_720' title='bbox 1655 4553 1871 4626; x_wconf 72' lang='lat' dir='ltr'><strong>spiritus</strong></span> <span class='ocrx_word' id='word_1_721' title='bbox 1888 4570 2096 4626; x_wconf 89' lang='lat' dir='ltr'><strong>urgens,</strong></span> 
     </span>
    </p>
   </div>
   <div class='ocr_carea' id='block_1_93' title="bbox 495 4612 2100 4691">
    <p class='ocr_par' dir='ltr' id='par_1_93' title="bbox 495 4612 2100 4691">
     <span class='ocr_line' id='line_1_94' title="bbox 495 4612 2100 4691; baseline 0.006 -21"><span class='ocrx_word' id='word_1_722' title='bbox 495 4612 663 4691; x_wconf 45' lang='lat' dir='ltr'><strong>LXX,</strong></span> <span class='ocrx_word' id='word_1_723' title='bbox 703 4621 908 4688; x_wconf 77' lang='grc' dir='ltr'><strong>πνεῦμα</strong></span> <span class='ocrx_word' id='word_1_724' title='bbox 934 4619 1154 4691; x_wconf 62' lang='grc' dir='ltr'><strong>ᾅξαῖρον,</strong></span> <span class='ocrx_word' id='word_1_725' title='bbox 1187 4617 1240 4674; x_wconf 90' lang='lat' dir='ltr'><strong>id</strong></span> <span class='ocrx_word' id='word_1_726' title='bbox 1269 4612 1372 4685; x_wconf 81' lang='lat' dir='ltr'><strong>est,</strong></span> <span class='ocrx_word' id='word_1_727' title='bbox 1405 4612 1627 4688; x_wconf 84' lang='lat' dir='ltr'><strong>spiritus</strong></span> <span class='ocrx_word' id='word_1_728' title='bbox 1661 4612 1937 4690; x_wconf 79' lang='lat' dir='ltr'><strong>auferens,</strong></span> <span class='ocrx_word' id='word_1_729' title='bbox 1952 4612 2100 4691; x_wconf 54' lang='lat' dir='ltr'><strong>&quot;pro;</strong></span> 
     </span>
    </p>
   </div>
   <div class='ocr_carea' id='block_1_94' title="bbox 491 4685 2100 4764">
    <p class='ocr_par' dir='ltr' id='par_1_94' title="bbox 491 4685 2100 4764">
     <span class='ocr_line' id='line_1_95' title="bbox 491 4685 2100 4764; baseline 0.007 -24"><span class='ocrx_word' id='word_1_730' title='bbox 491 4685 727 4764; x_wconf 71' lang='lat' dir='ltr'><strong>cellosus</strong></span> <span class='ocrx_word' id='word_1_731' title='bbox 749 4685 1108 4764; x_wconf 59' lang='lat' dir='ltr'><strong>ac_&#39;viole_ntus</strong></span> <span class='ocrx_word' id='word_1_732' title='bbox 1135 4705 1150 4754; x_wconf 90' lang='lat'><strong>;</strong></span> <span class='ocrx_word' id='word_1_733' title='bbox 1181 4691 1313 4745; x_wconf 90' lang='lat' dir='ltr'><strong>nihil</strong></span> <span class='ocrx_word' id='word_1_734' title='bbox 1333 4685 1514 4747; x_wconf 78' lang='lat' dir='ltr'><strong>tamen</strong></span> <span class='ocrx_word' id='word_1_735' title='bbox 1547 4704 1692 4749; x_wconf 89' lang='lat' dir='ltr'><strong>vetat</strong></span> <span class='ocrx_word' id='word_1_736' title='bbox 1714 4697 1840 4764; x_wconf 88' lang='lat' dir='ltr'><strong>qttin</strong></span> <span class='ocrx_word' id='word_1_737' title='bbox 1870 4685 2100 4752; x_wconf 83' lang='lat' dir='ltr'><strong>Ambro-</strong></span> 
     </span>
    </p>
   </div>
   <div class='ocr_carea' id='block_1_95' title="bbox 489 4755 2094 4844">
    <p class='ocr_par' dir='ltr' id='par_1_95' title="bbox 489 4755 2094 4844">
     <span class='ocr_line' id='line_1_96' title="bbox 489 4755 2094 4844; baseline 0.007 -34"><span class='ocrx_word' id='word_1_738' title='bbox 489 4755 605 4844; x_wconf 58' lang='lat' dir='ltr'><strong>sius</strong></span> <span class='ocrx_word' id='word_1_739' title='bbox 623 4758 876 4844; x_wconf 68' lang='lat' dir='ltr'><strong>verterit,</strong></span> <span class='ocrx_word' id='word_1_740' title='bbox 908 4760 1126 4844; x_wconf 72' lang='lat' dir='ltr'><strong>spiritus</strong></span> <span class='ocrx_word' id='word_1_741' title='bbox 1147 4777 1398 4844; x_wconf 56' lang='grc' dir='ltr'><strong>ξιιυνςιρηιςἸ</strong></span> <span class='ocrx_word' id='word_1_742' title='bbox 1445 4779 1566 4820; x_wconf 91' lang='lat' dir='ltr'><strong>cum</strong></span> <span class='ocrx_word' id='word_1_743' title='bbox 1599 4755 1956 4844; x_wconf 56' lang='lat' dir='ltr'><strong>post&#39;tEaipw</strong></span> <span class='ocrx_word' id='word_1_744' title='bbox 2000 4783 2094 4844; x_wconf 79' lang='lat' dir='ltr'><strong>su-</strong></span> 
     </span>
    </p>
   </div>
   <div class='ocr_carea' id='block_1_96' title="bbox 490 4825 2095 4909">
    <p class='ocr_par' dir='ltr' id='par_1_96' title="bbox 490 4825 2095 4909">
     <span class='ocr_line' id='line_1_97' title="bbox 490 4825 2095 4909; baseline 0.004 -25"><span class='ocrx_word' id='word_1_745' title='bbox 490 4825 835 4909; x_wconf 70' lang='lat' dir='ltr'><strong>bintelligere</strong></span> <span class='ocrx_word' id='word_1_746' title='bbox 867 4825 1109 4899; x_wconf 71' lang='lat' dir='ltr'><strong>potuerit</strong></span> <span class='ocrx_word' id='word_1_747' title='bbox 1138 4825 1342 4909; x_wconf 64' lang='grc' dir='ltr'><strong>έᾳυὶὀν,</strong></span> <span class='ocrx_word' id='word_1_748' title='bbox 1371 4825 1488 4890; x_wconf 82' lang='lat' dir='ltr'><strong>hoc</strong></span> <span class='ocrx_word' id='word_1_749' title='bbox 1519 4825 1624 4902; x_wconf 79' lang='lat' dir='ltr'><strong>est,</strong></span> <span class='ocrx_word' id='word_1_750' title='bbox 1650 4825 1894 4893; x_wconf 69' lang='lat' dir='ltr'><strong>attolleu&#39;s</strong></span> <span class='ocrx_word' id='word_1_751' title='bbox 1936 4855 1990 4893; x_wconf 90' lang='lat' dir='ltr'><strong>se</strong></span> <span class='ocrx_word' id='word_1_752' title='bbox 2014 4840 2095 4909; x_wconf 89' lang='lat' dir='ltr'><strong>ip-</strong></span> 
     </span>
    </p>
   </div>
   <div class='ocr_carea' id='block_1_97' title="bbox 489 4897 2099 4980">
    <p class='ocr_par' dir='ltr' id='par_1_97' title="bbox 489 4897 2099 4980">
     <span class='ocr_line' id='line_1_98' title="bbox 489 4897 2099 4980; baseline 0.008 -29"><span class='ocrx_word' id='word_1_753' title='bbox 489 4913 626 4980; x_wconf 72' lang='lat' dir='ltr'><strong>sum.</strong></span> <span class='ocrx_word' id='word_1_754' title='bbox 658 4897 1086 4980; x_wconf 26' lang='lat' dir='ltr'><strong>Rursus‘autem</strong></span> <span class='ocrx_word' id='word_1_755' title='bbox 1115 4904 1203 4959; x_wconf 88' lang='lat' dir='ltr'><strong>ubi</strong></span> <span class='ocrx_word' id='word_1_756' title='bbox 1253 4897 1354 4980; x_wconf 81' lang='lat' dir='ltr'><strong>nos</strong></span> <span class='ocrx_word' id='word_1_757' title='bbox 1385 4923 1507 4962; x_wconf 85' lang='lat' dir='ltr'><strong>cum</strong></span> <span class='ocrx_word' id='word_1_758' title='bbox 1535 4897 1664 4963; x_wconf 81' lang='lat' dir='ltr'><strong>mss.</strong></span> <span class='ocrx_word' id='word_1_759' title='bbox 1699 4911 1968 4979; x_wconf 87' lang='lat' dir='ltr'><strong>plerisque</strong></span> <span class='ocrx_word' id='word_1_760' title='bbox 1993 4951 2008 4976; x_wconf 96' lang='lat'><strong>,</strong></span> <span class='ocrx_word' id='word_1_761' title='bbox 2036 4897 2099 4964; x_wconf 81' lang='grc' dir='ltr'>ἐι</span> 
     </span>
    </p>
   </div>
   <div class='ocr_carea' id='block_1_98' title="bbox 484 4970 2091 5050">
    <p class='ocr_par' dir='ltr' id='par_1_98' title="bbox 484 4970 2091 5050">
     <span class='ocr_line' id='line_1_99' title="bbox 484 4970 2091 5050; baseline 0.009 -29"><span class='ocrx_word' id='word_1_762' title='bbox 484 4970 624 5050; x_wconf 77' lang='lat' dir='ltr'><strong>ignis</strong></span> <span class='ocrx_word' id='word_1_763' title='bbox 653 4970 917 5050; x_wconf 77' lang='lat' dir='ltr'><strong>refulgens</strong></span> <span class='ocrx_word' id='word_1_764' title='bbox 937 5013 951 5038; x_wconf 91' lang='lat'><strong>,</strong></span> <span class='ocrx_word' id='word_1_765' title='bbox 982 4981 1033 5028; x_wconf 89' lang='lat' dir='ltr'><strong>et</strong></span> <span class='ocrx_word' id='word_1_766' title='bbox 1066 4973 1256 5050; x_wconf 73' lang='lat' dir='ltr'><strong>lumen</strong></span> <span class='ocrx_word' id='word_1_767' title='bbox 1285 4979 1337 5031; x_wconf 90' lang='lat' dir='ltr'><strong>in</strong></span> <span class='ocrx_word' id='word_1_768' title='bbox 1385 4980 1608 5033; x_wconf 76' lang='lat' dir='ltr'><strong>circuitu</strong></span> <span class='ocrx_word' id='word_1_769' title='bbox 1639 4970 1791 5050; x_wconf 81' lang='lat' dir='ltr'><strong>ejus;</strong></span> <span class='ocrx_word' id='word_1_770' title='bbox 1823 4970 1917 5036; x_wconf 81' lang='lat' dir='ltr'><strong>alii</strong></span> <span class='ocrx_word' id='word_1_771' title='bbox 1959 4970 2091 5037; x_wconf 85' lang='lat' dir='ltr'><strong>mss.</strong></span> 
     </span>
    </p>
   </div>
   <div class='ocr_carea' id='block_1_99' title="bbox 486 5043 2093 5123">
    <p class='ocr_par' dir='ltr' id='par_1_99' title="bbox 486 5043 2093 5123">
     <span class='ocr_line' id='line_1_100' title="bbox 486 5043 2093 5123; baseline 0.009 -30"><span class='ocrx_word' id='word_1_772' title='bbox 486 5047 696 5123; x_wconf 76' lang='lat' dir='ltr'><strong>tantum</strong></span> <span class='ocrx_word' id='word_1_773' title='bbox 727 5043 987 5123; x_wconf 65' lang='lat' dir='ltr'><strong>exhibent</strong></span> <span class='ocrx_word' id='word_1_774' title='bbox 1013 5047 1285 5123; x_wconf 82' lang='lat' dir='ltr'><strong>:_et__i_gni_s</strong></span> <span class='ocrx_word' id='word_1_775' title='bbox 1327 5050 1613 5122; x_wconf 82' lang='lat' dir='ltr'><strong>refulgens,</strong></span> <span class='ocrx_word' id='word_1_776' title='bbox 1643 5043 1690 5104; x_wconf 80' lang='lat' dir='ltr'><strong>et</strong></span> <span class='ocrx_word' id='word_1_777' title='bbox 1712 5043 1884 5106; x_wconf 85' lang='lat' dir='ltr'><strong>lumen</strong></span> <span class='ocrx_word' id='word_1_778' title='bbox 1925 5053 1978 5106; x_wconf 89' lang='lat' dir='ltr'><strong>in</strong></span> <span class='ocrx_word' id='word_1_779' title='bbox 2015 5069 2093 5116; x_wconf 90' lang='lat' dir='ltr'><strong>eo,</strong></span> 
     </span>
    </p>
   </div>
   <div class='ocr_carea' id='block_1_100' title="bbox 484 5112 2098 5188">
    <p class='ocr_par' dir='ltr' id='par_1_100' title="bbox 484 5112 2098 5188">
     <span class='ocr_line' id='line_1_101' title="bbox 484 5112 2098 5188; baseline 0.009 -24"><span class='ocrx_word' id='word_1_780' title='bbox 484 5120 539 5188; x_wconf 70' lang='lat' dir='ltr'><strong>et</strong></span> <span class='ocrx_word' id='word_1_781' title='bbox 551 5112 605 5165; x_wconf 89' lang='lat' dir='ltr'><strong>in</strong></span> <span class='ocrx_word' id='word_1_782' title='bbox 632 5112 803 5188; x_wconf 73' lang='lat' dir='ltr'><strong>medio</strong></span> <span class='ocrx_word' id='word_1_783' title='bbox 836 5115 971 5188; x_wconf 70' lang='lat' dir='ltr'><strong>sicut</strong></span> <span class='ocrx_word' id='word_1_784' title='bbox 1012 5112 1319 5188; x_wconf 69' lang='lat' dir='ltr'><strong>similiiudo.</strong></span> <span class='ocrx_word' id='word_1_785' title='bbox 1347 5112 1490 5188; x_wconf 37' lang='lat' dir='ltr'><strong>eici</strong></span> <span class='ocrx_word' id='word_1_786' title='bbox 1522 5112 1610 5176; x_wconf 89' lang='lat' dir='ltr'><strong>ubi</strong></span> <span class='ocrx_word' id='word_1_787' title='bbox 1643 5123 1833 5178; x_wconf 89' lang='lat' dir='ltr'><strong>lacuna</strong></span> <span class='ocrx_word' id='word_1_788' title='bbox 1885 5133 1972 5180; x_wconf 88' lang='lat' dir='ltr'><strong>est</strong></span> <span class='ocrx_word' id='word_1_789' title='bbox 1999 5112 2098 5178; x_wconf 57' lang='lat' dir='ltr'><strong>mi;</strong></span> 
     </span>
    </p>
   </div>
   <div class='ocr_carea' id='block_1_101' title="bbox 484 5182 2096 5250">
    <p class='ocr_par' dir='ltr' id='par_1_101' title="bbox 484 5182 2096 5250">
     <span class='ocr_line' id='line_1_102' title="bbox 484 5182 2096 5250; baseline 0.009 -15"><span class='ocrx_word' id='word_1_790' title='bbox 484 5182 636 5237; x_wconf 88' lang='lat' dir='ltr'><strong>nime</strong></span> <span class='ocrx_word' id='word_1_791' title='bbox 664 5183 847 5239; x_wconf 91' lang='lat' dir='ltr'><strong>dubia.</strong></span> <span class='ocrx_word' id='word_1_792' title='bbox 881 5185 1052 5242; x_wconf 89' lang='lat' dir='ltr'><strong>Porro</strong></span> <span class='ocrx_word' id='word_1_793' title='bbox 1073 5187 1206 5243; x_wconf 91' lang='lat' dir='ltr'><strong>edit.</strong></span> <span class='ocrx_word' id='word_1_794' title='bbox 1228 5205 1258 5244; x_wconf 91' lang='lat' dir='ltr'><strong>a</strong></span> <span class='ocrx_word' id='word_1_795' title='bbox 1286 5182 1520 5247; x_wconf 87' lang='lat' dir='ltr'><strong>lectione</strong></span> <span class='ocrx_word' id='word_1_796' title='bbox 1546 5203 1730 5248; x_wconf 89' lang='lat' dir='ltr'><strong>nostra</strong></span> <span class='ocrx_word' id='word_1_797' title='bbox 1761 5203 1966 5248; x_wconf 88' lang='lat' dir='ltr'><strong>tantum</strong></span> <span class='ocrx_word' id='word_1_798' title='bbox 1989 5195 2096 5250; x_wconf 91' lang='lat' dir='ltr'><strong>dis-</strong></span> 
     </span>
    </p>
   </div>
   <div class='ocr_carea' id='block_1_102' title="bbox 484 5256 2090 5332">
    <p class='ocr_par' dir='ltr' id='par_1_102' title="bbox 484 5256 2090 5332">
     <span class='ocr_line' id='line_1_103' title="bbox 484 5256 2090 5332; baseline 0.007 -24"><span class='ocrx_word' id='word_1_799' title='bbox 484 5263 736 5322; x_wconf 80' lang='lat' dir='ltr'><strong>crepant,</strong></span> <span class='ocrx_word' id='word_1_800' title='bbox 768 5256 912 5332; x_wconf 87' lang='lat' dir='ltr'><strong>quod</strong></span> <span class='ocrx_word' id='word_1_801' title='bbox 956 5272 1054 5327; x_wconf 92' lang='lat' dir='ltr'><strong>pro</strong></span> <span class='ocrx_word' id='word_1_802' title='bbox 1075 5268 1124 5313; x_wconf 87' lang='lat' dir='ltr'><strong>et</strong></span> <span class='ocrx_word' id='word_1_803' title='bbox 1151 5261 1323 5316; x_wconf 86' lang='lat' dir='ltr'><strong>lumen</strong></span> <span class='ocrx_word' id='word_1_804' title='bbox 1362 5263 1417 5317; x_wconf 91' lang='lat' dir='ltr'><strong>in</strong></span> <span class='ocrx_word' id='word_1_805' title='bbox 1468 5264 1686 5318; x_wconf 88' lang='lat' dir='ltr'><strong>circuitu</strong></span> <span class='ocrx_word' id='word_1_806' title='bbox 1714 5268 1827 5332; x_wconf 80' lang='lat' dir='ltr'><strong>eius</strong></span> <span class='ocrx_word' id='word_1_807' title='bbox 1850 5267 1983 5320; x_wconf 89' lang='lat' dir='ltr'><strong>sicut</strong></span> <span class='ocrx_word' id='word_1_808' title='bbox 2006 5267 2090 5320; x_wconf 89' lang='lat' dir='ltr'><strong>lu-</strong></span> 
     </span>
    </p>
   </div>
   <div class='ocr_carea' id='block_1_103' title="bbox 482 5332 2092 5399">
    <p class='ocr_par' dir='ltr' id='par_1_103' title="bbox 482 5332 2092 5399">
     <span class='ocr_line' id='line_1_104' title="bbox 482 5332 2092 5399; baseline 0.009 -24"><span class='ocrx_word' id='word_1_809' title='bbox 482 5337 636 5399; x_wconf 75' lang='lat' dir='ltr'><strong>men,</strong></span> <span class='ocrx_word' id='word_1_810' title='bbox 664 5332 999 5399; x_wconf 51' lang='lat' dir='ltr'><strong>praeferunt,</strong></span> <span class='ocrx_word' id='word_1_811' title='bbox 1054 5340 1100 5384; x_wconf 88' lang='lat' dir='ltr'><strong>et</strong></span> <span class='ocrx_word' id='word_1_812' title='bbox 1154 5332 1326 5388; x_wconf 86' lang='lat' dir='ltr'><strong>lumen</strong></span> <span class='ocrx_word' id='word_1_813' title='bbox 1373 5335 1428 5388; x_wconf 87' lang='lat' dir='ltr'><strong>in</strong></span> <span class='ocrx_word' id='word_1_814' title='bbox 1470 5351 1551 5399; x_wconf 90' lang='lat' dir='ltr'><strong>eo,</strong></span> <span class='ocrx_word' id='word_1_815' title='bbox 1585 5344 1632 5389; x_wconf 86' lang='lat' dir='ltr'><strong>et</strong></span> <span class='ocrx_word' id='word_1_816' title='bbox 1669 5335 1725 5388; x_wconf 86' lang='lat' dir='ltr'><strong>in</strong></span> <span class='ocrx_word' id='word_1_817' title='bbox 1766 5338 1934 5390; x_wconf 90' lang='lat' dir='ltr'><strong>medio</strong></span> <span class='ocrx_word' id='word_1_818' title='bbox 1958 5337 2092 5391; x_wconf 86' lang='lat' dir='ltr'><strong>sicut</strong></span> 
     </span>
    </p>
   </div>
   <div class='ocr_carea' id='block_1_104' title="bbox 486 5391 2090 5520">
    <p class='ocr_par' dir='ltr' id='par_1_104' title="bbox 486 5391 2090 5520">
     <span class='ocr_line' id='line_1_105' title="bbox 486 5391 2090 5520; baseline 0.007 -70"><span class='ocrx_word' id='word_1_819' title='bbox 486 5391 846 5520; x_wconf 46' lang='grc' dir='ltr'><strong>ἔιςέιεῖὲἒὲθά</strong></span> <span class='ocrx_word' id='word_1_820' title='bbox 876 5391 1128 5457; x_wconf 83' lang='lat' dir='ltr'><strong>neutrum</strong></span> <span class='ocrx_word' id='word_1_821' title='bbox 1180 5418 1210 5457; x_wconf 90' lang='lat' dir='ltr'><strong>a</strong></span> <span class='ocrx_word' id='word_1_822' title='bbox 1257 5391 1594 5476; x_wconf 79' lang='lat' dir='ltr'><strong>propheticis</strong></span> <span class='ocrx_word' id='word_1_823' title='bbox 1624 5406 1808 5462; x_wconf 90' lang='lat' dir='ltr'><strong>verbis</strong></span> <span class='ocrx_word' id='word_1_824' title='bbox 1859 5407 2090 5462; x_wconf 90' lang='lat' dir='ltr'><strong>multum</strong></span> 
     </span>
    </p>
   </div>
   <div class='ocr_carea' id='block_1_105' title="bbox 547 5479 740 5521">
    <p class='ocr_par' dir='ltr' id='par_1_105' title="bbox 547 5479 740 5521">
     <span class='ocr_line' id='line_1_106' title="bbox 547 5479 740 5521; baseline -0.005 0"><span class='ocrx_word' id='word_1_825' title='bbox 547 5479 740 5521; x_wconf 81' lang='lat' dir='ltr'><strong>ssmet.</strong></span> 
     </span>
    </p>
   </div>
   <div class='ocr_carea' id='block_1_106' title="bbox 553 5533 2092 5618">
    <p class='ocr_par' dir='ltr' id='par_1_106' title="bbox 553 5533 2092 5618">
     <span class='ocr_line' id='line_1_107' title="bbox 553 5533 2092 5618; baseline 0.01 -28"><span class='ocrx_word' id='word_1_826' title='bbox 553 5533 585 5575; x_wconf 70' lang='grc' dir='ltr'><strong>ι’</strong></span> <span class='ocrx_word' id='word_1_827' title='bbox 616 5535 755 5618; x_wconf 52' lang='grc' dir='ltr'><strong>μεθ.</strong></span> <span class='ocrx_word' id='word_1_828' title='bbox 787 5538 1014 5618; x_wconf 72' lang='lat' dir='ltr'><strong>aliquot,</strong></span> <span class='ocrx_word' id='word_1_829' title='bbox 1063 5560 1178 5613; x_wconf 74' lang='lat' dir='ltr'><strong>qua:</strong></span> <span class='ocrx_word' id='word_1_830' title='bbox 1201 5546 1319 5601; x_wconf 87' lang='lat' dir='ltr'><strong>aliis</strong></span> <span class='ocrx_word' id='word_1_831' title='bbox 1364 5549 1533 5618; x_wconf 86' lang='lat' dir='ltr'><strong>potius</strong></span> <span class='ocrx_word' id='word_1_832' title='bbox 1577 5559 1730 5616; x_wconf 85' lang='lat' dir='ltr'><strong>nota;</strong></span> <span class='ocrx_word' id='word_1_833' title='bbox 1779 5548 1970 5606; x_wconf 86' lang='lat' dir='ltr'><strong>melius</strong></span> <span class='ocrx_word' id='word_1_834' title='bbox 1999 5549 2092 5605; x_wconf 86' lang='lat' dir='ltr'><strong>alii</strong></span> 
     </span>
    </p>
   </div>
   <div class='ocr_carea' id='block_1_107' title="bbox 482 5606 2090 5693">
    <p class='ocr_par' dir='ltr' id='par_1_107' title="bbox 482 5606 2090 5693">
     <span class='ocr_line' id='line_1_108' title="bbox 482 5606 2090 5693; baseline 0.011 -32"><span class='ocrx_word' id='word_1_835' title='bbox 482 5613 540 5690; x_wconf 77' lang='lat' dir='ltr'><strong>et</strong></span> <span class='ocrx_word' id='word_1_836' title='bbox 568 5606 724 5678; x_wconf 57' lang='lat' dir='ltr'><strong>edin,</strong></span> <span class='ocrx_word' id='word_1_837' title='bbox 755 5625 857 5682; x_wconf 86' lang='lat' dir='ltr'><strong>qua</strong></span> <span class='ocrx_word' id='word_1_838' title='bbox 878 5606 1009 5668; x_wconf 76' lang='lat' dir='ltr'><strong>aliis</strong></span> <span class='ocrx_word' id='word_1_839' title='bbox 1035 5606 1206 5683; x_wconf 82' lang='lat' dir='ltr'><strong>potius</strong></span> <span class='ocrx_word' id='word_1_840' title='bbox 1229 5606 1383 5690; x_wconf 69' lang='lat' dir='ltr'><strong>nata&#39;,</strong></span> <span class='ocrx_word' id='word_1_841' title='bbox 1409 5629 1541 5688; x_wconf 87' lang='lat' dir='ltr'><strong>etc.;</strong></span> <span class='ocrx_word' id='word_1_842' title='bbox 1571 5606 1730 5693; x_wconf 82' lang='lat' dir='ltr'><strong>quam</strong></span> <span class='ocrx_word' id='word_1_843' title='bbox 1763 5623 2090 5681; x_wconf 84' lang='lat' dir='ltr'><strong>sententiam</strong></span> 
     </span>
    </p>
   </div>
   <div class='ocr_carea' id='block_1_108' title="bbox 2213 4408 3804 4480">
    <p class='ocr_par' dir='ltr' id='par_1_108' title="bbox 2213 4408 3804 4480">
     <span class='ocr_line' id='line_1_109' title="bbox 2213 4408 3804 4480; baseline -0.003 -14"><span class='ocrx_word' id='word_1_844' title='bbox 2213 4426 2333 4466; x_wconf 91' lang='lat' dir='ltr'><strong>eam</strong></span> <span class='ocrx_word' id='word_1_845' title='bbox 2363 4411 2654 4466; x_wconf 91' lang='lat' dir='ltr'><strong>dictionem</strong></span> <span class='ocrx_word' id='word_1_846' title='bbox 2679 4409 2919 4465; x_wconf 88' lang='lat' dir='ltr'><strong>solemus</strong></span> <span class='ocrx_word' id='word_1_847' title='bbox 2942 4408 3228 4476; x_wconf 89' lang='lat' dir='ltr'><strong>adhibere,</strong></span> <span class='ocrx_word' id='word_1_848' title='bbox 3247 4411 3404 4478; x_wconf 89' lang='lat' dir='ltr'><strong>cujus</strong></span> <span class='ocrx_word' id='word_1_849' title='bbox 3430 4410 3675 4480; x_wconf 86' lang='lat' dir='ltr'><strong>exempla</strong></span> <span class='ocrx_word' id='word_1_850' title='bbox 3699 4422 3804 4478; x_wconf 48' lang='lat' dir='ltr'><strong>pas.</strong></span> 
     </span>
    </p>
   </div>
   <div class='ocr_carea' id='block_1_109' title="bbox 2212 4484 2658 4538">
    <p class='ocr_par' dir='ltr' id='par_1_109' title="bbox 2212 4484 2658 4538">
     <span class='ocr_line' id='line_1_110' title="bbox 2212 4484 2658 4538; baseline -0.004 0"><span class='ocrx_word' id='word_1_851' title='bbox 2212 4484 2313 4538; x_wconf 87' lang='lat' dir='ltr'><strong>sim</strong></span> <span class='ocrx_word' id='word_1_852' title='bbox 2345 4493 2632 4537; x_wconf 85' lang='lat' dir='ltr'><strong>occurrunt</strong></span> <span class='ocrx_word' id='word_1_853' title='bbox 2646 4524 2658 4536; x_wconf 96' lang='lat'><strong>.</strong></span> 
     </span>
    </p>
   </div>
   <div class='ocr_carea' id='block_1_110' title="bbox 2281 4550 3807 4623">
    <p class='ocr_par' dir='ltr' id='par_1_110' title="bbox 2281 4550 3807 4623">
     <span class='ocr_line' id='line_1_111' title="bbox 2281 4550 3807 4623; baseline -0.005 -14"><span class='ocrx_word' id='word_1_854' title='bbox 2281 4550 2309 4590; x_wconf 75' lang='grc' dir='ltr'>ἀ</span> <span class='ocrx_word' id='word_1_855' title='bbox 2352 4554 2524 4609; x_wconf 89' lang='lat' dir='ltr'><strong>Paris.</strong></span> <span class='ocrx_word' id='word_1_856' title='bbox 2550 4553 2800 4623; x_wconf 78' lang='lat' dir='ltr'><strong>quaedam</strong></span> <span class='ocrx_word' id='word_1_857' title='bbox 2829 4554 2962 4609; x_wconf 91' lang='lat' dir='ltr'><strong>edit.</strong></span> <span class='ocrx_word' id='word_1_858' title='bbox 2993 4568 3056 4611; x_wconf 91' lang='lat' dir='ltr'><strong>ac</strong></span> <span class='ocrx_word' id='word_1_859' title='bbox 3084 4566 3217 4609; x_wconf 90' lang='lat' dir='ltr'><strong>mss.</strong></span> <span class='ocrx_word' id='word_1_860' title='bbox 3270 4551 3556 4619; x_wconf 87' lang='lat' dir='ltr'><strong>nonnulli,</strong></span> <span class='ocrx_word' id='word_1_861' title='bbox 3589 4550 3807 4623; x_wconf 77' lang='lat' dir='ltr'><strong>grauitas</strong></span> 
     </span>
    </p>
   </div>
   <div class='ocr_carea' id='block_1_111' title="bbox 2210 4622 3806 4693">
    <p class='ocr_par' dir='ltr' id='par_1_111' title="bbox 2210 4622 3806 4693">
     <span class='ocr_line' id='line_1_112' title="bbox 2210 4622 3806 4693; baseline -0.003 -15"><span class='ocrx_word' id='word_1_862' title='bbox 2210 4625 2466 4679; x_wconf 86' lang='lat' dir='ltr'><strong>dictorum</strong></span> <span class='ocrx_word' id='word_1_863' title='bbox 2491 4622 2620 4679; x_wconf 77' lang='lat' dir='ltr'><strong>obsit</strong></span> <span class='ocrx_word' id='word_1_864' title='bbox 2640 4641 2659 4680; x_wconf 90' lang='lat'><strong><em>:</em></strong></span> <span class='ocrx_word' id='word_1_865' title='bbox 2680 4625 2874 4681; x_wconf 92' lang='lat' dir='ltr'><strong>melius</strong></span> <span class='ocrx_word' id='word_1_866' title='bbox 2901 4626 3043 4693; x_wconf 69' lang='lat' dir='ltr'><strong>aliae,</strong></span> <span class='ocrx_word' id='word_1_867' title='bbox 3068 4639 3132 4680; x_wconf 87' lang='lat' dir='ltr'><strong>ac</strong></span> <span class='ocrx_word' id='word_1_868' title='bbox 3151 4624 3335 4692; x_wconf 85' lang='lat' dir='ltr'><strong>plures</strong></span> <span class='ocrx_word' id='word_1_869' title='bbox 3361 4638 3540 4689; x_wconf 88' lang='lat' dir='ltr'><strong>mss.,.</strong></span> <span class='ocrx_word' id='word_1_870' title='bbox 3575 4665 3589 4678; x_wconf 95' lang='lat'><strong>.</strong></span> <span class='ocrx_word' id='word_1_871' title='bbox 3618 4663 3631 4676; x_wconf 93' lang='lat'><strong>.</strong></span> <span class='ocrx_word' id='word_1_872' title='bbox 3659 4622 3806 4685; x_wconf 86' lang='lat' dir='ltr'><strong>absit;</strong></span> 
     </span>
    </p>
   </div>
   <div class='ocr_carea' id='block_1_112' title="bbox 2209 4695 3808 4772">
    <p class='ocr_par' dir='ltr' id='par_1_112' title="bbox 2209 4695 3808 4772">
     <span class='ocr_line' id='line_1_113' title="bbox 2209 4695 3808 4772; baseline -0.003 -22"><span class='ocrx_word' id='word_1_873' title='bbox 2209 4695 2296 4772; x_wconf 87' lang='lat' dir='ltr'><strong>hic</strong></span> <span class='ocrx_word' id='word_1_874' title='bbox 2326 4697 2469 4751; x_wconf 89' lang='lat' dir='ltr'><strong>enim</strong></span> <span class='ocrx_word' id='word_1_875' title='bbox 2499 4698 2740 4772; x_wconf 82' lang='lat' dir='ltr'><strong>gravitas</strong></span> <span class='ocrx_word' id='word_1_876' title='bbox 2772 4697 2912 4772; x_wconf 82' lang='lat' dir='ltr'><strong>idem</strong></span> <span class='ocrx_word' id='word_1_877' title='bbox 2943 4706 3028 4751; x_wconf 92' lang='lat' dir='ltr'><strong>est</strong></span> <span class='ocrx_word' id='word_1_878' title='bbox 3056 4707 3222 4772; x_wconf 79' lang='lat' dir='ltr'><strong>atque</strong></span> <span class='ocrx_word' id='word_1_879' title='bbox 3249 4695 3550 4772; x_wconf 74' lang='lat' dir='ltr'><strong>auctoritas</strong></span> <span class='ocrx_word' id='word_1_880' title='bbox 3599 4709 3696 4749; x_wconf 88' lang='lat' dir='ltr'><strong>seu</strong></span> <span class='ocrx_word' id='word_1_881' title='bbox 3722 4707 3808 4772; x_wconf 45' lang='lat' dir='ltr'><strong>ve:</strong></span> 
     </span>
    </p>
   </div>
   <div class='ocr_carea' id='block_1_113' title="bbox 2207 4763 3803 4838">
    <p class='ocr_par' dir='ltr' id='par_1_113' title="bbox 2207 4763 3803 4838">
     <span class='ocr_line' id='line_1_114' title="bbox 2207 4763 3803 4838; baseline -0.004 -16"><span class='ocrx_word' id='word_1_882' title='bbox 2207 4769 2361 4833; x_wconf 91' lang='lat' dir='ltr'><strong>ritas,</strong></span> <span class='ocrx_word' id='word_1_883' title='bbox 2403 4763 2566 4838; x_wconf 73' lang='lat' dir='ltr'><strong>quam</strong></span> <span class='ocrx_word' id='word_1_884' title='bbox 2597 4768 2774 4838; x_wconf 91' lang='lat' dir='ltr'><strong>poetis</strong></span> <span class='ocrx_word' id='word_1_885' title='bbox 2813 4768 3040 4838; x_wconf 90' lang='lat' dir='ltr'><strong>abrogat</strong></span> <span class='ocrx_word' id='word_1_886' title='bbox 3088 4763 3434 4838; x_wconf 82' lang='lat' dir='ltr'><strong>Ambrosius.</strong></span> <span class='ocrx_word' id='word_1_887' title='bbox 3465 4765 3686 4832; x_wconf 89' lang='lat' dir='ltr'><strong>lterum,</strong></span> <span class='ocrx_word' id='word_1_888' title='bbox 3717 4763 3803 4818; x_wconf 91' lang='lat' dir='ltr'><strong>ubi</strong></span> 
     </span>
    </p>
   </div>
   <div class='ocr_carea' id='block_1_114' title="bbox 2205 4837 3803 4908">
    <p class='ocr_par' dir='ltr' id='par_1_114' title="bbox 2205 4837 3803 4908">
     <span class='ocr_line' id='line_1_115' title="bbox 2205 4837 3803 4908; baseline -0.003 -16"><span class='ocrx_word' id='word_1_889' title='bbox 2205 4853 2397 4894; x_wconf 88' lang='lat' dir='ltr'><strong>omnes</strong></span> <span class='ocrx_word' id='word_1_890' title='bbox 2423 4837 2555 4894; x_wconf 79' lang='lat' dir='ltr'><strong>edit.</strong></span> <span class='ocrx_word' id='word_1_891' title='bbox 2584 4837 2648 4895; x_wconf 83' lang='lat' dir='ltr'><strong>ac</strong></span> <span class='ocrx_word' id='word_1_892' title='bbox 2675 4853 2806 4894; x_wconf 90' lang='lat' dir='ltr'><strong>mss.</strong></span> <span class='ocrx_word' id='word_1_893' title='bbox 2835 4837 3061 4908; x_wconf 86' lang='lat' dir='ltr'><strong>aliquot,</strong></span> <span class='ocrx_word' id='word_1_894' title='bbox 3098 4837 3364 4892; x_wconf 83' lang='lat' dir='ltr'><strong>declarare</strong></span> <span class='ocrx_word' id='word_1_895' title='bbox 3389 4837 3659 4908; x_wconf 79' lang='lat' dir='ltr'><strong>noluerunt</strong></span> <span class='ocrx_word' id='word_1_896' title='bbox 3684 4851 3803 4907; x_wconf 86' lang='lat' dir='ltr'><strong>pru-</strong></span> 
     </span>
    </p>
   </div>
   <div class='ocr_carea' id='block_1_115' title="bbox 2201 4907 3803 4979">
    <p class='ocr_par' dir='ltr' id='par_1_115' title="bbox 2201 4907 3803 4979">
     <span class='ocr_line' id='line_1_116' title="bbox 2201 4907 3803 4979; baseline -0.003 -16"><span class='ocrx_word' id='word_1_897' title='bbox 2201 4910 2431 4964; x_wconf 89' lang='lat' dir='ltr'><strong>dentium</strong></span> <span class='ocrx_word' id='word_1_898' title='bbox 2460 4911 2777 4978; x_wconf 88' lang='lat' dir='ltr'><strong>maturitati,</strong></span> <span class='ocrx_word' id='word_1_899' title='bbox 2812 4907 3102 4979; x_wconf 82' lang='lat' dir='ltr'><strong>nonpauci</strong></span> <span class='ocrx_word' id='word_1_900' title='bbox 3133 4924 3267 4963; x_wconf 90' lang='lat' dir='ltr'><strong>mss.</strong></span> <span class='ocrx_word' id='word_1_901' title='bbox 3300 4908 3506 4979; x_wconf 86' lang='lat' dir='ltr'><strong>legunt,</strong></span> <span class='ocrx_word' id='word_1_902' title='bbox 3539 4907 3803 4961; x_wconf 81' lang='lat' dir='ltr'><strong>declarare</strong></span> 
     </span>
    </p>
   </div>
   <div class='ocr_carea' id='block_1_116' title="bbox 2201 4980 3797 5051">
    <p class='ocr_par' dir='ltr' id='par_1_116' title="bbox 2201 4980 3797 5051">
     <span class='ocr_line' id='line_1_117' title="bbox 2201 4980 3797 5051; baseline -0.004 -16"><span class='ocrx_word' id='word_1_903' title='bbox 2201 4983 2474 5035; x_wconf 83' lang='lat' dir='ltr'><strong>voluerunt</strong></span> <span class='ocrx_word' id='word_1_904' title='bbox 2500 4983 2825 5051; x_wconf 88' lang='lat' dir='ltr'><strong>prudentiam</strong></span> <span class='ocrx_word' id='word_1_905' title='bbox 2848 4981 3166 5046; x_wconf 86' lang='lat' dir='ltr'><strong>maturitate,</strong></span> <span class='ocrx_word' id='word_1_906' title='bbox 3189 4988 3321 5044; x_wconf 85' lang='lat' dir='ltr'><strong>etc.,</strong></span> <span class='ocrx_word' id='word_1_907' title='bbox 3351 4995 3458 5051; x_wconf 85' lang='lat' dir='ltr'><strong>non</strong></span> <span class='ocrx_word' id='word_1_908' title='bbox 3483 4980 3618 5051; x_wconf 81' lang='lat' dir='ltr'><strong>satis</strong></span> <span class='ocrx_word' id='word_1_909' title='bbox 3639 4985 3797 5033; x_wconf 82' lang='lat' dir='ltr'><strong>recte.</strong></span> 
     </span>
    </p>
   </div>
   <div class='ocr_carea' id='block_1_117' title="bbox 2205 5049 3802 5128">
    <p class='ocr_par' dir='ltr' id='par_1_117' title="bbox 2205 5049 3802 5128">
     <span class='ocr_line' id='line_1_118' title="bbox 2205 5049 3802 5128; baseline -0.001 -22"><span class='ocrx_word' id='word_1_910' title='bbox 2205 5049 2649 5108; x_wconf 25' lang='lat' dir='ltr'><strong>Postretno‘Gill.</strong></span> <span class='ocrx_word' id='word_1_911' title='bbox 2680 5055 2948 5128; x_wconf 81' lang='lat' dir='ltr'><strong>in___mat_&#39;g._</strong></span> <span class='ocrx_word' id='word_1_912' title='bbox 2992 5062 3046 5107; x_wconf 91' lang='lat' dir='ltr'><strong>et</strong></span> <span class='ocrx_word' id='word_1_913' title='bbox 3085 5051 3244 5128; x_wconf 78' lang='lat' dir='ltr'><strong>Rom.</strong></span> <span class='ocrx_word' id='word_1_914' title='bbox 3297 5049 3450 5128; x_wconf 79' lang='lat' dir='ltr'><strong>edit._</strong></span> <span class='ocrx_word' id='word_1_915' title='bbox 3479 5049 3532 5105; x_wconf 90' lang='lat' dir='ltr'><strong>in</strong></span> <span class='ocrx_word' id='word_1_916' title='bbox 3555 5062 3802 5128; x_wconf 53' lang='lat' dir='ltr'><strong>corpore</strong></span> 
     </span>
    </p>
   </div>
   <div class='ocr_carea' id='block_1_118' title="bbox 2201 5119 3799 5192">
    <p class='ocr_par' dir='ltr' id='par_1_118' title="bbox 2201 5119 3799 5192">
     <span class='ocr_line' id='line_1_119' title="bbox 2201 5119 3799 5192; baseline -0.004 -15"><span class='ocrx_word' id='word_1_917' title='bbox 2201 5137 2323 5178; x_wconf 90' lang='lat' dir='ltr'><strong>cum</strong></span> <span class='ocrx_word' id='word_1_918' title='bbox 2356 5137 2489 5177; x_wconf 89' lang='lat' dir='ltr'><strong>mss.</strong></span> <span class='ocrx_word' id='word_1_919' title='bbox 2535 5125 2811 5179; x_wconf 90' lang='lat' dir='ltr'><strong>nonnullis</strong></span> <span class='ocrx_word' id='word_1_920' title='bbox 2862 5119 3065 5178; x_wconf 86' lang='lat' dir='ltr'><strong>habent</strong></span> <span class='ocrx_word' id='word_1_921' title='bbox 3094 5123 3296 5178; x_wconf 82' lang='lat' dir='ltr'><strong>volatus</strong></span> <span class='ocrx_word' id='word_1_922' title='bbox 3335 5124 3452 5192; x_wconf 66' lang='lat' dir='ltr'><strong>per]</strong></span> <span class='ocrx_word' id='word_1_923' title='bbox 3471 5120 3676 5192; x_wconf 70' lang='lat' dir='ltr'><strong>coelum,</strong></span> <span class='ocrx_word' id='word_1_924' title='bbox 3717 5119 3799 5173; x_wconf 90' lang='lat' dir='ltr'><strong>ubi</strong></span> 
     </span>
    </p>
   </div>
   <div class='ocr_carea' id='block_1_119' title="bbox 2203 5191 3799 5318">
    <p class='ocr_par' dir='ltr' id='par_1_119' title="bbox 2203 5191 3799 5318">
     <span class='ocr_line' id='line_1_120' title="bbox 2203 5191 3799 5318; baseline -0.004 -70"><span class='ocrx_word' id='word_1_925' title='bbox 2203 5205 2318 5249; x_wconf 89' lang='lat' dir='ltr'><strong>vet.</strong></span> <span class='ocrx_word' id='word_1_926' title='bbox 2343 5193 2476 5318; x_wconf 64' lang='grc' dir='ltr'>ῗᾱιι.</span> <span class='ocrx_word' id='word_1_927' title='bbox 2501 5209 2566 5250; x_wconf 89' lang='lat' dir='ltr'><strong>ac</strong></span> <span class='ocrx_word' id='word_1_928' title='bbox 2613 5197 2784 5252; x_wconf 92' lang='lat' dir='ltr'><strong>multo</strong></span> <span class='ocrx_word' id='word_1_929' title='bbox 2815 5195 2999 5266; x_wconf 90' lang='lat' dir='ltr'><strong>plures</strong></span> <span class='ocrx_word' id='word_1_930' title='bbox 3027 5208 3160 5249; x_wconf 90' lang='lat' dir='ltr'><strong>mss.</strong></span> <span class='ocrx_word' id='word_1_931' title='bbox 3210 5191 3452 5261; x_wconf 69' lang='lat' dir='ltr'><strong>rectius,</strong></span> <span class='ocrx_word' id='word_1_932' title='bbox 3479 5191 3678 5247; x_wconf 75' lang='lat' dir='ltr'><strong>volatus</strong></span> <span class='ocrx_word' id='word_1_933' title='bbox 3715 5205 3799 5258; x_wconf 79' lang='lat' dir='ltr'><strong>per</strong></span> 
     </span>
     <span class='ocr_line' id='line_1_121' title="bbox 2203 5281 2476 5318; baseline 0 0"><span class='ocrx_word' id='word_1_934' title='bbox 2203 5281 2340 5318; x_wconf 75' lang='lat' dir='ltr'><strong>stecu</strong></span> <span class='ocrx_word' id='word_1_935' title='bbox 2366 5281 2476 5318; x_wconf 86' lang='lat' dir='ltr'><strong>um.</strong></span> 
     </span>
    </p>
   </div>
   <div class='ocr_carea' id='block_1_120' title="bbox 2201 5281 2476 5321">
    <p class='ocr_par' dir='ltr' id='par_1_120' title="bbox 2201 5281 2476 5321">
     <span class='ocr_line' id='line_1_122' title="bbox 2201 5281 2476 5321; baseline 0.011 -3"><span class='ocrx_word' id='word_1_936' title='bbox 2201 5281 2476 5321; x_wconf 76' lang='lat' dir='ltr'><strong>stecutum.</strong></span> 
     </span>
    </p>
   </div>
   <div class='ocr_carea' id='block_1_121' title="bbox 2270 5333 3793 5407">
    <p class='ocr_par' dir='ltr' id='par_1_121' title="bbox 2270 5333 3793 5407">
     <span class='ocr_line' id='line_1_123' title="bbox 2270 5333 3793 5407; baseline -0.004 -17"><span class='ocrx_word' id='word_1_937' title='bbox 2270 5347 2292 5373; x_wconf 68' lang='grc' dir='ltr'><strong>θ</strong></span> <span class='ocrx_word' id='word_1_938' title='bbox 2315 5335 2542 5403; x_wconf 86' lang='lat' dir='ltr'><strong>Quidam</strong></span> <span class='ocrx_word' id='word_1_939' title='bbox 2573 5351 2708 5392; x_wconf 90' lang='lat' dir='ltr'><strong>mss.</strong></span> <span class='ocrx_word' id='word_1_940' title='bbox 2727 5337 3101 5407; x_wconf 85' lang='lat' dir='ltr'><strong>cupiditatibus</strong></span> <span class='ocrx_word' id='word_1_941' title='bbox 3133 5335 3314 5392; x_wconf 88' lang='lat' dir='ltr'><strong>mundi</strong></span> <span class='ocrx_word' id='word_1_942' title='bbox 3342 5333 3718 5392; x_wconf 75' lang='lat' dir='ltr'><strong>reuehentibus.</strong></span> <span class='ocrx_word' id='word_1_943' title='bbox 3743 5369 3756 5386; x_wconf 94' lang='lat'><strong>.</strong></span> <span class='ocrx_word' id='word_1_944' title='bbox 3779 5367 3793 5384; x_wconf 91' lang='lat'><strong>.</strong></span> 
     </span>
    </p>
   </div>
   <div class='ocr_carea' id='block_1_122' title="bbox 2195 5407 2976 5480">
    <p class='ocr_par' dir='ltr' id='par_1_122' title="bbox 2195 5407 2976 5480">
     <span class='ocr_line' id='line_1_124' title="bbox 2195 5407 2976 5480; baseline 0 -18"><span class='ocrx_word' id='word_1_945' title='bbox 2195 5409 2425 5480; x_wconf 74' lang='lat' dir='ltr'><strong>resoluta</strong></span> <span class='ocrx_word' id='word_1_946' title='bbox 2463 5407 2696 5480; x_wconf 86' lang='lat' dir='ltr'><strong>calorum</strong></span> <span class='ocrx_word' id='word_1_947' title='bbox 2727 5409 2976 5480; x_wconf 85' lang='lat' dir='ltr'><strong>pernicie.</strong></span> 
     </span>
    </p>
   </div>
   <div class='ocr_carea' id='block_1_123' title="bbox 2272 5474 3795 5554">
    <p class='ocr_par' dir='ltr' id='par_1_123' title="bbox 2272 5474 3795 5554">
     <span class='ocr_line' id='line_1_125' title="bbox 2272 5474 3795 5554; baseline -0.001 -20"><span class='ocrx_word' id='word_1_948' title='bbox 2272 5478 2292 5518; x_wconf 70' lang='grc' dir='ltr'>ί</span> <span class='ocrx_word' id='word_1_949' title='bbox 2334 5477 2537 5534; x_wconf 88' lang='lat' dir='ltr'><strong>Omnes</strong></span> <span class='ocrx_word' id='word_1_950' title='bbox 2563 5474 3164 5554; x_wconf 63' lang='lat' dir='ltr'><strong>edit.,&#39;discordantibu_s</strong></span> <span class='ocrx_word' id='word_1_951' title='bbox 3189 5479 3416 5554; x_wconf 55' lang='lat' dir='ltr'><strong>infterris</strong></span> <span class='ocrx_word' id='word_1_952' title='bbox 3436 5474 3795 5554; x_wconf 51' lang='lat' dir='ltr'><strong>[animalibus]</strong></span> 
     </span>
    </p>
   </div>
   <div class='ocr_carea' id='block_1_124' title="bbox 2195 5548 3792 5618">
    <p class='ocr_par' dir='ltr' id='par_1_124' title="bbox 2195 5548 3792 5618">
     <span class='ocr_line' id='line_1_126' title="bbox 2195 5548 3792 5618; baseline -0.007 -12"><span class='ocrx_word' id='word_1_953' title='bbox 2195 5565 2328 5606; x_wconf 91' lang='lat' dir='ltr'><strong>mss.</strong></span> <span class='ocrx_word' id='word_1_954' title='bbox 2382 5558 2564 5604; x_wconf 88' lang='lat' dir='ltr'><strong>autem</strong></span> <span class='ocrx_word' id='word_1_955' title='bbox 2621 5551 2894 5615; x_wconf 89' lang='lat' dir='ltr'><strong>nonnulli,</strong></span> <span class='ocrx_word' id='word_1_956' title='bbox 2939 5551 3376 5606; x_wconf 87' lang='lat' dir='ltr'><strong>discordantibus.</strong></span> <span class='ocrx_word' id='word_1_957' title='bbox 3427 5548 3494 5604; x_wconf 87' lang='lat' dir='ltr'><strong>In</strong></span> <span class='ocrx_word' id='word_1_958' title='bbox 3543 5548 3792 5618; x_wconf 86' lang='lat' dir='ltr'><strong>quaternis</strong></span> 
     </span>
    </p>
   </div>
   <div class='ocr_carea' id='block_1_125' title="bbox 2194 5619 3788 5694">
    <p class='ocr_par' dir='ltr' id='par_1_125' title="bbox 2194 5619 3788 5694">
     <span class='ocr_line' id='line_1_127' title="bbox 2194 5619 3788 5694; baseline -0.004 -16"><span class='ocrx_word' id='word_1_959' title='bbox 2194 5621 2508 5679; x_wconf 87' lang='lat' dir='ltr'><strong>animalibus</strong></span> <span class='ocrx_word' id='word_1_960' title='bbox 2541 5622 2690 5692; x_wconf 81' lang='lat' dir='ltr'><strong>vitw,</strong></span> <span class='ocrx_word' id='word_1_961' title='bbox 2722 5631 2829 5681; x_wconf 86' lang='lat' dir='ltr'><strong>etc.</strong></span> <span class='ocrx_word' id='word_1_962' title='bbox 2862 5622 3180 5694; x_wconf 80' lang='lat' dir='ltr'><strong>Elegantius</strong></span> <span class='ocrx_word' id='word_1_963' title='bbox 3211 5621 3404 5694; x_wconf 88' lang='lat' dir='ltr'><strong>reliqui</strong></span> <span class='ocrx_word' id='word_1_964' title='bbox 3448 5628 3506 5678; x_wconf 91' lang='lat' dir='ltr'><strong>ut</strong></span> <span class='ocrx_word' id='word_1_965' title='bbox 3534 5619 3590 5678; x_wconf 89' lang='lat' dir='ltr'><strong>in</strong></span> <span class='ocrx_word' id='word_1_966' title='bbox 3620 5625 3788 5677; x_wconf 78' lang='lat' dir='ltr'><strong>textu.</strong></span> 
     </span>
    </p>
   </div>
  </div>
