3998 6190
191 209 270 264 297
1330 233 1417 287 DE
1467 235 1913 296 VlllCINITATE
1954 241 2164 301 LIBER
2204 249 2403 307 UNL'S.

3413 274 3519 331 298

199 331 352 389 aptata
381 323 699 394 virtutem,
733 340 792 385 et
823 332 888 386 ad
917 333 1292 406 Evangelicum
1323 343 1620 402 cohmrenti
1648 364 1810 404 cursu
1836 351 1891 412 Α
1989 353 2227 428 Denique
2253 361 2585 433 subjungitur
2623 369 2912 426 exhortatio
2957 385 3008 428 ut
3052 380 3098 432 si
3127 384 3344 445 pretium
3381 391 3520 457 quod

205 414 400 457 formula
424 433 787 457 “magni-am
810 446 821 456 .
849 438 958 457 -..ιη
993 440 1170 457 nus---
1199 434 1247 457 :-_
1280 453 1357 457 μ--
1383 438 1446 457 1:,
1543 451 1554 457 -
1715 446 1725 457 .
1792 445 1804 454 .
1994 445 2049 457 ,η
2100 449 2111 457 .
2246 452 2256 457 -
2293 452 2303 457 -

205 414 402 473 lormata
424 433 821 495 praeceptum:
847 438 960 484 rota
991 440 1174 488 autem
1198 434 1249 490 in
1279 438 1456 494 medio
1475 451 1628 508 τοίω,
1645 445 1808 501 veluti

212 511 444 566 vitaintra
475 514 696 581 vitam;
729 520 877 589 quod
903 533 1212 580 sanctorum
1242 528 1342 583 sibi
1373 532 1478 586 vita
1512 551 1618 589 non
1638 536 1808 592 disso-

219 605 414 668 nct,sed
438 607 627 677 qualis
662 609 828 666 fuerit
849 616 1148 684 superioris
1175 622 1376 690 aetatis,
1399 626 1522 681 talis
1551 629 1621 683 sit
1640 641 1694 684 et
1723 646 1808 687 se-

219 698 446 765 quentis:
481 699 572 755 vel
603 703 754 772 quod
781 707 834 760 in
859 704 960 762 hac
991 708 1100 764 vita
1128 715 1373 784 corporis
1402 716 1529 773 vita:
1559 721 1807 778 volvatur

220 803 329 844 IISIIS
357 800 604 848 mternaa.

277 903 398 958 IIS.
438 905 576 962 Cum
611 908 714 965 ista
743 917 1116 984 congruerint,
1139 929 1267 977 tunc
1296 922 1478 981 divina
1503 941 1602 983 vox
1629 933 1804 987 resul-

216 995 367 1061 tabit,
418 1007 548 1054 tunc
601 1016 772 1072 super
822 1008 1237 1069 similitudinem
1293 1017 1471 1074 throni
1503 1020 1805 1080 similitudo

210 1089 338 1143 sicut
366 1093 583 1160 species
610 1094 849 1154 hominis
874 1105 1394 1180 apparebit(l€zech.
1438 1129 1477 1177 ι,
1523 1115 1654 1184 26).
1706 1118 1803 1173 llic

211 1177 362 1235 homo
405 1182 642 1239 Verbum
693 1198 819 1255 est,
874 1193 999 1261 quia
1042 1177 1261 1254 Verbum
1306 1219 1427 1257 caro
1484 1210 1678 1276 factum
1728 1221 1803 1265 est

207 1273 393 1342 (Joan.
427 1291 466 1344 ι,
500 1279 630 1349 14).
676 1281 774 1337 Hic
815 1285 977 1344 homo
1008 1299 1034 1326 η
1083 1303 1394 1353 nostrorum
1443 1313 1525 1356 est
1569 1306 1803 1374 agitator

207 1367 538 1436 animalium,
568 1382 883 1432 nostrorum
931 1392 1113 1438 rector
1160 1396 1245 1441 est
1287 1405 1530 1460 morum,
1577 1397 1668 1467 qui
1702 1414 1801 1467 pro

206 1471 506 1515 nostrorum
525 1464 735 1520 ratione
751 1470 1093 1539 meritorum,
1116 1488 1211 1533 aut
1232 1494 1454 1538 currum
1481 1486 1799 1559 plerumque

206 1561 287 1604 aut
312 1564 552 1609 montem
583 1560 856 1626 ascendit,
906 1575 1001 1619 aut
1030 1570 1209 1625 navim
1237 1590 1250 1625 :
1284 1575 1380 1629 sed
1406 1579 1585 1633 navim
1618 1581 1669 1636 in
1691 1598 1795 1653 qua

204 1655 282 1697 aut
313 1648 547 1715 apostoli
578 1653 870 1724 navigant,
917 1667 1012 1714 aut
1042 1660 1279 1728 piscator
1325 1667 1557 1745 Petrus(
1583 1648 1793 1744 Luciv,

1987 445 2191 502 Christo
2221 452 2458 508 debemus
2476 497 2490 519 ,
2522 468 2683 512 totum
2712 462 2909 520 solvere
2936 468 3102 525 minus
3127 472 3306 540 liccat,
3337 480 3516 532 saltent

1984 558 2077 595 nos
2107 547 2219 615 ejus
2244 535 2488 617 bene/icio
2508 570 2612 607 non
2637 555 2877 628 indignos
2904 560 3234 621 exhibeamus
3256 585 3276 634 ;
3307 587 3370 623 ne
3393 589 3516 640 que-

1984 644 2128 686 ratur
2173 641 2370 706 frustra
2414 646 2722 715 sanguinem
2761 666 2817 703 se
2860 655 3197 724 profudisse,
3239 677 3300 714 ac
3344 663 3512 718 locum

1981 726 2196 784 subiisse
2222 735 2592 803 corruptionis.

1984 839 2107 896 120.
2149 843 2353 902 Intrate
2409 848 2614 919 igitur,
2664 853 2830 922 tiliae,
2887 860 2939 914 in
2993 867 3364 934 apostolorum
3418 887 3508 926 re.

1908 931 2017 996 tia,
2075 950 2196 1004 qua:
2236 937 2630 1000 non'hominis
2669 951 3034 1021 auctoritate,
3087 959 3183 1013 sed
3230 960 3323 1016 Dei
3377 980 3509 1021 voce

1906 1024 2197 1094 laxantur;
2243 1042 2358 1088 rete
2407 1038 2552 1092 enim
2593 1043 2879 1111 sapientia:
2918 1051 3180 1118 spiritalis
3219 1065 3382 1128 atque
3410 1059 3507 1113 (Ιοο

1904 1119 2094 1174 ctrina:
2129 1138 2354 1194 regnum
2386 1131 2651 1188 cmlorum
2681 1141 2930 1210 est,quia
2963 1146 3227 1213 scriptum
3258 1161 3342 1206 est
3373 1171 3384 1204 :
3418 1154 3507 1209 Si-

1905 1212 2024 1266 mile
2063 1225 2137 1268 est
2176 1235 2392 1290 regnum
2433 1226 2680 1283 calorum
2707 1240 2804 1285 reti
2843 1235 3082 1292 missoin
3116 1257 3255 1297 mare
3285 1244 3500 1315 (Matth.

1905 1317 2000 1358 xm
2021 1346 2036 1371 ,
2070 1309 2183 1379 47).

1980 1397 2102 1452 121.
2146 1402 2394 1462 Audistis
2442 1410 2604 1467 hodie
2653 1414 2925 1475 dicentem
2979 1423 3264 1483 Dominum
3315 1431 3499 1491 Jesum

1901 1485 2112 1546 Simoni
2143 1512 2156 1545 :
2190 1493 2306 1550 Duc
2336 1501 2389 1554 in
2419 1504 2620 1572 altum,
2655 1517 2704 1561 et
2731 1509 2906 1564 laxate
2933 1518 3063 1571 retia
3101 1532 3268 1576 vestra
3307 1527 3360 1580 in
3413 1546 3501 1583 ca-

1901 1590 2104 1650 pturam
2134 1584 2296 1654 (an.
2329 1607 2384 1652 ν,
2412 1592 2498 1665 4).
2533 1595 2676 1654 Ante
2709 1617 2814 1656 non
2847 1604 3078 1664 ducebat
3118 1612 3171 1666 in
3203 1617 3373 1671 altum
3402 1619 3502 1678 Pe-

1903 1680 2038 1738 trus,
2070 1679 2287 1746 quando
2319 1683 2630 1752 piscabatur
2655 1691 2707 1746 in
2739 1704 2952 1767 stagno.
2987 1700 3104 1758 Etsi
3148 1723 3300 1764 mare
3345 1724 3464 1769 erat
3485 1758 3500 1781 ,

203 1734 234 1788 ὅ
258 1746 304 1788 et
328 1738 498 1808 scq.);
546 1758 645 1798 nec
672 1746 819 1800 enim
850 1748 972 1804 vilis
996 1762 1081 1807 est
1120 1758 1294 1825 navis,
1341 1776 1461 1831 qua:
1491 1765 1707 1822 ducitur
1739 1770 1778 1823 ir

203 1828 354 1873 altum
377 1832 570 1873 (Nam.
626 1853 734 1873 nm
782 1841 838 1873 ll
887 1841 988 1873 ιηυ.
1020 1856 1098 1873 ηρ.
1154 1849 1218 1873 ..1.
1249 1852 1430 1873 2----)
1457 1856 1532 1873 Α..-

2027 1734 2035 1738 ,
2089 1734 2102 1746 _
2319 1734 2619 1752 r__-.._..-...
2739 1734 2952 1767 ους-δην.
2989 1734 3104 1758 usas
3148 1734 3300 1764 utare
3345 1734 3500 1781 erat,

1899 1762 2067 1819 altum
2105 1784 2214 1824 non
2248 1783 2366 1829 erat
2407 1776 2586 1847 (Ibid.
2614 1824 2628 1846 ,
2658 1783 2762 1854 5);
2807 1791 2975 1847 altum
3026 1812 3176 1854 mare
3222 1800 3501 1873 Scriptura

201 1828 354 1884 altum
377 1832 593 1896 (.Ilatth.
626 1853 759 1902 xvn,
782 1841 860 1910 1),
887 1841 989 1898 hoc
1017 1856 1124 1913 est,
1153 1849 1221 1903 ab
1248 1828 1542 1911 incredulis
1570 1875 1789 1929 separa-

204 1934 300 1982 tur.
340 1931 447 1985 Cur
467 1935 615 1989 enim
640 1938 794 1992 navis
815 1939 1030 2010 eligitur
1061 1944 1112 1999 in
1157 1962 1261 2017 qua
1285 1946 1534 2008 Christus
1570 1957 1786 2026 sedeat,

201 2023 343 2077 turba
367 2025 662 2096 doceatur,
705 2031 810 2087 nisi
854 2033 979 2106 quia
1031 2039 1183 2095 navis
1209 2040 1456 2100 Ecclesia
1496 2061 1615 2116 est,
1669 2069 1789 2123 qua:

201 2113 349 2181 pleno
376 2116 676 2176 Dominicre
725 2125 902 2180 crucis
925 2129 1050 2184 velo
1078 2133 1250 2188 sancti
1304 2135 1540 2207 Spiritus
1571 2142 1700 2200 llatu
1733 2146 1789 2202 in

204 2204 297 2262 hoc
320 2209 458 2267 bene
476 2214 696 2285 navigat
726 2219 974 2276 mundo?

203 2430 334 2471 nunc
359 2417 517 2476 hamo
534 2423 730 2492 piscari
754 2427 998 2497 iubetur.
1025 2433 1243 2493 Grande
1267 2443 1615 2511 mysterium!
1668 2417 1790 2518 Spi;

202 2505 361 2565 ritalis
381 2512 526 2568 enim
554 2515 773 2574 videtur
799 2535 926 2579 esse
970 2525 1219 2597 piscatio,
1251 2547 1357 2603 qtta
1384 2535 1647 2594 doctrina:
1687 2540 1787 2595 ba-

204 2614 340 2654 mum
386 2604 600 2663 mittere
636 2608 859 2678 jubetur
889 2615 941 2668 in
966 2619 1260 2688 sreculum;
1289 2633 1348 2678 ut
1369 2627 1602 2696 primum
1636 2630 1786 2688 illum

205 2705 477 2768 martyrem
500 2699 529 2738 δ
559 2701 901 2774 Stephanum
947 2710 1014 2766 de
1041 2715 1177 2770 mari
1217 2718 1415 2784 elevet,
1442 2724 1534 2793 qui
1561 2739 1786 2783 censum

200 2783 384 2845 Christi
452 2793 505 2849 in
569 2796 930 2858 interioribus
974 2810 1312 2878 contineret;
1385 2827 1592 2888 martyr
1642 2822 1787 2878 enim

203 2878 384 2939 Christi
413 2886 704 2949 thesaurus
734 2894 1015 2954 Ecclesiae.
1041 2902 1247 2974 Martyr
1291 2907 1455 2978 igitur
1480 2878 1571 2968 ille
1599 2915 1691 2984 qui
1719 2915 1789 2972 de

208 2977 330 3032 mari
367 2981 430 3036 ad
481 2985 681 3041 cmlum
733 2990 945 3058 primus
993 2997 1273 3066 ascendit,
1316 3012 1510 3073 captus
1554 3020 1584 3059 a
1617 2977 1788 3064 Petro

1896 1859 2089 1914 nescit.
2121 1861 2260 1930 Quid
2292 1882 2423 1938 ergo
2467 1873 2536 1926 sit
2564 1875 2733 1933 altum
2757 1923 2771 1946 ,
2804 1887 2990 1956 accipe
3018 1907 3030 1942 :
3061 1892 3210 1963 Aqua
3237 1898 3346 1952 alta
3376 1918 3499 1956 con-

1893 1951 2069 2008 silium
2101 1957 2154 2010 in
2183 1960 2340 2015 corde
2365 1963 2462 2018 viri
2493 1966 2693 2037 (Prov.
2736 1991 2865 2031 xvm
2886 2021 2901 2045 ,
2950 1981 3054 2051 4);
3085 1986 3269 2044 Altum
3298 2007 3395 2049 cor
3423 1999 3505 2052 vir

1893 2059 2012 2115 est,
2045 2051 2134 2106 ubi
2168 2055 2305 2109 nihil
2337 2058 2599 2117 vadosum
2628 2076 2732 2122 est.
2766 2068 2879 2126 Duc
2911 2089 3042 2143 ergo
3091 2080 3144 2135 in
3187 2083 3358 2142 altum
3392 2089 3505 2145 dis-

1895 2142 2190 2208 putationis
2221 2156 2325 2202 tua:
2354 2150 2589 2223 ﬁdeique
2613 2161 2896 2230 remigium
2919 2208 2934 2232 ,
2965 2142 3070 2224 duc
3125 2173 3176 2228 in
3228 2192 3326 2234 cor
3372 2183 3499 2238 viri.

1893 2230 1996 2288 Per
2017 2237 2330 2304 parabolam
2355 2240 2444 2298 hic
2468 2257 2620 2302 vocat
2645 2250 2710 2304 ad
2735 2251 3035 2313 Ecclesiam
3062 2261 3318 2336 Petrum,
3339 2288 3502 2341 quem

1890 2334 2192 2387 secundum
2241 2335 2560 2397 Matthazum
2603 2348 2836 2416 simplici
2875 2358 3087 2412 vocavit
3125 2376 3390 2422 sermone
3422 2369 3507 2424 di-

1891 2435 2069 2479 cens:
2122 2425 2344 2495 Venite,
2403 2442 2452 2487 et
2510 2437 2702 2505 faciam
2753 2456 2841 2498 vos
2895 2447 3180 2515 piscatores
3230 2456 3502 2518 hominum

1889 2513 2108 2588 (Matth.
2145 2536 2218 2587 ιν,
2258 2522 2367 2594 19).

1889 2981 2029 3036 unde
2070 2986 2198 3038 mihi
2245 2988 2372 3042 dare
2400 2992 2557 3047 habes
2585 3011 2772 3067 aquam
2802 3003 2966 3058 vivam
3010 3007 3205 3080 (Joan.
3238 3031 3319 3083 tv,
3354 3019 3496 3091 II)?

1893 3070 1961 3091 ιγ-
2237 3079 2248 3091 ι
2459 3082 2472 3091 “
2508 3085 2520 3091 -
2642 3088 2653 3091 ‘

3016 3067 3027 3080 ι
3241 3067 3250 3069 ~
3270 3067 3278 3070 -
3306 3067 3319 3083 ι
3358 3067 3376 3072 -
3396 3067 3412 3072 -
3433 3067 3450 3091 l
3477 3067 3490 3076 '

203 3067 454 3129 ministrer
479 3077 688 3147 altaris,
720 3097 831 3138 non
853 3085 978 3154 reti,
1001 3088 1099 3143 sed
1130 3093 1290 3148 hamo
1320 3094 1559 3167 levatur;
1587 3109 1645 3155 ut
1665 3103 1784 3160 rivo
1810 3123 1856 3188 ο
1891 3070 2170 3188 ἾὛΗῨῘἩΟ
2217 3079 2420 3188 (facere
2447 3082 2473 3121 ἀ
2506 3102 2559 3188 ’,η
2603 3088 2785 3188 illum.
2824 3105 3038 3164 palen"
3063 3141 3078 3168 ’
3109 3107 3326 3173 quando
3367 3126 3490 3168 cum

203 3163 275 3216 sui
320 3170 590 3239 sanguinis
633 3173 946 3234 elevaretur
984 3181 1049 3235 ad
1094 3185 1313 3240 caelum.
1363 3188 1534 3260 Cujus
1582 3193 1637 3248 in
1683 3210 1780 3252 ore

200 3253 466 3316 thesaurus
490 3273 631 3330 erat,
665 3281 788 3322 cum
815 3269 1089 3329 Christum
1119 3277 1171 3330 in
1201 3280 1550 3341 confessione
1593 3286 1782 3360 loque-

199 3356 353 3405 retur.
393 3354 552 3427 243
581 3357 717 3426 Quis
746 3361 895 3416 enim
927 3363 1214 3424 thesaurus
1249 3371 1302 3426 in
1333 3375 1488 3431 nobis
1517 3387 1601 3433 est
1624 3420 1640 3446 ,
1674 3380 1780 3437 nisi

198 3437 283 3495 Dei
305 3443 574 3502 Verbum?
619 3451 716 3508 Dei
749 3469 880 3525 ergo
925 3467 980 3512 et
1022 3463 1228 3518 retibus
1255 3476 1310 3521 et
1346 3467 1509 3525 hamo
1539 3471 1780 3542 piscatur

196 3535 494 3605 perfectior;
527 3551 586 3598 ut
607 3545 710 3600 reti
739 3549 1050 3620 concludat,
1096 3553 1260 3613 hamo
1288 3560 1480 3618 adurat
1509 3535 1650 3622 :sed
1675 3569 1778 3625 reti

197 3625 339 3682 turba
367 3633 737 3704 concluditur,
790 3639 953 3698 hamo
1003 3645 1295 3718 singularis
1343 3654 1594 3726 elegitur.
1642 3660 1687 3715 Ο
1729 3663 1776 3718 si

195 3717 318 3774 mihi
342 3723 524 3783 liceret
571 3730 724 3786 illum
749 3733 972 3792 hamum
1023 3747 1375 3817 vorare,"qui
1430 3751 1684 3811 adureret
1713 3771 1775 3812 os

193 3822 380 3883 meum,
406 3829 426 3856 ε
455 3829 511 3876 et
538 3821 646 3878 levi
671 3823 828 3883 daret
856 3829 1088 3888 salutem
1119 3836 1381 3896 vulnere!

759 3963 990 4024 CAPUT
1031 3969 1177 4028 XIX.

193 4055 424 4121 Hortatur
470 4071 728 4143 virgines,
762 4088 819 4132 ut
857 4082 1071 4139 subeant
1114 4089 1244 4143 retia
1277 4092 1579 4164 sapientior,
1608 4098 1665 4152 id
1695 4111 1770 4156 est

252 4171 452 4226 regnum
481 4167 732 4222 caelorum
755 4211 771 4234 ,
802 4187 902 4241 quo
946 4175 1135 4233 ducere
1163 4181 1379 4253 jubetur
1405 4184 1617 4244 Petrus.
1647 4193 1768 4249 Alia

252 4253 466 4320 ejusdem
493 4262 740 4331 praecepti
765 4264 918 4320 datur
944 4273 1209 4341 acceptio,
1242 4287 1297 4331 ut
1323 4295 1411 4333 cor
1440 4283 1540 4336 viri
1570 4301 1662 4353 per
1688 4290 1768 4342 al-

253 4353 352 4399 tum
377 4352 727 4424 intelligamus
763 4367 914 4428 atque
941 4361 1227 4421 Ecclesium
1259 4386 1278 4423 :
1306 4388 1428 4427 mox
1457 4381 1765 4448 praponitur

248 4447 290 4489 et
331 4443 472 4497 tertia
495 4446 563 4500 de
608 4448 725 4518 ipso
765 4448 1012 4520 Christo;
1046 4458 1182 4514 unde
1223 4471 1270 4515 et
1306 4443 1581 4536 respondet
1627 4471 1761 4526 idem

245 4541 493 4604 apostolus
539 4545 804 4602 incassum
833 4567 925 4620 per
967 4566 1164 4610 noctem
1200 4576 1256 4615 se
1299 4562 1580 4624 laborasse.
1617 4571 1758 4638 Quo-

246 4634 384 4688 modo
398 4640 681 4695 etiamnum
721 4646 903 4701 eadem
933 4648 1169 4710 Christus
1211 4671 1274 4711 ac
1317 4657 1512 4717 Petrus
1555 4666 1750 4724 dicant.

244 4801 270 4883 ξ
309 4795 423 4883 ἓξὲξ.
447 4801 680 4883 aliquot,
705 4814 997 4883 nostrarum
1023 4813 1246 4883 agitator
1267 4825 1339 4870 est
1366 4820 1679 4880 animarum.

243 4861 267 4898 ³³
291 4866 460 4946 _Edit.,
493 4861 556 4928 de
581 4861 718 4966 piari
744 4889 942 4941 verrat;
994 4861 1125 4939 msas.
1157 4887 1372 4952 partim.
1401 4927 1415 4942 .
1445 4931 1459 4945 .
1487 4932 1500 4944 .
1533 4907 1751 4966 erueret,

243 4947 354 4966 ps...
559 4963 575 4966 -
616 4957 712 4966 μη·
778 4949 839 4966 δέ
885 4951 938 4966 τ’-
1019 4953 1031 4966 ⁵

173 4936 375 5025 partim.
408 4983 419 4995 .
448 4936 466 4996 ⁷.
507 4947 732 5025 ._ele_vet.
761 4949 851 5025 _I_)e
884 4936 1754 5025 siepnaho"Sdiéiil'n'oh"§3t'ti&i

777 5001 791 5002 ,
827 5001 847 5005 ,
885 5001 974 5007 τ--
1020 5001 1157 5010 ---ην
1207 5001 1386 5014 μην...
1419 5001 1522 5019 ην..
1603 5001 1656 5022 υ.
1703 5001 1753 5025 ι..

169 5001 273 5106 Infit;
300 5010 430 5106 lo'co,
451 5015 547 5071 sed
559 5019 730 5106 etiam
761 5001 1220 5106 Hexaerri.__lib.__v,
1252 5045 1373 5100 cap.
1403 5035 1457 5098 6,
1490 5001 1639 5092 num.
1664 5001 1753 5106 i6,

166 5084 220 5129 et
261 5080 310 5170 in
333 5081 523 5170 Lucam
557 5089 658 5145 lib.
699 5106 748 5156 v,
782 5108 930 5147 num.
985 5097 1071 5161 75,
1125 5080 1457 5170 disputat-ur:

165 5151 304 5215 quod
327 5157 569 5244 subditur
598 5151 745 5244 post
765 5178 932 5234 pauca
951 5207 966 5231 ,
1013 5151 1457 5232 minister—altaris
1480 5219 1495 5244 ,
1531 5151 1582 5233 id
1596 5151 1753 5239 "Qui:

165 5231 341 5310 aperte
368 5228 632 5310 signiﬁcat
657 5228 919 5291 diaconos
947 5228 1058 5294 non
1086 5249 1145 5296 ut
1169 5228 1450 5302 Ecclesia;
1467 5228 1750 5310 tacitam;

163 5299 318 5392 atqqc
343 5299 717 5392 eleemnosvpas
748 5315 956 5392 tantum
985 5299 1456 5392 administrarent,
1489 5325 1751 5392 quemad-

161 5365 373 5421 modum
406 5371 457 5463 i'n
477 5365 738 5430 Tru'llana
763 5381 974 5448 synodo
1003 5393 1191 5440 contra
1220 5365 1715 5463 ﬁeoczes’ariensem
1736 5439 1750 5463 ,

163 5441 316 5463 σιΙι-..ιι-
367 5456 492 5463 -.Α-
553 5462 558 5463 γ
610 5448 621 5457 ⁸
677 5462 684 5463 ί
872 5452 908 5463 "
955 5461 961 5463 λ

160 5441 319 5522 fitque
364 5441 512 5522 adeo_
532 5441 841 5522 universam
872 5452 1090 5508 Patrum
1122 5441 1475 5517 tradition-ehi
1490 5441 1756 5522 constitur-

158 5509 270 5583 tum
296 5515 595 5605 elabsedut
614 5518 808 5605 altaris
828 5524 939 5578 veri
965 5509 1200 5586 ministri
1212 5509 1590 5605 censerentur,
1617 5538 1760 5594 sicut

150 5589 259 5643 jam
286 5583 409 5639 alibi
438 5589 942 5650 animadvertimus.

229 5661 250 5685 ί
295 5651 413 5747 Mlsls.
455 5658 698 5747 aliquot,
729 5677 778 5747 et
821 5667 1332 5747 levigaretsalutem
1370 5680 1628 5747 vulnere;
1660 5683 1756 5739 alii

155 5725 424 5797 nonnulli,
450 5740 496 5785 et
524 5725 765 5804 levigaret
792 5725 975 5794 sane}:
1009 5725 1753 5824 vulnerd'meiidsvreliqui,

544 5830 827 5896 Parnm.
882 5836 1059 5903 XVI.

1886 3166 2091 3226 Judaeis
2117 3172 2412 3242 credebat,
2443 3179 2534 3248 qui
2561 3181 2727 3238 etiam
2755 3183 2824 3241 de
2852 3199 3016 3258 puteo
3043 3166 3236 3265 aquam
3268 3166 3493 3261 haurire

1883 3279 1990 3319 non
2022 3277 2297 3335 poterant.
2322 3269 2453 3326 Ideo
2483 3271 2683 3330 dicitur
2707 3277 2868 3334 Petro
2894 3299 2907 3339 :
2939 3283 3058 3340 Duc
3080 3289 3136 3342 in
3160 3293 3324 3348 altum
3343 3338 3357 3362 ,
3384 3297 3490 3357 hoc

1881 3365 1966 3412 est
1992 3399 2005 3422 ,
2037 3357 2142 3413 duc
2173 3359 2242 3415 ad
2268 3361 2584 3430 Christum;
2617 3367 2758 3424 altus
2797 3383 2880 3427 est
2916 3376 3059 3432 enim
3092 3378 3370 3454 Christus,
3420 3392 3492 3448 de

1881 3463 1988 3518 quo
2016 3448 2216 3506 dicitur
2256 3452 2324 3508 ad
2355 3452 2620 3513 Joannem
2649 3474 2679 3514 a
2708 3459 2905 3519 Patre:
2939 3467 3009 3522 Et
3041 3479 3128 3538 tu,
3177 3493 3325 3545 puer,
3357 3448 3487 3553 pro-

1879 3543 2032 3614 pheta
2070 3546 2320 3601 Altissimi
2349 3551 2616 3607 vocaberis
2659 3554 2820 3626 (Luc.
2848 3574 2902 3625 ι,
2934 3561 3048 3633 76).
3086 3543 3202 3624 Duc
3246 3543 3374 3644 ergo
3413 3581 3484 3634 ad

1877 3633 2178 3692 Christum.
2215 3640 2280 3693 Et
2321 3640 2459 3700 bene
2489 3646 2700 3720 altum,
2737 3650 2787 3704 in
2819 3668 2928 3722 quo
2968 3666 3053 3710 est
3083 3633 3485 3724 altitudovdivi-

1879 3729 2080 3785 tiarum
2131 3733 2415 3801 sapientiae
2463 3747 2518 3793 et
2560 3739 2809 3797 scientiae
2855 3744 2953 3802 Dei
2999 3748 3194 3819 (Rom.
3230 3772 3320 3824 ιι,
3351 3761 3474 3832 55).

1876 3819 1992 3876 Duc
2021 3823 2074 3878 in
2105 3824 2308 3892 altum;
2346 3837 2369 3865 θ
2400 3830 2493 3898 qui
2538 3831 2682 3886 altus
2709 3849 2875 3905 super
2902 3837 3074 3894 altum
3111 3819 3388 3919 custodit,
3421 3819 3479 3912 et

1875 3913 2097 3968 exultat.

1947 4005 2071 4061 125.
2112 4005 2190 4062 lbi
2221 4022 2354 4077 ergo
2380 4008 2506 4065 altae
2535 4025 2690 4082 aquae
2716 4053 2732 4079 ,
2764 4015 2853 4071 ubi
2884 4017 3138 4080 Christus
3165 4039 3249 4085 est
3269 4073 3283 4099 ,
3318 4037 3330 4071 ί
3368 4037 3473 4096 hoc

1873 4108 1958 4155 est
1984 4141 1998 4165 ,
2030 4099 2187 4156 ﬁdes.
2217 4101 2357 4158 Altae
2382 4117 2538 4174 aqua:
2560 4146 2576 4170 ,
2613 4121 2734 4177 quae
2763 4108 2958 4168 timent
2983 4115 3272 4179 Dominum
3291 4169 3306 4192 ,
3335 4145 3470 4199 qua-

1871 4189 1952 4246 les
1982 4191 2089 4246 illa:
2115 4211 2128 4247 :
2168 4191 2422 4249 Viderunt
2473 4205 2523 4251 te
2546 4213 2714 4268 aquae,
2744 4199 2888 4259 Deus
2906 4245 2924 4272 ,
2953 4208 3192 4266 viderunt
3221 4225 3270 4270 te
3292 4189 3469 4295 '2“

1869 4302 2036 4356 aqute,
2061 4296 2108 4341 et
2139 4287 2416 4342 timuerunt
2453 4287 2626 4362 (Psal.
2664 4309 2854 4362 Lxxvt,
2892 4298 3005 4370 I7).
3057 4304 3214 4375 Apud
3245 4287 3466 4369 ,1υῦςὲοὲ

1871 4390 1897 4428 8
1933 4396 2072 4452 aqua
2119 4383 2228 4438 alta
2274 4398 2382 4439 non
2422 4393 2544 4440 erat
2567 4428 2582 4452 ,
2614 4388 2739 4457 quia
2779 4406 2886 4447 non
2917 4398 3117 4453 eratin
3147 4403 3313 4460 corde
3340 4408 3463 4464 viri.

1867 4475 2100 4546 Ideoque
2133 4477 2392 4533 Dominus
2417 4479 2494 4534 ait
2518 4496 2531 4532 :
2561 4478 2798 4552 Populus
2823 4484 2907 4538 hic
2936 4487 3084 4542 labiis
3108 4508 3186 4547 me
3209 4494 3462 4570 honorat,

1864 4585 1952 4623 cor
1994 4581 2164 4623 autem
2192 4586 2370 4624 eorum
2399 4570 2549 4643 longe
2593 4582 2666 4628 est
2693 4590 2724 4627 a
2754 4591 2835 4629 me
2873 4576 3096 4646 (Matth.
3129 4599 3248 4654 xw,
3291 4589 3369 4658 8).
3401 4591 3458 4648 In

1863 4665 2032 4724 corde
2059 4673 2208 4720 amat
2253 4680 2377 4722 esse
2403 4664 2654 4722 Christus
2680 4684 2694 4722 :
2726 4667 2880 4726 Sicut
2917 4673 3049 4728 enim
3079 4678 3180 4747 fuit
3207 4679 3376 4739 Jonas
3404 4687 3460 4742 in

1862 4837 1916 4886 et
1937 4827 2066 4882 edit.
2097 4834 2156 4880 ut
2188 4825 2241 4878 in
2275 4832 2449 4879 textu.

1932 4897 1959 4934 ά
1990 4895 2243 4952 Nonnulli
2259 4909 2408 4983 'mss.
2431 4936 2444 4958 ,
2470 4895 2522 4948 in
2543 4896 2706 4983 altum
2727 4910 2947 4983 poterat.
2976 4904 3197 4983 Quando
3216 4925 3418 4983 ροιεναι
3432 4921 3459 4975 2

1863 4968 2081 5037 Quando
2105 4983 2220 5020 cum
2245 4963 2462 5020 Judwus
2484 4963 2740 5025 credebat.
2767 4973 2902 5037 Quia
2921 4963 3075 5031 etiZm
3095 5020 3108 5046 ,
3136 4963 3457 5046 ειεξξῆξῶ

1934 5057 2013 5096 SC.

1857 5043 2072 5165 “ﬁcia.
2113 5107 2509 5190 edit..Amet_-b.
2550 5120 2712 5190 atque
2745 5113 2906 5190 Eras.
2951 5134 3071 5175 cum
3108 5141 3240 5184 mss.
3283 5135 3454 5190 multo

1857 5184 2107 5255 pluribus
2125 5223 2140 5244 ,
2172 5180 2276 5234 nisi
2299 5179 2526 5264 quodnin
2552 5179 2660 5236 illis
2684 5185 2942 5264 habetur,
2968 5179 3454 5264 custodiet'etueaal:

1859 5251 2007 5309 iabit.
2031 5252 2164 5309 Gill.
2191 5267 2319 5347 verit}
2349 5262 2405 5306 et
2435 5251 2593 5347 R'om.
2627 5268 2751 5309 cum
2794 5251 2939 5347 aliis
2967 5251 3451 5347 nonnullis—mss:

1864 5327 1977 5347 ---μ
2012 5326 2164 5347 _..___-_
2192 5341 2204 5347 _
2234 5339 2256 5347 ,
2305 5332 2338 5347 ..
2428 5340 2453 5347 -
2482 5335 2556 5347 ,μ
2819 5346 2822 5347 ,
2869 5340 2880 5347 .

1853 5327 1980 5397 quia
2003 5326 2204 5404 apum;
2230 5323 2397 5404 edita,
2422 5324 2556 5378 altos
2572 5366 2587 5388 ,
2621 5342 2776 5404 super
2805 5329 2973 5386 altum
2994 5323 3450 5404 custodit'etnea‘a'l:

1857 5394 1963 5462 tat;
1993 5396 2158 5462 edit.,
2190 5394 2440 5450 custodiet
2467 5405 2514 5449 et
2541 5398 2806 5454 exaltabit.

1934 5469 1953 5507 ί
1989 5467 2244 5523 Nonnulli
2295 5483 2427 5521 mss.
2453 5508 2470 5549 ε
2500 5467 2607 5554 hoc
2641 5479 2754 5554 est,
2790 5471 2920 5554 ﬁdes
2955 5475 3061 5531 alta
3085 5519 3100 5544 ,
3137 5489 3184 5534 et
3229 5501 3346 5554 qute
3385 5494 3450 5547 ti.

1855 5550 1992 5595 ment
2011 5539 2148 5634 ,Lalii
2179 5554 2295 5634 non.
2307 5538 2608 5634 paucis-est
2628 5541 2754 5634 [idsi
2781 5538 2906 5634 alta:
2927 5538 3106 5634 aqum,
3125 5555 3212 5622 qui
3279 5538 3448 5634 unus,

1857 5628 1971 5684 qua:
2001 5612 2352 5696 ‘t't'mentnctc.
2387 5609 2577 5665 Melius
2606 5613 2756 5696 ledit.
2785 5609 2982 5672 omnes
3008 5631 3063 5696 ut
3086 5609 3149 5676 ἶιῖ
3168 5609 3451 5696 conte-xiiii:

1933 5694 1958 5730 ε
2001 5683 2123 5738 Vet.
2164 5682 2293 5737 edit.
2321 5722 2338 5745 ,
2383 5698 2520 5752 aqua
2563 5683 2670 5737 alta
2710 5701 2808 5740 non
2860 5699 2969 5770 erat
3012 5693 3067 5745 in
3084 5699 3272 5778 Acorde
3316 5682 3454 5778 viri:-

1933 5755 2159 5778 ....--.s2..-
2209 5753 2344 5778 DA.”
2413 5769 2530 5778 λη-..
2563 5771 2670 5778 η---
2745 5761 2919 5778 -..ῃκιγ
2978 5777 2983 5778 ,

1855 5754 2162 5827 elegantius
2207 5753 2367 5810 Rom.
2410 5769 2533 5810 cum
2563 5771 2692 5812 mss.
2740 5759 3016 5828 omnibus,
3047 5754 3235 5826 ufnos
3265 5753 3456 5851 supra:

2800 5851 2877 5912 10
