3974 6186
490 180 597 235 299

1809 166 2052 225 SANCTI
2092 162 2415 227 AMBROSII

3676 169 3773 231 300

492 304 669 352 uentre
707 293 803 349 ceti
828 292 987 347 tribus
1025 286 1205 342 diebus
1234 294 1282 341 et
1321 286 1482 339 tribus
1510 283 1784 350 noctibus;
1814 284 1886 337 sic
1922 284 2017 338 erit
2046 292 2092 338 et
2122 287 2168 349 Α
2199 281 2388 339 bamus
2415 301 2428 343 :
2462 283 2609 339 venit
2642 282 2901 342 Dominus
2947 281 3104 339 Jesus
3126 322 3141 350 ,
3174 296 3333 343 suum
3383 294 3479 353 pro
3507 281 3659 345 nobis
3686 284 3776 339 ob—

494 389 671 446 Filius
701 386 923 441 hominis
953 384 1005 437 in
1037 380 1193 436 corde
1240 388 1392 434 terra:
1430 377 1592 433 tribus
1622 376 1799 435 diebus
1846 388 1891 431 et
1936 375 2099 433 tribus

496 480 729 537 noctibus
758 475 972 549 (Matth.
1001 488 1113 533 xm
1134 514 1147 537 ,
1171 469 1285 542 40).

573 571 695 629 124.
736 569 979 640 Denique
1007 575 1065 622 ut
1099 566 1240 622 scias
1277 564 1403 635 quia
1443 562 1511 618 de
1554 562 1661 619 ﬁde
1690 562 1858 619 dicit:
1894 561 2006 615 Duc
2043 562 2099 614 in

493 670 689 733 altum;
718 666 793 721 ait
831 666 1023 720 Petrus
1053 680 1064 715 :
1105 660 1435 732 Praeceptor,
1470 676 1562 736 per
1588 669 1749 714 totam
1790 666 1990 713 noctem
2021 655 2101 709 la-

494 765 727 818 borantes
766 758 895 814 nihil
938 756 1194 829 cepimus,
1223 754 1314 809 sed
1348 755 1402 807 in
1439 752 1587 809 verba
1619 763 1708 807 tuo
1752 752 1940 807 lawabo
1972 749 2099 803 retia

494 854 655 927 (Luc.
711 868 778 918 v,
826 852 860 907 5
877 853 918 920 ).
964 847 1193 905 Nootem
1238 846 1475 903 habebat
1525 845 1763 909 Petrus,
1801 852 2097 914 antequam

493 946 776 1002 Christum
821 942 1053 998 videret.
1087 938 1337 996 Nondum
1383 939 1529 994 enim
1578 938 1629 993 ei
1673 945 1897 994 venerat
1942 934 2096 1003 dies;

495 1038 623 1109 quia
650 1052 833 1091 veram
876 1050 983 1090 non
1018 1033 1232 1090 viderat
1273 1032 1472 1087 lucem.
1512 1030 1793 1103 Synagoga
1840 1045 1946 1085 nox
1977 1036 2096 1096 est,

496 1133 611 1188 dies
639 1129 880 1187 Ecclesia
906 1138 1010 1185 est.
1037 1126 1195 1184 Unde
1222 1135 1279 1183 et
1304 1126 1505 1183 Paulus
1530 1126 1662 1180 dicit
1688 1143 1700 1179 :
1731 1123 1855 1179 Nox
1880 1140 2101 1194 prwces-

489 1230 592 1296 sit,
625 1227 735 1282 dies
760 1235 932 1281 autem
962 1224 1401 1296 appropinquavit
1427 1221 1607 1294 (Rom.
1636 1236 1735 1276 nn
1756 1263 1770 1287 ,
1799 1219 1914 1293 l2).
1950 1220 2096 1274 Bona

490 1323 624 1387 lux,
669 1334 788 1390 qua:
835 1317 1077 1388 perﬁdia:
1119 1317 1363 1372 excussit
1407 1315 1735 1385 caliginem,
1782 1313 1907 1368 ﬁdei
1954 1312 2098 1367 diem

494 1412 643 1469 fecit.
672 1412 801 1467 Dies
829 1409 1004 1465 lactus
1035 1418 1119 1465 est
1164 1409 1358 1465 Petrus
1381 1449 1396 1476 ,
1435 1407 1555 1463 dies
1595 1407 1833 1474 Paulus,
1867 1404 2102 1475 ideoque

493 1504 659 1559 hodie
701 1502 867 1557 natali
915 1517 1104 1557 eorum
1148 1501 1387 1572 Spiritus
1434 1508 1657 1555 sanctus
1704 1498 1977 1569 increpuit
2018 1498 2102 1553 di-

490 1613 662 1655 cens:
693 1595 814 1652 Dies
841 1596 943 1650 diei
988 1604 1183 1650 eructat
1222 1593 1431 1649 verbum
1469 1592 1658 1666 (Psal.
1694 1609 1854 1658 xvtn,
1881 1593 1968 1662 5),
1998 1592 2101 1648 hoc

2204 378 2355 445 tulit;
2390 378 2482 435 sed
2515 394 2619 437 non
2650 387 2806 450 potes
2841 377 3157 449 sanguinem
3188 374 3435 435 reddere.

2274 473 2400 529 127.
2444 472 2621 528 Bonus
2666 472 2885 548 quidem
2924 484 3119 531 servus
3166 469 3327 529 debet
3364 469 3590 543 pretium
3629 486 3773 529 suum

2201 580 2455 641 reparare
2482 565 2712 621 Domino
2741 580 2843 625 suo
2868 582 2882 619 :
2916 564 2964 621 si
2991 579 3097 625 n.0n
3132 572 3310 641 potest
3337 563 3563 636 pretium
3594 562 3774 621 redde-

2202 674 2291 726 re,
2326 657 2407 713 vel
2442 657 2543 714 hoc
2570 656 2737 718 faciat
2760 699 2776 726 ,
2811 673 2880 719 ne
2908 656 3084 736 pretio
3115 655 3363 715 videatur
3391 655 3654 727 indignus.
3684 655 3777 711 Er-

2202 766 2269 822 go
2291 758 2348 806 et
2384 760 2440 806 tu
2479 750 2699 821 dignam
2732 759 2784 806 te
2813 765 2941 821 gere
2970 750 3061 804 tali
3090 748 3264 820 pretio
3288 764 3303 815 ;
3337 763 3406 803 ne
3434 748 3610 807 veniat
3635 746 3777 807 Chri-

2203 856 2317 901 stus
2346 845 2437 917 qui
2467 856 2518 901 te
2551 845 2860 914 mandavit,
2893 846 2981 923 qui
3015 853 3069 901 te
3098 842 3369 911 redemit;
3401 841 3557 927 245
3584 852 3636 899 et
3661 842 3704 899 si
3730 850 3777 898 te

2204 940 2256 994 in
2289 940 2525 1010 peccatis
2553 938 2850 1005 invenerit,
2882 938 3027 997 dicat
3055 937 3148 994 tibi
3176 954 3190 992 :
3224 935 3351 1013 Quae
3379 937 3573 992 utilitas
3594 937 3644 990 in
3671 953 3777 991 san-

2203 1035 2356 1108 guine
2383 1050 2498 1089 meo
2525 1032 2695 1106 (Psal.
2732 1049 2859 1091 xxix
2882 1074 2895 1098 ,
2930 1031 3060 1103 l0)?
3087 1030 3228 1102 Quid
3256 1030 3486 1103 profecit
3513 1030 3638 1098 tibi,
3667 1030 3778 1085 dum

2204 1128 2459 1186 descendo
2485 1129 2540 1183 in
2569 1128 2947 1201 corruptionem
2968 1128 2994 1182 ?

2278 1220 2399 1277 128.
2443 1220 2549 1278 Sed
2581 1231 2650 1276 ne
2681 1220 2895 1276 mireris
2923 1218 3197 1291 quomodo
3228 1217 3569 1279 descenderit
3598 1218 3645 1272 in
3672 1232 3779 1273 cor-

2204 1314 2510 1385 ruptionem
2536 1356 2550 1379 ,
2585 1314 2739 1385 cujus
2779 1329 2940 1382 caro,
2974 1325 3031 1368 ut
3061 1313 3188 1368 alibi
3233 1313 3491 1391 scriptum
3523 1320 3603 1369 est
3643 1308 3776 1384 (Act.

2204 1423 2282 1475 tt,
2324 1405 2396 1461 24
2435 1414 2483 1461 et
2530 1406 2703 1476 seq.),
2759 1422 2864 1462 non
2913 1405 3045 1461 vidit
3095 1405 3521 1480 corruptionem.
3563 1403 3782 1460 Descen-

2202 1497 2280 1554 dit
2319 1500 2535 1570 quidem
2583 1499 2637 1555 in
2688 1500 2865 1555 locum
2909 1498 3315 1571 corruptionis,
3348 1510 3369 1538 ε
3401 1499 3493 1570 qui
3540 1505 3777 1571 penetra-

2205 1591 2283 1647 vit
2325 1591 2534 1648 inferna
2571 1611 2584 1647 :
2626 1591 2724 1655 sed
2765 1593 3171 1664 corruptionem
3218 1593 3562 1665 incorruptus
3607 1590 3779 1654 esciu-

492 1699 619 1757 est,
669 1706 735 1747 es
788 1689 981 1745 intimo
1038 1688 1301 1744 thesauro
1350 1685 1535 1743 cordis
1585 1686 1748 1742 ﬁdem
1800 1684 2292 1758 przedicantBsit.

488 1786 712 1843 Christi.
738 1784 808 1840 Et
832 1785 1009 1840 bonus
1039 1793 1272 1852 uterque
1298 1781 1446 1849 dies,
1480 1781 1571 1853 qui
1602 1780 1759 1837 nobis
1796 1796 1984 1838 verum
2014 1780 2094 1835 lu-

488 1897 615 1937 men
651 1879 914 1935 evomuit.

564 1973 691 2030 ηδ.
736 1972 864 2027 llaec
900 1972 956 2026 in
1011 1968 1302 2039 Evangelio
1351 1967 1604 2038 legimus.
1649 1966 1717 2021 Et
1764 1965 1993 2022 fortasse
2041 1965 2094 2020 in

492 2068 635 2123 caelo
667 2065 827 2122 hodie
855 2066 924 2120 de
956 2064 1112 2119 nobis
1139 2060 1343 2117 Christi
1378 2069 1434 2116 et
1478 2060 1625 2116 Petri
1658 2061 1762 2116 iste
1789 2059 1858 2115 sit
1888 2074 2092 2115 sermo.

488 2158 748 2228 Quotidie
776 2157 1022 2213 Piscator
1044 2156 1267 2221 Petrus,
1296 2153 1540 2226 quotidie
1562 2152 1609 2208 ci
1640 2151 1771 2208 dicit
1796 2150 2092 2205 Dominus:

491 2258 609 2313 Duc
630 2258 687 2312 in
712 2257 895 2313 altum.
919 2254 1118 2311 Videor
1146 2253 1278 2308 mihi
1306 2252 1499 2307 audire
1524 2251 1799 2305 dicentem
1830 2248 2049 2304 Petrum
2078 2264 2091 2301 :

488 2352 808 2424 Praeceptor,
834 2367 923 2422 per
944 2359 1102 2404 totam
1136 2358 1337 2403 noctem
1369 2347 1661 2401 laborantes
1688 2345 1818 2398 nihil
1844 2345 2092 2413 cepimus.

492 2446 611 2503 Nox
643 2446 745 2503 fuit
772 2489 786 2512 ,
818 2453 846 2483 ⁸
879 2444 1165 2515 pauciores
1209 2444 1276 2497 ad
1319 2443 1533 2512 vigilias
1572 2447 1965 2496 convenerunt.
1994 2438 2097 2497 La-

490 2540 652 2595 borat
679 2541 732 2594 in
766 2538 922 2593 nobis
966 2537 1191 2601 Petrus,
1225 2535 1441 2608 quando
1475 2545 1656 2590 nostra
1690 2534 1905 2595 laborat
1929 2532 2096 2589 devo-

490 2637 613 2689 tio:
660 2632 876 2687 laborat
914 2639 968 2684 et
996 2628 1217 2683 Paulus.
1264 2627 1510 2695 Denique
1551 2624 1780 2679 audistis
1823 2623 2094 2681 dicentem

487 2726 653 2782 hodie
690 2741 703 2776 :
751 2722 883 2789 Quis
913 2722 1208 2789 infirmatur
1230 2760 1243 2783 ,
1273 2728 1319 2772 et
1350 2734 1445 2789 ego
1472 2733 1573 2772 non
1610 2718 1848 2789 inﬁrmor
1875 2716 1946 2789 (ll
1973 2716 2093 2772 Cor.

487 2835 574 2881 xl.
600 2816 730 2885 29)?
754 2814 780 2852 δ
810 2814 991 2869 Nolite
1030 2814 1212 2868 facere
1246 2821 1303 2865 ut
1343 2826 1440 2880 pro
1482 2810 1638 2865 vobis
1680 2811 1932 2866 laborent
1969 2826 2099 2882 apo—

489 2911 641 2965 stoli.
666 2908 809 2977 Ergo
831 2906 1021 2960 dicunt
1044 2902 1095 2958 ei
1120 2920 1134 2955 :
1168 2901 1273 2957 Per
1300 2910 1459 2957 totam
1485 2911 1683 2956 noctem
1704 2902 1995 2957 laborantes
2020 2902 2100 2955 ni-

493 3005 568 3059 hil
617 3002 866 3072 cepimus.
915 2996 1106 3053 Nullus
1158 3007 1305 3052 certe
1354 2997 1422 3052 de
1470 2994 1759 3051 ditioribus
1802 2994 2092 3065 jejunavit.

2796 1756 3025 1813 CAPUT
3065 1755 3186 1811 XX.

2197 1847 2332 1903 Petit
2362 1864 2569 1920 preces,
2604 1848 2942 1919 piscationem
2968 1865 3117 1903 suam
3155 1864 3468 1922 cognoscens
3498 1864 3779 1917 prosperam

2269 1958 2378 1997 esse
2406 1959 2509 1996 non
2536 1958 2685 2013 posse
2712 1942 2823 1997 sine
2854 1944 3032 2013 favore
3053 1940 3185 2008 Dei,
3212 1942 3298 1995 cui
3323 1941 3517 2013 gratias
3538 1938 3669 2012 quod
3697 1938 3782 1994 sibi

2270 2036 2525 2089 auxilium
2554 2036 2753 2089 mittere
2788 2036 2853 2091 sit
2885 2036 3129 2108 dignatus
3150 2078 3163 2099 ,
3195 2037 3323 2108 agit.
3359 2034 3487 2092 Suis
3516 2052 3568 2091 se
3604 2035 3781 2090 retibus

2271 2145 2372 2184 non
2401 2130 2479 2183 uti
2509 2129 2767 2201 signiﬁcat
2791 2171 2804 2195 ,
2836 2128 2924 2184 sed
2954 2129 3099 2184 Petri
3136 2138 3185 2185 et
3212 2127 3403 2197 Pauli,
3439 2146 3470 2184 a
3495 2129 3668 2201 quibus
3693 2144 3781 2199 op-

2271 2232 2343 2278 tat
2374 2224 2596 2296 rirgines
2623 2223 2894 2293 t'iriﬁcari.
2929 2223 3097 2289 Quam
3127 2224 3251 2280 utile
3279 2221 3482 2279 Joanni
3513 2225 3659 2297 fuerit
3684 2238 3782 2278 om-

2269 2317 2359 2377 aia
2399 2332 2494 2387 pro
2517 2315 2728 2377 Ckristo
2771 2316 3095 2384 deseruisse,
3138 2322 3287 2391 cujus
3325 2335 3546 2391 persona
3577 2334 3673 2391 quo
3695 2317 3783 2389 fuit

2271 2410 2455 2477 uilior,
2486 2426 2549 2471 eo
2576 2414 2748 2481 Μαίον’
2782 2410 2862 2466 illi
2905 2409 3085 2466 haberi
3110 2411 3254 2472 debet
3282 2413 3581 2467 auctoritas.
3621 2412 3787 2477 Quan-

2272 2513 2382 2567 tpm
2404 2505 2557 2565 etiam
2602 2502 2739 2563 illud
2765 2505 2902 2573 quod
2947 2503 3122 2575 Moysi
3164 2521 3228 2559 ac
3268 2504 3404 2561 Elia:
3453 2506 3718 2579 piscatores
3755 2519 3785 2556 a

2267 2596 2479 2658 Christo
2528 2599 2815 2657 sociantur.
2846 2597 3048 2654 Horum
3073 2614 3193 2654 cum
3227 2598 3414 2672 Moyse
3452 2598 3681 2674 jucunda
3712 2597 3786 2651 in-

2272 2692 2505 2750 stituitur
2531 2692 2762 2748 collatio.

2272 2808 2399 2863 129.
2448 2808 2645 2864 Verum
2674 2817 2731 2865 ut
2753 2809 2864 2879 jam
2893 2810 2963 2867 ad
3006 2812 3293 2883 superiora
3338 2811 3661 2897 redeamus,
3708 2827 3787 2867 ro—

2200 2909 2323 2971 gate
2349 2911 2480 2957 utet
2510 2902 2642 2957 mihi
2667 2902 2918 2959 dicatur:
2949 2900 3065 2958 Duc
3092 2904 3147 2959 in
3174 2905 3367 2974 altum,
3396 2906 3649 2973 etlaxate
3672 2903 3787 2959 retia

2202 3004 2365 3050 uestra
2396 2997 2447 3051 in
2475 3005 2769 3068 capturum.
2802 2997 2933 3066 Quis
2959 2999 3101 3054 enim
3130 3010 3250 3066 est,
3288 3000 3380 3072 qui
3430 3003 3546 3057 sine
3568 3000 3682 3055 Deo
3716 2999 3786 3075 pi-

489 3096 699 3163 Quibus
742 3093 906 3147 hodie
938 3091 1077 3146 bene
1108 3090 1390 3164 respondit
1422 3089 1659 3145 Petrus:
1692 3087 1759 3143 In
1790 3089 1969 3144 timore
1994 3088 2093 3145 hoc
2124 3084 2172 3155 C
2201 3100 2384 3146 scetur
2418 3090 2557 3147 hanc
2597 3092 2849 3164 plebem;
2893 3095 3194 3165 praesertim
3226 3109 3352 3150 cum
3406 3105 3567 3152 tanta:
3598 3105 3785 3164 tempe-

489 3189 750 3245 incolatus
782 3186 936 3241 uestri
980 3194 1207 3255 tempore
1251 3184 1661 3250 conversamini,
1704 3184 1918 3238 scientes
1962 3185 2099 3255 quod

495 3299 597 3337 non
617 3278 1040 3353 corruptibilibus
1065 3287 1277 3350 argento
1306 3280 1385 3333 uel
1408 3294 1540 3332 auro
1580 3277 1834 3351 redempti
1876 3279 1995 3333 estis
2035 3279 2099 3334 de

492 3390 628 3429 vana
651 3380 822 3426 uestra
848 3371 1228 3425 conversatione
1255 3379 1483 3442 paterna:
1510 3370 1805 3425 traditionis
1825 3412 1839 3437 ,
1863 3371 1953 3427 sed
1980 3388 2097 3443 pre-

495 3466 627 3518 tioso
658 3462 911 3539 sanguine
938 3462 1085 3532 quasi
1123 3462 1247 3532 agni
1275 3461 1669 3515 incontaminati
1694 3471 1742 3516 et
1770 3463 2097 3518 immaculati

493 3554 689 3610 Christi
714 3553 843 3609 Jesu
873 3553 926 3624 (l
959 3552 1103 3607 Pctr.
1141 3569 1196 3621 ι,
1229 3553 1324 3618 18,
1356 3551 1472 3624 19).
1503 3553 1622 3608 Non
1648 3570 1781 3625 ergo
1822 3572 2011 3612 aurum
2044 3565 2099 3617 et

494 3657 782 3721 argentum
825 3661 922 3703 vos
964 3646 1259 3711 liberavit,
1307 3644 1404 3701 sed
1452 3646 1703 3717 probatio
1744 3648 1871 3704 lidei
1925 3650 2098 3707 multo

495 3741 787 3815 pretiosior
816 3757 984 3801 auro.
1011 3741 1157 3813 quod
1191 3742 1350 3811 perit.

570 3834 695 3892 126.
730 3835 913 3889 Bonus
938 3849 1129 3890 servus
1159 3835 1389 3903 pretium
1421 3833 1604 3890 studet
1630 3849 1885 3906 reparare
1914 3836 2097 3893 Domi-

498 3942 599 3992 no,
631 3925 775 3998 quod
808 3942 905 3997 pro
948 3941 1008 3982 se
1037 3927 1271 3981 solutum
1320 3936 1424 3981 est.
1467 3926 1587 3982 Noli
1638 3943 1828 3983 aurum
1868 3945 2093 4000 parare,

499 4019 605 4074 ﬁlia
632 4061 648 4086 ,
692 4019 800 4075 noli
838 4030 1143 4091 argentum.
1173 4017 1294 4074 Non
1340 4017 1543 4074 divitiis
1590 4020 1708 4075 istis
1752 4027 1805 4076 te
1846 4022 2098 4081 Christus

498 4109 749 4167 redemit.
779 4111 1032 4166 Paratum
1062 4110 1261 4166 habeto
1289 4111 1544 4180 pretium.
1577 4110 1695 4166 Non
1736 4126 1953 4183 semper
1983 4113 2100 4169 cxi-

494 4203 639 4275 geris
660 4244 676 4270 ,
708 4202 803 4258 sed
832 4217 1050 4271 semper
1079 4202 1266 4257 debes.
1296 4201 1629 4271 Sanguinem
1658 4203 1843 4268 solvit,
1881 4204 2100 4276 sangui-

496 4313 621 4353 nem
650 4296 839 4351 debes.
878 4295 971 4350 llle
1004 4309 1102 4365 pro
1128 4302 1182 4350 te
1214 4294 1411 4360 solvit,
1446 4304 1501 4348 tu
1536 4309 1637 4366 pro
1666 4306 1716 4350 te
1751 4297 1933 4353 redde.
1968 4299 2101 4354 Era-

498 4405 620 4447 mus
648 4388 993 4461 oppignorati
1042 4386 1187 4441 malo
1226 4385 1479 4443 creditori
1513 4370 1784 4458 peccatis;
1825 4392 2100 4446 contraxi-

2201 3193 2374 3239 states
2400 3193 2457 3239 et
2487 3185 2743 3254 procellae
2769 3185 2953 3241 mundi
2981 3186 3140 3258 hujus
3163 3187 3473 3243 obsistam?
3503 3188 3606 3245 Sed
3635 3201 3787 3256 quan-

2202 3274 2272 3329 do
2300 3276 2414 3331 vult
2441 3276 2703 3332 Dominus
2721 3317 2736 3343 ,
2762 3276 2917 3348 jubet
2942 3277 3128 3334 laxare
3155 3278 3287 3334 retia
3306 3319 3321 3348 ,
3350 3288 3409 3353 et
3438 3279 3642 3355 capitur
3663 3276 3785 3334 mqu

2204 3368 2375 3424 titudo
2420 3370 2690 3440 piscium:
2724 3385 2824 3426 nec
2872 3371 3046 3426 solum
3094 3387 3198 3427 una
3226 3414 3240 3437 ,
3279 3373 3377 3428 sed
3428 3375 3591 3445 etiam
3634 3372 3785 3436 altera

2202 3463 2356 3517 navis
2406 3463 2705 3534 impletur;
2745 3465 2870 3533 quia
2921 3465 3105 3535 plures
3151 3464 3414 3521 Ecclesiae
3460 3464 3787 3525 immaculata

2203 3556 2361 3627 plebe
2390 3557 2754 3629 complentur.
2786 3558 2854 3614 Et
2881 3558 3020 3615 bene
3056 3559 3255 3614 accidit
3295 3559 3421 3630 quia
3464 3575 3562 3617 nos
3595 3558 3789 3613 labora-

2201 3658 2355 3706 turos
2386 3652 2646 3708 Dominus
2682 3654 2919 3720 sciebat,
2949 3661 3005 3708 et
3044 3654 3302 3708 auxilium
3335 3653 3405 3711 de
3451 3655 3614 3709 sociis
3643 3651 3790 3713 mini-

2201 3744 2413 3798 stravit.
2449 3741 2666 3799 Adestd
2697 3745 2933 3814 piscator
2962 3743 3219 3801 Ecclesia:
3264 3744 3624 3819 Bononiensis
3650 3751 3789 3814 aptus

2202 3834 2268 3891 ad
2317 3835 2420 3891 hoc
2452 3834 2693 3906 piscandi
2734 3851 2926 3909 genus.
2972 3837 3045 3892 Da
3070 3879 3085 3904 ,
3130 3837 3395 3906 Domine,
3427 3818 3639 3911 pisces;
3675 3833 3786 3907 quia

2200 3927 2397 3985 dedisti
2429 3928 2725 3999 adjutores.

2280 4024 2403 4085 130.
2446 4024 2555 4080 Nec
2594 4036 2777 4081 tamen
2824 4024 3066 4103 nostris,
3106 4024 3204 4085 sed
3252 4025 3573 4101 apostolicis
3599 4023 3787 4085 utimur

2202 4119 2431 4175 retibus.
2471 4115 2529 4171 lu
2581 4117 2701 4171 illos
2736 4117 2892 4175 sinus
2917 4158 2933 4185 ,
2974 4127 3029 4177 et
3068 4118 3331 4195 quosdam
3378 4116 3788 4195 apostolicarum

2206 4220 2230 4248 θ
2258 4211 2688 4289 disputationum
2733 4226 2986 4269 recessus
3018 4220 3254 4273 vestrum
3274 4256 3288 4279 ,
3323 4229 3358 4277 ο
3394 4213 3519 4275 ﬁlice
3539 4254 3556 4281 ,
3583 4216 3789 4281 cogatur

2203 4320 2419 4379 agmen.
2453 4303 2697 4361 Viviﬁcet
2725 4321 2821 4360 vos
2859 4306 3085 4373 Petrus.
3116 4306 3281 4366 ﬁliae:
3312 4307 3404 4379 qui
3437 4317 3495 4365 et
3519 4321 3616 4379 pro
3644 4301 3791 4359 vidua

2206 4395 2500 4454 intervenit
2529 4397 2665 4468 (Act.
2697 4413 2754 4453 ιχ
2778 4439 2793 4465 ,
2820 4397 2888 4457 59
2906 4438 2920 4465 ,
2960 4397 3053 4473 40)
3077 4440 3091 4467 ,
3136 4408 3343 4475 quanto
3370 4401 3546 4475 magis
3572 4411 3667 4471 pro
3694 4395 3792 4451 vir-

500 4498 622 4540 mus
649 4478 1072 4552 chirographum
1103 4478 1278 4549 culpae
1304 4519 1317 4542 ,
1353 4493 1567 4548 poenam
1609 4481 1889 4550 sanguinis
1926 4481 2094 4540 debe-
2117 4477 2172 4541 Β
2197 4489 2357 4560 giae!
2401 4489 2504 4558 Qui
2556 4489 2760 4546 diutius
2790 4490 2980 4546 viduas
3022 4490 3154 4549 ﬁere
3196 4506 3304 4549 non
3353 4508 3585 4565 passus,
3627 4496 3792 4551 motus

573 4697 597 4724 δ
631 4686 732 4742 Hic
772 4682 1154 4755 cognoscimus
1186 4678 1575 4755 Apostolorum
1623 4693 1853 4755 quorum
1901 4678 2099 4755 festum

499 4759 693 4816 eodem
741 4751 961 4825 semper
1000 4754 1089 4807 die
1120 4752 1457 4825 celebratum
1498 4761 1623 4825 est,
1665 4751 1905 4825 natalem
1954 4753 2100 4810 diem

501 4844 799 4898 num-luam
826 4823 931 4883 non
961 4825 1187 4898 tnaxima
1212 4839 1336 4898 cum
1361 4823 1711 4898 solemnitate
1736 4823 1943 4898 cultum
1970 4826 2105 4898 l’nis-

502 4918 595 4968 se;
626 4893 841 4973 quando
879 4898 1099 4973 quidem
1131 4894 1258 4973 inde
1289 4909 1322 4973 _a
1350 4893 1557 4973 primis_
1584 4893 1848 4973 Ecclesia:
1889 4896 2104 4973 saeculis

501 4965 610 5029 non
643 4965 776 5027 'sine
819 4965 1107 5042 vigiliisac
1130 4965 1666 5042 jejunio'pra'tnissis
1692 4968 2102 5042 observabatur.

504 5045 620 5100 Non
652 5053 832 5098 tamen
862 5037 1128 5113 jejunium
1171 5037 1304 5113 illud
1351 5047 1554 5113 tantam
1586 5047 1840 5113 quantam
1875 5041 2105 5109 quadra-

500 5108 1179 5189 gesimalerobligationcm
1209 5110 1489 5189 indulsisse
1528 5108 1948 5189 existimamus,
1981 5128 2103 5171 cum

504 5179 602 5243 Eos
633 5204 661 5240 a
692 5179 1048 5257 qutibttsilltttl
1082 5184 1310 5237 fractum
1342 5179 1557 5247 fuerat,
1599 5179 1944 5241 molliuscule
1988 5198 2108 5247 cas-

508 5263 643 5331 tiget
670 5256 1016 5315 Ambrosius.

580 5349 611 5388 ιι
643 5350 864 5420 Aliquot
892 5363 1024 5402 mss.
1045 5387 1060 5412 ,
1086 5343 1265 5409 Nolite
1282 5344 1540 5417 deﬁcere;
1571 5352 1627 5407 ut
1651 5344 1929 5417 proﬁciat,
1960 5346 2108 5405 tabo-

512 5432 640 5479 rate.
671 5421 910 5493 Apostoli
940 5435 1090 5491 ergo,
1118 5427 1230 5479 tto.

583 5524 604 5554 ο
630 5517 851 5586 Apertio
868 5515 1048 5574 verbis
1070 5525 1289 5569 sanctus
1315 5512 1554 5575 Antistes
1595 5514 1924 5586 sententiam
1946 5531 2098 5572 suam

506 5591 573 5644 de
603 5583 804 5645 Chi-isti
849 5588 916 5642 ad
944 5586 1150 5660 inferos
1178 5586 1458 5660 descensu
1480 5583 1681 5660 promit
1715 5603 1729 5639 :
1766 5602 1927 5655 quem
1972 5590 2095 5660 qui.

507 5661 628 5714 deat
662 5676 782 5714 cum
814 5675 916 5756 φρ)
955 5658 1191 5711 articulo
1216 5657 1339 5711 litici
1370 5655 1681 5713 habendum
1728 5668 1932 5730 ttegent
1960 5655 2092 5715 ηὐπ-

2207 4686 2338 4741 nulli
2359 4687 2466 4763 ,de
2493 4687 2593 4763 illo
2620 4689 2776 4744 nobis
2798 4689 2865 4743 ad
2894 4698 3182 4746 tractatum
3208 4692 3263 4746 in
3287 4691 3595 4763 Symbolum
3616 4693 3785 4762 Apost.

2207 4758 2453 4813 nonnihil
2481 4760 2763 4831 disputare
2790 4776 3070 4823 accessura
3101 4764 3229 4829 erit.

2278 4850 2628 4936 {Eusebium
2669 4853 3073 4936 Daueniant-ein
3105 4859 3424 4936 episcopum
3462 4859 3551 4915 hic
3598 4855 3795 4936 signiﬁ-

2208 4926 2321 4987 cari
2346 4935 2537 5001 auctor
2556 4936 2648 5001 est
2668 4926 2953 5001 Batonius
2967 4929 3035 4988 ad
3072 4945 3162 4984 an.
3191 4930 3295 4984 577
3314 4972 3328 4996 ,
3358 4946 3463 4987 nec
3491 4945 3622 4987 vero
3647 4926 3793 5001 quid-

2209 5012 2369 5080 quam
2412 4998 2543 5080 _ejus_
2588 4996 3098 5080 oilicituopiniorti,
3149 5012 3544 5080 ettn1_sanctus_
3590 4996 3680 5080 ille
3721 5001 3795 5080 vir

2212 5069 2544 5152 dgniieiensi
2596 5070 2835 5152 goncilio
2876 5072 3098 5152 an._1’{8l
3140 5074 3475 5152 simulﬂcum
3516 5072 3796 5152 Ambrosio

2212 5139 2539 5221 interfum'it.
2590 5141 2927 5221 Quod-vero
2982 5143 3123 5200 idem
3181 5142 3795 5221 cardin_alis_subjungit

2213 5212 2355 5267 hunc
2382 5212 2557 5280 ipsum
2600 5212 2893 5272 Eusebium
2920 5228 3079 5280 esse,
3118 5218 3206 5271 cui
3255 5212 3655 5273 Ambrosianus
3693 5212 3793 5270 tra-

2210 5290 2403 5364 ctatus
2531 5283 2873 5364 institutione
2903 5283 3128 5357 Virginis
3164 5287 3474 5364 dedicatur,
3502 5290 3556 5345 id
3587 5287 3791 5364 quidem

2214 5355 2406 5430 majori
2451 5355 2658 5430 indiget
2697 5358 2947 5412 examine
2974 5355 3083 5423 ,‘ac
3120 5360 3348 5428 proinde
3389 5355 3467 5414 in»
3492 5355 3792 5430 prtel'atione

2214 5426 2281 5501 id
2314 5424 2893 5501 cuttntdetnitrauatum
2936 5444 3060 5501 pag.
3088 5424 3204 5501 seq.
3247 5424 3593 5487 discutietur.
3635 5431 3791 5501 Porro

2206 5495 2617 5623 gitiiisigﬂﬁiﬁl
2642 5501 2842 5561 festum
2870 5495 3063 5556 vt'lta'l.
3093 5495 3285 5559 Octob.
3312 5514 3542 5558 notatur
3570 5505 3621 5559 iu
3654 5499 3790 5556 lastis

2328 5584 2353 5620 ι)
2448 5596 2464 5609 δ
2498 5586 2511 5622 1
2550 5586 2614 5623 IS.

2328 5584 2614 5624 csua~ucns.

2279 5671 2303 5698 θ
2330 5660 2456 5721 Mss.
2485 5678 2591 5720 non
2622 5667 2775 5735 pauci
2800 5708 2813 5735 ,
2838 5666 3237 5738 dispositionum
3262 5683 3515 5727 recessus.
