3998 6190
274 156 361 219 501
1182 142 1389 207 LIBER
1428 150 1517 207 DE
1558 146 2043 211 INSTITUTIONE
2082 152 2407 212 VIRGINIS.
2446 152 2848 214 ADMONITIO.
3485 157 3594 221 ὅθί

279 284 451 332 earum
475 269 779 343 lacrymis,
809 266 1151 325 resuscitavit
1178 266 1444 327 altricem.
1489 266 1744 325 Viviticet
1783 283 1881 323 vos
1906 272 1962 335 Α
1985 269 2088 325 sibi
2121 269 2231 326 Lex
2261 279 2343 329 est
2369 289 2382 327 :
2417 272 2507 342 qui
2537 271 2734 343 Legem
2762 286 2871 329 non
2901 270 3120 338 didicit,
3149 280 3204 327 et
3225 271 3364 328 ultra
3389 272 3590 346 Legem

285 364 471 421 Paulus
494 405 508 429 .
549 363 643 433 qui
689 376 794 417 vos
839 360 1093 432 praecepit
1138 359 1395 431 honorari
1437 358 1489 432 (ι
1517 357 1655 414 Titii.
1685 374 1749 427 v,
1783 358 1880 431 5),
1986 361 2253 434 loquitur,
2283 363 2354 420 ab
2380 380 2446 421 eo
2475 366 2722 435 accepit.
2749 382 2779 420 a
2809 379 2918 437 quo
2946 365 3062 437 ipsa
3090 364 3206 423 Lex
3232 365 3383 423 venit
3402 368 3586 443 (Rcui.

286 458 363 528 qui
388 456 464 511 ait
488 473 501 509 :
537 453 745 509 Bonum
770 462 847 507 est
873 453 918 507 si
946 453 1016 506 sic
1046 461 1286 507 maneant
1315 453 1445 506 sicut
1474 462 1521 506 rt
1551 468 1643 525 ego
1675 452 1727 523 (l
1756 449 1878 507 Cor.

284 565 385 614 vn,
412 548 502 621 8).
538 547 765 603 Honore
812 554 1117 616 provocat,
1160 544 1470 616 magisterio
1513 544 1676 600 docet
1700 585 1716 610 ,
1747 553 1773 580 σι
1802 542 1884 598 in-

284 639 408 696 vitat
444 638 710 710 exemplo
759 634 993 705 (Matth.
1034 650 1086 689 tv
1112 676 1127 701 ,
1177 634 1250 690 20
1291 643 1339 689 et
1376 634 1533 706 seq.).
1584 631 1751 709 246
1792 632 1885 689 Vi-

283 731 460 787 viiicet
505 731 598 786 ille
622 772 638 797 ,
676 729 774 801 qui
802 729 1013 784 relictis
1047 727 1162 784 suis
1203 728 1456 785 omnibus
1480 770 1494 792 .
1542 740 1761 785 secutus
1800 736 1886 784 est

284 823 616 880 Dominum;
660 831 886 881 secutus
926 832 1011 879 est
1053 821 1290 893 Petrus,
1334 830 1554 878 secutus
1595 831 1679 878 est
1717 819 1883 877 Joan-

281 932 395 975 nes.

350 1011 474 1071 151.
508 1008 645 1065 Vide
665 1008 794 1080 quid
824 1008 1063 1079 piscator
1084 1010 1248 1065 etiam
1277 1008 1378 1064 iste
1407 1006 1719 1079 proiecerit.
1746 1008 1881 1063 Dum

284 1104 333 1161 itt
376 1103 512 1159 mari
563 1103 776 1159 lucrum
820 1118 983 1157 suum
1026 1101 1258 1172 quierit,
1300 1102 1467 1157 vitam
1516 1102 1723 1158 invenit
1769 1118 1886 1158 om-

284 1200 446 1256 nium.
483 1197 745 1252 Lembutn
786 1195 1069 1260 deseruit,
1115 1196 1287 1251 Deum
1333 1196 1576 1268 reperit:
1618 1197 1882 1253 scalmum

282 1289 533 1363 reliquit,
568 1287 807 1345 Verbum
836 1288 1082 1343 invenit:
1111 1286 1139 1325 ι’
1167 1289 1274 1343 lina
1310 1287 1543 1352 laxavit.
1576 1288 1735 1345 iidem
1765 1289 1883 1346 viu-

282 1384 394 1440 xit:
423 1384 645 1454 plicavit
672 1384 841 1451 retia,
874 1382 1124 1439 homines
1157 1382 1426 1439 elevavit:
1459 1398 1610 1438 mare
1635 1383 1881 1455 sprevit,

280 1481 475 1539 ctelum
500 1479 804 1551 acquisivit.
832 1478 929 1533 llic
955 1493 1088 1550 ergo
1116 1478 1354 1549 piscator
1375 1477 1503 1533 dum
1529 1479 1644 1549 ipse
1667 1477 1881 1534 turbato

282 1575 512 1646 agitatur
537 1572 687 1641 salo,
722 1583 744 1610 ο
778 1571 967 1628 mobili
994 1581 1205 1628 mentes
1228 1571 1465 1628 statione
1494 1581 1747 1627 nutantes
1766 1571 1888 1628 lun-

283 1669 427 1725 davit
454 1666 512 1723 in
545 1676 718 1739 petra.

352 1760 474 1818 132.
518 1760 848 1816 Astruamus
896 1758 1059 1830 igitur
1091 1758 1374 1830 piscatoris
1412 1766 1586 1813 artem
1630 1759 1882 1830 frequen-

284 1855 384 1911 tius
407 1896 423 1922 ,
456 1863 517 1911 ut
546 1853 760 1924 plenius
800 1852 870 1909 de
905 1852 1103 1909 virtute
1145 1852 1455 1908 credamus.
1500 1850 1687 1907 Fuerit
1715 1851 1880 1908 mini-

281 1959 388 2004 stcr
416 1946 695 2021 ignobilis,
727 1956 784 2001 ut
812 1946 879 2000 sit
908 1946 1239 2016 evangelista
1270 1945 1537 2001 nobilior:
1562 1954 1881 2016 paupertate

283 2056 480 2113 egenus
500 2081 518 2108 ,
547 2049 607 2095 ut
636 2040 837 2094 virtute
865 2038 1188 2109 locupletior
1216 2056 1229 2091 :
1262 2038 1382 2092 vilis
1409 2037 1477 2092 ad
1508 2036 1774 2093 honorem
1805 2039 1884 2094 vi-

285 2118 496 2203 deatur,
530 2132 629 2189 sed
664 2132 936 2204 pretiosus
964 2131 1030 2186 ad
1063 2130 1248 2186 ﬁdem.
1285 2130 1501 2199 Quanto
1542 2133 1722 2187 minus
1761 2146 1879 2188 cre—

284 2226 420 2283 ditur
460 2225 763 2298 piscatori,
812 2233 960 2281 tanto
1007 2225 1238 2295 amplius
1289 2225 1566 2289 creditur;
1598 2225 1721 2296 quia
1773 2240 1881 2281 non

286 2334 402 2387 sua,
435 2317 462 2356 ἀ
488 2318 587 2376 sed
617 2317 800 2374 divina
827 2325 990 2383 sunt,
1027 2333 1148 2389 qua:
1184 2317 1399 2372 locutus
1425 2325 1527 2375 est.
1555 2317 1885 2388 Obsequitur

285 2412 485 2485 plebeia
536 2411 820 2478 conditio,
869 2412 1330 2484 exspectationem
1378 2410 1558 2467 aufert
1603 2412 1885 2483 sapientize

286 2506 555 2563 saecularis
581 2546 598 2572 ,
630 2505 945 2575 Opinionem
970 2515 1130 2574 anget
1155 2505 1439 2575 sapientiae
1464 2504 1747 2574 spiritalis.
1779 2505 1883 2571 Qui

286 2594 474 2671 Legem
517 2613 629 2655 non
666 2597 856 2655 didicit
880 2638 897 2664 ,
932 2607 988 2655 et
1027 2612 1147 2669 qua:
1180 2597 1340 2669 Legis
1378 2606 1509 2655 sunt
1545 2596 1726 2668 sapit,
1770 2597 1886 2668 ipse

1983 469 2052 521 ιι,
2083 456 2149 512 tt
2177 497 2192 522 ,
2223 454 2332 527 15).

2060 547 2182 604 155.
2223 548 2357 615 Quae
2388 558 2496 605 tam
2523 551 2809 618 repentina
2835 550 3113 622 dignitas?
3140 550 3452 610 Piscatores
3476 554 3588 612 duo

1986 640 2040 696 in
2072 651 2259 698 monte
2289 641 2500 698 Domini
2530 642 2761 713 (ﬂuuit.
2792 659 2905 699 xvu
2927 685 2942 711 ,
2975 645 2999 699 1
3028 653 3077 698 et
3105 646 3240 716 seq.)
3261 684 3278 711 ,
3307 647 3399 702 uni
3429 647 3588 703 latori

1984 735 2141 807 Legis
2168 778 2186 803 ,
2213 738 2522 793 exsecutori
2559 738 2720 794 alteri
2764 738 3139 795 conferuntur.
3180 739 3371 798 Videte
3414 742 3591 813 qualis

1983 830 2056 884 sit
2092 828 2197 886 iste
2229 830 2487 899 piscator.
2521 831 2738 902 Moyses
2781 831 2999 902 quidem
3041 841 3258 890 terrena
3303 835 3490 890 omnia
3534 843 3591 891 et

1989 922 2277 979 mundana
2304 924 2584 994 sapientiae
2610 924 2951 980 altitudinem
2978 941 3389 997 supergressus,
3421 942 3591 999 usque

1984 1014 2054 1070 ad
2088 1015 2287 1071 omium
2317 1026 2373 1071 et
2403 1017 2585 1073 sidera
2612 1018 2902 1087 prudentia
2936 1018 3134 1074 mentis
3170 1019 3418 1075 ascendit
3453 1038 3466 1075 :
3509 1020 3591 1091 pi-

1987 1110 2219 1165 scatoris
2237 1110 2399 1167 istius
2427 1125 2584 1166 mens
2610 1126 2719 1168 non
2746 1111 2981 1168 nubibus
3003 1113 3289 1184 caligatur,
3317 1129 3424 1170 non
3453 1123 3592 1171 tem-

1987 1202 2213 1273 poribus
2257 1202 2588 1270 includitur,
2623 1219 2731 1259 non
2777 1205 3053 1275 mysteriis
3096 1214 3304 1262 natura
3346 1207 3590 1263 scelestis

1985 1294 2326 1360 excluditur;
2377 1294 2474 1351 sed
2517 1310 2738 1351 omnem
2783 1295 3126 1365 corporalem
3166 1297 3448 1354 materiam
3494 1314 3583 1354 su-

1988 1402 2273 1458 pergressa
2298 1427 2314 1452 ,
2347 1386 2588 1444 Verbum
2619 1388 2762 1459 apud
2800 1388 2972 1444 Deum
3002 1389 3169 1455 vidit,
3199 1399 3256 1445 et
3283 1390 3426 1460 quod
3457 1391 3592 1447 Ver-

1984 1477 2115 1534 bum
2142 1476 2318 1549 ipsum
2351 1477 2501 1534 Deus
2521 1486 2701 1545 esset,
2737 1479 2953 1549 aspexit
2981 1477 3163 1552 (Joan.
3198 1495 3245 1547 ι,
3273 1480 3300 1535 1
3331 1491 3384 1539 et
3412 1480 3546 1554 seq.)
3575 1499 3589 1536 :

1986 1586 2091 1627 nec
2114 1571 2308 1627 obtutu
2332 1571 2517 1627 carnis
2545 1572 2599 1627 in
2631 1570 2794 1627 Petro
2824 1571 3092 1627 inﬁrmata
3135 1571 3462 1641 trepidavit,
3492 1575 3589 1631 sed

1904 1676 1954 1737 Β
1984 1663 2079 1720 Dei
2102 1663 2303 1721 Filium
2323 1663 2492 1721 etiam
2515 1665 2569 1719 in
2593 1663 2816 1721 homine
2837 1664 3198 1733 deprehendit
3219 1664 3440 1737 (Matth.
3464 1683 3554 1723 ιη
3575 1712 3589 1736 ,

1990 1756 2118 1830 17);
2150 1766 2210 1814 ut
2236 1758 2540 1828 assumptio
2565 1757 2814 1830 corporis
2844 1768 2868 1797 ο
2893 1758 2961 1814 ad
2988 1759 3077 1826 jus
3102 1759 3400 1818 divinitatis
3440 1776 3593 1818 assu-

1987 1850 2187 1907 mentis
2212 1850 2418 1906 adscita
2445 1889 2461 1915 ,
2489 1850 2542 1905 in
2569 1865 2770 1907 nomen
2803 1851 3058 1907 transiret
3088 1853 3348 1909 auctoris.

2064 1944 2187 2001 ιδι.
2228 1945 2297 2000 Et
2325 1944 2539 2016 Moyses
2577 1945 2797 2014 quidem
2826 1961 2949 2002 eum
2988 1946 3160 2002 dicit:
3194 1945 3265 2002 Et
3291 1947 3422 2004 dixit
3451 1949 3593 2006 Deus

2100 2046 2152 2093 et
2179 2038 2302 2108 fecit
2328 2035 2472 2092 Deus
2492 2035 2653 2111 (Gen.
2680 2052 2728 2102 t,
2752 2039 2788 2094 5
2808 2046 2856 2092 et
2879 2037 3047 2111 ssq.);
3090 2038 3303 2099 Patrem
3326 2080 3340 2108 ,
3367 2040 3590 2097 Filium-

1985 2145 2093 2201 que
2129 2130 2403 2202 signavit:
2433 2130 2529 2186 sed
2559 2130 2652 2187 ille
2680 2146 2790 2186 non
2831 2131 3155 2201 ignorabat,
3181 2147 3285 2204 ego
3311 2133 3488 2191 adhuc
3515 2136 3594 2207 ig-

1989 2223 2272 2279 norabam.
2300 2223 2544 2294 Denique
2570 2231 2693 2294 post
2720 2224 2923 2295 Legem
2955 2227 3188 2296 populus
3213 2229 3444 2293 erravit.
3471 2240 3594 2299 post

1990 2315 2348 2387 Evangelium
2376 2316 2625 2372 credidit.
2658 2317 2850 2387 Magna
2886 2316 2906 2356 τ
2937 2319 2990 2373 in
3028 2318 3263 2376 diversis
3303 2322 3593 2381 virtutibus

1993 2410 2087 2465 Dei
2116 2409 2314 2480 gratia.
2346 2407 2403 2464 lu
2433 2408 2550 2471 illo.
2574 2409 2700 2479 quia
2731 2409 2991 2466 mundum
3014 2410 3307 2482 descripsit
3332 2430 3347 2468 :
3380 2412 3434 2469 in
3462 2414 3592 2486 isto,

1987 2502 2113 2574 quia
2146 2501 2409 2559 mundum
2438 2501 2737 2574 ignoravit.

354 2746 377 2774 ι
406 2737 651 2793 Fuerunt
673 2736 911 2808 Eusebio
939 2744 1076 2791 teste
1098 2735 1197 2790 lib.
1224 2750 1281 2789 ut
1311 2734 1727 2808 HistrEccles”
1761 2749 1879 2808 cap.
1910 2738 1955 2801 C
1990 2733 2255 2808 Pammel.
2301 2735 2357 2808 in
2380 2732 2592 2808 Tertul.
2620 2735 2685 2789 de
2717 2732 2931 2808 Monog.
2957 2745 3149 2793 annot.
3184 2738 3271 2794 15.
3303 2737 3474 2797 Leon.
3502 2743 3597 2800 Al-

286 2809 382 2874 ω,
413 2811 502 2877 qui
540 2810 860 2866 caelibatum
888 2807 1042 2862 Pauli
1081 2818 1332 2876 negatum
1363 2822 1393 2860 a
1437 2807 1720 2862 Clemente
1754 2807 1883 2862 Ale-

289 2882 550 2939 xandritto
586 2879 986 2938 contenderent
1020 2898 1035 2932 :
1072 2894 1182 2949 qua
1223 2880 1276 2935 in
1326 2879 1586 2947 opinione
1613 2878 1885 2934 Cletnenti

287 2953 488 3007 socium
515 2951 679 3023 aliqui
708 2952 1109 3023 conjunxerunt
1137 2950 1301 3005 etiam
1330 2949 1593 3023 Ignotiuni
1622 2951 1783 3023 epist.
1818 2951 1884 3005 ad

288 3020 688 3094 Pliiladepltios.
721 3022 924 3077 Horum
957 3023 1285 3076 auctoritate
1323 3020 1454 3094 nioti
1487 3020 1883 3094 catholicorum

288 3108 485 3150 nostra:
510 3093 799 3151 memoria:
845 3095 1096 3148 nonnulli
1124 3094 1346 3148 dubiam
1392 3093 1493 3146 hac
1536 3093 1604 3147 de
1643 3108 1704 3147 re
1746 3093 1886 3148 tule-

285 3180 409 3222 runt
450 3170 782 3225 sententiam
814 3184 828 3219 :
868 3166 964 3222 sed
1006 3166 1277 3234 imprimis
1307 3165 1619 3234 complures
1666 3164 1885 3220 hetero-

288 3238 407 3293 doxi
436 3238 633 3310 cupide
662 3239 803 3292 lianc
826 3238 892 3310 ad
917 3237 1333 3308 oppugnandam
1364 3236 1888 3310 vituperandamque

288 3306 651 3365 cmlibis'vitae
692 3306 1469 3376 contlitionem’art‘ipuerunt.
1502 3306 1885 3363 Verumtamen

290 3380 409 3436 licet
438 3385 663 3451 insuper
689 3381 954 3451 quosdam
1002 3380 1355 3451 Paulinorum
1402 3379 1756 3448 epistularum
1809 3381 1889 3435 lo-

291 3466 409 3524 cos,
440 3450 579 3524 puta,
599 3469 664 3508 ex
699 3450 871 3524 lCor.
896 3467 951 3506 ιι
973 3461 1074 3524 ,Aet
1097 3451 1163 3524 ad
1192 3450 1390 3518 Philip.
1418 3467 1503 3511 ιν,
1530 3452 1593 3514 5,
1624 3451 1889 3524 ωαιθᾲίη-

291 3522 538 3596 ιειιθόιοε
588 3522 913 3596 proferant,
964 3522 1101 3578 nihil
1150 3522 1201 3596 iii
1252 3530 1441 3578 contra
1490 3524 1597 3578 alia
1641 3522 1885 3591 ejusdem

291 3593 529 3664 Apostoli
570 3593 875 3650 clarissima
911 3594 1255 3659 testimonia,
1288 3605 1342 3649 et
1382 3610 1725 3649 communem
1760 3596 1883 3649 titti-

291 3680 458 3722 versa
482 3667 791 3722 traditionis
824 3680 1148 3721 coiisensum
1180 3666 1381 3720 valent.
1404 3664 1568 3721 Certe
1594 3681 1886 3735 numquam

294 3752 472 3795 eorum
494 3739 737 3807 opinioni
769 3737 973 3793 favisse
995 3737 1345 3791 Ambrosium
1375 3738 1593 3792 abunde
1622 3739 1891 3806 signiﬁcat

296 3807 380 3865 hic
404 3811 521 3880 ejus
550 3819 749 3866 textus.
781 3809 883 3881 Adi
926 3824 1140 3881 quoque
1174 3823 1342 3881 super
1378 3815 1477 3881 hac
1515 3809 1743 3864 materia
1792 3809 1889 3863 Ba-

1989 2807 2179 2863 latium
2205 2807 2269 2861 de
2291 2805 2605 2875 Methodiis,
2633 2817 2689 2863 et
2712 2805 3077 2880 interpretum
3109 2818 3341 2866 turmam
3370 2812 3424 2868 in
3449 2810 3602 2875 locos

1988 2880 2234 2935 Anostoli
2263 2889 2670 2935 controversas.

2040 2889 2234 2949 poston
2263 2889 2670 2935 controversas.

2050 2950 2087 3022 γι)
2129 2950 2264 3004 Lina
2313 2949 2548 3017 laxavit,
2580 2952 2740 3020 [idem
2777 2952 2943 3009 uinxit
2976 2968 2994 3005 :
3043 2952 3251 3022 plicaoit
3292 2956 3422 3010 retia
3448 2998 3462 3021 ,
3495 2958 3593 3014 Ito-

1988 3021 2150 3077 mines
2194 3022 2448 3089 elevavit,
2484 3023 2671 3079 istltzcc
2703 3023 2754 3079 itt
2806 3040 2940 3080 mss.
2977 3021 3226 3095 pluribus
3271 3024 3594 3087 desiderati-

1990 3101 2097 3205 ms.
2119 3164 2247 3220 Mss.
2280 3179 2386 3219 non
2418 3165 2608 3236 pauci,
2641 3165 2820 3221 mobili
2848 3167 3034 3224 mentis
3068 3168 3305 3225 statione.

2061 3235 2089 3276 ἀ
2122 3238 2212 3295 Sic
2252 3236 2386 3308 edit.
2414 3235 2606 3295 omnes
2640 3255 2653 3290 :
2707 3254 2841 3296 mss.
2872 3255 2999 3297 vero
3044 3240 3240 3308 partim
3263 3284 3277 3307 ,
3310 3243 3486 3298 divino
3515 3246 3599 3301 lo-

1990 3319 2135 3384 cutus
2173 3317 2267 3364 est.
2301 3306 2544 3384 Obsequii
2584 3309 2791 3384 plebeio
2820 3306 3095 3367 conditio:
3138 3306 3334 3384 partim
3358 3356 3372 3381 ,
3419 3317 3596 3373 divina

1990 3382 2298 3507 locutuzdest
2322 3379 2591 3451 obsequia.
2617 3379 2830 3437 Plebeia
2883 3379 3432 3444 conditiofNeutrum
3463 3389 3598 3446 satis

1990 3467 2167 3507 comm
2247 3467 2300 3507 θ.

1989 3467 2300 3508 contmoue.

2054 3531 2090 3598 f’
2124 3524 2250 3579 Mss.
2280 3524 2625 3598 aliquotirab
2653 3525 2810 3598 hujus
2840 3527 3111 3598 divinitate
3152 3530 3463 3585 assuntentis
3500 3531 3598 3585 od-

1992 3595 2161 3667 scita:
2193 3596 2433 3649 nonnulli
2461 3597 2584 3661 alii,
2611 3598 2681 3650 ad
2702 3595 2795 3667 jus
2824 3597 3110 3654 divinitatis
3134 3599 3203 3652 ad
3232 3616 3388 3655 usum
3414 3606 3597 3659 utentis

1993 3665 2180 3748 adsciti
2211 3681 2228 3719 :
2268 3667 2446 3735 aptius
2484 3665 2716 3738 reliqui,
2762 3680 2927 3741 atque
2970 3668 3143 3736 editi,
3187 3685 3326 3741 quos
3374 3671 3463 3728 hic
3503 3688 3593 3729 se-

2070 3752 2229 3789 ilTIUl'.

2070 3752 2081 3787 l
2216 3776 2229 3789 .

1993 3752 2301 3864 qufmiglt'iuci
2333 3824 2485 3875 mss.,
2533 3811 2586 3864 in
2615 3809 2831 3865 diversis
2860 3810 3117 3865 letalibus.
3151 3808 3303 3867 Haud
3331 3811 3401 3867 ita
3432 3814 3593 3871 male.

294 3892 410 3936 ron.
431 3872 503 3937 ad
531 3898 621 3937 an.
663 3881 765 3947 57,
808 3872 1069 3936 Βειιιὶτηιῖ
1108 3881 1199 3935 lib.
1231 3872 1260 3935 ι’
1291 3879 1359 3936 de
1390 3879 1588 3937 Cierio.
1633 3895 1755 3951 cap.
1796 3882 1889 3948 ΞΟ,
1920 3872 1972 3932 D

296 3985 3571 4017 W

425 4103 545 4187 IN
600 4100 1061 4185 LIBRUM
1124 4100 1287 4183 DE
1340 4090 2179 4185 INSTITUTIONE
2233 4100 2765 4186 VIRGINIS
2810 4102 3519 4195 ADMONITIO.

1650 4255 2159 4289 —-——‘=-—

364 4370 473 4429 Hoc
498 4390 632 4448 opus
657 4372 715 4428 in
743 4387 905 4426 manu
932 4371 1161 4428 exaratis
1180 4380 1334 4442 atque
1365 4370 1419 4424 in
1446 4368 1601 4424 editis
1628 4368 1892 4423 codicibus
1922 4383 2026 4422 non
2054 4367 2232 4423 eodem
2272 4370 2425 4425 titulo
2453 4369 2792 4438 inscribitur;
2822 4372 2879 4425 in
2904 4371 3013 4428 illis
3036 4374 3173 4428 enim
3198 4382 3516 4443 pranotalur
3541 4388 3602 4430 eo

302 4472 525 4529 lemniate
549 4492 564 4528 :
586 4470 887 4540 Sermo‘de
914 4469 1134 4527 Sanctae
1166 4466 1351 4525 Narin:
1379 4464 1699 4535 virginitate
1728 4471 1990 4533 perpetua
2018 4479 2032 4529 ;
2066 4464 2121 4518 in
2151 4463 2231 4517 his
2257 4479 2419 4519 vero:
2447 4462 2530 4519 Ad
2562 4463 2858 4520 Eusebium
2892 4464 3162 4520 institutio
3182 4464 3263 4520 vel
3288 4463 3355 4520 de
3381 4465 3602 4523 institu-

301 4565 435 4624 tione
462 4567 729 4638 Virginis.
763 4563 831 4619 Et
859 4580 959 4621 sua
987 4560 1200 4634 quidem
1227 4560 1435 4630 utrique
1463 4556 1789 4626 inscriptioni
1816 4554 1989 4611 subest
2014 4556 2171 4610 ratio.
2217 4554 2372 4611 Enim
2399 4572 2518 4611 vero
2554 4557 2642 4626 qui
2676 4557 2904 4626 priorem
2943 4557 3115 4612 cidem
3159 4556 3449 4627 prteﬁtcerc,
3501 4559 3599 4614 hoc

300 4659 371 4714 uel
395 4660 618 4715 maxime
643 4659 828 4712 ductos
864 4662 1106 4728 apparet,
1138 4654 1274 4722 quod
1309 4654 1524 4723 hujusce
1550 4649 1927 4707 lucubrationis
1952 4649 2222 4720 potissima
2252 4667 2374 4721 pars
2411 4651 2467 4704 in
2497 4651 2797 4721 refellendis
2839 4652 3074 4723 ejusdem
3126 4649 3314 4706 Maria
3355 4651 3602 4709 adverso-

298 4754 383 4808 riis
423 4754 761 4826 impenditur.
810 4750 933 4806 Non
963 4750 1179 4806 aliunde
1202 4749 1361 4804 etiam
1385 4756 1631 4819 putamus
1662 4749 1878 4817 factum,
1905 4754 1961 4800 ut
1996 4762 2113 4800 cum
2142 4747 2366 4800 oliorum
2390 4746 2617 4800 omnium
2641 4747 2728 4815 qui
2759 4748 2828 4801 ad
2857 4747 3110 4820 virginale
3157 4747 3448 4801 institutum
3488 4763 3599 4820 per-

298 4848 467 4916 tinent,
516 4856 835 4905 tractatuum
858 4846 1190 4915 reperiantur
1215 4861 1340 4900 mss.
1370 4843 1686 4916 conplures,
1719 4843 1879 4916 hujus
1901 4852 2008 4897 tam
2040 4858 2234 4913 paucos
2267 4852 2315 4897 et
2352 4843 2682 4912 imperfectos
2709 4845 2941 4899 invenire
2965 4846 3051 4899 sit.
3096 4842 3259 4898 Illum
3298 4842 3493 4897 scilicet
3519 4859 3609 4897 or-

297 4940 465 5000 bitruti
510 4952 637 4999 sunt
669 4941 740 4997 ad
770 4941 976 4997 virtutis
1002 4950 1051 4994 et
1075 4954 1280 4994 morum
1310 4937 1733 4998 informationem
1758 4935 1931 4989 minus
1977 4934 2185 5005 referri,
2215 4948 2372 5001 quant
2395 4932 2464 4986 ad
2494 4932 2703 4988 horretis
2742 4950 2846 4988 non
2873 4933 3115 4989 exsolette
3145 4932 3334 4998 solum,
3366 4933 3456 4987 sed
3473 4948 3614 4989 ever-

297 5052 364 5090 ste
388 5054 448 5092 ac
468 5038 674 5105 penitus
704 5036 973 5091 exstincto:
1000 5032 1432 5103 canfutationem.
1466 5026 1579 5082 Nec
1609 5043 1789 5082 novatn
1812 5041 1921 5080 esse
1944 5027 2090 5080 illam
2122 5023 2414 5079 earumdem
2440 5024 2911 5094 manuscriptorum
2937 5026 3092 5096 hujus
3138 5024 3257 5078 hinc
3312 5024 3569 5097 intelligas
3589 5062 3606 5093 ,

296 5131 426 5201 quod
452 5133 506 5187 in
528 5150 588 5186 ea
617 5129 957 5185 Canticorum
981 5125 1503 5196 Expositione'quam
1534 5138 1597 5177 ea:
1624 5119 1979 5175 Ambrosianis
2007 5118 2246 5191 operibus
2271 5118 2476 5187 collegit
2506 5115 2819 5171 Guillelmus
2851 5116 3005 5171 abbas
3038 5115 3101 5170 S.
3134 5114 3439 5170 Theoderici
3471 5116 3607 5187 (Ap-

297 5224 447 5292 pend.
473 5224 541 5278 ad
563 5233 689 5278 tom.
714 5222 753 5286 l,
778 5238 899 5292 pag.
936 5216 1140 5289 1545),
1172 5215 1304 5269 nihil
1330 5214 1469 5285 quod
1499 5230 1565 5268 ea:
1590 5212 1688 5267 hoc
1713 5212 1889 5266 eodem
1922 5211 2054 5265 libro
2091 5210 2305 5280 petitum
2337 5209 2513 5281 fuerit,
2544 5209 2792 5263 insertum
2820 5217 2915 5263 est.
2947 5208 3099 5275 Quod
3149 5217 3319 5261 autem
3366 5208 3614 5264 editiones

298 5327 501 5386 spectat,
556 5318 644 5386 qui
676 5316 888 5370 titulum
914 5313 1108 5367 eisdem
1150 5309 1402 5374 indidere,
1429 5308 1467 5361 ii
1496 5306 1660 5377 magis
1687 5305 1856 5377 operis
1880 5318 2092 5374 scapum
2148 5317 2207 5357 ac
2238 5300 2392 5371 ﬁnem
2419 5302 2641 5357 assecuti
2668 5310 2807 5355 sunt.
2843 5299 3168 5372 Quopmpter
3198 5314 3311 5351 cum
3343 5306 3614 5370 utramque

300 5409 680 5484 inscriptionem
710 5421 1035 5463 summarum
1060 5404 1372 5477 paginarum
1400 5398 1690 5471 amplitudo
1718 5398 1974 5467 integrant
1995 5410 2097 5449 non
2121 5402 2345 5464 caperet,
2397 5409 2507 5448 eam
2534 5400 2733 5447 tantum
2761 5392 2814 5445 in
2839 5394 3012 5461 fronte
3040 5388 3160 5444 libri
3201 5387 3443 5442 duximus
3480 5404 3613 5458 prte—

370 5522 553 5559 endam
561 5547 574 5559 .

370 5522 429 5559 en
504 5523 574 5559 tu.

302 5503 516 5653 Mle
537 5599 593 5653 in
617 5594 933 5653 editionibus
959 5590 1243 5646 destinatus
1277 5586 1462 5659 legitur
1489 5584 1571 5639 Ad
1602 5581 1897 5639 Eusebium
1929 5600 1941 5635 :
1975 5582 2113 5654 quod
2142 5595 2326 5635 nomen
2350 5580 2466 5633 licet
2496 5580 2549 5633 in
2580 5591 2706 5630 mss.
2759 5575 2950 5631 nostris
2978 5574 3318 5637 desideretur,
3377 5583 3547 5628 tamen
3580 5574 3635 5626 in

310 5690 368 5746 iis
386 5692 660 5761 codicibus,
688 5690 829 5748 unde
859 5685 1023 5761 pratia
1051 5683 1325 5740 commissa
1356 5688 1429 5736 est
1458 5694 1516 5733 ea
1542 5678 1772 5749 scriptio,
1811 5676 2063 5735 exstitisse
2091 5671 2383 5747 negandum
2424 5687 2528 5726 non
2557 5677 2633 5725 est
2659 5710 2672 5737 ,
2722 5667 2810 5725 sed
2856 5665 3021 5723 solum
3065 5667 3304 5762 quisnam
3351 5664 3442 5721 ille
3471 5663 3627 5736 fuerit
