3974 6186
325 150 433 208 505
1654 141 1894 200 SANCTI

2070 140 2263 198 ιιὶοειι
2590 84 2603 107 Ι
2624 136 2637 167 '
3528 138 3639 197 504

322 263 707 335 inquirendum.
744 261 1005 317 Nonnulli
1049 276 1167 315 cum
1222 257 1452 313 Baronio
1504 256 1629 328 (Ad
1658 272 1782 310 ann.
1818 254 1962 327 577)
2012 253 2249 309 eumdem
2302 253 2438 307 hunc
2466 266 2574 307 esse
2599 266 2660 307 ac
2701 260 2935 306 sanctum
2958 249 3235 305 Eusebium
3263 249 3642 306 Bononiensem

328 362 630 431 episcopum
663 357 1045 413 existimarunt.
1084 352 1447 409 Verumtamen
1499 352 1698 406 videtur
1742 351 1904 405 multo
1931 349 2245 421 probabilius
2276 346 2558 402 Eusebium
2583 346 2747 401 alium
2775 345 3035 418 designari
3054 343 3428 399 Bononiensem
3454 344 3640 410 civem,

327 452 412 505 cui
451 448 863 522 familiaritatem
892 444 1241 499 intercessisse
1272 460 1386 497 cum
1413 442 1683 497 Ambrosio
1711 444 1946 516 ejusdem
1984 442 2151 496 sancti
2191 440 2260 496 ad
2290 456 2406 495 eum
2437 439 2657 512 epistola
2684 439 2810 493 satis
2840 438 3088 494 declarat.
3124 436 3298 492 Porro
3341 437 3385 491 is
3413 447 3525 491 erat
3552 440 3644 508 fa-

330 544 489 599 milia:
514 540 845 596 nobilissimae
876 548 1053 610 caput,
1083 553 1146 591 ac
1170 537 1340 606 filium
1371 536 1587 591 habebat
1616 535 1924 591 Faustinum
1952 536 2191 608 pulchra:
2224 544 2275 591 et
2302 550 2593 590 numerosa:
2628 533 2817 589 sobolis
2853 541 3073 605 patrem.
3123 530 3354 602 Nepotes
3374 546 3496 585 suos
3527 530 3647 600 pius

331 637 423 691 ille
465 650 592 690 avus
620 634 689 686 ad
717 630 1069 693 Ambrosium,
1100 640 1156 683 ut
1185 645 1359 684 eorum
1380 638 1583 683 curaret
1614 628 1991 693 educationem,
2034 626 2343 681 missitabat.
2375 624 2429 680 II
2434 642 2490 681 os
2511 634 2680 679 autem
2704 623 2838 679 inter
2875 621 3124 693 puellam,
3173 620 3497 675 Ambrosiam
3539 620 3649 674 sci-

336 727 477 789 licet,
508 732 747 777 numerat
772 730 981 776 sanctus
1008 718 1238 784 Praesul,
1270 736 1427 790 quam
1452 719 1756 789 spiritalem
1786 718 2114 775 columbam.
2144 757 2157 773 .
2178 759 2191 773 .
2210 760 2224 775 .
2260 728 2482 775 unctam
2513 718 2661 773 oliva
2690 716 3021 787 integritatis
3064 725 3230 781 vocat,
3259 724 3306 769 et
3342 730 3500 781 quam
3527 729 3656 768 cum

330 819 492 891 fratre
517 815 749 889 ejusdem
776 812 999 867 nominis
1026 810 1281 883 designat,
1310 810 1399 866 ubi
1422 811 1550 865 dicit
1592 819 1879 882 utrumque
1909 809 2188 866 Ambrosii
2222 810 2442 881 pignus,
2484 818 2593 865 etc.
2624 806 2767 880 Ergo
2796 824 2910 862 cum
2940 816 3145 877 neptem
3163 821 3313 860 suam
3339 814 3519 860 sancto
3540 805 3655 860 An-

330 910 476 965 tistiti
506 912 649 965 enixe
677 906 1084 962 commendasset
1136 904 1390 960 Eusebius
1442 904 1615 977 (Cap.
1649 921 1698 969 ι,
1750 922 1895 960 num.
1934 904 2024 979 1),
2071 904 2207 960 hanc
2238 906 2329 961 ille
2379 904 2668 961 Mediolani
2704 921 2808 960 non
2833 903 3035 978 vulgari
3063 918 3183 957 cum
3201 902 3362 958 animi
3387 904 3656 971 voluptate

332 1014 618 1073 exceptam,
645 1001 849 1073 cognito
872 1000 986 1071 ejus
1016 997 1278 1054 desiderio
1316 1015 1378 1053 ac
1402 1009 1677 1071 parentum
1705 983 1979 1065 consensu,
2010 998 2227 1054 solemni
2254 998 2358 1052 ritu
2403 996 2738 1053 consecravit.
2773 995 2904 1051 Cum
2948 1004 3121 1049 autem
3149 993 3296 1048 illam
3340 992 3659 1065 virginitatis

335 1100 598 1153 victimam
623 1098 693 1153 ad
716 1114 837 1152 aras
867 1097 1171 1168 priusquam
1194 1096 1443 1151 velamine
1463 1095 1823 1163 obnuberetur,
1856 1095 2000 1167 gravi
2026 1094 2213 1165 piaque
2240 1094 2472 1149 oratione
2499 1109 2565 1149 ex
2588 1108 2730 1148 more
2770 1092 3005 1147 hortatus
3032 1099 3186 1157 esset,
3239 1089 3471 1144 eamdem
3524 1104 3656 1144 ora-

339 1191 527 1245 tionem
556 1188 751 1244 additis
782 1200 983 1243 tantum
1010 1188 1210 1243 duobus
1239 1188 1485 1260 capitulis
1521 1188 1591 1242 ad
1613 1187 1916 1260 religiosum
1937 1188 2089 1244 illum
2115 1189 2281 1243 virum
2312 1188 2600 1243 transmisit
2629 1184 2795 1261 (Cap.
2831 1190 2851 1243 l
2889 1194 2936 1243 et
2956 1186 3046 1259 2).

408 1282 590 1338 Primo
615 1282 774 1352 igitur
802 1279 1085 1338 Eusebium
1111 1282 1252 1353 quod
1272 1282 1601 1337 Ambrosiam
1627 1282 1726 1337 sibi
1753 1298 1863 1353 pra:
1889 1282 2088 1338 caeteris
2119 1282 2229 1338 suis
2251 1281 2424 1337 liberis
2452 1281 2662 1336 charam
2688 1297 2798 1337 esse
2816 1281 3173 1353 signiﬁcasset,
3208 1280 3390 1336 laudat
3414 1278 3572 1352 (Cap.
3598 1280 3656 1347 1,

336 1390 481 1429 num.
513 1374 541 1428 1
573 1382 621 1426 et
651 1388 757 1442 seq.
778 1370 819 1442 ),
855 1372 1136 1445 virgineam
1164 1372 1510 1426 conditionem
1538 1373 1807 1446 conjugali
1829 1373 1981 1444 longe
2009 1381 2259 1445 praestare
2286 1373 2463 1428 multis
2493 1373 2868 1428 demonstrans.
2898 1371 3034 1428 Tum
3057 1373 3142 1429 ubi
3166 1373 3339 1428 docuit
3377 1372 3659 1427 continen-

331 1467 418 1522 tiae
445 1483 644 1538 semper
670 1464 1155 1539 adjunghportere
1185 1466 1450 1521 silentium
1478 1477 1633 1537 atque
1662 1468 1947 1523 orationem
1973 1509 1990 1536 ,
2048 1468 2204 1539 Itujus
2244 1468 2441 1523 ultima:
2468 1467 2611 1523 dotes
2643 1468 2855 1537 exponit
2882 1466 2903 1539 (
2928 1466 3093 1535 ibid,
3133 1484 3277 1522 num.
3306 1470 3341 1524 4
3366 1478 3417 1523 et
3440 1484 3575 1537 seq.,
3609 1474 3664 1523 et

337 1577 456 1631 cap.
487 1560 546 1626 2,
572 1575 719 1614 num.
753 1559 787 1615 8
813 1567 862 1613 et
890 1575 997 1629 seq.
1016 1557 1056 1629 ).
1093 1557 1220 1613 Mox
1259 1560 1535 1632 profitetur
1563 1560 1767 1615 tametsi
1812 1560 1878 1615 de
1903 1560 2216 1631 prtecellenti
2266 1560 2360 1614 illa
2384 1560 2569 1614 virtute
2589 1559 2781 1631 saepius
2803 1558 2961 1630 egerit
2984 1599 2998 1625 ,
3030 1574 3087 1613 se
3124 1567 3294 1613 tamen
3315 1573 3419 1612 non
3447 1565 3669 1629 gravate

338 1650 458 1705 huic
487 1651 630 1720 operi
667 1647 897 1705 laborem
923 1648 1211 1704 Ambrosias
1233 1649 1403 1722 gratia
1425 1650 1737 1721 impendisse
1763 1652 1787 1723 (
1809 1649 1941 1722 Cap.
1972 1650 2030 1714 2,
2056 1667 2199 1705 num.
2230 1649 2356 1724 15).
2390 1650 2587 1718 Quibus
2619 1650 2923 1721 praemissis,
2964 1650 3194 1704 habitum
3228 1649 3320 1705 abs
3346 1665 3400 1705 se
3427 1649 3554 1704 dum
3575 1666 3668 1705 ve-

343 1743 539 1799 laretur
572 1744 753 1800 eadem
813 1743 990 1817 Virgo,
1033 1759 1320 1800 sermonem
1365 1746 1544 1815 refert.
1568 1743 1636 1799 In
1662 1745 1877 1800 exordio
1906 1746 2111 1812 utrique
2160 1746 2307 1801 sexui
2327 1744 2675 1815 virginitatem
2705 1743 3013 1812 testificatur
3041 1742 3213 1797 decori
3242 1758 3351 1797 esse
3376 1741 3553 1812 (Cap.
3583 1744 3619 1799 3
3644 1784 3663 1810 ,

283 1826 295 1836 ’
340 1852 484 1891 num.
512 1834 545 1891 6
568 1834 588 1907 )
612 1877 630 1905 ,
660 1853 721 1891 ac
747 1836 899 1891 rebus
924 1837 989 1891 ab
1016 1836 1215 1907 origine
1245 1837 1413 1907 prima
1440 1837 1691 1907 repetitis,
1721 1837 1947 1909 feminas
1977 1837 2233 1893 immerito
2258 1847 2522 1906 tamquam
2552 1835 2751 1891 homini
2772 1837 2965 1891 erroris
2985 1845 3032 1891 et
3064 1835 3261 1906 peccati
3284 1851 3468 1890 causas
3502 1836 3558 1890 in
3580 1837 3670 1891 in-

342 1928 533 1983 vidiam
556 1930 727 1984 vocari
757 1931 959 2000 probat.
989 1927 1284 1998 Respondet
1308 1928 1461 1982 etiam
1488 1927 1656 1982 solita:
1680 1927 1758 1983 illi
1786 1928 2155 1995 criminationi,
2188 1943 2291 1998 qua
2320 1927 2560 1981 mulieres
2586 1926 2709 1988 viris
2736 1924 3051 1994 offendicqu
3080 1941 3189 1980 esse
3214 1926 3457 1980 dicuntur
3480 1923 3663 1999 (Cap.

339 2021 396 2087 4,
428 2036 573 2074 num.
597 2020 668 2076 25
694 2031 742 2076 et
765 2021 907 2092 seq.)
932 2037 950 2087 ;
986 2020 1074 2074 ubi
1096 2019 1161 2076 de
1182 2020 1467 2074 multarum
1496 2021 1730 2093 ejusdem
1756 2019 1937 2077 saeculi
1965 2020 2275 2093 feminarum
2300 2019 2490 2089 pietate
2510 2020 2897 2093 atquejejuniis
2947 2018 3258 2091 perpulchra
3287 2029 3469 2073 narrat
3490 2017 3667 2089 (Ibid.

341 2130 484 2168 num.
513 2114 583 2171 30
608 2124 655 2168 et
676 2115 740 2172 51
768 2111 815 2186 ).
877 2112 1013 2168 Hinc
1041 2130 1075 2168 a
1100 2114 1261 2169 veteri
1291 2113 1401 2168 Eva
1430 2114 1500 2169 ad
1540 2130 1723 2169 novam
1751 2129 2049 2181 conversus,
2077 2112 2327 2167 nimirum
2355 2113 2425 2166 ad
2452 2110 2699 2178 Mariam,
2735 2112 2903 2184 ipsam
2945 2111 3161 2183 signum
3208 2125 3384 2166 sacra:
3435 2110 3669 2182 virgini-

341 2202 469 2261 tatis
500 2204 759 2260 extulisse
783 2205 1008 2275 primam
1034 2206 1219 2261 asserit
1244 2204 1412 2279 (Cap.
1443 2206 1499 2274 5,
1528 2222 1675 2262 num.
1708 2207 1780 2264 32
1810 2216 1857 2261 et
1886 2222 1993 2279 seq.
2017 2203 2059 2278 ).
2089 2205 2420 2276 QuaprOpter
2459 2221 2569 2261 sese
2598 2205 2779 2259 mirari
2819 2204 2990 2262 subdit
3016 2203 3430 2260 Christianorum
3458 2206 3670 2277 aliquos

341 2302 464 2357 huic
494 2300 592 2356 Dei
610 2301 867 2373 simulque
903 2300 1184 2374 Virginum
1209 2302 1440 2358 omnium
1475 2304 1678 2372 parenti
1704 2312 2005 2376 perpetuam
2034 2302 2383 2375 integritatem
2410 2318 2564 2357 ausos
2590 2317 2795 2374 negare.
2828 2300 2944 2357 lloc
2968 2301 3298 2373 sacrilegium
3320 2310 3515 2358 teterno
3542 2303 3670 2373 qui-

342 2398 461 2455 dem
488 2400 697 2455 silentio
726 2399 1129 2471 opprimendum
1157 2397 1306 2466 dicit,
1340 2398 1432 2454 sed
1462 2415 1577 2454 cum
1602 2397 1894 2469 Episcopus
1925 2396 2206 2467 (Bonosus
2237 2396 2473 2451 videlicet
2501 2394 2804 2451 Sardicensi
2833 2404 2924 2451 aut
2954 2397 3129 2466 potius
3167 2394 3494 2452 Naissitante
3533 2394 3674 2452 diat-

342 2495 467 2562 cesi,
498 2503 557 2549 ut
585 2511 617 2547 a
648 2492 793 2548 nobis
818 2492 944 2548 alibi
969 2491 1349 2557 declarabitur,
1385 2487 1684 2560 prtefectus)
1706 2488 1759 2542 in
1787 2504 1900 2543 eam
1928 2488 2248 2559 impietatem
2273 2486 2537 2554 inciderit,
2559 2488 2676 2559 jam
2704 2502 2809 2541 non
2835 2485 3000 2541 videri
3010 2486 3444 2542 dissimulandum
3466 2484 3670 2557 (Ibid.,

344 2602 489 2641 num.
522 2585 593 2642 55
626 2595 674 2640 et
702 2585 877 2655 seq.);
928 2583 1116 2656 Itaque
1163 2585 1354 2638 veritus
1406 2600 1471 2638 ne
1494 2593 1648 2637 rectte
1673 2582 1797 2651 fidei
1826 2591 2029 2636 noceret
2059 2581 2376 2652 episcopalis
2406 2580 2711 2645 auctoritas,
2744 2578 2892 2636 illum
2918 2581 2975 2635 in
3026 2579 3237 2652 publica
3264 2589 3514 2637 conventu
3557 2598 3672 2653 quo

341 2676 550 2739 inﬁnita
574 2674 853 2728 multitudo
879 2674 949 2727 ad
967 2683 1159 2728 exterae
1197 2672 1639 2741 nabilissimazque
1666 2671 1880 2742 virginis
1903 2672 2343 2726 consecrationem
2386 2671 2740 2740 advolaverat,
2766 2671 3068 2744 aggreditur
3113 2673 3134 2745 (
3157 2672 3288 2744 Cap.
3317 2673 3373 2740 6,
3415 2674 3446 2728 7
3474 2682 3520 2728 et
3549 2674 3587 2729 8
3616 2673 3665 2744 ).

347 2765 589 2819 Primum
618 2763 834 2817 istorum
874 2761 1237 2817 haereticorum
1278 2761 1605 2830 sophismata
1644 2761 1699 2815 in
1746 2760 1972 2815 medium
2019 2763 2239 2833 profert,
2284 2762 2468 2833 quibus
2510 2762 2699 2817 deinde
2741 2780 2864 2819 suas
2887 2764 3107 2837 singulis
3145 2764 3351 2821 adhibet
3372 2765 3673 2823 solutiones

346 2858 367 2930 (
393 2856 519 2927 Cap.
570 2856 625 2923 9,
659 2870 804 2909 num.
834 2854 905 2911 58
935 2863 982 2907 et
1008 2869 1114 2921 seq.
1141 2851 1181 2923 ).
1225 2851 1396 2907 Porro
1421 2869 1526 2908 non
1554 2852 1665 2907 alia
1691 2856 1853 2924 ferme
1877 2853 2177 2924 respondet,
2218 2870 2372 2924 quam
2396 2870 2516 2925 qua:
2540 2852 2783 2911 Helvidio
2810 2856 3051 2912 Auxentii
3078 2855 3225 2912 illius
3276 2858 3463 2913 Ariani
3504 2858 3673 2914 disci-

345 2954 473 3025 pulo
496 2954 700 3023 reponit
726 2951 1101 3023 Hieronymus.
1129 2950 1247 3006 Hoc
1276 2960 1446 3005 tamen
1475 2952 1797 3022 potissimum
1829 2952 1966 3008 inter
1991 2967 2047 3006 se
2068 2952 2481 3025 distinguuntur,
2504 2953 2643 3024 quod
2663 2968 2781 3007 cum
2814 2952 3030 3007 ultimus
3052 2952 3474 3009 adversariorum
3502 2970 3675 3025 para-

344 3047 589 3116 logismos
619 3043 819 3098 diluere
854 3043 982 3098 satis
1024 3042 1230 3110 habeat,
1271 3044 1487 3114 insuper
1517 3051 1822 3115 argumenta
1850 3043 2035 3115 quibus
2075 3054 2320 3116 perpetua
2347 3045 2536 3102 Maria:
2571 3045 2842 3118 virginitas
2893 3045 3290 3115 demonstretur,
3340 3047 3490 3102 addit
3538 3048 3677 3104 Am-

346 3135 569 3190 brosius.
609 3132 697 3187 lbi
736 3133 961 3204 virgines
1006 3132 1076 3187 ad
1101 3133 1335 3204 ejusdem
1361 3134 1717 3206 antesignante
1744 3150 1854 3189 suae
1880 3135 2220 3191 imitationem
2256 3139 2319 3193 ob
2358 3139 2541 3209 sponsi
2578 3138 2890 3211 zelotypiam
2932 3140 3233 3197 cohortatus
3262 3138 3435 3212 (Cap.
3462 3141 3556 3208 10,
3599 3143 3668 3199 11

348 3239 396 3284 et
426 3227 553 3300 12),
585 3227 744 3298 hujus
769 3228 933 3298 ipsius
963 3227 1282 3283 divinitatem
1338 3229 1541 3300 probat,
1600 3228 1663 3283 ab
1691 3229 1875 3285 iisdem
1922 3230 2177 3287 hterelicis
2206 3232 2423 3305 superbe
2460 3233 2819 3305 impugnatam
2848 3230 3022 3305 (Cap.
3058 3233 3148 3300 15,
3179 3233 3248 3290 14
3270 3244 3318 3290 et
3346 3233 3412 3290 15
3432 3234 3476 3305 ).
3511 3233 3677 3293 Post-

351 3339 508 3393 quam
534 3337 653 3377 vero
678 3322 861 3376 iterum
884 3324 953 3377 ad
989 3323 1298 3379 imitandam
1323 3322 1564 3398 Deipara:
1586 3325 1944 3381 castimoniam
1968 3327 2191 3399 virgines
2217 3329 2477 3395 excitavit,
2500 3344 2739 3397 quianam
2764 3328 2975 3384 virtutes
3019 3329 3074 3384 in
3117 3328 3244 3398 ipsis
3290 3329 3629 3399 requirantur
3654 3374 3673 3402 ,

348 3412 574 3486 explicat
595 3408 761 3484 (Cap.
794 3412 883 3481 16,
914 3430 1059 3469 num.
1106 3414 1213 3471 100
1239 3428 1286 3471 et
1314 3433 1419 3488 seq.
1446 3416 1490 3487 ).
1522 3416 1755 3490 Denique
1782 3419 2091 3475 nominatim
2127 3421 2196 3475 ad
2223 3420 2546 3476 Ambrosiam
2571 3432 2810 3478 revocata
2853 3423 3110 3490 oratione,
3155 3423 3281 3493 quid
3317 3422 3488 3495 ipsam
3530 3441 3679 3495 pra:-

349 3517 489 3563 stare
514 3514 770 3574 oporteat,
802 3511 981 3577 paucis
1006 3509 1172 3580 aperit
1199 3507 1371 3581 (Cap.
1407 3510 1497 3576 17,
1526 3526 1668 3564 num.
1704 3510 1811 3566 104
1831 3520 1880 3567 et
1904 3528 2012 3584 seq.
2039 3509 2080 3583 ).
2111 3512 2251 3567 Actis
2281 3521 2453 3567 autem
2491 3511 2603 3569 Deo
2632 3514 2816 3586 gratiis
2852 3513 2992 3584 quod
3016 3514 3072 3569 in
3124 3530 3253 3569 novo
3273 3514 3468 3585 [ledere
3506 3532 3676 3589 ange-

362 3600 517 3656 licam
546 3599 861 3672 virginitatis
906 3599 1278 3671 professionem
1324 3600 1514 3657 Maria:
1562 3602 1795 3673 exemplo
1820 3602 2129 3659 instituisset
2178 3602 2390 3677 (Ibid.,
2430 3621 2576 3659 num.
2619 3604 2723 3661 107
2748 3614 2795 3660 et
2823 3621 2929 3675 seq.
2957 3603 3000 3676 ),
3031 3604 3131 3677 ipsi
3162 3604 3491 3662 Ambrosiam
3515 3623 3677 3665 sacro

351 3695 593 3764 flammeo
613 3693 842 3766 jamjam
870 3691 1167 3746 donandant
1200 3690 1573 3766 oﬂ'ert(1bid.,
1616 3710 1760 3748 num.
1794 3691 1940 3765 114)
1969 3710 1986 3760 ;
2018 3705 2170 3765 atque
2213 3704 2272 3749 ut
2299 3694 2448 3750 illaut
2486 3696 2761 3752 virtutibus
2789 3713 2823 3751 a
2867 3694 2981 3752 Deo
3037 3698 3353 3753 cumulatam
3388 3715 3494 3753 non
3516 3699 3677 3755 dedi-

352 3796 537 3859 gnetur
563 3786 619 3841 in
646 3785 928 3840 candidum
955 3801 1263 3855 sponsarum
1299 3803 1514 3842 suarum
1550 3787 1766 3844 cltorum
1786 3788 2079 3854 admittere,
2109 3789 2472 3846 ardentissimo
2492 3790 2684 3861 affectu
2712 3803 3068 3865 comprecatur
3092 3794 3260 3867 (Cap.
3282 3794 3341 3863 2,
3372 3812 3520 3851 num.
3548 3797 3673 3867 15).

428 3880 587 3934 Nunc
620 3890 780 3936 restat
804 3888 863 3934 ut
886 3880 1184 3952 scriptionis
1219 3881 1435 3955 hujusce
1465 3891 1668 3955 tempus
1695 3883 1991 3955 indagetur.
2033 3883 2256 3940 Adverte
2284 3893 2455 3940 autem
2497 3886 2823 3942 Ambrosium
2858 3905 2959 3944 non
3002 3888 3156 3944 modo
3204 3889 3399 3959 plures,
3452 3900 3511 3945 ut
3556 3892 3677 3963 ipse

353 3976 581 4046 loquitur
608 3974 628 4045 (
660 3973 790 4045 Cap.
818 3974 875 4042 6,
915 3991 1058 4030 num.
1089 3974 1163 4032 15
1183 3974 1224 4048 ),
1275 3976 1434 4032 libros
1454 3978 1573 4051 jam
1611 3975 1859 4044 edidisse,
1892 3987 2163 4049 antequam
2194 3978 2317 4033 huic
2330 3979 2664 4035 ‘lucubrando
2688 3997 2898 4052 cperam
2924 3981 3093 4049 daret,
3133 3998 3306 4037 verum
3345 3983 3503 4039 etiam
3545 3985 3675 4043 huic

353 4069 453 4140 ipsi
479 4084 718 4140 magnam
745 4068 1057 4140 affinitatem
1078 4067 1395 4125 intercedere
1414 4086 1531 4123 cum
1560 4068 1706 4125 libris
1732 4068 1803 4126 de
1826 4068 1983 4137 Fide,
2013 4086 2133 4125 cum
2153 4078 2376 4126 tractatu
2404 4072 2473 4129 de
2498 4071 2796 4145 Mysteriis,
2825 4074 2983 4129 imnto
3009 4075 3183 4142 etiam,
3213 4075 3354 4148 quod
3380 4078 3675 4134 notandum

365 4172 464 4228 est,
492 4176 607 4216 cum
628 4177 780 4232 opere
809 4160 876 4216 de
904 4160 1303 4225 Sacramentis,
1328 4179 1443 4217 eum
1466 4163 1684 4232 epistola
1708 4163 1914 4218 concilii
1941 4162 2378 4233 Mediolanensis,
2427 4183 2489 4221 ac
2514 4167 2807 4235 Siriciana,
2847 4168 2939 4224 sed
2960 4184 3070 4239 pra:
3106 4170 3305 4226 caneris
3328 4186 3447 4225 cum
3478 4170 3674 4243 Expo-

354 4256 446 4311 sit.
481 4255 690 4325 Evang.
721 4253 953 4309 second.
988 4254 1216 4322 Lucam,
1242 4255 1392 4326 cujus
1419 4263 1528 4308 tum
1556 4255 1843 4309 doctrinam
1864 4266 1974 4310 tum
2014 4256 2298 4313 locutiones
2338 4258 2541 4314 exhibet
2591 4276 2696 4314 non
2740 4260 2920 4330 paucis
2948 4260 3095 4328 locis,
3127 4272 3177 4317 et
3213 4277 3368 4333 quam
3398 4262 3677 4322 consulere

356 4354 518 4408 verbis
547 4352 757 4407 minime
780 4349 1034 4423 ambiguis
1060 4367 1155 4404 nos
1173 4351 1341 4422 jubet.
1373 4348 1702 4420 Proindeque
1729 4350 1811 4404 hic
1844 4349 1973 4405 liber
2021 4351 2199 4406 eodem
2229 4348 2611 4408 Commentario
2640 4353 2723 4407 cui
2759 4349 2953 4408 annum
2989 4353 3094 4410 386
3132 4354 3543 4423 assignavimus,
3576 4372 3675 4427 po-

362 4448 550 4503 sterior
578 4454 671 4501 est.
710 4444 793 4499 Ad
822 4452 1139 4512 postremum
1168 4440 1359 4496 Bonosi
1385 4442 1612 4506 lueresis,
1656 4443 1806 4513 cujus
1852 4441 2119 4513 praecipua
2163 4442 2267 4497 duo
2316 4444 2487 4514 capita
2525 4452 2631 4498 tam
2658 4442 2930 4515 perspicue
2958 4446 3193 4514 confutat
3218 4451 3427 4498 sanctus
3449 4440 3675 4516 Doctor,

352 4558 445 4597 nec
471 4558 572 4596 non
597 4557 660 4595 ea
679 4538 899 4611 epistola
922 4554 1077 4609 quam
1107 4536 1331 4593 Siricius
1358 4553 1387 4591 e
1427 4535 1677 4607 Capuana
1704 4537 1904 4608 synodo
1944 4534 2000 4590 in
2028 4553 2133 4605 qua
2154 4536 2385 4609 ejusdem
2413 4552 2569 4591 causa
2597 4551 2817 4591 excussa
2862 4545 2958 4602 est,
2993 4534 3136 4590 dedit
3176 4534 3230 4589 in
3282 4534 3463 4591 multis
3506 4523 3676 4609 persio'

353 4636 532 4691 anilem
559 4633 646 4688 isti
692 4632 900 4703 opella,
949 4632 1029 4687 lue
1070 4629 1302 4700 profecto
1354 4628 1472 4684 dua:
1497 4645 1576 4685 res
1623 4627 1841 4698 faciunt,
1872 4637 1927 4681 ut
1959 4628 2190 4684 eamdem
2216 4645 2321 4682 non
2352 4629 2455 4683 nisi
2479 4639 2591 4698 post
2621 4643 2817 4681 annum
2846 4626 2946 4683 591
2982 4626 3241 4697 prodiisse
3261 4625 3675 4683 existimandum

352 4730 443 4793 ait;
472 4743 562 4782 nec
590 4735 756 4781 tamen
781 4725 944 4779 alium
966 4741 999 4778 a
1023 4730 1303 4778 memorato
1334 4720 1487 4793 longe
1512 4729 1763 4777 remotum
1788 4720 1955 4775 eidem
1980 4720 2365 4775 attribueudum
2390 4735 2500 4774 esse
2518 4718 2640 4773 inde
2667 4726 2907 4791 apparet,
2939 4718 3077 4790 quod
3119 4734 3174 4773 se
3211 4728 3320 4772 tum
3344 4720 3573 4790 primum
3616 4721 3675 4777 in

352 4824 497 4879 illam
519 4821 754 4877 lueresim
782 4818 974 4885 dicere,
1006 4816 1206 4887 publice
1233 4816 1501 4882 nimirum,
1528 4823 1711 4871 auctor
1739 4823 1974 4870 testatur.
2008 4812 2264 4879 Quocirca
2290 4811 2334 4867 si
2358 4810 2546 4866 Itorum
2575 4820 2865 4883 temporum
2902 4809 3345 4877 consuetudinem,
3375 4825 3480 4877 qua
3506 4826 3677 4868 sacri:

353 4917 575 4985 virgines
616 4913 838 4969 maxime
869 4910 924 4965 in
952 4909 1243 4966 celebritate
1272 4906 1507 4982 paschali
1561 4906 1885 4977 velabantur,
1935 4904 2020 4962 hic
2048 4913 2253 4963 secutus
2283 4913 2376 4972 est,
2412 4903 2563 4961 illum
2586 4918 2874 4960 sermonem
2913 4902 2970 4959 in
2994 4901 3258 4960 Pascltate
3283 4903 3413 4959 anni
3440 4901 3552 4961 392
3574 4904 3675 4961 Ita-

357 5011 519 5071 bitum
544 5010 705 5083 fuisse
735 5010 863 5082 jure
894 5007 1108 5064 dixeris.
