3974 6186
338 316 444 372 307

1703 302 1951 362 SANC'I'I
1993 302 2315 362 AMBROSII

3536 300 3645 358 308

333 432 552 503 quaerit,
580 439 638 489 ιιι
665 430 916 487 redimat.
950 426 1108 482 Foris
1135 424 1240 482 sibi
1263 424 1440 481 factus
1468 431 1577 487 est,
1610 429 1670 481 ut
1697 421 1829 479 mihi
1851 421 1935 477 iu-
1961 416 2015 479 Α
2039 420 2359 486 conﬁrmat;
2384 421 2467 477 vel
2496 418 2639 491 quod
2666 418 2872 474 homini
2904 417 3263 473 animantium
3293 431 3494 490 genera
3523 417 3644 472 uui-

339 537 429 581 tus
451 532 622 592 esset,
658 531 683 560 α
713 531 762 576 et
796 519 954 574 ﬁeret
988 517 1197 573 medius
1239 525 1506 571 nostrum.

409 620 464 673 7.
508 617 585 672 lbi
614 628 749 685 ergo
785 613 977 677 simus,
1015 611 1105 667 ubi
1137 610 1397 669 Christus
1423 608 1630 665 medius
1659 614 1769 674 est,
1794 606 1941 663 radi-

337 722 494 768 catus
525 717 579 764 et
605 707 745 762 ﬁxus
777 705 831 761 in
858 702 1118 761 cordibus
1153 702 1376 759 nostris.
1408 700 1477 759 Et
1501 700 1626 758 ideo
1652 701 1794 754 sicut
1825 700 1943 768 ipse

340 799 604 873 praecepit
629 816 641 853 :
670 797 800 855 Cum
822 814 963 864 oras,
998 797 1135 851 intra
1163 796 1218 849 in
1238 794 1531 849 cubiculum
1559 804 1701 847 tuum
1724 791 1941 865 (Matth.

343 913 419 965 vr,
453 897 531 967 6),
563 903 618 949 et
647 891 865 948 eﬁ‘unde
893 905 1056 961 super
1084 898 1137 945 te
1158 889 1394 943 animam
1422 896 1607 953 tuam;
1636 885 1949 942 cubiculum

346 998 500 1044 tuum
551 984 874 1042 interiorum
928 990 1200 1038 secretum
1258 989 1372 1045 est,
1425 980 1733 1035 cubiculum
1796 987 1946 1033 tuum

343 1078 681 1137 conscientia
712 1087 803 1132 tua
830 1084 935 1131 est.
978 1074 1231 1146 Denique
1260 1072 1619 1129 Ecclesiastes
1648 1070 1744 1126 tibi
1777 1070 1946 1128 dicit:

344 1172 416 1228 Et
445 1170 652 1241 quidem
680 1171 734 1225 itt
756 1168 1073 1224 conscientia
1097 1175 1189 1223 tua
1212 1166 1321 1236 regi
1344 1180 1406 1219 ne
1434 1163 1788 1227 maledixeris,
1824 1172 1871 1217 et
1896 1164 1952 1216 in

345 1263 696 1338 penetralibus
723 1261 1085 1316 cubiculorum
1132 1276 1195 1313 ne
1228 1259 1503 1313 maledicto
1533 1257 1794 1312 deveneris
1821 1255 1953 1309 divi-

346 1374 446 1419 tem
478 1361 707 1435 (Eccles.
736 1377 791 1427 x,
823 1358 938 1429 20).
972 1358 1050 1413 lbi
1084 1372 1215 1428 ergo
1245 1372 1340 1412 ora
1384 1365 1439 1412 et
1479 1371 1572 1410 ora
1607 1356 1659 1410 in
1691 1354 1909 1411 occulto
1936 1396 1950 1419 ,

351 1466 409 1512 ut
440 1455 623 1511 audiat
644 1462 699 1510 te
728 1454 821 1523 qui
854 1454 905 1507 in
947 1452 1164 1508 occulto
1192 1451 1345 1506 audit
1375 1469 1387 1505 :
1418 1460 1473 1507 et
1503 1465 1598 1505 ora
1640 1450 1760 1506 sine
1787 1450 1867 1506 ira
1898 1459 1954 1507 et

347 1545 771 1619 disceptatione,
803 1544 832 1584 ι’
862 1545 1116 1601 abdicato
1155 1545 1369 1600 occulto
1408 1544 1697 1600 dedecoris
1740 1543 1783 1615 (l
1814 1542 1949 1601 Tim.

344 1657 406 1706 ιι,
439 1639 499 1711 8)
532 1658 544 1693 :
575 1640 762 1697 Justus
808 1637 951 1693 enim
992 1651 1097 1692 non
1138 1635 1505 1707 proditionem
1550 1634 1799 1691 criminis
1840 1650 1957 1692 me-

345 1735 471 1801 tuit,
495 1735 591 1791 se’d
615 1733 1021 1804 contagionem.
1596 1716 1601 1719 ’

983 1842 1216 1900 CAPUT
1253 1843 1319 1899 Il.

352 1962 655 2021 Orationem
682 1960 922 2017 inchoari
948 1960 1132 2015 debere
1167 1976 1200 2013 α
1228 1956 1333 2014 Dei
1362 1958 1622 2024 laudibus,
1655 1966 1701 2013 et
1728 1969 1844 2029 post
1875 1976 1961 2015 es-

429 2057 599 2127 posita
641 2055 904 2123 postulata
941 2063 1120 2109 nostra
1153 2053 1209 2108 in
1232 2053 1523 2125 gratiarum
1561 2053 1787 2107 actiones
1822 2053 1962 2109 desi-

428 2167 565 2207 nere.
612 2149 867 2206 Eamdem
902 2165 1030 2221 pace
1063 2164 1126 2203 ac
1175 2146 1555 2219 tranquillitate
1590 2148 1960 2203 commendan-

422 2245 581 2311 dam;
620 2259 725 2313 qua
751 2243 1028 2298 occasione
1072 2239 1417 2311 Etangelicus
1456 2239 1600 2294 locus
1629 2255 1787 2310 quam
1811 2239 1961 2294 lucu-

418 2336 705 2393 lentissima
748 2334 1072 2407 explicatur,
1109 2350 1261 2403 quem
1279 2332 1531 2406 jubentttr
1557 2332 1829 2389 obseruare
1855 2333 1961 2388 vir-

432 2446 597 2503 gntes.

417 2564 473 2619 8.
502 2564 674 2634 Quam
694 2563 835 2619 bona
859 2561 1036 2618 oratio
1056 2574 1180 2616 cum
1214 2559 1631 2616 misericordia!
1659 2560 1807 2615 Bona
1840 2575 1965 2615 ora-

358 2661 440 2717 tio
467 2673 591 2730 que
619 2656 869 2713 ordinem
896 2661 1103 2722 servat,
1136 2664 1195 2709 ut
1221 2654 1398 2724 primo
1437 2667 1468 2708 a
1496 2653 1695 2708 divinis
1741 2653 1965 2709 inchoe-

365 2767 486 2808 mus
512 2749 784 2807 laudibus.
821 2750 878 2804 Si
909 2750 1052 2805 enim
1083 2763 1204 2803 cum
1232 2746 1374 2817 apud
1415 2745 1692 2801 hominem
1730 2746 1961 2816 agimus,

359 2846 690 2903 benevolum
730 2845 987 2900 volumus
1012 2841 1252 2914 judicem
1282 2839 1463 2895 facere
1487 2883 1500 2905 ,
1549 2849 1751 2910 quanto
1794 2839 1966 2909 magis

359 2953 483 2994 cum
516 2937 804 2992 Dominum
855 2946 1101 2992 nostrum
1136 2932 1461 3005 precamur!
1496 2930 1681 2986 Primo
1706 2946 1837 3002 ergo
1868 2932 1967 2985 im-

363 3031 631 3086 molemus
678 3029 793 3084 Deo
847 3028 1177 3083 sacriﬁcium
1233 3026 1444 3092 laudis;
1500 3024 1643 3080 unde
1700 3035 1754 3079 et
1818 3025 1968 3095 Apo-

364 3124 537 3180 stolus
569 3124 645 3177 ait
675 3141 687 3176 :
715 3122 942 3177 Obsecro
985 3137 1106 3192 ergo
1129 3122 1294 3192 primo
1342 3121 1570 3174 onmium
1617 3119 1735 3189 ﬁeri
1769 3120 1965 3174 oratio-

2044 529 2200 569 versa
2230 514 2481 584 subjecit.

2121 607 2209 663 10.
2237 607 2504 664 Similiter
2545 616 2603 663 et
2628 606 2916 661 Dominica
2956 606 3134 660 oratio
3177 605 3362 661 omnia
3392 617 3646 673 compre-

2048 696 2259 766 hcndit,
2300 710 2323 739 ο
2353 715 2515 771 quam
2550 700 2775 770 vulgare
2802 714 2913 756 non
2939 713 3080 768 opus
3107 704 3208 753 est.
3235 696 3315 754 Tu
3348 705 3527 752 autem
3553 694 3645 767 qui

2049 793 2207 865 legis,
2224 793 2680 863 quemadmodum
2706 793 3042 864 diStinguere
3060 792 3259 847 debeas
3284 805 3643 861 recognosce;

2050 887 2323 957 praecipue
2354 895 2557 952 tamen,
2604 895 2659 940 ut
2690 886 2824 951 dixi,
2853 883 3278 941 commendanda
3325 892 3409 938 est
3450 885 3648 949 oratio,

2052 981 2192 1035 sicut
2223 981 2479 1051 prtemisi,
2511 980 2826 1050 placiditate
2861 980 3025 1035 animi
3053 987 3109 1035 et
3139 978 3562 1050 tranquillitate;
3593 986 3656 1034 ut

2054 1074 2425 1145 unusquisque
2460 1075 2566 1130 sibi
2619 1083 2833 1131 constet
2872 1083 2929 1130 et
2971 1082 3258 1144 congruat,
3289 1080 3347 1129 et
3388 1072 3482 1127 ﬁat
3517 1072 3653 1128 illud

2055 1166 2199 1237 quod
2227 1168 2491 1238 scriptum
2521 1178 2602 1223 est
2638 1184 2652 1222 :
2687 1167 2750 1223 Si
2778 1166 2982 1220 duobus
3002 1182 3067 1221 ea;
3085 1165 3224 1219 vobis
3252 1165 3540 1219 convenerit
3565 1182 3653 1220 su-

2055 1277 2146 1333 per
2173 1270 2389 1327 terram,
2427 1261 2490 1317 de
2519 1261 2663 1316 omni
2696 1277 2751 1316 re
2794 1276 3164 1332 quamcumque
3200 1258 3457 1329 petierint,
3491 1259 3579 1328 ﬁet
3623 1276 3656 1312 a

2058 1348 2219 1407 Patre
2238 1369 2371 1419 meo,
2401 1352 2487 1422 qui
2522 1353 2576 1406 in
2596 1352 2736 1407 cwlis
2764 1360 2857 1406 est.
2894 1348 2993 1406 Ubi
3019 1350 3152 1405 enim
3183 1360 3301 1405 sunt
3321 1350 3426 1404 duo
3452 1350 3533 1405 vel
3553 1360 3657 1404 tres

2057 1448 2355 1520 congregati
2380 1447 2433 1501 in
2480 1446 2687 1500 nomine
2722 1461 2853 1511 meo,
2885 1443 2957 1499 ibi
3001 1460 3097 1516 ego
3123 1460 3235 1498 sum
3269 1444 3325 1498 in
3368 1442 3534 1498 medio
3570 1458 3660 1498 eo-

2057 1554 2175 1592 rum
2199 1536 2417 1609 (Matth.
2448 1553 2605 1604 xvut,
2640 1536 2727 1603 19,
2760 1534 2877 1608 20).

2134 1634 2221 1688 Η.
2248 1632 2351 1701 Qui
2383 1641 2512 1687 sunt
2538 1631 2625 1686 isti
2654 1631 2785 1695 duo,
2818 1629 2921 1684 nisi
2948 1628 3129 1683 anima
3157 1635 3212 1682 et
3241 1627 3657 1698 corpus?Unde

2060 1732 2115 1780 et
2142 1724 2342 1780 Paulus
2369 1722 2396 1761 ἀ
2423 1723 2723 1794 castigabat
2761 1736 2979 1777 carnem
3009 1736 3185 1787 suam,
3219 1728 3276 1776 et
3303 1720 3548 1777 servituti
3573 1734 3663 1776 re-

1985 1817 2033 1877 B
2061 1817 2280 1888 digebat
2326 1816 2371 1887 (1
2399 1816 2518 1872 Cor.
2568 1832 2642 1879 ix.
2674 1815 2893 1887 27);ut
2942 1824 3091 1871 esset
3137 1814 3331 1870 animae
3383 1822 3661 1884 tamquam

2062 1914 2395 1986 imperatrici
2421 1928 2532 1968 sua:
2560 1927 2689 1967 caro
2719 1911 2957 1979 subdita,
2980 1919 3041 1966 et
3068 1909 3267 1966 mentis
3295 1909 3540 1980 imperiis
3566 1908 3665 1964 ob-

2064 2016 2436 2079 temperaret;
2467 2022 2535 2062 ne
2570 2016 2718 2062 esset
2762 2005 2815 2059 in
2846 2019 2955 2060 uno
2986 2002 3208 2059 homine
3236 2002 3543 2067 dissidium,
3590 2016 3658 2059 ac

2064 2100 2264 2157 bellum
2314 2100 2455 2155 intra
2498 2113 2556 2154 se
2586 2105 2821 2169 gereret.
2870 2104 2924 2152 et
2952 2094 3057 2166 legi
3090 2094 3289 2150 mentis
3338 2101 3671 2165 repugnaret

2066 2195 2151 2252 lex
2179 2194 2450 2266 corporis.
2477 2192 2595 2247 Duo
2625 2192 2790 2263 igitur
2817 2191 2920 2247 ista
2949 2189 3163 2246 diversa
3187 2189 3401 2245 ratione
3427 2186 3662 2259 quadam

2065 2298 2122 2344 et
2151 2303 2285 2359 pace
2311 2288 2597 2358 iungebat,
2647 2284 2947 2342 secundum
2983 2284 3128 2355 quod
3162 2283 3280 2354 ipse
3325 2282 3559 2338 asseruit
3588 2281 3677 2337 di-

2067 2395 2199 2436 cens
2231 2399 2244 2435 :
2283 2379 2419 2447 Quia
2451 2376 2687 2434 Christus
2719 2388 2789 2432 est
2820 2393 2925 2450 pax
2951 2386 3151 2440 nostra,
3179 2376 3269 2444 qui
3297 2374 3417 2447 fecit
3447 2385 3673 2446 utraque

2055 2491 2247 2544 unum,
2285 2485 2335 2528 et
2358 2472 2585 2526 medium
2625 2471 2870 2537 parietem
2910 2471 3049 2540 scpis
3074 2470 3264 2535 soluit,‘
3288 2468 3591 2523 inimicitias
3618 2469 3677 2523 in

2068 2582 2223 2621 carne
2245 2583 2339 2621 sua
2360 2564 2580 2638 (Ephes.
2613 2580 2673 2631 tt,
2710 2563 2834 2631 ii);
2875 2578 2942 2618 ne
2968 2563 3019 2617 id
3048 2569 3260 2633 ageret,
3287 2559 3431 2631 quod
3459 2560 3628 2616 nollet
3655 2578 3671 2615 :

2069 2668 2231 2731 atque
2274 2659 2325 2714 id
2371 2658 2596 2724 faceret,
2638 2657 2782 2729 quod
2819 2656 3044 2711 odisset.
3079 2656 3171 2711 Isti
3214 2670 3345 2727 ergo
3383 2666 3507 2712 sunt
3533 2654 3674 2720 duo,

2069 2753 2245 2807 anima
2277 2761 2331 2807 et
2370 2765 2519 2805 caro.
2551 2748 2707 2805 Unde
2746 2756 2801 2804 et
2836 2747 3004 2804 David
3037 2748 3145 2802 ait:
3174 2746 3295 2801 Non
3338 2747 3520 2802 timebo
3548 2747 3677 2817 quid

2072 2846 2233 2913 faciat
2276 2843 2400 2897 mihi
2449 2859 2572 2897 caro
2606 2842 2778 2915 (Psal.
2829 2859 2917 2909 ιν,
2963 2839 3044 2914 5),
3092 2857 3253 2912 quam
3303 2841 3677 2897 adversariam

2071 2939 2267 2993 animm
2297 2953 2408 2992 suae
2436 2945 2645 2992 nosset.

2145 3029 2231 3087 ﬂ.
2265 3031 2397 3098 Quae
2441 3038 2618 3084 tamen
2652 3027 2781 3094 duo,
2826 3039 2884 3083 ut
2928 3029 3240 3085 evidentius
3280 3029 3678 3100 exprimamus,

2072 3140 2180 3180 non
2211 3125 2385 3180 solum
2414 3123 2521 3178 duo
2561 3133 2681 3178 sunt
2709 3165 2723 3190 ,
2774 3122 2868 3178 sed
2897 3123 3059 3179 ctiam
3091 3121 3196 3178 duo
3234 3123 3503 3190 homines,
3534 3137 3682 3181 unus

361 3232 474 3279 nes,
523 3213 923 3277 obsecrationes,
970 3211 1370 3283 postulationes,
1409 3211 1696 3282 gratiarum
1740 3212 1962 3265 actiones

2077 3218 2326 3285 interior,
2363 3218 2501 3272 alter
2530 3218 2796 3271 exterior.
2835 3225 2857 3253 ε
2894 3216 2984 3271 Isti
3014 3216 3122 3271 duo
3167 3216 3211 3272 si
3258 3214 3365 3275 sibi
3411 3215 3682 3285 propositi

363 3306 409 3377 (l
432 3304 565 3358 Tim.
606 3319 665 3369 ιι,
694 3302 768 3374 1).

442 3398 493 3455 9.
531 3398 734 3452 Doceat
762 3404 816 3452 te
847 3395 1130 3451 Davidicus
1174 3397 1420 3466 psalmus
1457 3409 1702 3466 octavus,
1733 3399 1827 3471 qui
1856 3415 1969 3457 cm-

366 3490 445 3561 pit
495 3504 524 3543 a
566 3488 661 3543 Dei
709 3485 963 3542 laudibus
990 3505 1002 3540 :
1029 3485 1252 3542 Domine
1293 3488 1545 3543 Dominus
1585 3500 1783 3561 noster,
1815 3509 1968 3560 quant

367 3582 675 3637 admirabile
696 3590 775 3635 est
794 3596 979 3634 nomen
1001 3586 1147 3634 tuum
1172 3579 1225 3635 in
1252 3582 1492 3636 universa
1515 3584 1686 3638 terra!
1709 3584 1967 3650 Quoniam

366 3677 565 3731 elevata
596 3685 673 3729 est
703 3675 1088 3747 magniﬁcentia
1119 3684 1206 3729 tua
1246 3691 1401 3746 super
1431 3676 1605 3731 caelos.
1649 3676 1734 3732 Ea:
1781 3695 1870 3733 ore
1897 3680 1969 3733 in-

368 3769 592 3839 fantium
619 3778 676 3823 et
711 3767 1010 3823 facientium
1053 3769 1319 3840 perfecisti
1354 3768 1561 3824 laudem
1589 3767 1763 3842 (Paul.
1797 3787 1912 3837 vm.
1937 3772 1972 3827 2

368 3870 417 3914 et
445 3859 601 3931 scq.).
640 3858 919 3916 Hactenus
941 3862 1119 3915 oratio
1154 3879 1168 3916 :
1200 3860 1325 3917 inde
1358 3861 1605 3932 sequitur
1633 3863 1971 3931 obsecratio,

371 3964 435 4008 ut
483 3955 801 4009 destruatur
847 3953 1152 4011 inimicus:
1194 3955 1521 4025 postulatio,
1571 3966 1628 4011 ut
1678 3956 1861 4011 lunam
1918 3966 1975 4013 et

371 4045 564 4100 stellas
607 4044 786 4100 videat
813 4062 827 4112 ;
854 4045 1038 4101 lunam
1086 4042 1416 4110 Ecclesium,
1460 4047 1648 4104 stellas
1696 4047 1837 4105 ﬁlios
1865 4048 1972 4105 Ec-

366 4137 577 4204 clesiae,
606 4139 847 4195 caelestis
890 4140 1081 4209 gratiae
1114 4140 1235 4195 luce
1261 4138 1530 4211 fulgentes
1561 4161 1574 4195 :
1605 4150 1662 4196 et
1690 4142 1833 4213 quod
1880 4159 1971 4213 pe-

367 4230 452 4297 tit,
486 4231 807 4301 prophetico
848 4232 1054 4301 spiritu
1092 4232 1333 4287 visurum
1383 4247 1443 4287 se
1487 4247 1609 4288 esse
1652 4236 1921 4302 promittit
1955 4256 1968 4292 :

367 4324 663 4395 gratiarum
705 4324 871 4389 actio,
900 4324 1040 4393 quod
1077 4332 1260 4378 tuetur
1290 4321 1552 4378 Dominus
1584 4323 1882 4392 hominem,
1917 4337 1973 4384 et

2077 3310 2387 3378 {equalitate
2428 3316 2777 3369 concurrant.
2808 3316 2868 3363 ut
2897 3308 3261 3379 cogitationes
3286 3308 3467 3373 faelis,
3505 3316 3555 3362 et
3585 3323 3685 3361 cu-

2073 3402 2425 3471 gitationibus
2468 3400 2603 3455 facta
2631 3400 2987 3465 conveniant;
3019 3400 3145 3454 vitae
3176 3407 3376 3457 nostra:
3406 3408 3523 3453 rota
3557 3400 3685 3456 sine

2076 3496 2180 3550 ulla
2224 3494 2525 3551 oil'ensione
2586 3495 2871 3559 volvatur,
2920 3506 2976 3549 ut
3028 3493 3489 3564 quemadmodum
3539 3496 3684 3548 scri-

2076 3597 2223 3654 ptum
2261 3595 2346 3643 est
2372 3606 2383 3642 :
2414 3587 2533 3642 Fiat
2559 3604 2657 3643 vos:
2695 3589 2909 3642 tonitrui
2932 3588 3005 3641 tui
3043 3587 3097 3641 in
3136 3596 3250 3641 rota
3279 3584 3454 3659 (Psal.
3491 3603 3681 3656 Lxxvt,

2079 3679 2192 3750 l9).
2237 3681 2329 3735 ιδιί
2360 3679 2524 3752 igitur
2551 3680 2657 3735 duo
2706 3696 2870 3735 unum
2901 3688 3067 3746 sunt;
3111 3695 3209 3734 nec
3260 3679 3437 3734 solum
3482 3696 3681 3747 unum,

2078 3773 2173 3830 scd
2206 3788 2346 3830 unus
2393 3774 2574 3829 homo.
2626 3773 2783 3829 Unde
2830 3783 2884 3827 et
2938 3773 3233 3842 Apostolus
3271 3774 3391 3827 ait:
3427 3771 3494 3826 Ut
3548 3775 3686 3831 duos

2078 3867 2320 3921 canderet
2348 3868 2401 3920 in
2432 3883 2533 3920 uno
2560 3864 2789 3932 homine,
2830 3866 3029 3937 faciens
3056 3882 3260 3936 pacem,
3299 3873 3344 3919 et
3377 3866 3685 3919 reconcilia-

2078 3971 2150 4015 ret
2178 3969 2419 4029 utrosque
2449 3960 2504 4013 in
2546 3976 2650 4013 uno
2681 3975 2919 4027 corpore,
2944 3955 3077 4021 Deo,
3113 3974 3203 4028 per
3228 3972 3435 4011 crucem
3473 3957 3686 4027 inter/i-

2080 4053 2219 4108 ciens
2253 4052 2554 4106 inimicitias
2592 4051 2646 4106 in
2668 4060 2822 4106 semet
2847 4052 3057 4124 ipso....
3086 4060 3141 4104 ut
3168 4052 3223 4107 in
3250 4051 3480 4117 utrisque
3506 4066 3685 4105 acces-

2080 4163 2193 4201 sum
2235 4144 2513 4200 habeamus
2560 4145 2613 4199 in
2644 4161 2745 4199 uno
2772 4143 2978 4214 Spiritu
3016 4141 3086 4197 ad
3120 4128 3331 4198 Patrem
3366 4141 3588 4217 (Ephcs.
3619 4158 3682 4211 tt,

2082 4239 2149 4295 15
2178 4247 2224 4292 et
2244 4236 2404 4310 seq.).

2152 4332 2239 4388 15.
2275 4330 2416 4387 Sunt
2468 4329 2634 4386 etiam
2683 4328 2793 4385 duo
2837 4327 3113 4396 homines,
3157 4336 3318 4383 vetus
3373 4336 3427 4382 et
3474 4341 3679 4383 novus.

369 4415 514 4472 hunc
541 4416 731 4472 limum
764 4416 1012 4487 corporis
1051 4416 1225 4470 nostri
1256 4416 1437 4471 divina
1471 4416 1635 4490 252
1663 4420 1973 4480 visitatioue
1996 4417 2052 4479 D
2082 4420 2103 4463 τ
2138 4422 2305 4479 Vetus
2336 4420 2426 4477 ille
2459 4429 2681 4491 peccato
2711 4420 2983 4476 obnoxius
3004 4430 3058 4475 et
3085 4418 3389 4487 obsoletos,
3421 4432 3485 4473 ac
3513 4420 3685 4475 vesti-

443 4553 701 4611 nOmnes
729 4552 907 4621 edit.,
959 4561 1007 4609 et
1048 4554 1200 4622 ﬁeret
1244 4553 1481 4611 medicus
1533 4566 1823 4615 noster..."
1881 4563 1968 4618 ubi

372 4625 609 4680 Christus
631 4626 861 4680 medicus
892 4633 965 4680 est
998 4641 1015 4679 :
1048 4639 1239 4681 omnes
1268 4641 1400 4681 mss.
1436 4637 1492 4682 ut
1523 4627 1576 4682 in
1611 4636 1784 4684 textu.

441 4696 469 4734 ι’
491 4694 695 4752 Omnes
731 4698 861 4752 edit.
897 4711 1019 4751 cum
1053 4712 1161 4752 uno
1191 4705 1285 4752 aut
1331 4699 1505 4753 altero
1541 4714 1701 4764 mss.,
1730 4702 1967 4758 abdicato

370 4768 571 4823 occulta
592 4766 905 4834 dedecoris;
926 4768 1019 4822 alii
1045 4783 1203 4836 mss.,
1251 4769 1471 4836 melius,
1495 4770 1735 4826 abdicato
1764 4777 1967 4831 occulto

372 4840 679 4919 dedecoris;
708 4838 835 4919 μορ
877 4841 1228 4919 est.__oeculto
1281 4840 1590 4909 dedecore»,
1646 4845 1764 4901 sive
1808 4848 1973 4919 culpa

372 4912 535 4965 etiam
567 4910 785 4966 Occulta
812 4910 1115 4979 repudiata.

446 4991 469 5020 ε
494 4980 768 5035 Iudicatur
797 4981 883 5035 his
908 4982 1087 5035 verbis
1114 4982 1449 5039 ﬂaminicam
1478 4985 1783 5043 oralionem
1811 5004 1874 5044 ex
1902 4990 1967 5046 iis

371 5051 549 5126 iniisse
572 5053 866 5126 mysterii:
878 5068 1017 5126 quin
1045 5054 1473 5126 catechumenos.
1500 5059 1775 5126 quondam
1815 5063 1965 5115 cela-

371 5123 468 5206 bat
492 5122 802 5206 Ecclesia.“
981 5126 1089 5206 ἐει
1114 5124 1254 5206 lianc
1284 5141 1346 5181 ca
1355 5142 1505 5206 mam
1519 5122 1975 5206 ﬂint-guratum

371 5193 552 5267 reddit
582 5193 736 5267 Hom.
770 5193 835 5249 21
873 5193 939 5249 in
980 5195 1315 5262 Matthrum,
1341 5197 1483 5267 quod
1526 5193 1702 5255 Patris
1747 5203 1973 5265 nomine.

372 5263 453 5319 il‘li
483 5279 590 5319 non
622 5265 777 5320 liceat
806 5267 975 5321 Deum
1009 5269 1303 5337 appellare,
1339 5263 1427 5337 qui
1459 5282 1565 5322 non
1601 5269 1763 5326 fuerit
1807 5289 1966 5329 sacro

377 5337 1095 5407 baptismatqregencratus
1126 5338 1259 5392 inde
1274 5348 1359 5394 est
1376 5338 1525 5405 quod
1538 5356 1624 5395 ex.
1645 5340 1775 5396 0rd.
1798 5343 1936 5398 Rom
1948 5386 1961 5400 .

374 5417 429 5488 et
474 5407 652 5488 A_mal.
682 5406 991 5488 Fortunato
1018 5409 1086 5488 d_e
1128 5410 1338 5465 Eccles.
1363 5409 1540 5488 _Oﬂic.
1584 5412 1803 5488 cap._8,
1842 5430 1963 5488 e_am

374 5475 642 5531 discimus
686 5493 809 5533 cum
843 5479 992 5550 brevi
1034 5478 1487 5550 interpretatione
1516 5475 1812 5540 secundum
1855 5484 1965 5541 Ro-

376 5558 594 5623 manam
643 5549 1089 5623 consuetudinem
1123 5549 1256 5607 feria
1288 5549 1323 5606 4
1368 5552 1719 5608 hebdomadas
1757 5557 1791 5609 4
1821 5556 1966 5623 Qua-

374 5618 695 5701 magesima‘e
736 5622 1172 5701 competentibus
1214 5623 1359 5701 tradi
1392 5624 1741 5701 consuerisse
1765 5644 1785 5701 _:
1819 5618 1962 5701 quod

372 5688 433 5761 ξιι-
458 5688 994 5761 ΑΐινὶεθηαίΕοοΙοεῇιι
1026 5701 1230 5747 tantum
1261 5695 1391 5748 feria
1417 5695 1453 5748 2
1483 5707 1605 5761 post
1633 5688 1961 5761 dominicam

374 5759 682 5839 Palmarum
711 5760 828 5839 ﬁeri
853 5759 1449 5839 solitumﬁugustinus
1480 5759 1638 5839 Hom.
1670 5766 1742 5822 42
1770 5784 1838 5826 ex
1867 5759 1959 5839 50,

374 5846 518 5886 nunc
544 5830 715 5885 Serm.
749 5828 821 5887 58
851 5842 1006 5887 nova:
1034 5832 1164 5889 edit.
1206 5828 1457 5891 iestatur.
1505 5835 1699 5895 Verum
1741 5828 1964 5917 uterque

2075 4563 2131 4619 in
2160 4562 2264 4618 hoc
2297 4560 2654 4622 conveniunt,
2686 4558 2832 4629 quod
2874 4557 3065 4614 iisdem
3112 4555 3558 4627 competentibus
3582 4572 3683 4612 ne-

2071 4648 2285 4691 cessum
2315 4632 2479 4688 fuissc
2506 4630 2774 4695 scribunt,
2805 4639 2863 4686 ut
2882 4629 3108 4687 sabbato
3134 4640 3328 4683 sancto
3358 4629 3685 4684 memoriter

2071 4706 2319 4761 eamdem
2379 4702 2662 4758 redderent
2722 4702 3045 4755 orationem.
3090 4699 3242 4765 Quod
3300 4712 3463 4767 porro
3516 4698 3681 4754 dotes

2072 4776 2338 4830 orationis
2383 4787 2667 4843 exponens
2708 4772 2828 4826 loco
2877 4787 2941 4825 ex
2990 4771 3164 4838 Epist.
3218 4768 3490 4843 ad.r'l‘im.
3522 4784 3581 4832 ιι,
3624 4773 3681 4836 1,

2070 4848 2330 4904 Oratione
2356 4845 2574 4900 Domiti.
2621 4855 2676 4899 et
2709 4844 2846 4912 psal.
2877 4858 2970 4897 vnt
3009 4844 3183 4899 utitur
3219 4842 3561 4901 Ambrosius.
3599 4851 3684 4895 at-

2072 4932 2177 4990 que
2229 4916 2535 4990 incudem
2576 4915 2792 4990 Psalmo
2823 4931 2937 4990 per
2972 4913 3171 4990 lunam
3212 4912 3539 4990 Ecclesiae},
3578 4928 3686 4990 per

2071 4982 2255 5045 stellas
2294 4987 2476 5042 ﬁdeles
2527 4985 2906 5057 intelligendos
2937 4984 3035 5045 ait.
3071 4984 3153 5038 his
3190 4983 3335 5057 adeo,
3371 4982 3568 5057 similia
3627 4985 3685 5039 in

2071 5060 2165 5115 lib.
2195 5075 2248 5113 γι
2273 5061 2340 5114 de
2371 5060 2617 5115 Sacram.
2660 5054 2783 5118 can.
2812 5057 2846 5111 5
2878 5057 3057 5124 legere
3086 5064 3197 5122 est,
3227 5062 3284 5108 ut
3308 5054 3526 5109 dubium
3566 5069 3682 5109 non

2071 5131 2344 5195 videatur,
2385 5131 2521 5199 quin
2560 5131 2604 5182 si
2637 5127 2842 5184 diversi
2880 5143 3069 5182 eorum
3106 5141 3334 5196 operum
3379 5125 3687 5199 scriptores

2073 5202 2301 5266 fuerint,
2349 5195 2489 5256 after
2528 5202 2789 5265 alterum;
2835 5199 2925 5254 sin
2963 5212 3093 5255 vero
3136 5195 3275 5255 unus
3310 5211 3374 5251 ac
3405 5195 3569 5259 idem,
3617 5211 3685 5253 se

2068 5288 2276 5399 itaque
2305 5273 2418 5355 ipse
2449 5271 2817 5341 descripserit,
2849 5268 2995 5345 quod
3022 5269 3247 5324 minime
3288 5281 3489 5324 novum
3514 5276 3602 5323 est
3627 5267 3684 5325 in

2122 5360 2169 5396 m
2217 5359 2380 5399 rnsno.

2122 5359 2380 5401 mDI'OSIO.

2142 5413 2168 5452 ά
2193 5416 2311 5469 Duo
2343 5428 2501 5480 mss.,
2541 5412 2826 5483 castigabat
2865 5427 3055 5485 corpus
3084 5427 3241 5468 suum
3271 5420 3318 5469 et
3361 5410 3417 5463 in
3452 5410 3685 5467 sentitu-

2068 5498 2190 5547 tem,
2221 5497 2327 5541 CIC.

2141 5568 2164 5594 ο
2188 5557 2358 5621 Edit.,
2387 5554 2487 5610 Isti
2517 5554 2621 5609 duo
2644 5555 2688 5610 si
2714 5553 2810 5609 sibi
2832 5553 3087 5627 prapositi
3116 5553 3170 5609 in
3197 5551 3678 5627 azqualitatem,__ul-

2069 5628 2215 5684 limae
2268 5628 2440 5683 Paris.
2482 5622 2871 5699 iurequalitatc',
2931 5622 3264 5699 concurrant
3329 5622 3677 5680 commodius

2067 5715 2198 5756 vero
2228 5714 2358 5757 mss.
2393 5697 2604 5767 otnnes,
2637 5711 2774 5767 quos
2800 5697 2884 5767 hic
2907 5697 3208 5766 sequimur.

2144 5743 2358 5854 Keilii?
2383 5743 2519 5825 ιῖξιῖιῗ
2528 5743 2884 5835 Ϊὶγὲἱὶιῗίῑίἑ
2907 5743 3279 5838 “naenia...
3323 5762 3684 5829 sollicitudine

2066 5851 2288 5897 attritus.
