3974 6186
225 229 332 286 509

1127 223 1213 281 oe
1255 221 1740 281 lNSTl'I‘U'l‘lONE
1784 214 2084 282 VlR‘GlNlS
2126 218 2330 281 LIBER
2369 220 2577 280 unus.

3424 222 3531 285 510

222 346 399 402 menti
434 346 635 403 veteris
671 342 1028 401 similitudine
1066 345 1286 400 attritus
1311 352 1366 399 et
1396 344 1620 410 scissus,
1666 358 1827 415 quem
1856 332 1908 404 Α
1937 341 2100 398 Ιιοιηο
2146 342 2197 397 in
2249 340 2511 397 occulto?
2551 330 2694 395 Nihil
2751 341 2805 396 in
2849 340 3038 397 bestiis
3090 340 3211 415 plus
3262 346 3526 415 reperias,

223 440 279 496 in
312 440 647 510 baptismate
678 439 947 510 afﬁgimus
983 438 1154 494 eruci.
1186 428 1345 494 Unde
1376 437 1674 509 Apostolus
1704 435 1780 491 ait
1809 453 1822 490 :

224 534 363 603 Quia
390 544 539 589 vetus
572 532 725 589 homo
760 544 933 588 noster
953 532 1107 587 simul
1144 526 1326 603 aﬂixus
1352 541 1424 586 est
1451 532 1623 596 cruci,
1658 541 1711 583 ut
1738 529 1828 584 de-

217 638 458 684 struatur
499 644 683 700 corpus
728 627 945 694 peccati,
988 636 1041 680 ut
1065 626 1202 680 ultra
1240 641 1342 679 non
1390 624 1672 679 serviamus
1708 639 1829 694 pec-

219 732 331 776 cato
359 719 548 791 (Rom.
575 736 646 785 vi,
673 719 753 792 6).
782 719 954 775 Vetus
995 733 1129 789 ergo
1160 712 1418 789 altigitur,
1470 727 1526 772 ut
1563 716 1826 771 moriatur

218 822 483 884 peccato;
512 821 570 868 ut
597 826 771 867 novus
800 820 1071 882 resurgat,
1111 810 1200 881 qui
1236 817 1531 866 renovatur
1576 823 1671 880 per
1702 822 1827 880 gra-

218 907 368 962 tiam.
400 905 648 960 Diximus
674 904 741 960 de
767 904 999 960 duobus.

287 996 377 1052 14.
414 992 675 1053 Fortasse
717 996 865 1051 dicat
910 994 1142 1066 aliquis:
1176 993 1316 1063 Quid
1361 994 1432 1049 de
1464 990 1636 1048 tribus
1663 991 1820 1060 dicis,

218 1091 482 1163 quoniam
509 1091 588 1146 sic
628 1090 795 1145 habet
825 1090 1108 1161 Scriptura
1140 1106 1152 1141 :
1188 1086 1288 1143 Ubi
1313 1087 1448 1141 enim
1468 1096 1587 1140 sunt
1618 1086 1722 1141 duo
1745 1084 1827 1141 vel

216 1194 317 1238 tres
342 1184 650 1256 congregati
689 1184 744 1236 in
780 1182 991 1236 nomine
1030 1198 1164 1248 meo,
1195 1181 1267 1235 ibi
1312 1197 1406 1253 ego
1431 1196 1544 1235 sum
1573 1180 1625 1233 in
1657 1178 1823 1233 medio

156 1340 177 1349 _
216 1293 386 1332 eorum
422 1274 641 1349 (Matth.
680 1290 837 1342 xvut,
867 1273 1003 1343 20)?
1051 1270 1188 1329 Hinc
1220 1288 1438 1344 quoque
1478 1272 1619 1327 ratio
1663 1269 1823 1342 253

216 1367 506 1425 manifesta
535 1377 648 1434 est;
680 1368 807 1440 quia
842 1367 984 1423 idem
1013 1360 1309 1436 Apostolus
1360 1365 1493 1421 dicit
1522 1387 1535 1421 ;
1571 1364 1690 1437 Ipse
1728 1381 1822 1418 au-

216 1473 310 1520 tem
344 1462 496 1519 Deus
538 1464 681 1532 pacis
720 1462 1009 1530 sancti/iret
1050 1476 1137 1515 vos
1174 1477 1264 1531 per
1294 1459 1486 1523 omnia,
1531 1468 1585 1512 ut
1627 1458 1824 1529 integer

215 1560 429 1629 spiritus
458 1568 649 1626 vester,
683 1567 731 1612 et
767 1557 968 1623 anima,
1002 1565 1047 1610 et
1077 1572 1265 1628 corpus
1296 1556 1408 1608 sine
1424 1553 1633 1624 querela
1659 1554 1712 1607 in
1740 1550 1826 1605 die

216 1653 461 1707 adventus
495 1651 707 1706 Domini
734 1652 901 1706 nostri
922 1650 1049 1705 Iesu
1076 1647 1553 1705 Cln'istiserventur
1584 1646 1819 1718 (lTltess.

1933 450 2094 505 quam
2124 433 2268 504 quod
2312 433 2528 489 videtur
2560 451 2573 487 ε
2600 435 2653 488 in
2693 435 2912 491 homine
2963 430 3096 490 nihil
3147 447 3230 492 est
3275 437 3526 508 inferius,

1931 517 2093 601 quam
2127 528 2268 600 quod
2300 520 2552 595 videtur;
2586 529 2679 600 qui
2719 544 2841 584 cum
2868 540 2890 569 ο
2924 546 2991 585 ex
3025 532 3208 587 animo
3233 538 3448 589 constet
3477 543 3533 590 et

1930 636 2185 692 corpore,
2217 621 2321 677 hoc
2359 620 2546 691 utique
2582 621 2634 675 in
2668 636 2733 676 eo
2776 622 2969 688 servit,
3001 625 3145 693 quod
3179 623 3395 680 videtur
3425 643 3436 678 :
3467 627 3531 681 il.-

1931 715 2021 771 lud
2050 730 2265 786 quoque
2297 715 2349 770 in
2391 730 2457 770 eo
2493 716 2655 785 regit,
2690 716 2835 786 quod
2866 733 2973 772 non
3002 716 3238 773 videtur.

1924 858 1935 866 .
2004 809 2093 863 18.
2136 808 2330 864 Merito
2373 824 2503 879 ergo
2550 808 2655 862 alia
2684 808 2734 863 in
2765 809 2998 864 exordio
3027 810 3342 881 laudantur,
3376 813 3532 870 istius

1929 902 2171 957 laudatio
2203 918 2310 957 non
2332 902 2625 974 promitur,
2649 903 2743 957 sed
2770 914 3114 973 reservatur;
3144 905 3268 975 quia
3296 905 3529 963 aliorum

1926 995 2098 1065 gratia
2130 994 2285 1060 foris,
2310 996 2471 1064 hujus
2503 994 2649 1050 intus
2691 1006 2813 1051 est:
2854 998 3088 1052 aliorum
3122 997 3176 1052 in
3224 1002 3529 1068 nativitate,

1928 1086 2089 1157 lntjus
2139 1089 2191 1142 in
2225 1087 2413 1144 corde.
2455 1088 2594 1155 Quid
2628 1089 2773 1143 enim
2814 1098 2925 1145 tam
2965 1091 3135 1147 altum
3188 1101 3245 1147 et
3274 1104 3379 1148 tam
3408 1110 3532 1162 pro-

1925 1177 2177 1245 fundunt,
2212 1195 2372 1249 quam
2413 1194 2569 1235 mens
2594 1180 2858 1249 hominis,
2889 1198 3008 1253 quae
3039 1185 3196 1254 quasi
3240 1187 3530 1242 involucra

1925 1272 2158 1342 quodam
2187 1274 2436 1343 corporis
2467 1275 2666 1345 tegitur
2697 1283 2752 1330 et
2782 1277 3125 1345 occultatur;
3159 1290 3216 1333 ut
3240 1295 3359 1334 eam
3385 1280 3527 1336 baud

1925 1364 2082 1420 facile
2105 1364 2390 1436 quisquam
2416 1365 2777 1438 introspicere
2799 1378 2855 1423 et
2877 1370 3147 1439 speculari
3178 1375 3380 1443 queat?
3398 1373 3529 1430 Ideo

1924 1472 2056 1528 ergo
2088 1459 2250 1512 homo
2284 1474 2388 1514 non
2434 1470 2565 1515 ante
2609 1460 2886 1530 laudatur,
2928 1465 3051 1535 quia
3095 1480 3202 1520 non
3238 1468 3290 1522 in
3326 1468 3532 1525 forensi

1928 1548 2094 1625 254
2116 1552 2279 1622 pelle,
2311 1552 2404 1609 sed
2436 1553 2487 1608 in
2514 1553 2776 1611 interiore
2804 1556 3024 1611 homine
3049 1568 3175 1615 ante
3200 1563 3535 1630 probandus,

1924 1646 2003 1700 sic
2027 1646 2410 1716 prmdicaudus
2445 1657 2568 1704 est:
2604 1664 2765 1720 quem
2810 1652 3075 1721 prteclare
3116 1654 3364 1711 deﬁnivit
3404 1672 3537 1729 apo-

218 1762 264 1813 ι’,
292 1742 409 1816 25).
444 1742 555 1800 Ubi
586 1758 718 1814 ergo
747 1751 772 1779 ⁸
806 1750 919 1798 tres
966 1742 1053 1797 isti
1097 1740 1316 1812 integri,
1351 1740 1424 1795 ibi
1464 1737 1714 1796 Christus
1738 1750 1821 1795 est
1853 1728 1902 1794 B
1928 1740 2098 1795 stolus
2130 1740 2325 1797 Petrus
2355 1741 2545 1798 dicens
2566 1744 2947 1801 absconditum
2982 1762 3108 1804 esse
3136 1749 3321 1805 cordis
3350 1728 3529 1807 homi-

219 1839 267 1893 in
309 1838 500 1893 medio
540 1852 730 1892 eorum
768 1855 781 1892 :
813 1836 906 1908 qui
955 1835 1058 1891 hos
1100 1842 1213 1891 tres
1262 1833 1411 1891 intus
1454 1834 1725 1906 gubernat
1772 1843 1827 1889 et

222 1933 374 2004 regit,
399 1946 469 1988 ac
503 1930 654 1987 fideli
677 1945 815 2000 pace
848 1930 1148 2000 componit.

285 2024 370 2080 l5.
422 2024 564 2080 Haec
604 2023 773 2096 igitur
821 2023 921 2078 tria
969 2022 1181 2093 integra
1232 2036 1344 2093 pra:
1397 2020 1615 2078 caeteris
1660 2020 1714 2076 in
1764 2036 1826 2078 se

224 2119 365 2190 virgo
391 2115 695 2183 custodiat;
720 2127 781 2171 ut
803 2117 1009 2172 nullam
1031 2116 1124 2172 det
1146 2131 1315 2171 sacrae
1338 2115 1670 2187 virginitatis
1693 2130 1829 2186 que-

224 2212 404 2279 relam,
438 2220 496 2267 et
533 2211 605 2266 sit
635 2206 928 2278 inoffensa,
980 2210 1103 2266 sine
1149 2226 1301 2282 ruga,
1336 2211 1455 2266 sine
1484 2211 1717 2266 macula.
1754 2212 1826 2267 De

226 2320 318 2373 qua
347 2302 482 2359 licet
510 2301 898 2373 frequentibus
927 2300 1085 2358 libris
1114 2303 1435 2370 dixerimus,
1469 2301 1694 2357 tamenb
1713 2318 1826 2358 me-

230 2396 416 2450 morati
458 2396 709 2467 pignoris
759 2408 949 2462 causa,
983 2395 1126 2450 hunc
1154 2395 1221 2450 ad
1261 2404 1315 2451 te
1355 2395 1558 2450 librum
1584 2395 1828 2452 conden-

230 2490 344 2544 dum
367 2490 625 2545 arbitrati
652 2504 865 2545 sumus.

845 2605 1075 2664 CAPUT
1112 2605 1201 2662 ιιι.

233 2696 555 2769 Calpaadum
585 2716 691 2755 non
719 2716 831 2756 esse
851 2700 1131 2771 [eniiueum
1158 2715 1338 2754 sexum
1365 2700 1449 2755 cui
1481 2716 1513 2754 a
1541 2699 1651 2755 Deo
1683 2709 1831 2756 tanta

287 2795 417 2849 dona
454 2796 659 2851 collata
696 2795 893 2867 fuerint
922 2811 940 2849 :
969 2792 1136 2848 Deum
1170 2794 1304 2848 enim
1351 2793 1551 2848 idcirco
1582 2810 1685 2849 non
1714 2804 1825 2850 sta-

297 2888 382 2941 tim
417 2898 579 2960 atque
612 2886 768 2942 homo
792 2896 997 2943 creatus
1028 2896 1124 2952 est,
1172 2888 1324 2941 illum
1352 2886 1693 2957 approbasse,
1720 2898 1827 2942 tum

295 2981 409 3053 quia
436 2985 563 3055 ejus
588 2981 819 3054 dignitas
848 2996 950 3035 non
981 2981 1037 3034 in
1075 2995 1313 3051 corpore,
1356 2978 1448 3034 sed
1473 2980 1530 3034 in
1560 2981 1736 3035 anima
1777 2992 1827 3035 et

297 3075 346 3129 iu
364 3075 547 3130 divina
578 3076 805 3146 imagine
831 3074 1101 3141 consistat,
1126 3083 1235 3127 tum
1259 3074 1383 3142 quia
1404 3081 1604 3127 tantum
1628 3075 1681 3127 in
1703 3090 1827 3141 ope-

299 3172 367 3225 ris
386 3174 549 3227 totius
578 3172 681 3241 ﬁne
703 3171 999 3226 laudandus
1028 3168 1205 3238 homo,
1232 3187 1291 3225 ac
1314 3169 1523 3224 densum
1546 3171 1669 3239 quia
1695 3187 1824 3227 non-

302 3267 421 3320 dum
448 3276 631 3322 creata
654 3276 765 3320 erat
791 3267 1003 3333 mulier,
1033 3281 1151 3337 quia
1176 3275 1223 3319 et
1247 3281 1310 3320 ea:
1335 3265 1448 3333 ipso
1476 3268 1697 3336 formata
1725 3276 1820 3335 est,

300 3368 343 3413 et
378 3377 490 3414 cunt
526 3361 647 3430 ipso
678 3360 855 3431 magni
883 3358 1193 3413 sacramenti
1216 3358 1437 3429 ﬁguram
1479 3367 1588 3412 erat
1612 3376 1824 3430 expres-

305 3467 417 3507 svra
441 3470 463 3519 ;
485 3468 558 3507 ex
577 3467 683 3523 quo
706 3462 755 3506 et
783 3467 973 3505 nomen
996 3450 1254 3521 accepisse
1278 3450 1393 3520 ipsa
1418 3448 1731 3505 declaratur.

306 3602 383 3661 16.
426 3605 579 3661 Bona
625 3604 932 3678 virginitas,
974 3620 1093 3676 quae
1145 3620 1333 3661 sexum
1382 3614 1674 3677 utrumque
1718 3620 1828 3661 non

245 3697 399 3751 solum
431 3696 673 3753 absolvit
702 3713 730 3753 a
776 3697 1026 3764 crimine,
1071 3712 1259 3753 verum
1305 3698 1469 3753 etiam
1516 3698 1831 3768 provocavit

246 3788 303 3842 ad
350 3791 603 3861 gratiam.
668 3792 1008 3845 Accusamus
1064 3798 1245 3845 autem
1303 3789 1623 3861 plerumque
1676 3790 1829 3845 femi-

249 3896 389 3937 neum
414 3899 632 3952 sexum,
655 3882 799 3956 quod
820 3884 1027 3939 erroris
1055 3898 1276 3938 causam
1302 3878 1570 3939 invexerit
1602 3902 1615 3939 :
1639 3892 1698 3939 et
1720 3899 1827 3938 non

250 3975 643 4032 consideramus
673 3986 878 4047 quanto
916 3975 1118 4047 justius
1156 3974 1211 4030 in
1254 3992 1355 4032 nos
1394 3976 1703 4048 obiurgatio
1738 3993 1823 4032 re-

253 4074 569 4139 torqueatur.
604 4068 741 4125 Nam
792 4079 849 4125 ut
894 4078 1213 4140 repetamus
1256 4088 1284 4124 a
1331 4070 1619 4141 principio,
1655 4082 1708 4125 et
1740 4086 1828 4127 re-

254 4175 354 4215 rum
381 4165 603 4221 exordia
627 4165 1058 4236 interrogemus,
1092 4175 1355 4236 quantum
1385 4166 1434 4221 ei
1467 4165 1709 4221 delatum
1734 4166 1827 4234 sit,

257 4251 686 4329 investigabimus
716 4276 729 4313 :
757 4268 811 4313 et
846 4272 1008 4329 quam
1040 4259 1090 4312 in
1135 4258 1335 4313 misera
1367 4259 1701 4315 conditionis
1732 4258 1834 4315 bu-

259 4359 410 4403 manae
433 4347 727 4421 fragilitate
757 4350 957 4404 femina
993 4361 1171 4405 tamen
1205 4350 1475 4406 invenerit
1504 4351 1756 4423 gratiam.

320 4441 398 4496 l7.
425 4443 556 4499 Nam
600 4458 725 4500 cum
761 4444 943 4498 omnia
989 4458 1156 4513 opera
1196 4459 1290 4497 sua
1324 4443 1623 4500 laudaverit
1664 4445 1828 4511 Deus,

262 4532 457 4599 malum,
485 4547 710 4601 terram,
747 4536 939 4603 maria,
989 4546 1205 4591 noetem
1247 4546 1303 4593 et
1337 4535 1507 4601 diem,
1555 4538 1698 4608 quod
1732 4540 1832 4594 iste

266 4627 526 4693 profecerit
557 4624 627 4684 ad
656 4644 810 4683 usum
844 4626 1069 4694 laboris,
1102 4629 1191 4684 illa
1230 4626 1301 4683 ad
1343 4628 1574 4683 fructum
1607 4630 1827 4701 quietis,

264 4716 537 4778 laudaverit
561 4721 710 4779 feras
759 4722 991 4787 bestias;
1041 4722 1128 4775 ubi
1169 4721 1233 4775 ad
1284 4722 1558 4777 hominem
1604 4732 1827 4779 ventum

266 4820 356 4875 est,
380 4815 518 4871 solus
548 4830 658 4870 non
702 4813 918 4869 videtur
941 4828 1063 4869 esse
1096 4814 1374 4881 laudatus,
1411 4824 1636 4886 propter
1665 4832 1827 4886 quem

267 4907 422 4961 omnia
447 4917 705 4978 generata
735 4917 858 4962 sunt
885 4905 1038 4980 (Gen.
1069 4922 1136 4973 ιιἸ
1158 4907 1226 4963 10
1255 4917 1302 4960 et
1328 4905 1484 4979 seq.).
1516 4906 1646 4975 Qum
1674 4910 1834 4980 igitur

270 5011 407 5057 causa
435 5012 536 5071 est,
585 5002 688 5057 nisi
724 5000 863 5056 forte
902 5017 989 5067 ea,
1033 5001 1157 5071 quia
1202 5002 1304 5056 alia
1349 5003 1405 5057 in
1450 5004 1635 5072 specie
1681 5012 1830 5073 sunt,

333 5112 446 5189 {De
471 5119 641 5175 tribus
670 5119 845 5185 hisce,
872 5118 1071 5189 quibus
1098 5126 1354 5189 constare
1378 5117 1654 5173 hominem
1684 5121 1847 5177 docet

275 5184 591 5260 Ambrosius,
620 5184 833 5245 videsis
872 5184 993 5260 qum
1026 5189 1121 5242 lib.
1153 5206 1166 5243 I
1197 5189 1248 5242 in
1280 5187 1506 5257 Lucam,
1537 5192 1646 5245 col.
1681 5192 1843 5260 1277,

274 5267 323 5339 et
351 5259 439 5315 lib.
457 5276 530 5317 vn
552 5262 795 5333 ejusdem
825 5259 1227 5331 Expositionis,
1255 5261 1359 5315 col.
1394 5261 1555 5329 1460,
1587 5259 1846 5318 observa;

273 5341 451 5387 simus.

299 5468 310 5480 _
337 5398 362 5437 δ
385 5400 915 5480 il‘eutoratipignoris,
935 5401 996 5480 id
1020 5410 1124 5467 est,
1151 5402 1477 5480 Ambrosia',
1507 5403 1575 5480 de
1599 5418 1701 5473 qua
1726 5414 1839 5461 sta-

280 5473 456 5545 tiuiab
496 5473 731 5532 exordio
752 5476 894 5545 libri,
926 5473 1264 5528 Commendas
1301 5476 1427 5528 milii
1472 5475 1657 5545 pignus
1697 5485 1840 5532 tuum

287 5540 596 5616 Ambrosiam,
631 5554 739 5601 etc.
767 5544 921 5612 Quod
950 5556 1132 5599 autem
1164 5546 1229 5616 ad
1270 5546 1440 5600 libros
1471 5540 1750 5616 inquibus
1779 5549 1849 5605 de

286 5608 591 5691 .Wrginitate
620 5608 946 5691 disseruisse
994 5632 1052 5669 se
1084 5615 1386 5691 profitetur,
1433 5633 1541 5671 non
1570 5608 1729 5672 'solos
1755 5634 1853 5691 eos

289 5686 612 5760 intelligimus
633 5688 945 5760 significari,
971 5702 1105 5755 quos
1121 5687 1189 5760 de
1214 5690 1316 5741 hoc
1344 5701 1659 5759 argumento
1678 5702 1727 5743 et
1749 5690 1851 5747 sub

291 5752 465 5812 eadem
490 5752 842 5831 inscriptione
873 5752 1173 5814 lucu—bravit
1204 5776 1216 5812 :
1242 5760 1335 5815 sed
1363 5752 1583 5815 et'alios
1610 5776 1849 5832 quoque,

1933 1850 2057 1889 nem
2090 1834 2142 1888 in
2169 1826 2583 1907 incurruption‘e
2612 1839 2779 1909 quieti
2810 1849 2863 1896 et
2894 1841 3123 1897 modesti
3166 1844 3411 1914 spiritus,
3440 1847 3533 1917 qui

1930 1936 2016 1981 est
2038 1934 2165 1982 ante
2200 1929 2365 1983 Deum
2398 1929 2639 2001 locuples
2668 1930 2712 2005 (l
2734 1929 2877 1987 Petr.
2910 1949 2989 2000 ιιι,
3017 1924 3100 2004 4).

2006 2018 2092 2074 19.
2141 2018 2335 2075 Merito
2381 2036 2512 2092 ergo
2559 2021 2832 2091 differtur,
2878 2032 2937 2079 ut
2985 2036 3245 2097 sequatur
3288 2027 3533 2086 feiterata

1928 2110 2048 2182 ejus
2079 2111 2315 2167 laudatio
2345 2130 2358 2165 :
2387 2114 2541 2184 cujus
2564 2115 2756 2170 dilatio
2784 2131 2890 2171 non
2921 2117 3292 2189 dispendium,
3324 2124 3420 2179 sed
3451 2124 3535 2179 in-

1928 2217 2267 2261 crementum
2297 2213 2402 2261 est.
2432 2206 2605 2263 Nemo
2651 2224 2780 2278 ergo
2820 2225 2881 2264 se
2913 2211 3179 2283 despiciat
3208 2210 3236 2250 ίι
3266 2217 3422 2286 quasi
3455 2218 3535 2272 vi-

1929 2299 2058 2365 lem,
2091 2315 2192 2355 nec
2231 2302 2482 2356 contuitu
2508 2303 2757 2372 corporis
2806 2302 2929 2359 Sese
2971 2308 3228 2364 mstimet.
3258 2309 3395 2366 Nam
3425 2312 3531 2367 etsi

1929 2393 2128 2449 dixerit
2170 2402 2390 2448 sanctus
2435 2393 2537 2449 Job
2579 2412 2592 2448 :
2627 2393 2817 2449 Nudus
2857 2398 2989 2451 exivi
3037 2399 3101 2454 de
3142 2410 3312 2456 ventre
3353 2405 3533 2458 matris

1930 2501 2076 2555 mete,
2109 2485 2280 2541 nudus
2311 2495 2359 2542 et
2389 2487 2509 2542 hinc
2537 2487 2684 2542 abibo
2709 2486 2849 2560 (Job.
2882 2505 2921 2553 ι,
2954 2489 3087 2562 21);
3114 2490 3308 2547 habuit
3338 2502 3529 2551 tamer

1928 2597 2037 2652 quo
2066 2597 2173 2636 non
2200 2581 2380 2637 solum
2404 2582 2547 2638 inter
2575 2578 2849 2649 homines,
2874 2585 2972 2641 sed
2996 2589 3163 2641 etiam
3191 2588 3339 2659 apud
3361 2589 3532 2645 Deum

1933 2676 2086 2732 dives
2118 2677 2476 2732 inveniretur.

1998 2772 2088 2827 20.
2122 2772 2260 2841 Quid
2291 2782 2469 2828 autem
2500 2774 2847 2845 locupletius,
2880 2790 3044 2846 quam
3069 2776 3214 2848 quod
3244 2778 3315 2833 ad
3342 2779 3533 2850 imagi-

1931 2884 2053 2924 nem
2083 2868 2177 2924 Dei
2208 2878 2293 2923 est
2318 2884 2383 2923 ac
2423 2868 2886 2926 similitudinem?
2918 2873 2996 2927 Ad
3026 2872 3313 2944 imaginem
3348 2887 3531 2932 autem

1932 2963 2160 3017 interior
2182 2971 2267 3017 cst
2296 2962 2484 3030 homo,
2529 2979 2636 3017 non
2676 2964 2783 3020 iste
2810 2966 3055 3020 exterior
3087 2985 3099 3019 :
3135 2968 3227 3023 ille
3254 2969 3345 3040 qui
3371 2983 3536 3025 sensu

1931 3056 2258 3121 testimatur,
2290 3070 2397 3110 non
2425 3056 2597 3111 oculis
2621 3058 3123 3127 comprehenditur.
3152 3060 3250 3117 Ille
3275 3077 3406 3133 ergo
3433 3078 3534 3118 no-

1855 3116 1899 3181 C
1930 3148 2016 3204 bis
2058 3148 2386 3221 Spectandus
2441 3160 2545 3214 eat,
2590 3150 2680 3220 qui
2737 3149 2915 3205 serius
2965 3116 3367 3225 investigatur?
3404 3154 3534 3211 ideo

1934 3241 2077 3296 Deus
2104 3257 2213 3295 non
2241 3242 2443 3312 putavit
2470 3239 2709 3295 hominis
2738 3241 2998 3298 fabricam
3021 3258 3141 3298 esse
3166 3245 3523 3316 laudandam;

1931 3333 2056 3404 quia
2087 3335 2263 3402 major
2297 3335 2415 3403 ejus
2456 3331 2508 3388 in
2540 3334 2739 3388 virtute
2770 3343 2853 3389 est
2880 3334 3083 3404 portio.
3114 3335 3384 3392 Praiclara
3412 3339 3534 3408 qui-

1931 3425 2053 3481 dem
2096 3424 2330 3495 species,
2380 3433 2437 3480 et
2480 3425 2831 3496 praestantior
2859 3429 3076 3483 cartcris
3117 3428 3530 3487 animantibus:

1930 3517 2026 3572 sed
2055 3516 2449 3572 irrationabilia
2471 3516 2721 3587 corporis
2743 3517 2932 3587 Specie
2952 3518 3325 3585 :estimentur;
3350 3535 3413 3575 ea
3438 3537 3533 3575 au-

1933 3622 2039 3667 tem
2086 3626 2205 3681 quae
2250 3611 2477 3666 rationis
2527 3612 2684 3681 plena
2736 3622 2886 3677 sunt,
2933 3626 3277 3667 communem
3318 3612 3532 3667 laudem

1930 3713 2293 3775 sequestrent.

2001 3796 2092 3849 2t.
2124 3794 2298 3848 llomo
2329 3793 2491 3863 igitur
2515 3794 2648 3848 mihi
2684 3806 2790 3847 non
2822 3802 2931 3847 tam
2962 3791 3115 3846 vultu
3145 3806 3305 3861 quam
3334 3792 3531 3850 olfactu

1932 3885 2278 3943 admirandus
2309 3884 2547 3940 emineat
2575 3894 2737 3954 atque
2758 3883 3035 3949 excellat;
3070 3892 3128 3938 ut
3148 3883 3200 3937 in
3233 3885 3317 3939 bis
3346 3884 3534 3941 laude-

1935 3988 2042 4047 tur,
2089 3979 2140 4032 in
2173 3976 2370 4048 quibus
2409 3975 2574 4031 etiam
2609 3977 2752 4031 Deus
2782 3986 2805 4012 θ
2839 3973 3392 4047 propheticojudieio
3421 3979 3536 4033 latt-

1934 4070 2112 4135 datur,
2155 4069 2223 4124 de
2263 4082 2371 4140 quo
2418 4065 2683 4136 scriptum
2730 4076 2814 4120 est
2850 4082 2863 4119 :
2896 4064 3162 4121 Terribilis
3202 4068 3255 4121 in
3306 4068 3536 4123 consiliis

1933 4178 2088 4231 super
2114 4161 2251 4231 ﬁlios
2279 4159 2543 4213 hominum
2571 4156 2743 4230 (Psal.
2775 4174 2899 4225 va,
2933 4158 2989 4230 5)
3024 4176 3035 4211 :
3069 4159 3227 4228 cujus
3252 4174 3415 4229 opera
3440 4174 3535 4214 co-

1934 4272 2050 4313 ram
2096 4255 2211 4311 Deo
2258 4255 2492 4319 luceant,
2525 4252 2618 4324 qui
2665 4252 2805 4307 bona
2827 4250 3349 4325 jugibusoperibus
3397 4251 3537 4307 facta

1933 4358 2225 4413 contexat;
2258 4356 2311 4403 et
2343 4346 2465 4402 ideo
2494 4344 2740 4400 laudatio
2777 4343 2896 4417 ejus
2927 4359 3033 4399 non
3068 4344 3120 4399 in
3152 4344 3404 4411 exordio,
3437 4345 3533 4400 sed

1905 4445 1987 4513 _in
2014 4443 2120 4498 line
2147 4449 2232 4497 est
2260 4457 2272 4495 :
2303 4455 2463 4497 nemo
2491 4439 2636 4494 enim
2681 4439 2785 4494 nisi
2816 4439 3059 4510 legitime
3094 4439 3410 4504 certaverit,
3443 4453 3535 4495 co-

1940 4545 2184 4593 ronatur.
2239 4532 2474 4603 Ideoque
2517 4532 2748 4604 Sapiens
2802 4532 2897 4586 tibi
2948 4531 3272 4587 dicit:Ante
3317 4541 3534 4587 mortem

1941 4647 2041 4685 non
2069 4629 2249 4684 laudes
2279 4628 2536 4681 hominem
2563 4640 2868 4696 quemquam
2906 4621 3133 4697 (Eccles.
3168 4639 3249 4690 x1,
3276 4622 3390 4697 50).
3420 4627 3535 4692 Qua

1941 4723 2154 4777 ratione
2203 4720 2306 4773 hoc
2363 4718 2595 4783 dixerit,
2649 4715 3026 4786 superioribus
3068 4714 3257 4770 docuit
3301 4717 3536 4772 dicens:

1944 4815 2076 4882 Quia
2099 4815 2157 4867 in
2186 4813 2290 4881 ﬁne
2321 4809 2540 4864 hominis
2568 4810 2831 4862 nudantur
2865 4823 3023 4876 opera
3048 4809 3159 4879 ejus
3182 4805 3372 4879 (Ibid.,
3414 4808 3531 4880 29).

2011 4908 2102 4964 22.
2136 4905 2465 4975 Spectamus
2498 4904 2743 4969 tertium,
2780 4905 2829 4955 in
2859 4918 2965 4971 quo
2998 4900 3364 4958 manifestavit
3392 4902 3539 4959 Deus

1942 4998 2269 5059 sententiam
2311 5008 2500 5059 suam;
2557 5006 2683 5048 cum
2719 4991 2863 5049 enim
2908 4990 3124 5047 fecisset
3165 4991 3438 5048 hominem
3486 4996 3547 5049 et!

1949 5118 2039 5174 ubi
2078 5111 2293 5185 quoties
2320 5105 2628 5164 disserendi
2674 5104 2741 5160 de
2773 5104 2874 5185 hac
2911 5105 3022 5185 ipsa
3057 5103 3257 5185 virtute
3286 5113 3410 5185 nata
3457 5118 3546 5185 est

1948 5176 2187 5249 occasio,
2217 5197 2334 5238 eam
2360 5193 2650 5248 numquam
2681 5193 2788 5230 non
2812 5176 2987 5249 obviis
3010 5176 3263 5249 inanibus
3288 5177 3537 5247 arripuit.

1951 5262 2132 5330 Usque
2173 5246 2312 5330 adeo
2356 5252 2433 5307 illi
2464 5246 2613 5306 cordi
2664 5257 2780 5304 erat
2815 5247 3018 5317 ubique
3060 5246 3338 5301 doctorem
3379 5246 3547 5320 agam

1946 5328 2292 5403 virginitatis.
2677 5391 2688 5403 .

2022 5396 2055 5442 ἕ
2069 5398 2298 5469 Quidam
2330 5409 2495 5469 mss.,
2515 5409 2578 5448 ea:
2602 5396 2775 5445 anima
2806 5396 3019 5469 constet,
3055 5397 3160 5444 etc.

2019 5473 2045 5512 ἀ
2071 5462 2161 5530 Sic
2191 5484 2380 5525 omnes
2415 5467 2549 5520 edit.
2579 5479 2702 5518 cum
2728 5478 2860 5516 mss.
2889 5468 3144 5530 quatuor.
3187 5464 3287 5521 nisi
3316 5462 3543 5533 quodin

1953 5548 2036 5602 his
2068 5547 2225 5600 ιευεηι
2252 5556 2348 5612 pro
2382 5539 2555 5604 vilem,
2587 5546 2639 5589 et
2668 5549 2860 5612 esse-se
2886 5549 2982 5602 pro
3010 5548 3118 5586 sese
3149 5534 3426 5612 habetur:
3452 5537 3555 5592 alii

1952 5633 2086 5674 vero
2115 5605 2490 5682 mssflcgunt,
2534 5605 2683 5678 quasi
2729 5605 2901 5673 vilem,
2941 5619 3031 5659 nec
3077 5609 3393 5680 contemptui
3440 5624 3555 5664 sese

1952 5696 2206 5814 “9'33er
2230 5768 2387 5819 mss.,
2415 5749 2716 5823 praphetico
2735 5749 2924 5820 spiritu
2954 5738 3218 5806 laudatur.
