3974 6186
382 184 479 241 511

1742 170 1989 229 SANCTI
2030 169 2363 228 AMBROSII

3591 170 3715 225 3H

380 297 651 370 posuisset
676 296 729 352 in
769 292 1028 367 paradiso
1050 291 1269 361 operari
1300 298 1356 345 et
1383 286 1687 355 custodire,
1718 284 1856 341 dixit
1876 298 1982 339 non
2012 285 2068 346 Α
2161 284 2254 339 27.
2288 284 2536 355 Denique
2564 282 2736 340 Adam
2763 290 3067 341 conventus
3088 322 3104 351 ,
3131 281 3273 353 quod
3303 288 3494 337 contra
3523 280 3713 336 divina

377 406 507 448 esse
534 390 733 445 bonum
761 385 937 441 solum
974 398 1102 439 esse
1123 382 1421 438 hominem.
1448 378 1756 437 Faciamus.
1789 376 1981 446 inquit,

387 484 437 539 ei
482 481 805 552 adjutorium
849 475 1131 531 secundum
1170 491 1224 530 se
1252 472 1405 547 (Gen.
1435 488 1494 541 ll,
1538 470 1648 543 18).
1689 470 1819 528 Sine
1865 485 1984 523 mue

382 576 519 631 liere
543 573 706 644 igitur
726 571 892 625 homo
913 583 1021 625 non
1053 568 1215 623 habet
1236 566 1475 630 laudem,
1505 565 1560 619 in
1589 563 1820 619 muliere
1847 576 1987 633 pra:-

386 664 618 721 dicatur.
651 660 786 716 Nam
814 674 938 715 cum
961 659 1095 714 dicit
1134 672 1239 713 non
1271 671 1393 713 esse
1424 655 1626 710 bonum
1656 653 1832 709 solum
1864 666 1988 708 esse

385 759 691 822 hominem,
730 753 1019 810 conﬁrmat
1072 753 1261 823 utique
1305 751 1508 808 bonum
1547 763 1671 804 esse
1702 746 1986 802 hominum

380 865 578 923 genus,
609 850 656 903 si
689 847 833 903 virili
861 846 1015 902 sexui
1039 844 1308 901 femineus
1342 858 1507 899 sexus
1535 840 1784 897 accedat.

453 944 546 999 25.
580 941 755 999 Simul
776 940 911 996 illud
952 937 1435 1001 considerandum,
1469 935 1596 1006 quia
1627 936 1720 991 ille
1744 934 1813 990 de
1842 942 1988 989 terra

386 1039 559 1094 factus
590 1045 646 1092 et
672 1036 807 1091 limo
856 1042 962 1099 est,
994 1034 1097 1087 ista
1138 1032 1208 1088 de
1245 1032 1383 1087 viro.
1419 1030 1487 1086 Et
1514 1045 1644 1085 caro
1671 1028 1891 1100 quidem
1925 1028 1990 1082 li-

389 1147 530 1197 mus;
561 1129 659 1186 sed
689 1130 781 1184 ille
806 1127 984 1182 adhuc
1012 1126 1285 1191 informis,
1318 1123 1423 1180 iste
1454 1122 1738 1180 formatus.

455 1224 547 1279 24.
578 1223 697 1279 lam
732 1220 866 1277 illud
895 1218 1216 1291 prceclarum
1238 1217 1618 1289 Apostolicum
1647 1228 1990 1271 arcessamus

384 1316 720 1387 exelnplum,
755 1312 897 1385 qttod
930 1313 1196 1369 habemus
1224 1312 1490 1381 scriptum
1517 1329 1530 1364 :
1571 1310 1709 1377 Quia
1738 1309 1992 1380 relinquet

386 1413 540 1465 homo
572 1419 771 1479 patrem
808 1416 855 1462 et
884 1417 1126 1474 matrem,
1173 1415 1222 1462 et
1261 1404 1540 1459 adha’rebit
1586 1405 1738 1459 uxori
1780 1418 1910 1470 sum,
1944 1412 1991 1457 et

388 1512 538 1557 erunt
566 1502 672 1556 duo
710 1502 765 1554 in
795 1516 950 1554 carne
992 1516 1118 1554 una.
1156 1499 1556 1554 Sacramentum
1598 1497 1697 1550 hoc
1742 1512 1992 1569 magnum

389 1604 508 1649 est:
536 1609 627 1664 ego
651 1600 823 1646 autem
851 1591 967 1645 dico
998 1591 1051 1646 in
1091 1590 1298 1646 Christo
1335 1599 1383 1643 et
1420 1591 1477 1644 in
1514 1589 1745 1644 Ecclesia
1766 1588 1988 1661 (Epltes.

2087 391 2209 447 quae
2240 391 2428 431 coram
2460 375 2708 432 audierat
2737 384 3013 447 praecepta
3037 418 3051 442 ,
3084 383 3357 445 gustasset
3379 416 3395 438 ,
3430 371 3573 428 nihil
3604 372 3709 427 ha-

2087 469 2204 527 buit
2244 470 2389 540 quod
2427 470 2669 532 diceret.
2712 470 2817 525 nisi
2858 468 3006 541 quod
3045 467 3150 523 sibi
3191 467 3387 523 mulier
3421 466 3709 534 dedisset,

2087 572 2146 620 ct
2173 564 2553 622 manducasset
2579 583 2591 619 :
2623 564 2824 620 mulier
2848 573 3029 619 autem
3063 562 3178 628 ait;
3210 563 3440 634 Serpens
3468 562 3713 617 traduxit

2092 675 2190 726 me,
2221 670 2271 714 et
2301 660 2613 714 manducavi
2639 657 2815 733 (Ibid.
2843 656 2967 728 15).
2999 658 3214 725 Quanto
3245 656 3423 725 major
3453 655 3713 712 mulieris

2089 750 2388 807 absolutio!
2414 750 2509 807 Ille
2528 750 2799 822 arguitur,
2821 749 2940 804 haec
2961 750 3349 819 interrogatur.
3370 747 3525 802 Adde
3548 746 3711 815 illud,

2090 845 2235 915 quod
2270 854 2325 900 et
2352 846 2499 915 prior
2528 846 2744 916 culpam
2796 841 3032 907 fatetur;
3088 843 3291 898 etenim
3324 857 3447 912 qua:
3475 856 3537 897 se
3572 839 3592 878 ί
3624 840 3716 896 di—

2091 939 2167 994 cit
2202 951 2325 993 essc
2356 936 2636 993 seductam
2660 979 2674 1003 ,
2709 944 2945 992 testatur
2982 950 3250 992 errorem.
3289 934 3508 990 Erroris
3540 932 3710 1004 igitur

2091 1029 2363 1085 medicina
2395 1030 2672 1084 confessio
2702 1038 2806 1084 est.

2162 1122 2258 1177 28.
2285 1121 2343 1177 ln
2368 1122 2573 1193 judicio
2600 1123 2719 1192 ipso
2741 1128 2949 1193 quanto
2972 1119 3290 1176 clementior
3317 1118 3519 1176 mulier
3544 1119 3699 1175 viro!

2094 1213 2189 1269 Ille
2221 1215 2509 1270 mulierem
2541 1229 2698 1269 suam
2731 1214 3042 1279 accusavit;
3077 1213 3176 1268 ista
3208 1221 3523 1282 serpentem
3549 1254 3567 1280 ,
3602 1213 3711 1269 hoc

2094 1316 2207 1373 est,
2252 1324 2351 1364 nec
2401 1318 2653 1364 accusata
2698 1309 2907 1364 crimen
2952 1309 3213 1363 retorsit:
3260 1307 3355 1364 sed
3398 1308 3578 1378 ipsum
3618 1323 3713 1364 ac-

2094 1411 2398 1459 cusatorem
2441 1417 2598 1458 suum
2623 1402 2834 1470 maluit,
2876 1401 2921 1457 si
2965 1409 3169 1473 posset,
3216 1400 3501 1458 absolvere
3546 1416 3712 1474 quam

2095 1495 2284 1567 ligare.

2166 1589 2259 1645 29.
2296 1589 2474 1646 llabes
2504 1589 2670 1660 igitur
2696 1600 2751 1646 et
2778 1589 2954 1661 culpa:
2981 1589 3380 1645 absolutionem
3409 1589 3464 1645 in
3488 1590 3711 1647 confes-

390 1702 448 1752 v,
477 1686 566 1751 51,
596 1683 713 1754 52).
747 1693 772 1721 ιι
802 1683 1158 1738 Advertimus
1202 1684 1386 1753 itaque
1422 1698 1518 1753 per
1555 1681 1840 1737 mulierem
1889 1696 2002 1738 cm-
2030 1670 2078 1731 Β
2104 1683 2259 1740 sione
2279 1724 2295 1751 ,
2326 1692 2381 1739 et
2410 1684 2697 1739 sententia:
2728 1683 2780 1737 in
2813 1684 3187 1739 exsecutione.
3229 1682 3297 1737 In
3339 1683 3554 1738 tristitia
3575 1724 3592 1749 ,
3621 1683 3710 1737 in-

389 1780 528 1833 leste
555 1776 688 1832 illud
720 1776 1006 1848 impletum
1036 1791 1159 1832 esse
1174 1780 1493 1848 mysterium
1523 1774 1685 1847 255
1715 1776 1997 1843 Ecclesiae,

391 1873 445 1927 in
478 1887 541 1927 ea
583 1871 815 1943 gratiam
840 1871 1146 1942 ﬁguratam,
1175 1881 1399 1942 propter
1427 1887 1588 1941 quam
1619 1872 1870 1927 Christus
1906 1871 2003 1927 de-

389 1963 624 2032 scendit,
654 1975 707 2021 et
731 1971 997 2019 aeternum
1023 1963 1155 2019 illud
1179 1978 1317 2034 opus
1341 1963 1595 2018 humana:
1612 1963 2001 2031 redemptionis

392 2057 651 2112 absolvit.
685 2057 842 2114 Unde
863 2066 920 2112 et
949 2057 1121 2112 Adam
1144 2057 1361 2113 vocavit
1387 2072 1588 2113 nomen
1611 2056 1861 2112 tnulieris
1888 2071 2002 2112 sua:

396 2149 561 2203 vitam
593 2148 753 2222 (Gen.
783 2147 957 2221 11,23)
980 2165 996 2215 ;
1022 2163 1145 2203 nam
1174 2156 1232 2205 et
1255 2149 1308 2204 in
1333 2148 1550 2218 populis
1579 2163 1679 2218 per
1712 2148 1999 2204 mulierem

399 2241 767 2297 successionis
804 2240 1058 2296 humana:
1086 2241 1260 2297 series
1294 2250 1351 2296 et
1386 2255 1630 2312 propago
1657 2239 2000 2306 dill'unditur,

394 2320 449 2387 et
485 2348 582 2403 per
605 2332 910 2390 Ecclesiam
930 2331 960 2373 δ
982 2333 1093 2389 vita
1121 2332 1401 2389 confertur
1429 2343 1660 2389 aeterna.

1012 2427 1241 2485 CAPUT
1292 2427 1382 2483 IV.

399 2519 644 2576 Mulieris
672 2537 830 2593 quam
855 2521 953 2576 viri
973 2521 1135 2575 levius
1163 2519 1326 2590 fuisse
1346 2528 1610 2591 peccatum
1630 2519 1794 2573 euinci
1818 2519 1999 2589 dispa-

465 2614 617 2667 ritate
652 2630 837 2679 sexus,
881 2614 1185 2668 tentationis
1211 2613 1445 2676 ratione,
1475 2611 1651 2664 divina
1678 2613 1926 2664 sententia
1955 2620 2002 2664 et

468 2711 892 2783 responsionibus
919 2710 1207 2765 amborum.
1249 2709 1377 2766 Post
1404 2725 1521 2780 qua:
1547 2710 1793 2765 adversus
1819 2711 2003 2765 mulie-

467 2820 586 2858 rum
626 2804 931 2858 tentationes
968 2803 1094 2857 viris
1121 2803 1352 2857 remedia
1382 2803 1799 2873 praecipiuntur:
1838 2805 1892 2857 in
1920 2802 2003 2859 his

471 2895 697 2950 maxime
723 2894 1022 2949 earumdem
1052 2894 1405 2966 iejunantium
1433 2894 1678 2949 imitatio.

467 2987 559 3042 25.
591 2986 736 3042 Sane
759 3000 959 3056 negare
982 3000 1089 3041 non
1118 3000 1407 3056 possumus
1430 2985 1573 3058 quod
1589 2988 1858 3043 erraverit
1885 3003 2001 3043 mu-

398 3080 520 3136 lier.
559 3091 582 3117 ο
611 3078 751 3146 Quid
784 3079 999 3133 miraris
1030 3089 1209 3135 tamen
1248 3080 1294 3134 si
1334 3081 1601 3135 erraverit
1640 3089 1695 3135 et
1734 3081 2004 3137 infirmior
2028 3056 2075 3120 ο

400 3172 587 3242 lapsus
616 3179 699 3226 est
729 3185 894 3226 sexus
914 3211 930 3238 ,
959 3185 1083 3226 cum
1116 3171 1189 3226 sit
1215 3172 1399 3243 lapsus
1430 3172 1595 3228 etiam
1628 3173 1863 3229 fortior?
1892 3172 2006 3229 Mu-

403 3267 506 3322 lier
530 3263 557 3303 ἀ
584 3266 992 3322 excusationem
1022 3264 1188 3321 habet
1215 3267 1269 3322 in
1298 3276 1540 3337 peccato,
1573 3269 1657 3323 vir
1682 3283 1791 3323 non
1821 3268 2003 3324 habet.

404 3360 500 3414 Illa
541 3368 598 3413 ut
635 3358 916 3428 Scriptura
956 3358 1191 3423 asserit,
1233 3374 1264 3414 a
1304 3360 1713 3429 sapientissimo
1762 3361 2005 3416 omnium

402 3459 659 3520 serpente
698 3449 927 3521 decepta
965 3460 1087 3517 est,
1125 3459 1182 3505 tu
1221 3469 1249 3503 a
1293 3449 1560 3507 muliere:
1602 3453 1656 3508 id
1695 3461 1816 3519 est,
1857 3452 2006 3508 illam

404 3544 654 3613 superior
683 3551 932 3598 creatura
960 3543 1210 3613 decepit,
1242 3552 1294 3599 te
1326 3543 1589 3612 inferior;
1625 3554 1679 3602 te
1708 3546 1852 3602 enim
1885 3562 2008 3601 mu-

404 3637 507 3693 lier
544 3637 799 3706 decepit,
843 3635 990 3691 illam
1032 3635 1205 3691 malus
1247 3636 1409 3702 licet,
1439 3644 1621 3693 tuneo
1662 3638 1907 3707 angelus.
1950 3640 2008 3694 Si

403 3739 461 3785 tu
490 3730 735 3785 inferiori
768 3742 879 3784 non
908 3729 1135 3802 potuisti
1165 3731 1421 3785 resistere
1441 3772 1457 3797 ,
1488 3731 1759 3801 quomodo
1788 3730 1879 3786 illa
1913 3747 2006 3802 po-

403 3825 507 3877 tuit
533 3822 850 3893 superiori?
876 3823 1043 3892 Culpa
1075 3834 1162 3877 tua
1191 3823 1339 3878 illam
1370 3823 1625 3879 absolvit.

476 3915 568 3972 26.
613 3917 671 3973 Si
723 3916 791 3971 de
839 3918 1038 3973 merito
1081 3916 1256 3988 culpae
1301 3917 1553 3983 dubitas,
1613 3920 2012 3991 interrogemus

408 4008 759 4063 sententiam.
792 4007 872 4063 Illi
903 4008 1111 4063 dictum
1142 4017 1267 4065 est:
1310 4008 1377 4063 In
1407 4010 1619 4065 tristitia
1647 4011 1818 4080 paries
1850 4011 2010 4077 ﬁlios,

404 4109 453 4156 et
490 4100 560 4155 ad
600 4102 769 4156 uirum
812 4103 1077 4156 conversio
1120 4113 1211 4157 tua
1236 4142 1251 4167 ,
1296 4111 1344 4155 et
1382 4104 1496 4174 ipse
1537 4104 1631 4157 tibi
1661 4104 2014 4157 dominabitur

408 4191 604 4267 (fbid.,
629 4192 744 4265 16).
773 4191 902 4247 Viro
923 4202 1106 4248 autem
1130 4193 1329 4248 dicitur
1354 4210 1367 4247 :
1397 4192 1557 4247 Terra
1583 4210 1655 4259 es,
1678 4204 1725 4247 et
1745 4195 1799 4248 in
1822 4204 2013 4248 terram

404 4287 503 4341 ibis
530 4285 721 4357 (lbid.,
748 4285 856 4353 19).
888 4284 956 4338 Ει
980 4300 1110 4340 vere
1134 4296 1157 4321 ο
1177 4284 1323 4353 justa
1347 4287 1644 4351 sententia;
1677 4286 2015 4357 quandoqui-

405 4380 529 4436 dem
561 4380 607 4435 si
640 4378 809 4433 Adam
837 4377 983 4449 quod
1012 4394 1040 4432 a
1074 4378 1303 4433 Domino
1331 4379 1443 4433 Deo
1471 4378 1759 4448 audierat,
1792 4396 2013 4437 servare

2102 1778 2256 1850 quit,
2313 1777 2481 1849 paries
2521 1775 2683 1845 ﬁlios.
2726 1786 2751 1823 ε
2791 1774 3278 1832 Condemnationis
3330 1789 3444 1830 sua:
3496 1774 3712 1845 pondus

2102 1869 2388 1940 agnoscit,
2439 1884 2635 1923 munus
2686 1869 2919 1939 ptenalis
2975 1867 3308 1923 conditionis
3359 1866 3702 1939 exsequitur.

2103 1962 2210 2018 Pro
2237 1971 2289 2018 te
2317 1961 2511 2016 mulier
2536 1961 2817 2017 doloribus
2845 1962 2960 2016 suis
2988 1961 3224 2028 militat,
3252 1961 3416 2033 256
3441 1969 3496 2016 et
3521 1976 3709 2016 remu-

2104 2056 2446 2111 nerationem
2488 2070 2552 2110 ex
2587 2070 2747 2126 poena
2779 2055 3027 2121 invenit;
3060 2066 3116 2109 ut
3148 2070 3245 2124 per
3271 2054 3411 2110 filios
3443 2069 3542 2125 per
3571 2070 3711 2122 quos

2104 2147 2385 2219 affligitur,
2419 2148 2705 2203 liberetur.
2749 2146 2914 2204 Facta
2944 2159 3027 2203 est
3059 2149 3243 2219 itaque
3271 2146 3440 2216 gratia
3471 2162 3537 2203 ex
3571 2147 3707 2218 inju-

2105 2241 2185 2297 ria
2207 2283 2221 2306 ,
2254 2239 2406 2296 salus
2433 2254 2502 2295 ex
2543 2238 2859 2295 infirmitate
2885 2256 2900 2306 ;
2934 2239 3199 2309 scriptum
3229 2246 3314 2293 est
3343 2239 3491 2293 enim
3522 2256 3534 2292 :
3572 2238 3711 2304 Quia

2102 2334 2249 2391 salva
2284 2335 2382 2388 erit
2422 2349 2511 2405 per
2536 2334 2769 2405 ﬁliorum
2798 2333 3178 2405 generationem
3207 2332 3227 2405 (
3250 2332 3266 2387 Ι
3294 2330 3435 2387 Tim.
3466 2347 3505 2387 ll
3524 2376 3540 2400 ,
3573 2332 3705 2403 15).

2103 2427 2238 2484 Cum
2268 2428 2446 2484 salute
2470 2428 2656 2498 itaque
2685 2427 2862 2497 parit,
2889 2441 3028 2497 quos
3057 2426 3110 2481 in
3142 2424 3356 2481 tristitia
3386 2425 3707 2495 parturivit:

2103 2531 2158 2577 et
2185 2519 2255 2575 ad
2284 2520 2496 2576 laudem
2524 2518 2761 2586 educat,
2789 2534 2926 2590 quos
2956 2519 3171 2590 peperit
3197 2533 3321 2573 cum
3347 2518 3560 2573 dolore.

2175 2614 2266 2669 50.
2283 2613 2390 2669 Sed
2405 2612 2561 2678 dicis,
2590 2628 2623 2667 ο
2646 2613 2751 2678 vir,
2775 2612 2902 2683 quia
2924 2612 3120 2667 mulier
3146 2611 3373 2667 tentatio
3393 2610 3557 2666 fuerit
3575 2610 3706 2666 viri.

2107 2706 2310 2761 Verum
2349 2716 2455 2762 est.
2495 2705 2614 2761 Jam
2655 2704 2700 2759 si
2740 2716 2825 2761 est
2860 2704 3093 2773 decora,
3137 2717 3265 2760 ecce
3303 2703 3410 2757 alia
3451 2703 3707 2760 tentatio.

2105 2800 2310 2857 Tamen
2365 2801 2595 2856 Abrahm
2651 2799 3006 2856 descendenti
3063 2798 3118 2853 in
3171 2797 3467 2870 Egyptum
3519 2799 3708 2853 uxoris

2105 2895 2454 2965 pulchritudo
2480 2910 2586 2949 non
2617 2894 2802 2949 nocuit
2826 2934 2841 2960 ,
2871 2894 3038 2948 immo
3063 2893 3235 2963 magis
3260 2891 3461 2962 profuit
3489 2908 3504 2956 ;
3533 2890 3711 2946 hono-

2105 2999 2258 3045 ratus
2289 2999 2374 3045 est
2402 2989 2546 3045 enim
2580 3003 2678 3059 per
2708 3002 2968 3057 uxorem,
2998 3001 3105 3042 non
3137 2985 3373 3042 ludibrio
3402 2984 3625 3040 habitus
3655 2984 3709 3040 in

2111 3100 2282 3140 uxore
2309 3082 2483 3156 (Gen.
2515 3099 2592 3139 xu
2612 3124 2627 3150 ,
2662 3081 2763 3146 16.
2791 3080 2929 3153 20).
2964 3080 3071 3136 Cur
3100 3087 3282 3136 autem
3312 3088 3367 3135 tu
3397 3079 3586 3135 vultus
3612 3078 3710 3134 de-

2109 3191 2294 3232 corem
2322 3177 2374 3230 in
2405 3176 2635 3247 conjuge
2662 3175 2836 3245 magis
2858 3189 3019 3246 quam
3050 3188 3262 3229 morum
3291 3172 3565 3243 requiris?
3585 3171 3710 3226 Pla—

2109 3280 2231 3325 ceat
2260 3284 2400 3323 uxor
2430 3263 2716 3324 honestate
2743 3267 2916 3338 magis
2946 3282 3107 3337 quam
3142 3264 3570 3336 pulchritudine.
3613 3263 3710 3319 Illa

2110 3363 2338 3434 eligatur
2363 3377 2485 3433 quae
2515 3362 2705 3418 Saram
2736 3361 2981 3417 moribus
3010 3361 3231 3417 referat.
3263 3359 3379 3415 Non
3411 3368 3494 3414 est
3516 3358 3711 3412 vitium

2113 3456 2354 3512 mulieris
2391 3470 2515 3512 esse
2552 3453 2697 3525 quod
2747 3454 3033 3510 nascitur:
3075 3452 3170 3508 sed
3224 3451 3415 3506 vitium
3468 3450 3572 3505 viri
3625 3457 3713 3505 est

2112 3563 2359 3621 quzerere
2395 3548 2449 3603 in
2491 3562 2660 3603 uxore
2697 3561 2806 3617 quo
2843 3560 2987 3616 saepe
3020 3552 3301 3608 tentatur;
3335 3542 3387 3597 in
3414 3556 3522 3613 quo
3547 3540 3595 3596 si
3625 3541 3710 3597 in-

2115 3641 2322 3697 firmior
2362 3640 2563 3707 fuerit,
2604 3638 2801 3696 mulier
2840 3639 2952 3709 ipsa
2994 3638 3244 3694 labatur:
3285 3637 3330 3692 si
3368 3635 3584 3702 fortior,
3631 3636 3712 3690 vir

2113 3735 2478 3807 periclitetur.
2510 3734 2626 3788 Non
2660 3747 2946 3804 possumus
2977 3729 3388 3803 reprehendere
3416 3728 3584 3784 divini
3624 3742 3713 3784 ar-

2114 3830 2275 3885 tificis
2299 3843 2436 3900 opus
2461 3844 2476 3893 ;
2504 3827 2602 3884 sed
2627 3841 2787 3898 quem
2810 3824 3047 3881 delectat
3067 3824 3314 3894 corporis
3340 3821 3708 3893 pulchritudo,
3774 3881 3781 3887 _

2115 3923 2290 3980 multo
2328 3922 2501 3992 magis
2540 3920 2628 3975 illa
2666 3919 2902 3974 delectet
2934 3928 3220 3981 venustas,
3252 3931 3373 3987 qua
3413 3914 3479 3970 ad
3520 3913 3710 3985 imagi-

2118 4034 2241 4074 nem
2274 4017 2369 4073 Dei
2403 4025 2489 4071 est
2517 4015 2664 4070 intus
2686 4056 2701 4079 ,
2733 4030 2840 4069 non
2871 4012 3006 4069 foris
3035 4011 3325 4082 comptior.

2190 4110 2281 4165 51.
2314 4108 2370 4164 Si
2397 4123 2525 4178 ergo
2556 4122 2692 4161 uxor
2720 4106 2945 4161 tentatio
2974 4112 3092 4171 est,
3120 4113 3239 4158 esto
3265 4102 3501 4165 cautior,
3533 4116 3713 4171 quer

2117 4202 2418 4259 remedium
2452 4202 2713 4256 adversus
2744 4198 3060 4255 tentationis
3093 4195 3386 4268 periculum
3413 4213 3427 4250 :
3465 4193 3713 4267 Vigilatt',

2120 4295 2333 4364 inquit,
2366 4302 2412 4346 ct
2443 4302 2620 4357 orate,
2646 4308 2708 4345 ne
2737 4291 2939 4345 intretis
2972 4291 3304 4344 tentationem
3336 4285 3558 4359 (Matth.
3589 4301 3712 4352 3m,

2123 4385 2235 4459 15).
2274 4383 2538 4438 Dominus
2570 4384 2673 4437 hoc
2702 4381 2877 4447 dixit,
2911 4380 2995 4435 vir
3024 4379 3265 4447 audivit,
3300 4378 3496 4433 mulier
3527 4377 3717 4446 imple-

409 4490 517 4530 non
559 4474 766 4546 potuit,
810 4473 1087 4544 quomodo
1125 4474 1300 4542 potuit
1345 4487 1568 4528 servare
1621 4475 1819 4530 mulier
1863 4452 2219 4545 quodeit'.
2272 4475 2529 4545 Quotidie
2583 4475 2843 4532 mulieres
2890 4474 3186 4546 jejunant,
3243 4479 3299 4528 et
3351 4487 3459 4528 non
3513 4470 3715 4526 indicta

405 4564 615 4621 audivit
652 4579 682 4619 a
721 4562 885 4619 viro?
920 4563 978 4620 Si
1018 4563 1174 4620 illum
1214 4562 1307 4619 Dei
1344 4578 1451 4619 vox
1492 4580 1599 4620 non
1632 4565 2012 4635 confirmavit,

407 4656 681 4730 quomodo
707 4657 866 4713 istam
896 4671 1002 4714 vox
1027 4655 1380 4715 conﬁrmaret
1408 4657 1642 4715 humana
1667 4661 1690 4715 ?

477 4842 654 4898 aMss.
693 4841 921 4910 aliquot,
968 4839 1276 4894 Audiuimus
1322 4840 1515 4911 itaque.
1564 4840 1661 4896 Hic
1710 4856 1876 4911 porro
1918 4858 2009 4899 se-

404 4916 637 4986 quentis;
653 4912 848 4986 capitis
870 4911 1094 4986 initium
1115 4921 1231 4986 erat
1255 4912 1307 4966 in
1340 4926 1529 4986 super.
1557 4912 1690 4986 edit.
1716 4914 1888 4981 Quam
1915 4930 2010 4970 au-

407 4981 517 5041 tem
550 4981 804 5053 pulchre,
838 4981 1127 5053 prudentis
1159 4983 1386 5054 lectoris
1410 4981 1530 5038 esto
1549 4984 1837 5054 judicium.

479 5055 506 5095 δ
547 5055 683 5110 Tres
723 5052 890 5121 mss.,
931 5064 976 5125 et
1016 5069 1107 5124 per
1148 5053 1433 5108 Ecclesium
1465 5052 1564 5123 ﬁlii
1594 5052 1693 5109 Dei
1722 5058 2012 5125 regenerati

405 5134 843 5198 augmentantur:
881 5123 980 5198 alii
1017 5123 1204 5198 autem
1254 5136 1416 5196 atque
1457 5126 1592 5198 edit.
1647 5126 1749 5181 hoc
1783 5123 2008 5183 “tantum

406 5195 710 5322 iiiésident,
752 5195 896 5268 quod
939 5195 991 5251 in
1025 5195 1136 5251 illis
1176 5199 1458 5266 confertur,
1493 5196 1545 5251 in
1578 5197 1662 5252 his
1690 5199 2010 5269 conquiritur

433 5283 596 5322 egere
624 5277 728 5322 est.

433 5283 596 5324 egere
624 5277 728 5322 εει.

502 5286 596 5324 ere
624 5286 728 5322 est.

468 5286 508 5376 ge
550 5338 801 5393 Nonnulli
842 5352 1008 5404 mss.,
1052 5338 1194 5406 Quid
1234 5338 1440 5393 miraris
1474 5354 1583 5407 jam
1609 5379 1624 5405 ,
1665 5338 1711 5393 si
1746 5340 2008 5409 inﬁrmior

412 5410 593 5478 lapsus
633 5419 705 5464 est
741 5425 914 5464 sexus.

482 5478 509 5517 ιι
548 5480 739 5536 Obiter
765 5481 1021 5536 advertas
1051 5480 1218 5547 licet,
1244 5481 1294 5537 ei
1321 5480 1590 5536 doctrinae
1616 5494 1719 5548 qua
1755 5488 1868 5535 toto
1901 5481 2006 5537 hoc

406 5550 587 5620 capite
627 5559 906 5620 peccatum
949 5552 1073 5607 Eva:
1112 5552 1378 5608 Adamico
1419 5552 1590 5608 levius
1614 5551 1682 5607 ab
1713 5551 2006 5609 Ambrosio

404 5620 736 5693 defenditur)
764 5621 1168 5691 quodammodo
1193 5622 1521 5679 contrariam
1551 5639 1579 5676 a
1607 5623 1768 5679 beato
1793 5622 2003 5679 Thoma

402 5687 589 5746 doceri
631 5687 1012 5759 2-2,'quaest.
1061 5694 1197 5761 165,
1244 5704 1349 5749 art.
1398 5693 1454 5749 ι.
1496 5693 1712 5751 Etenim
1751 5698 2003 5759 quamvis

2117 4578 2376 4641 praestant
2413 4569 2621 4640 jejunia
2656 4588 2670 4626 :
2712 4579 2992 4640 peccatum
3042 4574 3381 4639 agnoscunt,
3428 4574 3716 4621 accersunt

2115 4661 2442 4719 remedium.
2475 4659 2656 4717 Semel
2688 4658 2757 4716 de
2788 4659 3081 4715 interdicto
3111 4658 3311 4715 mulier
3341 4656 3714 4722 manducavit,

2118 4841 2313 4898 Adami
2369 4841 2582 4912 culpam
2625 4856 2692 4897 ex
2730 4840 3047 4898 conditione
3100 4855 3351 4912 personae
3403 4843 3714 4912 graviorem

2119 4927 2282 4984 quam
2314 4911 2443 4967 Eva:
2474 4911 2778 4985 habendam
2811 4912 3074 4985 fateatur,
3102 4930 3200 4985 per
3236 4929 3297 4968 se
3338 4911 3516 4985 tanien
3556 4924 3613 4969 et
3650 4930 3715 4970 ex

2116 4982 2201 5039 sui
2251 4992 2440 5038 natura
2492 4983 2752 5038 leviorem
2803 4982 2973 5039 fuisse
3016 4982 3315 5040 asseverat.
3360 4984 3539 5053 Ipsum
3582 5000 3715 5041 cou-

2116 5056 2236 5110 sule
2265 5097 2279 5119 ,
2306 5070 2418 5109 non
2447 5069 2609 5109 secus
2634 5070 2697 5110 ac
2726 5054 2939 5109 Nicolai
2966 5064 3122 5109 notas
3150 5055 3203 5111 in
3231 5054 3481 5109 eumdem
3512 5057 3713 5111 locum.

2192 5137 2214 5162 ο
2255 5126 2459 5180 Omnes
2497 5125 2630 5180 edit.
2661 5167 2678 5189 ,
2720 5124 2788 5180 Et
2827 5141 2945 5180 uere
2986 5126 3146 5195 juxta
3193 5129 3326 5180 hanc
3372 5128 3714 5194 sententiam;

2115 5211 2310 5252 omnes
2342 5210 2473 5251 mss.
2510 5198 2681 5267 magis
2712 5196 2997 5252 commode
3019 5239 3032 5262 ,
3068 5205 3128 5251 ut
3155 5212 3253 5252 nos
3280 5199 3330 5251 in
3365 5205 3540 5253 textu.

2189 5267 2209 5305 τ
2228 5267 2353 5322 Mss.
2387 5268 2513 5321 duo.
2539 5266 2780 5334 Gemet.,
2806 5268 2930 5322 dicit
2951 5285 3061 5323 esse
3080 5270 3367 5335 seductum,
3398 5271 3709 5324 medicatur.

2111 5338 2177 5394 Hi
2217 5353 2350 5394 vero
2388 5338 2511 5393 cod.
2553 5339 2697 5393 sicut
2735 5349 2790 5394 et
2830 5339 2918 5394 alii
2963 5340 3072 5394 duo
3114 5339 3315 5394 Pratel.
3359 5340 3618 5395 nimirum
3663 5349 3716 5397 et

2113 5410 2297 5466 Albin.
2342 5408 2555 5477 reliquo
2594 5417 2826 5465 tractatu
2865 5411 3056 5465 avulso
3100 5410 3188 5465 hic
3216 5410 3495 5465 desinunt.

2184 5482 2422 5553 Siliani.
2446 5478 2575 5533 edit.
2605 5520 2621 5547 ,
2667 5478 3143 5535 Commendationis
3185 5496 3319 5553 suat.
3364 5482 3713 5553 'l‘ypographi

2107 5552 2330 5623 quidem
2374 5551 2461 5626 hic
2497 5566 2657 5626 error
2683 5561 2770 5626 est
2790 5595 2805 5620 ,
2834 5554 2929 5626 sed
2960 5554 3052 5626 qui
3085 5561 3262 5626 tanien
3294 5551 3560 5626 deinceps
3588 5564 3711 5625 pro;

2107 5633 2337 5695 pagatus
2378 5622 2476 5677 fuit
2508 5623 2559 5677 in
2590 5622 2803 5680 cunctis
2832 5622 3276 5680 editJParisinis.
