3974 6186
165 283 263 339 313

1077 284 1166 341 DE
1202 283 1688 343 INSTITUTIONE
1732 284 2032 349 VIRGINIS
2073 291 2275 349 LIBER
2316 293 2517 353 UNUS.

3340 301 3449 361 3H

162 412 211 456 ct
244 398 478 472 quotidie
506 407 533 436 ι
554 398 764 470 jejunio
803 400 983 456 solvit.
1015 399 1043 439 ιι
1070 402 1172 470 Qui
1202 410 1428 458 secutus
1453 418 1515 459 es
1542 419 1733 459 erran-
1762 412 1811 469 Α
1842 416 1923 463 tas
1945 411 2178 465 vocavit.
2197 410 2352 468 Unde
2368 422 2425 468 et
2444 413 2683 485 speciale
2701 415 2869 472 Mat-ia
2889 416 3104 475 Domini
3125 418 3228 477 hoc
3249 435 3451 479 nomen

163 505 256 548 tem
274 535 289 558 ,
319 508 552 564 sequere
579 495 962 566 corrigentem.
997 496 1172 550 Ambo
1203 497 1607 566 manducastis,
1636 514 1738 555 cur
1838 501 2080 572 invenit,
2107 502 2135 542 ἀ
2162 507 2312 577 quod
2339 508 2611 579 signiﬁcat
2635 530 2648 566 :
2687 512 2830 568 Deus
2861 528 2929 569 ex
2956 529 3163 585 genere
3190 532 3335 573 meo.

160 587 259 643 sola
290 586 547 658 jejunat;
588 588 695 645 hoc
732 600 853 658 est,
894 591 1053 647 ambo
1091 592 1400 665 deliquistis
1425 635 1443 663 ,
1483 609 1581 652 cur
1619 597 1736 653 sola

160 680 436 735 remedium
468 682 667 751 qumrit
695 683 870 738 errori
893 682 917 736 ?

771 773 1001 833 CAPUT
1046 777 1107 832 V.

161 864 300 920 Evam
322 867 677 923 damnationis
701 870 954 925 sententia
977 870 1031 925 in
1052 870 1192 926 Sara
1219 882 1484 944 tamquam
1509 876 1735 931 solutam

212 975 345 1028 esse,
372 960 465 1016 sed
492 962 657 1017 multo
683 963 851 1034 magis
875 963 931 1018 in
961 962 1160 1033 Maria,
1188 982 1304 1035 qua:
1331 968 1629 1039 virginitate
1653 970 1734 1025 in-t

210 1062 341 1124 tegra
364 1052 538 1108 Deum
560 1055 772 1125 genuit,
798 1072 889 1110 nec
913 1072 1017 1111 non
1038 1058 1272 1125 eiusdem
1297 1059 1502 1125 virtutis
1527 1062 1735 1135 signum

209 1146 402 1201 extulit.
437 1144 615 1212 Quam
653 1147 980 1217 impudenter
1007 1149 1177 1221 ipsam
1213 1150 1461 1222 virginem
1500 1169 1735 1224 perseve-

209 1255 339 1292 rasse
358 1241 603 1310 negarint
626 1239 876 1308 haeretici,
899 1256 1118 1312 quorum
1139 1254 1444 1315 argumenta
1469 1261 1532 1301 ea:
1554 1244 1733 1302 Evan-

208 1334 348 1404 gelii:
374 1336 541 1406 petita
565 1335 863 1390 diluuntur.

207 1427 290 1481 52.
333 1428 506 1497 Veni,
543 1428 683 1494 Eva,
710 1428 823 1499 jam
854 1428 1059 1495 sobria;
1093 1431 1216 1487 veni
1238 1472 1254 1498 ,
1289 1431 1426 1499 Eva,
1458 1434 1563 1489 etsi
1591 1434 1645 1490 in
1678 1442 1733 1491 te

151 1521 416 1594 aliquando
457 1524 873 1593 intemperans,
913 1523 1010 1580 sed
1043 1525 1157 1594 jam
1210 1526 1263 1580 in
1317 1528 1469 1596 prole
1522 1528 1727 1599 jejuna.

155 1612 298 1677 Veni,
322 1613 453 1681 Eva,
474 1614 594 1685 jam
622 1614 765 1681 talis,
791 1627 848 1671 ut
872 1632 978 1671 non
1008 1616 1075 1673 de
1104 1618 1356 1687 paradiso
1385 1620 1727 1690 excludaris,

149 1708 228 1764 sed
260 1710 491 1780 rapiaris
524 1710 599 1764 ad
630 1709 850 1767 cmlum.
880 1709 1056 1776 Veni,
1085 1711 1218 1780 Eva,
1251 1712 1364 1784 jam
1395 1713 1528 1770 Sara
1550 1756 1565 1780 ,
1606 1731 1729 1787 qua:

1907 594 1999 651 54.
2035 596 2200 654 Dicta:
2227 609 2355 654 sunt
2382 609 2439 655 et
2466 611 2593 659 ante
2619 603 2803 661 Μαι-ἰαὶ
2832 606 3058 665 multae:
3094 623 3219 663 nam
3253 618 3309 664 et
3336 609 3450 665 Ma-

1836 689 1917 744 ria
1945 705 2102 747 soror
2130 691 2310 749 Aaron
2340 693 2483 750 dicta
2515 696 2619 752 l'uit
2648 697 2860 769 (Exod.
2896 716 2997 768 xv,
3027 700 3131 768 90,
3163 701 3313 772 23);
3344 703 3442 760 sed

1837 785 1927 840 illa
1973 786 2139 842 Maria
2185 789 2495 847 amaritudo
2538 793 2703 848 maris
2744 795 3063 851 vocabatur.
3108 796 3269 852 Venit
3307 812 3440 870 ergo

1835 876 2100 936 Dominus
2142 881 2197 936 in
2235 885 2657 942 amaritudinem
2703 886 3018 959 fragilitatis
3060 888 3353 959 humanae,
3383 901 3444 947 ut

1836 973 2169 1031 conditionis
2215 977 2523 1035 amaritudo
2571 979 2945 1049 dulcesceret,
2978 981 3142 1039 Verbi
3189 982 3432 1040 cmlestis

1836 1070 2104 1126 suavitate
2143 1082 2201 1127 et
2238 1074 2411 1141 gratia
2456 1081 2779 1145 temperata.
2817 1076 2931 1132 Hoc
2955 1076 3281 1148 signiﬁcavit
3311 1075 3437 1134 l‘ons

1838 1174 1861 1202 ε
1890 1164 2105 1220 Merrha
2135 1181 2232 1236 per
2261 1167 2461 1239 lignum
2494 1168 2847 1240 dulcoratus;
2892 1184 2960 1225 co
3002 1170 3152 1241 quod
3195 1172 3437 1243 populus

1835 1258 2113 1314 nationum
2164 1274 2384 1315 amarus
2432 1270 2559 1317 ante
2609 1264 2885 1332 peccatis,
2939 1262 3023 1319 vel
3071 1277 3202 1319 caro
3248 1272 3435 1319 nostra

1836 1359 2266 1423 temperamento
2307 1354 2574 1425 passionis
2617 1355 2910 1413 Dominicae
2955 1356 3009 1413 in
3048 1371 3178 1414 usus
3218 1358 3424 1415 alteros

1832 1450 2160 1500 mutaretur.
2202 1502 2205 1505 ,

1903 1536 1993 1593 55.
2028 1537 2253 1610 Egregia
2287 1540 2446 1610 igitur
2477 1540 2641 1597 Maria
2662 1582 2679 1611 ,
2712 1556 2833 1613 qua:
2863 1543 3078 1614 signum
3108 1557 3279 1600 sacrm
3307 1545 3420 1601 vir-

1831 1630 2075 1701 ginitatis
2119 1633 2352 1700 extulit,
2404 1643 2461 1690 et
2511 1634 2850 1690 intemeratae
2899 1635 3231 1706 integritatis
3283 1637 3431 1708 pium

1830 1719 2051 1777 Christo
2096 1724 2350 1778 vexillum
2395 1726 2593 1780 erexit.
2630 1725 2699 1781 Et
2731 1734 2913 1782 tamen
2955 1740 3079 1782 cum
3124 1741 3319 1784 omnes
3360 1727 3429 1784 ad

150 1802 303 1870 mritis
340 1803 485 1857 tilios
528 1818 643 1858 non
685 1804 739 1858 in
787 1802 1007 1859 tristitia
1032 1846 1047 1871 ,
1088 1805 1183 1860 sed
1224 1805 1277 1860 in
1317 1808 1682 1863 exsultatione
1708 1824 1723 1862 :
1755 1811 1803 1871 B
1830 1813 2036 1869 cultum
2067 1814 2394 1885 virginitatis
2423 1826 2627 1872 sancta:
2658 1817 2839 1872 Maria:
2867 1817 3203 1874 advocentur
3231 1832 3419 1875 exem-

150 1908 237 1948 tton
270 1895 319 1949 in
359 1910 636 1961 maerore,
684 1895 782 1951 sed
815 1896 950 1951 risu.
986 1897 1135 1953 Isaac
1165 1897 1258 1953 tibi
1305 1899 1587 1970 multiplex
1626 1915 1726 1954 na-

150 1996 322 2044 scetur.
352 1988 488 2043 Veni
524 1990 758 2054 iterum,
789 1989 923 2057 Eva,
950 1990 1063 2060 jam
1092 1988 1244 2057 Sara,
1280 1989 1349 2045 de
1378 2006 1481 2062 qua
1513 1990 1730 2047 dicatur

152 2081 278 2135 viro:
306 2082 441 2135 Audi
472 2082 645 2138 Sarni
675 2097 885 2136 uxorem
918 2092 1062 2136 tuam
1094 2082 1110 2153 (
1136 2081 1266 2137 Gen.
1298 2098 1399 2137 XXI
1423 2125 1438 2151 ,
1473 2082 1542 2137 η
1565 2083 1607 2155 ).
1637 2083 1728 2139 Sis

153 2183 196 2227 tu
220 2173 334 2229 licet
359 2177 477 2230 viro
502 2174 729 2230 subdita
750 2217 766 2241 ,
795 2176 922 2246 quia
945 2190 1068 2231 esse
1097 2185 1147 2232 te
1173 2176 1368 2241 decet;
1401 2176 1513 2233 cito
1545 2185 1723 2234 tamen

152 2267 325 2321 solvisti
352 2270 695 2323 sententiam
716 2309 731 2332 ,
765 2277 823 2322 ut
853 2268 936 2323 vir
968 2278 1021 2325 te
1050 2269 1239 2325 audire
1265 2270 1543 2339 jubeatur.

208 2360 349 2433 257
372 2361 463 2416 55.
488 2360 556 2417 Si
582 2372 603 2398 ο
621 2370 806 2432 typum
826 2361 1026 2417 Christi
1048 2362 1134 2417 illa
1157 2362 1418 2432 pariendo
1434 2363 1595 2418 aviro
1611 2378 1726 2419 me-

151 2464 274 2508 tetur
298 2456 505 2523 audiri,
535 2464 809 2526 quantum
834 2455 1051 2526 prolicit
1072 2473 1237 2512 sexus
1276 2458 1368 2527 qui
1406 2457 1683 2514 Christum
1707 2501 1721 2524 ,

151 2548 273 2603 salva
302 2560 475 2606 tamen
508 2550 831 2621 virginitate
850 2594 867 2618 ,
894 2554 1170 2623 generavit
1197 2556 1209 2607 Ξ
1239 2553 1375 2609 Veni
1407 2570 1557 2626 ergo,
1588 2555 1719 2622 Eva,

148 2638 235 2706 jam
264 2640 416 2696 Maria
437 2684 453 2706 ,
482 2658 616 2713 qua:
647 2642 805 2699 nobis
833 2659 937 2698 non
965 2644 1143 2700 solum
1176 2647 1505 2717 virginitatis
1533 2648 1719 2704 incen-

152 2736 291 2790 tivum
326 2738 545 2803 attulit,
592 2737 690 2793 sed
730 2738 894 2793 etiam
939 2739 1106 2794 Deum
1149 2740 1349 2795 intulit.
1389 2740 1539 2797 Unde
1568 2741 1724 2799 la’tus

150 2836 194 2882 et
221 2831 485 2888 exsultans
530 2841 693 2887 tanto
731 2848 958 2889 munere
1004 2834 1133 2889 dicit
1161 2834 1384 2891 Esaias:
1420 2834 1554 2891 Ecce
1580 2837 1724 2908 virgo

151 2920 192 2973 in
216 2932 344 2977 utero
370 2925 635 2995 accipiet,
662 2935 711 2979 et
740 2927 905 2995 pariet
930 2926 1098 2994 ﬁlium
1119 2968 1133 2991 ,
1176 2936 1223 2981 et
1251 2927 1516 2982 vocabitur
1539 2945 1722 2985 nomen

150 3016 243 3085 ejus
268 3014 581 3075 Emmanuel
608 3018 795 3090 (Esai.
828 3035 901 3075 vn
922 3063 937 3085 ,
970 3019 1104 3092 14),
1138 3022 1278 3092 quod
1319 3033 1399 3079 est
1456 3023 1724 3096 interpre-

152 3114 322 3174 tatum,
353 3112 633 3166 nobiscum
690 3109 832 3167 Deus
877 3113 1118 3187 (Matth.
1154 3130 1199 3180 ι,
1231 3114 1302 3170 25
1327 3121 1367 3185 ).
1413 3115 1571 3172 Unde
1614 3118 1715 3173 hoc

1832 1908 1953 1978 plo,
1997 1907 2215 1965 fuerunt
2258 1910 2349 1980 qui
2378 1926 2499 1966 eam
2547 1921 2810 1982 negarent
2852 1913 3118 1984 virginem
3166 1929 3424 1985 perseve-

1829 2017 2000 2057 rasse.
2026 2002 2138 2058 Hoc
2168 2013 2372 2059 tantum
2398 2006 2745 2077 sacrilegium
2774 2005 2942 2063 silere
2961 2006 3284 2078 jamdudum
3310 2025 3427 2066 ma-

1829 2096 2067 2152 luimus:
2098 2098 2193 2153 sed
2240 2100 2364 2169 quia
2402 2114 2565 2156 causa
2605 2100 2823 2157 vocavit
2862 2103 2914 2156 iit
2946 2101 3221 2168 medium,
3256 2102 3327 2159 ita
3360 2112 3420 2158 ut

1827 2187 1944 2258 ejus
1975 2189 2336 2259 prolapsionis
2376 2191 2541 2246 etiam
2577 2189 2595 2229 τ
2631 2191 2935 2262 Episcopus
2969 2205 3311 2265 argueretur,
3349 2196 3439 2250 itt-

1826 2280 2140 2336 demnatum
2173 2296 2278 2337 non
2310 2290 2564 2352 putamus
2604 2283 3021 2353 relinquendum
3051 2303 3067 2353 ;
3100 2294 3160 2342 et
3188 2289 3422 2345 maxime

1827 2375 1951 2444 quia
1994 2385 2050 2430 et
2098 2374 2381 2431 mulierem
2424 2392 2543 2431 eam
2586 2377 2852 2448 legimus,
2901 2378 3044 2435 sicut
3070 2381 3163 2451 qui
3194 2380 3249 2435 in
3276 2381 3424 2436 Cana

1826 2466 2067 2524 Galiltete
2108 2468 2226 2538 ipse
2266 2468 2527 2523 Dominus
2567 2469 2643 2523 ait
2680 2469 2882 2524 dicenti
2916 2470 3059 2527 sibi:
3101 2469 3297 2526 Vinum
3323 2488 3429 2526 non

1824 2560 2012 2615 habent
2037 2602 2052 2627 ,
2076 2561 2156 2630 ﬁli
2179 2603 2194 2628 ,
2222 2561 2539 2632 respondit:
2571 2561 2712 2627 Quid
2742 2562 2867 2617 mihi
2899 2571 2947 2617 et
2979 2563 3072 2618 tibi
3099 2572 3174 2618 est
3196 2605 3213 2629 ,
3246 2565 3431 2619 mulier

1828 2654 2007 2727 (Joan.
2040 2670 2074 2708 tt
2097 2695 2113 2721 ,
2141 2655 2205 2719 5,
2236 2654 2337 2728 5)?
2369 2655 2437 2710 Ει
2465 2656 2593 2712 alibi
2625 2656 2857 2727 legimus
2883 2656 3030 2728 quod
3062 2657 3261 2713 dixerit
3291 2657 3428 2713 Mat-

1829 2749 2002 2804 thtetts
2032 2748 2100 2803 de
2146 2747 2351 2818 Joseph
2399 2758 2453 2805 et
2499 2748 2666 2804 Maria
2713 2768 2727 2805 :
2778 2748 2997 2805 Inventa
3040 2759 3114 2806 est
3156 2760 3428 2822 antequam

1826 2842 2151 2898 convenirent
2168 2882 2185 2910 ,
2214 2844 2265 2898 in
2293 2853 2436 2897 utero
2467 2844 2657 2899 habens
2684 2844 2749 2899 de
2774 2844 2978 2915 Spiritu
3001 2853 3182 2901 sancto
3204 2843 3426 2918 (Matth.

1828 2950 1880 3000 ι,
1909 2936 1977 2991 18
1998 2933 2039 3004 ).
2086 2936 2153 2990 Ει
2192 2935 2333 2991 infra
2362 2952 2375 2989 :
2407 2934 2531 2990 Non
2562 2938 2796 3008 cognovit
2828 2954 2940 2993 eam
2961 2979 2978 3005 ,
3022 2938 3187 2993 donec
3230 2939 3429 3010 peperit

1827 3025 2018 3099 (Ιὺὶιι.,
2038 3027 2153 3094 l9).
2173 3028 2237 3083 Et
2258 3029 2455 3084 iterum
2480 3029 2546 3084 tle
2565 3028 2767 3100 .loscph
2790 3048 2803 3084 :
2830 3030 3013 3086 Noluit
3033 3048 3146 3086 eam
3159 3032 3431 3088 traducere

1828 3120 1848 3192 (
1874 3119 2061 3176 Matth.
2087 3138 2186 3189 xu,
2215 3120 2285 3176 47
2309 3121 2350 3195 ).
2393 3123 2457 3178 Ει
2491 3122 2687 3179 fratres
2713 3123 2926 3179 Domini
2971 3124 3229 3180 videntur
3257 3125 3425 3197 signi-

151 3207 356 3261 utuuus?
381 3206 501 3263 Non
537 3207 613 3263 de
641 3215 785 3263 terra
819 3209 1007 3278 utique
1028 3250 1042 3274 ,
1072 3209 1169 3264 sed
1199 3211 1270 3265 de
1297 3211 1441 3266 cosio
1473 3226 1567 3266 vas
1612 3212 1716 3267 sibi
1745 3198 1789 3259 C
1824 3213 1987 3269 lic-tre
2008 3255 2024 3279 ,
2057 3214 2199 3284 quod
2238 3213 2307 3270 de
2344 3214 2510 3269 Maria
2551 3217 2791 3285 suscepti
2836 3216 2967 3271 sint.
3013 3216 3083 3271 Et
3122 3218 3422 3286 Apostolus

152 3294 234 3352 hoc
262 3316 347 3368 per
373 3302 516 3372 quod
557 3302 917 3358 descenderet
947 3302 1195 3358 Christus
1225 3303 1427 3374 elegit,
1460 3316 1513 3360 et
1539 3320 1721 3361 sacra-

151 3390 212 3446 vit
234 3396 476 3465 templum
506 3395 760 3467 pudoris.
784 3395 890 3452 Per
919 3413 1078 3453 unam
1103 3397 1423 3466 descendit,
1454 3400 1548 3455 sed
1578 3400 1722 3455 mul-

208 3539 232 3606 ξ
264 3532 396 3606 Edit.
429 3543 485 3590 et
508 3534 739 3606 quidam
774 3549 930 3600 mss.,
954 3535 1229 3606 jejunium
1254 3535 1426 3590 soluit.

206 3600 230 3639 δ
267 3604 351 3659 llis
388 3600 547 3674 ipsis'
576 3606 754 3661 verbis
786 3600 1135 3662 Ambrosium
1167 3605 1433 3662 adversus
1459 3607 1715 3664 Theodo-

151 3671 301 3747 sium,
340 3671 466 3732 dum
518 3678 701 3747 ipsum
750 3689 871 3744 post
914 3679 1117 3734 caedem
1165 3677 1715 3734 Thessalonicensem

152 3742 375 3819 Ecclesia:
400 3742 561 3804 aditti
584 3742 926 3818 prohiberet,
958 3765 1112 3803 ttsmtt
1142 3750 1193 3802 itt
1222 3749 1339 3818 ejus
1368 3752 1472 3803 vita
1500 3751 1717 3819 seripsit

155 3812 413 3890 Paulinus;
444 3812 616 3890 quatit
658 3829 836 3875 tamen
877 3822 1201 3875 sententiam
1245 3812 1296 3873 in
1339 3812 1717 3876 Ambrosianis

154 3887 369 3962 operibus-
393 3887 668 3962 nusquam
699 3892 826 3946 alibi
859 3893 1099 3962 reperire
1125 3898 1228 3946 est.

216 3968 234 3995 ε
272 3958 322 4013 lu
362 3958 614 4019 Isaae'ad
646 3958 975 4017 sacriﬁcium
1013 3974 1233 4032 paterna
1287 3962 1568 4017 vtiluntate
1622 3963 1718 4020 de-

158 4028 327 4105 stinato
355 4034 587 4105 ligarant
618 4032 820 4089 Christi
848 4028 1126 4090 exstitisse
1148 4035 1327 4089 notius
1355 4047 1441 4090 est
1471 4049 1632 4105 quam
1668 4042 1727 4090 ut

160 4102 438 4177 lll‘tfltation'e
465 4107 738 4177 indigeat.

213 4168 375 4246 Milon
412 4168 712 4232 admodum
761 4175 884 4231 felix
931 4176 1178 4233 vocabuli
1227 4174 1400 4229 Maria
1448 4176 1721 4246 interpre-

160 4244 304 4319 tatio:
332 4248 420 4301 sed
450 4264 582 4303 cum
612 4248 782 4303 moris
810 4260 955 4302 esset
981 4290 994 4311 ,
1027 4259 1085 4302 ut
1112 4263 1257 4319 saepe
1285 4248 1518 4301 vidimus
1542 4289 1556 4311 ,
1591 4244 1719 4302 Am-

160 4309 312 4368 brosio
347 4330 534 4374 nostro
575 4320 846 4375 sermonis
880 4309 1115 4374 ltehraici
1148 4309 1353 4387 peritos
1381 4319 1433 4372 iit
1467 4334 1524 4373 re
1546 4309 1718 4374 ςίηιίιί

161 4387 449 4460 consulere,
492 4392 571 4446 illi
613 4407 641 4444 a
683 4391 854 4445 sciolo
893 4391 1073 4460 aliquo
1112 4406 1273 4460 quem
1317 4389 1450 4444 falso
1497 4388 1717 4445 doctutn

160 4456 494 4527 existimaret,
537 4463 859 4530 impositum
902 4456 1025 4515 esse
1062 4456 1397 4516 credendum
1438 4470 1542 4515 est.
1584 4462 1718 4529 Qua:

165 4538 269 4608 toto
292 4531 523 4598 ejusdem
550 4532 807 4589 dictionis
829 4532 1158 4604 etymologia
1186 4532 1431 4604 proxime
1455 4534 1718 4602 sequitur,

163 4607 310 4661 Ρουθτ
342 4611 443 4658 est.

1829 3310 1944 3364 ait:
1993 3306 2273 3377 Postquam
2315 3311 2448 3363 venit
2491 3308 2758 3378 plenitudo
2798 3310 3075 3382 temporis,
3117 3311 3258 3365 misit
3289 3308 3430 3366 Deus

1837 3399 2032 3455 Filium
2057 3417 2207 3456 suum
2230 3403 2424 3472 factum
2447 3416 2509 3455 ex
2532 3401 2698 3474 258
2718 3402 2955 3467 muliere,
2985 3405 3177 3473 factum
3200 3402 3294 3458 sub
3320 3404 3431 3476 lege

1822 3535 2094 3592 lucubrati
2117 3577 2132 3602 ,
2176 3536 2275 3592 abs
2313 3551 2374 3591 se
2412 3545 2593 3590 autem
2631 3537 2861 3604 primum
2892 3536 3131 3605 evulgati
3160 3537 3429 3593 beneﬁcio

1822 3608 2191 3672 innotescere,
2220 3607 2426 3677 scilicet
2457 3606 2770 3663 Sardicensi
2803 3610 3088 3675 metropoli
3123 3607 3425 3677 praefuisse.

1823 3677 1983 3734 Certe
2021 3677 2241 3747 quidem
2282 3676 2549 3733 Garnerio
2589 3678 2770 3737 favet,
2811 3678 2955 3745 qttod
2996 3676 3269 3732 Bonosuttt
3300 3693 3429 3733 eau-

1820 3764 1962 3816 sam,
1991 3758 2210 3819 propter
2236 3763 2478 3803 canones
2500 3748 2856 3818 sulfraganeis
2882 3747 2936 3801 in
2957 3748 3244 3817 primatem
3268 3763 3427 3803 suum

1817 3818 2094 3890 judicandi
2129 3819 2218 3888 jus
2258 3834 2362 3890 non
2406 3820 2803 3889 permittentes,
2834 3819 3041 3889 Anysio
3077 3818 3431 3874 Thessaloni-

1821 3889 1971 3947 censi
1999 3907 2062 3945 ac
2090 3889 2472 3945 Macedonibus
2497 3891 2773 3958 episc0pis
2804 3898 3078 3958 tamquam
3109 3890 3299 3945 vicinis
3329 3892 3426 3945 de—

1822 3961 2133 4018 tnandatam
2197 3963 2416 4016 asserit.
2457 3959 2820 4014 Nihilominus
2861 3971 3043 4015 tamen
3104 3961 3237 4016 Luc.
3301 3961 3427 4017 llol-

1822 4035 2032 4088 stcnius
2063 4035 2112 4105 in
2132 4030 2570 4105 7An_ttot.AGcogr.
2598 4031 2666 4085 de
2682 4031 3059 4105 Patriarchatu
3089 4033 3271 4105 llotn.,
3302 4050 3425 4105 pag.

1824 4104 1930 4159 122
1954 4114 2005 4159 et
2039 4104 2165 4171 {$25,
2192 4102 2367 4158 Naissi
2391 4144 2405 4166 ,
2435 4118 2595 4173 quam
2626 4101 2817 4173 urbem
2850 4103 2936 4158 hic
2965 4112 3021 4157 et
3048 4104 3100 4157 itt
3128 4101 3329 4159 Attnot'.
3360 4101 3425 4160 ad

1824 4175 2146 4231 Hortellium
2179 4176 2231 4229 in
2262 4174 2423 4229 Dacia
2457 4172 2633 4237 locat,
2678 4172 2919 4227 al‘lirntat
2960 4174 3231 4229 Itonosunt
3273 4176 3427 4230 illttnt

1824 4248 2008 4301 sedem
2044 4247 2307 4301 tenuisse.
2338 4245 2410 4301 At.
2438 4245 2584 4301 enim
2610 4245 2772 4314 objici
2803 4255 2989 4315 posset
3011 4247 3186 4302 eidem
3215 4246 3429 4302 Holsle-

1828 4319 1936 4382 ttio,
1962 4318 2261 4381 Bonosum,
2293 4316 2558 4386 siquidem
2594 4317 2911 4384 tttelropolis
2945 4319 3287 4375 Sttrdicettsis
3316 4320 3427 4373 suf-

1828 4388 2115 4461 l’raganeus
2143 4399 2291 4455 erat,
2322 4404 2350 4442 a
2378 4388 2754 4461 Capuensibus
2782 4387 3035 4445 Patribus
3062 4407 3127 4446 ex
3155 4405 3426 4445 canonum

1832 4463 2155 4531 praascripto
2185 4460 2575 4516 remittendum
2617 4461 2784 4514 fuisse
2814 4462 2879 4514 ad
2915 4461 3198 4530 primatem
3231 4476 3425 4527 suum;

1832 4534 1936 4587 nisi
1992 4532 2283 4587 admodum
2336 4531 2604 4587 credibile
2657 4531 2938 4586 videretur
2992 4533 3141 4588 illum
3193 4533 3305 4603 jam
3359 4535 3429 4587 ab

1832 4604 2025 4658 eodem
2088 4605 2320 4673 primate
2370 4606 2793 4657 condemnatum
2849 4617 3176 4673 provocasse
3207 4645 3222 4668 ,
3273 4604 3430 4673 cujus

222 4678 256 4751 θ.
274 4675 462 4731 Omnes
510 4674 676 4742 edit.,
724 4678 844 4754 fons
895 4673 1092 4754 illam;
1141 4673 1396 4754 nimirum
1453 4687 1577 4728 eum
1637 4676 1727 4730 he-
1759 4696 1804 4754 ι)
1835 4675 2240 4754 provocationis
2278 4675 2651 4754 cognitionem
2685 4673 3069 4754 [Macedonibus
3095 4674 3429 4754 commiserit

164 4732 317 4812 iugum
356 4753 539 4812 textu,
588 4732 1026 4802 et'vcrsionibus
1063 4732 1322 4800 omnibus
1362 4758 1723 4812 prmterquam

165 4804 301 4892 LXX,
329 4814 488 4892 luitis
507 4804 709 4889 quippe
738 4820 809 4872 ita
841 4818 1070 4892 legimus
1095 4836 1109 4873 :
1141 4815 1318 4892 Ἦλθον
1346 4804 1399 4872 δὲ
1429 4819 1501 4877 εἰς
1526 4804 1722 4892 Μέρῥᾶ,

163 4884 233 4933 καὶ
256 4887 337 4963 ορκ
360 4884 769 4963 iisetiam—irato
794 4893 849 4945 ἐκ
864 4884 1089 4963 nassae.
1108 4888 1215 4963 _Alt
1253 4892 1348 4963 eis
1372 4902 1552 4963 autem
1587 4884 1721 4963 "iss.

163 4958 305 5031 nostri
343 4961 472 5015 nihil
504 4962 815 5026 dissident,
844 4957 949 5015 nisi
964 4957 1121 5031 i'quod
1152 4974 1250 5031 pro
1291 4957 1508 5013 Martha
1546 4961 1724 5029 scrip-

163 5028 313 5099 torum
340 5031 606 5099 imperitia
634 5032 892 5087 exhibent
922 5030 1107 5085 Mirm.

210 5094 241 5177 ,⁷
280 5094 439 5177 Extra
471 5104 901 5177 controversiam
940 5110 1027 5158 est
1065 5101 1379 5177 episcopum
1420 5101 1583 5177 tacito
1613 5116 1723 5177 no-

161 5169 286 5241 mine
316 5169 399 5226 hic
427 5173 721 5229 indicatqu
774 5175 1043 5229 Bonosum
1073 5169 1227 5235 esse,
1256 5169 1417 5240 cujus
1456 5171 1722 5241 judicium

161 5236 217 5289 ad
239 5241 432 5298 vicinos
457 5246 722 5315 prtesules
749 5248 1028 5303 remiserat
1054 5244 1295 5316 synodus
1321 5236 1597 5316 Captiana.
1627 5245 1726 5299 Ve-

163 5320 264 5364 ftttn
290 5328 414 5387 qua:
451 5316 611 5370 sedes
649 5316 975 5387 episcOpalis
1012 5315 1184 5387 ipsius
1210 5315 1364 5369 luerit
1391 5356 1407 5378 ,
1438 5315 1725 5369 obscurius

161 5387 249 5434 est.
283 5379 573 5442 Carnarius
610 5379 819 5443 in'suis
840 5379 921 5442 'ad
961 5379 1416 5442 thlcrcatorem
1448 5400 1723 5440 continen-

162 5452 526 5529 tariis_i_terum
558 5473 627 5529 ac
669 5459 861 5525 tertio,
903 5473 1101 5529 nempe
1140 5471 1261 5527 pag.
1306 5455 1440 5529 ηδ,
1485 5472 1599 5529 par.
1642 5472 1720 5524 tt,

253 5563 266 5575 .
298 5526 419 5593 130,
458 5537 514 5583 et
552 5528 776 5585 Dissert.
810 5531 833 5585 l
877 5530 945 5585 de
986 5526 1190 5584 Hiaresi
1220 5526 1280 5583 et
1307 5526 1460 5583 libris
1491 5527 1723 5583 Nestorii

251 5595 356 5670 Litt
375 5599 477 5670 sibi
508 5598 654 5655 ducit
686 5602 1001 5670 palmarium
1025 5643 1041 5666 ,
1070 5612 1233 5669 quam
1273 5613 1387 5652 rem
1429 5598 1624 5670 Baron.
1655 5600 1723 5655 ad

162 5674 240 5739 gn.
266 5664 397 5739 ἦξε,
425 5664 839 5726 Ρειενίιιείοιιι.
870 5687 921 5726 tv
956 5664 1467 5727 Ecclesiasticorum
1497 5669 1722 5739 dogma-

164 5730 262 5815 ξιιμ
284 5730 498 5815 Ιξιρείιν
517 5782 534 5808 ,
556 5741 759 5815 aliique
778 5743 956 5815 magni
985 5740 1232 5815 nominis
1252 5740 1549 5815 scriptores
1568 5730 1718 5813 igne.

166 5802 261 5858 lati!
286 5807 383 5867 sibi
412 5802 539 5869 «si
576 5802 957 5882 rutilit'untitr}
1006 5826 1126 5869 eam
1178 5803 1301 5865 libri
1350 5802 1379 5862 ti
1429 5802 1723 5867 Merea'tore

1832 4743 2125 4815 Capuanus
2179 4760 2497 4800 consessus.
2544 4743 2759 4798 Etenim
2813 4744 3125 4815 gravissimi
3167 4747 3427 4801 momenti

1832 4814 1954 4872 esse
1993 4816 2158 4871 debet
2194 4817 2263 4870 ab
2302 4814 2585 4869 llolstenio
2615 4817 2779 4886 citata
2812 4814 3115 4872 Innocentii
3152 4817 3425 4886 epistola;

1832 4888 1885 4943 itt
1917 4903 1980 4943 ea
2009 4890 2210 4957 quippe
2240 4887 2510 4957 asseritur
2541 4884 2824 4957 ordinatos
2864 4902 2893 4940 a
2934 4887 3154 4943 Bonoso
3185 4884 3237 4941 in
3269 4887 3426 4943 Nais-

1831 4959 2006 5014 sitana
2029 4955 2290 5012 Ecclesia
2332 4955 2502 5029 tuisse
2542 4956 2894 5026 presbyteros
2933 4966 3098 5029 atque
3129 4960 3426 5025 diaconos,

1830 5031 1975 5100 quod
2015 5028 2116 5084 soli
2160 5028 2381 5100 proprio
2419 5027 2711 5100 episeopo,
2743 5043 2850 5082 non
2881 5027 3060 5084 autem
3093 5032 3308 5099 pritnati
3338 5046 3429 5085 ca-

1831 5096 2004 5155 nones
2056 5096 2460 5171 concedebant.
2515 5096 2924 5171 Crediderimus
2971 5096 3135 5171 igitur
3189 5101 3241 5155 in
3293 5117 3424 5157 mss.

1832 5169 2185 5228 Garncrianis
2233 5178 2358 5240 post
2404 5184 2595 5225 vocem
2642 5169 2971 5225 Sardicensis
2999 5169 3278 5227 “omissum
3324 5173 3424 5227 ali-

1829 5243 1973 5312 quod
2004 5243 2238 5314 verbum
2262 5282 2277 5309 ,
2323 5250 2449 5311 puta
2493 5241 2785 5314 provinciae
2807 5281 2821 5303 ,
2854 5253 2946 5296 aut
2976 5242 3122 5297 aliud
3152 5246 3200 5297 ei
3229 5258 3430 5314 cogna-

1828 5321 1965 5369 tum.
2002 5313 2113 5369 Hac
2139 5314 2207 5367 de
2235 5328 2295 5369 re
2324 5312 2539 5368 consuli
2567 5312 2730 5383 etiam
2763 5323 2973 5382 potest,
3009 5315 3099 5383 qui
3129 5328 3182 5370 et
3214 5312 3429 5370 Holste-

1828 5385 1976 5440 nium
2019 5395 2239 5440 secutus
2278 5394 2397 5450 est,
2461 5386 2533 5439 cl.
2598 5382 2946 5440 Hermanntts
2998 5382 3256 5441 Ambros.
3287 5386 3426 5443 Vitta

1827 5456 1922 5511 lib.
1953 5471 2058 5523 vn,
2086 5471 2207 5526 cap.
2236 5458 2288 5512 ’7.
2316 5455 2432 5510 Non
2456 5462 2539 5510 est
2562 5465 2741 5509 autem
2767 5457 3293 5525 praetermittendum
3318 5458 3427 5513 Att-

1825 5529 2044 5599 gustino
2081 5525 2357 5600 cognitam
2384 5542 2490 5600 non
2523 5525 2692 5579 videri
2725 5540 2843 5600 eam
2887 5527 3135 5583 iltlrl‘eSilll
3158 5570 3173 5592 ,
3207 5531 3427 5600 quando

1832 5596 2032 5654 nullam
2065 5596 2210 5653 illius
2240 5599 2293 5652 in
2321 5597 2713 5668 Catalogosuo
2734 5596 2867 5668 iacit
2897 5596 3262 5665 mentionem;
3294 5602 3424 5668 quin

1831 5669 1999 5724 immo
2043 5670 2113 5724 de
2161 5669 2466 5731 Joviniani,
2522 5666 2677 5732 cujus
2730 5667 2973 5725 Bonosus
3018 5670 3120 5725 fuit
3165 5666 3423 5738 sectator,

1832 5739 2027 5814 patriast
2045 5755 2231 5809 agens,
2254 5738 2597 5814 negatullunt
2628 5740 3055 5814 episcoputnqui
3080 5742 3274 5802 eadem
3304 5752 3428 5801 sese

1831 5810 1974 5866 ittlicl
2007 5820 2198 5881 passus
2224 5817 2406 5881 esset,
2435 5809 2663 5880 usquam
2706 5809 3011 5869 inventum.
