3974 6186
477 290 587 348 διδ

1824 288 2067 348 SANCTI
2106 288 2431 351 AMBROSII

3680 297 3791 352 5E6

482 408 645 482 (Gal.
674 423 751 475 tv,
788 408 815 462 ι
838 408 879 477 ).
924 407 1055 475 Quae
1096 406 1313 478 singula
1353 416 1380 445 κ
1412 407 1701 464 enodanda
1743 408 1900 465 nobis
1949 417 2077 465 sunt
2104 410 2157 474 Α
2183 410 2475 467 versiculi:
2504 408 2696 467 Tollite
2737 418 2942 482 portas,
2974 410 3138 487 259
3173 424 3195 453 ε
3226 412 3523 487 principes,
3554 427 3790 480 vestras,

476 513 535 556 ut
576 502 666 573 qui
713 502 802 555 illa
844 501 1013 571 legit,
1057 501 1334 556 sermonis
1374 501 1689 573 hujusmodi
1718 503 1939 559 vinculo
1968 514 2077 559 non

476 593 748 663 alligetur.
793 591 1242 663 Respondcamus
1283 594 1466 665 itaque
1505 607 1609 649 suo
1646 594 1865 651 ordine.

550 684 641 741 36.
676 685 753 739 De
783 685 1027 741 mulieris
1056 686 1280 742 nomine
1308 686 1433 756 quid
1473 688 1841 743 moveamur?
1878 687 1959 743 Ad
1988 703 2077 743 se-

481 794 611 835 xum
640 779 863 844 retulit;
896 794 1003 834 non
1030 780 1175 835 enim
1201 780 1535 851 corruptelae
1553 821 1567 847 ,
1600 780 1696 836 sed
1725 795 1892 836 sexus
1917 796 2083 836 voca-

479 873 663 929 bulum
696 882 800 927 est.
836 870 999 944 Vulgi
1030 886 1163 928 usus
1195 888 1301 927 non
1345 872 1667 945 praeiudicat
1695 874 1934 930 veritati.
1970 874 2083 930 Dc-

478 967 645 1037 niquc
674 965 959 1037 virginitas
988 967 1226 1038 primum
1266 966 1370 1022 boe
1410 981 1609 1023 nomen
1652 969 1903 1038 accepit;
1952 982 2079 1024 nam

477 1079 602 1118 cum
654 1064 982 1134 sumpsisset
1017 1065 1159 1119 Deus
1186 1079 1349 1119 unam
1375 1064 1447 1119 de
1469 1064 1638 1119 costis
1671 1062 1831 1129 Ade,
1865 1068 1923 1117 et
1953 1076 2081 1133 sup-

479 1158 738 1229 plevisset
779 1173 1001 1215 carnem
1047 1158 1101 1213 in
1148 1158 1326 1214 locum
1368 1156 1585 1228 ipsius:
1614 1153 1956 1226 Edtﬁcaeit,
2000 1155 2082 1210 in-

479 1251 629 1323 quit,
667 1268 781 1307 eam
807 1252 863 1306 in
890 1251 1159 1306 mulierem
1204 1249 1359 1323 (Gen.
1392 1264 1465 1316 ιι,
1497 1248 1620 1319 22).
1666 1247 1865 1317 Utique
1903 1246 2085 1303 adhuc

479 1345 659 1401 virum
708 1359 816 1400 non
857 1350 1222 1414 cognoverat,
1268 1350 1325 1398 et
1362 1343 1475 1412 jam
1517 1341 1715 1396 mulier
1758 1340 2076 1396 vocabatur.

484 1438 768 1494 Rationem
801 1452 1018 1508 quoque
1051 1435 1289 1491 nominis
1320 1434 1482 1505 huius
1525 1434 1810 1505 Scriptura
1853 1447 1961 1490 non
2001 1440 2089 1489 tu»

478 1531 594 1588 cuit
628 1531 853 1586 dicens:
896 1529 1031 1598 Quia
1075 1529 1207 1585 dixit
1245 1528 1452 1584 Adam:
1488 1527 1564 1584 οε
1589 1528 1653 1583 de
1678 1529 1878 1583 ossibus
1917 1529 2042 1583 meis
2064 1568 2079 1593 ,

481 1636 528 1681 et
565 1641 687 1680 caro
715 1623 777 1679 de
806 1638 960 1678 carne
990 1639 1118 1677 mea.
1149 1622 1280 1678 Haec
1309 1623 1572 1677 vocabitur
1602 1622 1808 1691 mulier,
1840 1622 2085 1693 quoniam

480 1719 544 1776 de
572 1722 680 1775 viro
708 1732 803 1774 suo
832 1728 1036 1787 sumpta
1062 1726 1138 1773 est
1164 1717 1183 1791 (
1201 1717 1363 1783 Ibid.,
1392 1715 1518 1790 25).
1550 1716 1685 1784 Quia
1716 1726 1929 1786 sumpta
1958 1722 2041 1771 est
2064 1756 2079 1781 ,

2181 512 2229 556 et
2254 503 2524 558 eievamini
2550 513 2712 571 parite
2737 505 3020 573 wternales,
3062 515 3112 560 et
3149 504 3383 560 introibit
3430 502 3543 562 Rea:
3582 508 3791 578 glorite.

2183 597 2312 664 Quis
2328 606 2405 653 est
2422 600 2517 653 iste
2536 596 2649 654 Rex
2672 599 2854 674 glorite
2880 598 3054 671 (Psal.
3076 614 3234 664 χχιιι,
3254 600 3308 667 7,
3323 600 3419 671 8)?
3443 598 3799 672 interrogant

2180 691 2332 763 quasi
2356 692 2639 763 ignorent;
2673 702 2727 748 et
2753 692 2842 748 alii
2873 693 3247 764 respondent:
3279 692 3538 749 Dominus
3564 697 3721 766 fortis
3747 702 3801 751 et

2180 796 2382 856 potens,
2416 784 2672 841 Dominus
2693 796 2871 858 potens
2896 789 2949 841 in
2980 786 3185 856 prtt’lio,
3216 788 3330 857 ipse
3352 796 3425 842 est
3452 787 3564 842 Rea:
3584 789 3797 860 glorias.

2181 878 2251 933 Et
2288 878 2541 948 repetivit
2579 878 2853 950 Propheta
2882 880 3103 935 eosdem
3135 880 3456 945 versiculos,
3489 890 3545 935 et
3589 878 3802 937 nihilo-

2182 972 2363 1027 minus
2393 970 2471 1025 illi
2499 971 2655 1043 quasi
2687 971 3006 1044 ignorantes
3035 972 3232 1028 iterum
3269 972 3796 1042 interrogaverunt;

2181 1064 2263 1120 sic
2286 1064 2433 1121 enim
2460 1062 2729 1133 scriptum
2756 1073 2839 1121 est
2868 1080 2885 1118 :
2915 1063 3109 1119 Tollite
3133 1074 3332 1138 portas,
3362 1065 3647 1134 principes,
3678 1083 3803 1121 ves-

2183 1166 2311 1226 tras,
2335 1166 2388 1212 et
2406 1159 2682 1214 elevamini
2701 1168 2869 1228 porta:
2892 1159 3183 1224 teternales,
3208 1166 3255 1213 et
3280 1158 3514 1213 introibit
3541 1157 3660 1214 Rea:
3679 1160 3806 1230 'glo-

2180 1253 2295 1309 rite.
2333 1250 2460 1321 Quis
2486 1262 2560 1308 est
2588 1254 2685 1307 iste
2713 1251 2827 1309 Rea:
2851 1252 3034 1325 gloria:
3062 1251 3231 1325 (ibid.
3259 1266 3316 1322 9,
3344 1248 3477 1323 i0)?
3501 1252 3803 1322 Quomodo

2181 1360 2313 1417 ergo
2339 1346 2505 1401 homo
2535 1347 2709 1415 potuit
2735 1346 2979 1401 divinmn
3009 1346 3152 1401 scire
3180 1350 3452 1401 secretum
3475 1386 3491 1412 ,
3523 1345 3670 1415 quod
3701 1360 3806 1400 an-

2182 1439 2289 1510 geli
2330 1439 2693 1494 nesciebant?
2735 1437 2805 1494 Et
2845 1440 2895 1494 in
2940 1436 3115 1494 Esaia:
3147 1438 3288 1493 libro
3319 1436 3527 1492 babes:
3563 1439 3697 1506 Quis
3726 1449 3806 1495 est

2183 1532 2312 1598 iste,
2352 1532 2440 1603 qui
2477 1531 2682 1587 advenit
2707 1549 2773 1588 ex
2802 1530 2972 1587 Edam
2996 1547 3015 1596 ;
3041 1532 3200 1586 rubor
3230 1532 3654 1586 vestimentorum
3683 1536 3807 1607 ejus

2184 1645 2249 1685 ea:
2274 1627 2441 1685 Bosor
2463 1627 2636 1701 (Esai.
2664 1642 2818 1698 ικιιι,
2847 1628 2937 1701 l)?
2962 1626 3031 1684 Et
3052 1629 3239 1699 utique
3268 1628 3446 1683 minus
3474 1635 3595 1683 erat
3618 1629 3809 1684 bont'i—

2188 1737 2311 1779 nem
2332 1723 2723 1788 resurrcsisse,
2744 1736 2906 1793 quam
2932 1722 3200 1792 virginem
3227 1720 3547 1791 parturisse.
3574 1716 3803 1775 Etenim

482 1817 688 1887 inquit,
723 1815 791 1871 de
820 1815 939 1869 viro
964 1828 1094 1878 suo,
1131 1828 1237 1869 non
1267 1814 1390 1885 quia
1424 1814 1598 1869 virum
1628 1824 1872 1884 experta.
1902 1810 2097 1881 itaque
2123 1802 2173 1864 B
2194 1816 2304 1887 jam
2332 1813 2470 1870 Eli-.e
2497 1815 2773 1885 precibus,
2800 1811 2983 1870 Elistci
3006 1813 3349 1869 orationibus
3378 1810 3581 1868 mortui
3610 1824 3807 1869 resur-

478 1908 735 1980 quamdiu
777 1908 829 1961 in
859 1905 1111 1979 paradiso
1142 1905 1243 1961 iuit
1264 1948 1278 1973 ,
1312 1905 1511 1961 mulier
1539 1914 1726 1962 vocata
1765 1913 1878 1972 est,
1911 1913 1964 1958 et
1994 1916 2087 1958 co-

477 2004 623 2073 gnita
654 2000 771 2056 viro
798 2015 908 2056 non
939 2006 1098 2056 erat:
1141 1999 1231 2055 ubi
1270 2007 1450 2056 autem
1491 2000 1663 2071 ejecta
1702 2009 1785 2055 est
1823 1997 1892 2054 de
1931 2011 2086 2068 para-

480 2096 635 2164 diso,
668 2102 799 2150 tunc
829 2093 1023 2165 legitur
1051 2094 1175 2164 quia
1207 2093 1380 2149 Adam
1409 2093 1666 2164 cognovit
1696 2092 1862 2147 Evam
1891 2091 2085 2146 mulie-

481 2203 596 2245 rem
630 2202 783 2242 suam
807 2230 821 2254 ,
857 2195 912 2242 et
942 2194 1073 2243 tunc
1098 2186 1353 2258 concepit
1391 2194 1447 2241 et
1478 2186 1689 2257 peperit
1716 2185 1885 2242 tilium
1912 2182 2081 2256 (Gen.

485 2298 571 2349 tv,
604 2279 682 2355 i).
724 2281 939 2338 Primus
969 2282 1134 2353 igitur
1160 2282 1373 2339 solutus
1401 2291 1486 2339 est
1518 2282 1713 2337 nodus.

554 2377 645 2433 57.
687 2375 935 2432 Secunda
978 2377 1248 2448 quaestio,
1295 2376 1420 2448 quia
1468 2376 1735 2446 scriptum
1773 2383 1895 2440 est,
1929 2374 2088 2430 Ante-

484 2486 639 2541 quam
665 2471 1026 2533 convenirent,
1055 2471 1262 2524 inventa
1289 2479 1366 2524 est
1391 2471 1447 2523 in
1473 2480 1619 2525 utero
1651 2469 1842 2524 habens
1870 2467 2083 2541 (Matth.

486 2579 537 2630 ι,
569 2561 698 2635 18).
728 2561 1082 2618 Consuetudo
1109 2572 1290 2617 autem
1320 2561 1521 2617 divinae
1545 2561 1845 2631 Scriptura:
1869 2574 1934 2615 ea
1963 2570 2047 2615 est
2068 2602 2083 2628 ,

486 2666 544 2713 ut
580 2671 801 2712 causam
834 2670 955 2728 quae
987 2664 1240 2727 suscepta
1269 2662 1355 2710 est
1379 2697 1394 2722 ,
1425 2665 1670 2723 aStruat,
1701 2654 1730 2693 ι)
1755 2654 2085 2711 incidentem

485 2747 721 2804 diﬁcrat.

558 2841 647 2897 38.
676 2841 795 2909 Quo
818 2840 1052 2896 solvitur
1079 2841 1245 2895 etiam
1275 2840 1435 2896 tertia
1460 2842 1693 2912 quaestio
1712 2885 1725 2909 ,
1750 2856 1859 2914 qua
1882 2842 2091 2899 dictum

484 2941 567 2986 est
592 2949 605 2985 :
643 2931 767 2985 Non
795 2933 1031 3003 cognovit
1059 2949 1190 2999 eam,
1225 2934 1387 2987 donec
1418 2934 1619 3003 peperit
1650 2930 1847 2989 Filium
1882 2933 2084 3005 (Ibid.,

489 3023 602 3094 i9).
638 3024 776 3093 Quid
806 3025 984 3096 ergo?
1010 3024 1205 3083 Postea
1238 3027 1543 3097 cognovit?
1568 3027 1811 3083 Minime.
1847 3028 2088 3100 Denique

485 3116 655 3172 habes
682 3117 943 3185 scriptum
968 3135 979 3170 :
1017 3115 1131 3190 Ego
1161 3135 1274 3173 sum
1305 3117 1445 3173 Deus
1463 3160 1478 3185 ,
1505 3127 1551 3174 et
1581 3117 1742 3173 donec
1769 3120 2049 3175 senescatis
2068 3161 2089 3187 ,

2186 1918 2445 1966 rexerant
2476 1908 2565 1982 (lii
2599 1909 2725 1979 Reg.
2758 1922 2911 1974 xvu,
2937 1907 3033 1977 22)
3061 1925 3073 1960 :
3104 1921 3399 1974 numquam
3429 1913 3614 1961 autent
3645 1912 3805 1974 ante,

2188 2017 2480 2073 numquam
2515 2012 2700 2072 postea
2734 2002 2887 2073 virgo
2919 2001 3197 2071 generavit
3229 1996 3321 2072 (Ν
3354 1998 3484 2072 Reg.
3513 2014 3594 2064 tv,
3630 1996 3747 2070 l7}.

2258 2096 2349 2152 40.
2395 2096 2507 2152 Hoc
2537 2103 2714 2151 autem
2749 2095 3002 2166 apinatus
3029 2093 3280 2164 estquod
3325 2091 3641 2147 traduceret
3675 2106 3805 2149 eam

2187 2190 2339 2260 quasi
2368 2202 2540 2253 ream,
2571 2198 2860 2258 antequam
2895 2185 2963 2240 ab
2998 2185 3193 2257 angelo
3228 2194 3545 2240 moneretur
3575 2182 3803 2256 (Matth.

2188 2297 2227 2347 ι,
2262 2281 2355 2352 20)
2387 2298 2401 2334 :
2443 2290 2628 2351 postea
2660 2287 2840 2335 autem
2880 2279 3037 2350 quasi
3070 2275 3244 2333 ﬁdelis"
3272 2290 3371 2333 nec
3395 2276 3597 2334 dubius
3630 2277 3804 2350 virgi-

2191 2373 2383 2430 nitatis
2405 2373 2522 2445 ejus
2559 2371 2801 2429 servavit
2827 2371 3128 2428 oraculum.

2813 2506 3041 2565 CAPUT
3080 2506 3173 2562 Vi.

2192 2605 2395 2664 Salutis
2424 2606 2546 2661 aliis
2574 2605 2773 2659 duabus
2810 2604 2946 2659 circa
2982 2600 3211 2657 eamdem
3251 2618 3359 2656 rem
3403 2601 3813 2675 objectiouibns,

2260 2698 2473 2753 additur
2497 2697 2780 2751 absurdum
2812 2695 2943 2750 illud
2983 2696 3222 2767 futurum
3249 2694 3410 2767 fuisse
3433 2736 3451 2763 ,
3486 2695 3533 2749 si
3561 2694 3811 2751 Christus

2260 2800 2473 2844 matrem
2513 2790 2570 2844 in
2606 2789 2897 2861 virginitate
2924 2803 3026 2842 non
3055 2798 3499 2859 perseveraturum
3541 2789 3804 2861 elegisset,

2261 2895 2350 2940 aut
2381 2886 2426 2940 ei
2455 2884 2854 2956 prazclarissima
2884 2883 3193 2956 virginitatis
3224 2898 3439 2937 munera
3471 2882 3804 2956 denegasset.

2261 3026 2350 3083 Μ.
2375 3025 2487 3082 Nec
2518 3025 2650 3080 illud
2683 3032 2920 3087 moveat,
2944 3021 3091 3094 quod
3109 3023 3212 3077 ait:
3232 3018 3579 3093 Quialoseph
3602 3023 3813 3091 accepit

2191 3120 2460 3195 conjugem
2495 3135 2665 3184 suout,
2698 3128 2746 3174 et
2778 3120 3047 3189 profectus
3073 3117 3224 3171 estin
3252 3113 3549 3188 ﬁgyptum
3580 3116 3805 3187 (Matth.

486 3226 579 3281 ego
604 3226 720 3264 sum
751 3207 923 3280 (Esai.
953 3226 1115 3276 XLVI,
1145 3210 1234 3283 4).
1270 3211 1541 3282 Numquid
1589 3213 1753 3282 igitur
1801 3222 2086 3283 postquam
2114 3197 2158 3260 C
2193 3230 2231 3279 t,
2263 3213 2394 3285 24);
2433 3214 2759 3283 desponsata
2802 3214 2947 3267 enim
2982 3212 3100 3266 viro
3128 3211 3371 3282 conjugis
3410 3226 3610 3267 nomen
3641 3225 3807 3268 acce-

485 3313 820 3369 senuerunt,
848 3305 1047 3376 quibus
1074 3305 1235 3360 donec
1257 3305 1460 3361 dictum
1489 3314 1638 3373 erat,
1670 3305 1812 3362 Deus
1838 3314 1964 3363 css‘c
1991 3307 2088 3363 dc-

487 3398 654 3453 sivit?
682 3398 819 3455 item
853 3399 906 3454 iu
951 3399 1236 3470 prophetia
1276 3398 1451 3455 David
1489 3401 1758 3471 legimus:
1794 3399 1942 3456 Dixit
1971 3398 2082 3455 Do-

486 3492 653 3546 minus
678 3489 902 3547 Domiuo
926 3510 1035 3548 meo
1055 3510 1073 3548 :
1096 3493 1232 3550 Sede
1257 3511 1288 3548 a
1310 3495 1507 3550 dextris
1528 3497 1679 3563 meis,
1707 3497 1868 3551 donec
1895 3512 2087 3567 ponam

487 3584 726 3639 inimicos
753 3594 867 3640 tuos
893 3586 1173 3641 srabellum
1198 3590 1393 3660 pedum
1418 3598 1623 3643 tuorum
1648 3589 1822 3661 (Psal.
1849 3605 1939 3646 (ιιι
1962 3633 1977 3657 ,
2006 3593 2083 3663 i).

484 3674 761 3747 Numquid
787 3677 1051 3749 subjectis
1079 3681 1293 3750 populis
1326 3680 1606 3736 nationum
1625 3724 1638 3748 ,
1669 3683 1760 3753 qui
1787 3692 1914 3739 ante
1943 3683 2091 3740 vide-

487 3768 688 3823 bantur
719 3769 957 3836 inimici,
993 3786 1115 3827 cum
1147 3773 1339 3828 salutis
1373 3783 1657 3831 auctorem
1689 3784 1989 3846 negarent,
2018 3776 2092 3832 si-

484 3861 739 3917 mulacris
765 3864 1069 3931 servirent,
1097 3864 1164 3919 ad
1187 3864 1467 3922 dexteram
1497 3867 1678 3924 Patris
1700 3868 1877 3926 Filius
1896 3869 2092 3927 sedere

486 3950 717 4019 desivit,
747 3963 840 4008 ant
870 3955 924 4009 in
956 3966 1281 4026 perpetuum
1310 3973 1419 4013 non
1444 3958 1702 4015 sedebit?

556 4043 647 4100 59.
673 4045 813 4114 Quid
836 4057 1018 4104 autem
1042 4049 1362 4120 praeiudicat
1386 4051 1568 4107 Mariae
1585 4094 1599 4116 ,
1626 4053 1672 4107 si
1695 4054 1939 4109 ccclestis
1959 4069 2089 4109 con—

483 4135 592 4193 siiii
619 4139 936 4209 mysterium
964 4140 1168 4212 Josepb
1198 4158 1304 4197 non
1335 4145 1643 4211 intellexit,
1665 4157 1723 4201 et
1749 4148 1955 4217 putavit
1982 4148 2088 4203 vir-

482 4228 667 4300 ginem
698 4245 807 4286 non
831 4245 990 4298 esse,
1018 4248 1179 4303 quam
1208 4245 1578 4306 praegnantem
1608 4237 1860 4294 videret?
1885 4240 2090 4295 Resur-

486 4327 783 4382 rectionem
808 4326 925 4398 ejus
949 4330 1124 4400 angeli
1156 4330 1543 4401 ignoravcrunt
1562 4372 1577 4399 ,
1609 4333 1754 4403 quod
1781 4333 2092 4405 signiﬁcant

2196 3307 2296 3379 pit.
2338 3304 2472 3361 Cum
2514 3306 2659 3361 enim
2710 3304 2956 3361 initiatur
3000 3303 3310 3375 ennjugium
3344 3303 3457 3371 (27,
3491 3319 3544 3374 ᾳ.
3585 3303 3642 3373 2,
3672 3302 3809 3360 Cum

2193 3402 2462 3467 initiatur,
2494 3403 2521 3456 i
2555 3409 2603 3456 et
2635 3400 2723 3468 2),
2768 3408 2897 3455 tunc
2930 3399 3163 3470 conjugii
3203 3412 3401 3454 nomen
3440 3397 3807 3463 adsciscitur;

2194 3491 2219 3530 ιι
2251 3494 2516 3549 nonenim
2548 3491 2836 3547 deiioratio
2852 3491 3179 3564 virginitatis
3205 3490 3333 3546 iacit
3353 3489 3807 3561 conjugium,sed

2196 3587 2381 3658 pactio
2402 3586 2724 3657 coniugalis.
2754 3584 3003 3655 Denique
3028 3599 3150 3639 cum
3172 3583 3418 3654 jungitur
3440 3582 3644 3651 puella,
3673 3596 3809 3637 con-

2188 3680 2397 3751 iugium
2423 3688 2507 3734 est
2528 3720 2542 3745 ,
2578 3692 2683 3733 non
2714 3692 2837 3733 cum
2876 3676 3019 3731 virili
3057 3675 3393 3731 admixtione
3421 3674 3803 3744 cognoscitur.

2263 3773 2354 3828 42.
2396 3771 2551 3841 Quod
2580 3776 2760 3826 autem
2800 3770 2900 3826 fuit
2928 3769 3254 3840 desponsata
3284 3767 3583 3832 connubio,
3616 3778 3639 3805 ε
3675 3768 3811 3825 licet

2192 3869 2321 3924 alibi
2348 3869 2561 3941 plenius
2583 3867 2906 3932 dixerimus,
2938 3866 3108 3920 libare
3138 3878 3282 3920 nimo
3307 3865 3439 3918 satis
3468 3871 3555 3917 est
3579 3878 3805 3918 causam

2193 3963 2432 4020 amisistis
2463 3960 2708 4034 mystcrii
2737 3976 2751 4025 ;
2791 3969 2850 4013 ut
2877 3958 2945 4013 ab
2975 3959 3059 4013 bis
3086 3957 3181 4028 qui
3210 3955 3435 4010 Mariam
3461 3954 3616 4024 gravi
3647 3964 3807 4011 utero

2196 4063 2527 4122 cernerent,
2564 4070 2668 4108 non
2697 4052 3023 4108 adulterium
3055 4049 3406 4119 virginitatis,
3437 4048 3533 4102 sed
3567 4048 3807 4118 despon-

2196 4162 2330 4207 satae
2361 4158 2549 4221 partus
2575 4149 2848 4220 legitimus
2878 4147 3210 4202 crederetur.
3241 4142 3431 4199 Maluit
3449 4142 3599 4199 enim
3626 4143 3806 4197 Domi-

2198 4260 2300 4300 nus
2331 4244 2543 4315 aliqoos
2573 4242 2642 4298 de
2671 4250 2765 4298 sua
2792 4238 3164 4313 generatione,
3194 4252 3361 4308 quam
3386 4236 3455 4292 de
3482 4236 3673 4291 matris
3699 4250 3807 4307 pu-

2197 4338 2330 4395 dore
2360 4335 2634 4392 dubitare.

559 4476 585 4503 κ
624 4465 1047 4544 Edit.,_notanda
1067 4470 1217 4544 nobis
1244 4480 1401 4544 sunt;
1431 4485 1563 4527 mss.
1594 4472 1788 4528 melius
1812 4514 1827 4540 ,
1849 4476 2078 4530 enodano
2106 4481 2161 4542 D
2186 4477 2363 4534 locum
2396 4476 2693 4544 Angelicus
2720 4474 2911 4530 doctor
2939 4472 3039 4527 sibi
3062 4470 3248 4539 objicit
3278 4476 3334 4524 et
3353 4466 3537 4544 solvit.
3575 4486 3593 4525 ι
3622 4482 3803 4543 parte,

486 4538 590 4603 da,
631 4549 737 4593 etc.
783 4538 954 4595 Porro
991 4540 1329 4610 objectiones
1369 4542 1476 4597 illae
1515 4559 1638 4614 qua:
1680 4545 1766 4599 hic
1804 4538 2080 4602 collectim

481 4620 972 4680 reprtesentantur,
1009 4627 1164 4668 nom
1195 4629 1299 4668 non
1326 4625 1504 4681 erant,
1536 4631 1637 4672 nec
1668 4614 2085 4674 bononistarum

485 4683 721 4751 proprize
746 4698 761 4746 ;
787 4691 839 4736 ut
865 4684 1170 4753 intelligere
1193 4695 1363 4742 estex
1388 4686 1609 4742 Hieron.
1642 4687 1906 4745 adversus
1934 4690 2085 4747 Hclv.

489 4760 546 4807 et
576 4753 776 4822 Epiph.
809 4753 931 4809 adv.
969 4756 1296 4811 Antidicom.

559 4823 586 4909 lt
628 4826 878 4909 incidens
907 4842 1067 4909 causa
1108 4829 1223 4884 sive
1251 4830 1483 4901 qumstio
1512 4828 1896 4888 secundarium
1927 4842 2091 4904 caput

490 4904 571 4951 est
601 4906 656 4970 et
686 4900 863 4954 minus
897 4900 1251 4970 prtecipuum.

562 4979 584 5007 ο
616 4968 785 5046 lium.
819 4969 948 5046 edit.
989 4968 1077 5025 ex'
1101 4987 1206 5046 uno
1236 4973 1356 5046 cod.
1396 4973 1513 5031 Vat.
1540 5018 1555 5042 ,
1598 4974 1856 5046 principes
1890 4977 2043 5031 vestri
2074 4995 2093 5032 :

486 5040 629 5115 quod
674 5039 1005 5115 Augustinus
1045 5043 1204 5098 etiam
1247 5045 1407 5115 legit.
1437 5039 1557 5101 cum
1590 5039 1728 5102 LXX
1761 5039 2005 5113 scilicet,
2034 5047 2091 5103 in

488 5111 710 5181 quibus,
757 5110 803 5167 ei
828 5110 1087 5191 ἆρχρντες
1114 5116 1274 5191 ῥμῷν.
1299 5110 1650 5174 Ἇῐῐιὶποεὶιὶιιί
1686 5128 1862 5191 tamen
1898 5110 2090 5189 reliqui

491 5197 628 5260 mss:
658 5198 721 5238 ac
751 5185 1024 5260 vetfe'dit:
1060 5185 1315 5260 principes
1347 5200 1538 5260 vestras
1567 5208 1585 5245 :
1619 5190 1888 5260 quomodo
1929 5185 2089 5244 etiam

491 5252 784 5321 prmfcrunt
813 5271 952 5311 vers.
982 5252 1137 5321 Vulg.
1163 5252 1407 5315 et'Arab.
1430 5252 1835 5317 Texlus'autem
1863 5260 2090 5316 Hebrai-

488 5339 587 5378 cus
628 5334 683 5379 at
731 5338 945 5404 getes-az
994 5327 1314 5404 versiones,
1341 5329 1600 5404 Attollite
1626 5373 1640 5396 ,
1682 5342 1881 5400 portae,
1921 5334 2095 5404 capita

488 5405 672 5450 vestra.
721 5398 874 5467 Quod
915 5404 1097 5453 autem
1142 5400 1471 5455 Dominicam
1512 5398 2094 5459 resurrectionem'di-

488 5479 684 5546 cuntur
717 5473 995 5546 ignorasse
1023 5468 1217 5546 Angcli
1242 5513 1256 5534 ,
1294 5475 1395 5528 boc
1427 5472 1599 5546 ipsum
1630 5475 1947 5546 Ambrosius
1977 5476 2092 5546 jam

489 5537 749 5615 docuerat
774 5542 872 5615 lib.
904 5558 941 5596 ιι
983 5543 1034 5615 in
1066 5537 1196 5597 Luc.
1246 5560 1394 5599 num.
1441 5537 1527 5599 i5.
1573 5545 1743 5615 Quam
1790 5537 2090 5603 doctrinam

491 5610 743 5687 similiter
771 5613 861 5668 lib.
903 5630 955 5668 tv
995 5614 1062 5669 de
1089 5615 1245 5681 Fide,
1276 5632 1400 5687 cap.
1438 5619 1488 5682 i’,
1521 5610 1662 5675 sicut
1690 5630 1741 5673 et
1767 5618 1859 5672 lib.
1886 5618 1954 5673 de
1981 5618 2092 5687 loie

494 5683 691 5736 tiandis
734 5700 853 5755 cap.
889 5688 922 5740 7
973 5688 1210 5752 reperies
1252 5682 1560 5746 elocutione
1595 5691 1883 5746 admodum
1929 5682 2099 5751 simili

495 5756 820 5833 9Xp03ilatu.
856 5756 1111 5833 Eamdclu
1137 5773 1289 5833 vero
1320 5761 1491 5818 fusius
1523 5765 1771 5819 enucleat
1807 5775 1996 5819 auctor
2032 5763 2099 5817 li-

495 5825 715 5887 brorum
765 5828 833 5884 de
885 5827 1096 5891 ccclestt
1136 5828 1449 5890 Hierarcbia
1488 5850 1609 5912 cap.
1657 5838 1723 5904 7,
1761 5834 1788 5907 §
1827 5835 1896 5902 ὅ,
1939 5835 2091 5905 cujus

2195 4557 2388 4620 qttmst.
2422 4541 2525 4604 1οἾ
2547 4557 2693 4620 ,_arl.
2722 4546 2786 4620 4,
2819 4545 2887 4620 ad
2917 4545 2979 4611 4,
3006 4556 3163 4620 quem
3193 4541 3433 4597 consule.

2266 4619 2292 4658 ά
2312 4621 2535 4677 Planum
2560 4618 2618 4672 iit
2637 4634 2702 4675 ex
2732 4618 2831 4672 hoc
2853 4619 3092 4673 loconon
3118 4615 3169 4667 in
3192 4612 3690 4680 consummatione,
3708 4615 3807 4671 sed

2196 4691 2247 4745 in
2273 4704 2460 4746 mutuo
2477 4686 3010 4757 cottseusu,t-onjttgii
3027 4694 3272 4740 naturam
3289 4688 3542 4757 constitui
3577 4687 3648 4757 ab
3671 4690 3805 4741 Am-

2196 4763 2403 4819 brosio.
2438 4762 2551 4830 Qua
2575 4762 2792 4831 quidem
2831 4756 2887 4813 in
2908 4756 2965 4813 re
2992 4772 3113 4831 cum
3146 4771 3210 4831 eo
3234 4756 3588 4811 consentiunt
3615 4756 3809 4814 [iicre-

2198 4818 2796 4907 nymus,;iugt'tstinu_s
2838 4840 2903 4907 et
2930 4829 3109 4883 caeteri
3148 4818 3340 4907 Patres
3355 4844 3399 4907 ἐ
3434 4843 3574 4907 unus
3608 4831 3660 4907 i_u
3704 4834 3807 4907 hoc

2197 4894 2382 4973 pbstea
2409 4894 2717 4960 'Gratvianus
2760 4903 2812 4956 in
2866 4900 3144 4973 (Decreto,
3190 4897 3310 4954 Pet.
3355 4894 3699 4973 Lombardus
3751 4903 3805 4973 in

2197 4971 2296 5030 lib.
2329 4992 2381 5031 tv
2413 4976 2661 5037 Seuten.,
2695 4974 2822 5029 dist.
2854 4972 2948 5037 27,
2978 4979 3033 5028 et
3056 4972 3143 5026 alii
3190 4973 3489 5026 cauonistze
3534 4971 3808 5044 theologi-

2195 5062 2300 5117 que
2331 5050 2505 5102 seculi
2540 5055 2682 5101 sunt.

2271 5127 2294 5155 ε
2334 5118 2490 5173 Rom.
2524 5117 2652 5173 edit.
2684 5117 2798 5172 sola
2830 5130 2944 5170 cum
2968 5115 3112 5183 alibi,
3141 5125 3269 5181 ctc.;
3302 5128 3488 5169 verum
3514 5114 3804 5171 retinenda

2197 5206 2299 5245 vox
2332 5192 2445 5244 licet
2473 5190 2697 5244 aliarum
2726 5204 2789 5243 ac
2817 5201 2946 5242 mss.
2974 5186 3327 5250 auctoritate;
3373 5187 3490 5249 plus
3521 5187 3675 5240 enim
3704 5188 3805 5241 Itoc

2197 5261 2318 5316 loco
2345 5262 2685 5331 signiﬁcatur
2716 5276 2876 5329 quam
2917 5257 3237 5329 exprimitur
3265 5274 3277 5310 :
3310 5265 3473 5327 atque
3512 5257 3654 5331 adeo
3685 5267 3805 5331 post

2197 5348 2359 5387 voces
2380 5328 2625 5402 ,vplenius
2662 5328 2945 5387 disserimus
2965 5328 3187 5402 {mente
3216 5330 3398 5402 utique
3432 5328 3801 5402 supplendum

2197 5399 2431 5468 videtur,
2461 5420 2523 5457 ac
2550 5404 2767 5476 proinde
2789 5403 2943 5476 facile
2957 5413 3085 5476 esset
3112 5399 3263 5476 plura
3287 5399 3473 5476 dicere.
3508 5399 3611 5455 Hic
3640 5412 3803 5476 porro

2198 5476 2465 5530 indicatur
2495 5470 2857 5544 eipositionis
2895 5475 2945 5527 in
2976 5472 3182 5544 [dueum
3205 5472 3239 5525 l.
3259 5486 3335 5544 ιι,
3365 5470 3453 5544 ubi
3483 5484 3590 5523 uOu
3623 5471 3799 5526 solum

2200 5548 2345 5609 buic,
2380 5547 2475 5601 sed
2503 5539 2807 5616 et'roliquis
2844 5546 2961 5614 ejus
2991 5539 3386 5613 objectionibus
3420 5540 3538 5616 fuse
3576 5556 3803 5612 reSpon-

2197 5617 2374 5674 detur.
2404 5616 2463 5672 Et
2492 5618 2612 5671 bino
2633 5612 2796 5673 etiam
2827 5612 2974 5684 patet
2994 5612 3166 5670 virum
3192 5612 3617 5684 sanctnm,dum
3641 5626 3801 5684 supra

2197 5691 2369 5757 dixit,
2412 5690 2562 5762 silere
2588 5689 2904 5762 jamdudum
2948 5687 3224 5762 maluimus
3245 5725 3260 5749 ,
3283 5698 3409 5762 Διὶριι
3441 5683 3510 5738 dc
3536 5683 3801 5762 doctrina

2200 5754 2469 5832 ipsaqsed'
2507 5754 2710 5816 tantum
2741 5761 2809 5816 de
2852 5759 3091 5832 personis
3121 5770 3253 5827 quas
3283 5754 3395 5810 illic
3434 5762 3505 5810 ex
3534 5755 3804 5813 industria

2201 5829 2307 5891 non
2339 5834 2690 5901 indicaverat,
2724 5829 3145 5903 intelligendum.
