3998 6190
603 286 716 346 519
1958 281 2205 340 SANCTI
2246 283 2571 341 AMBROSII
3831 290 3965 349 330

608 406 771 478 pendi
812 410 1038 460 mortem
1082 400 1179 458 ﬁlii
1221 407 1493 467 noverat,
1533 397 1949 470 praestolabatur
1991 398 2039 453 si
2071 397 2212 453 forte
2237 399 2285 459 Λ
2315 399 2428 470 ejus
2466 399 2621 453 exibit
2670 399 2886 471 (Ezech.
2918 416 3086 468 xuv,
3118 401 3145 457 1
3194 410 3244 458 et
3278 400 3437 477 seq.).
3488 404 3622 474 Quae
3667 415 3762 464 est
3816 406 3959 463 haec

608 502 775 559 etiam
823 514 919 554 sua
961 505 1137 553 morte
1169 496 1384 567 publico
1423 496 1635 550 muneri
1665 493 1864 565 aliquid
1892 491 2206 549 adderetur.
2312 498 2495 559 porta,
2528 492 2628 546 nisi
2675 492 2875 559 Maria;
2923 492 3047 549 ideo
3081 493 3292 560 clausa,
3340 498 3465 567 quia
3507 498 3706 570 virgo?
3762 499 3957 555 Porta

607 594 716 649 Sed
756 588 953 647 Christi
1004 589 1187 661 passio
1221 587 1494 659 adjutorio
1529 600 1636 641 non
1681 585 1870 655 eguit,
1925 584 2065 639 sicut
2093 584 2213 653 ipse
2312 580 2476 652 igitur
2514 581 2720 651 Maria,
2763 598 2860 654 per
2901 599 3064 656 quam
3108 582 3362 641 Christus
3405 587 3630 645 intravit
3673 591 3731 646 in
3786 590 3958 646 hunc

612 684 874 742 Dominus
907 684 1068 755 longe
1096 689 1223 737 ante
1250 680 1536 753 praalixit:
1566 677 1634 734 Et
1655 679 1879 749 respexi,
1908 686 1954 732 et
1982 693 2083 731 non
2104 684 2213 730 erat
2314 676 2574 731 mundum
2598 718 2614 742 ,
2641 676 2857 747 quando
2884 676 3137 748 virginali
3172 678 3325 734 fusus
3357 690 3442 736 est
3480 692 3659 752 partu,
3689 680 3719 719 '1
3749 692 3815 738 et
3842 698 3957 754 ge-

608 777 895 834 auxiliator
923 792 942 832 :
969 785 1017 830 et
1044 775 1262 839 attendi,
1294 782 1342 828 et
1367 789 1515 827 nemo
1544 770 1886 843 suscipiebat;
1913 777 1963 823 et
1987 767 2213 822 liberabo
2315 769 2507 824 nitalia
2548 769 2878 841 virginitatis
2905 772 3139 827 claustra
3175 788 3281 829 non
3330 774 3512 830 solvit.
3560 775 3765 833 Mansit
3799 778 3958 835 inte-

610 886 696 926 eos
725 869 938 924 brachio
962 884 1078 923 meo
1104 867 1280 941 (Esai.
1310 882 1459 933 um,
1489 864 1569 936 5).
2316 872 2583 918 meratum
2625 873 2843 933 septum
2889 864 3114 935 pudoris
3135 907 3150 929 .
3191 875 3248 921 et
3290 866 3551 924 inviolata
3595 869 3957 941 integritatis

2316 956 2581 1013 duravere
2612 959 2923 1029 signacula;
2955 974 3077 1014 cum
3100 962 3278 1018 exiret
3305 978 3373 1019 ex
3396 963 3627 1034 virgine,
3653 964 3827 1035 cujus
3858 965 3952 1021 al-

2317 1050 2603 1107 titudinem
2628 1052 2858 1107 mundus
2886 1054 3159 1109 sustinere
3188 1069 3292 1109 non
3322 1065 3526 1125 posset.

2390 1144 2482 1198 53.
2526 1141 2674 1209 IItrc,
2701 1144 2892 1215 inquit,
2923 1156 3073 1217 porta
3098 1146 3280 1201 clausa
3304 1148 3421 1213 erit,
3444 1158 3493 1203 et
3512 1165 3614 1203 non
3638 1151 3947 1220 aperietur.

2320 1236 2465 1291 Bona
2499 1248 2653 1307 porta
2694 1237 2862 1293 Maria
2890 1281 2905 1305 ,
2937 1255 3060 1310 qua:
3090 1240 3273 1295 clausa
3310 1250 3457 1307 erat,
3485 1252 3542 1298 et
3571 1258 3685 1299 non
3714 1246 3954 1315 aperie-

2319 1334 2502 1391 batur.
2544 1334 2821 1390 Transivit
2847 1350 2945 1406 per
2968 1351 3090 1391 eam
3129 1336 3397 1405 Christus,
3426 1338 3522 1394 sed
3557 1353 3662 1395 non
3689 1342 3948 1411 aperuit.

2322 1448 2325 1451 ·
2391 1427 2482 1483 54.
2531 1427 2603 1483 Et
2653 1437 2712 1482 ut
2762 1428 3059 1484 doceamus
3103 1430 3230 1500 quia
3275 1440 3486 1501 portam
3535 1430 3705 1489 habet
3754 1435 3951 1489 omnis

2320 1523 2483 1596 263
2517 1523 2704 1589 homo,
2735 1539 2832 1595 per
2864 1540 3026 1594 quam
3067 1523 3317 1581 Christus
3342 1526 3641 1598 ingreditur
3668 1544 3684 1581 :
3718 1526 3946 1596 Tollite,

618 1615 703 1672 Ad
733 1616 897 1688 Μ
928 1630 1116 1672 vocem
1157 1616 1342 1672 Maria:
1370 1615 1660 1671 exsultavit
1699 1612 1993 1668 infantulus
2013 1653 2030 1677 ,
2059 1612 2220 1667 obse-
2320 1617 2516 1687 inquit,
2562 1628 2760 1687 portas,
2805 1618 3084 1690 principes,
3119 1630 3345 1683 uestras,
3376 1630 3425 1675 et
3458 1621 3732 1677 elevamini
3772 1632 3950 1693 porta!

618 1717 778 1763 cutus
805 1719 1096 1780 antequam
1121 1708 1359 1779 genitus.
1406 1706 1520 1764 Nec
1548 1705 1821 1761 immerito
1844 1705 2043 1760 mansit
2074 1705 2218 1759 iute-
2321 1710 2586 1765 teternales
2609 1752 2624 1777 ,
2665 1720 2712 1765 et
2750 1712 2981 1767 introibit
3027 1711 3138 1767 Rea:
3183 1713 3368 1786 gloriae
3421 1712 3592 1786 (Psal.
3638 1730 3782 1771 mu
3808 1757 3826 1782 ,
3862 1715 3942 1787 7).

618 1813 718 1869 ger
741 1814 996 1870 corpore,
1021 1815 1180 1871 quem
1210 1800 1382 1855 tribus
1406 1798 1687 1855 mensibus
1707 1798 1829 1854 oleo
1850 1797 2080 1869 quodam
2107 1811 2221 1852 sua:
2250 1794 2299 1855 B
2326 1803 2541 1871 Quanto
2570 1804 2740 1874 magis
2766 1818 2897 1875 ergo
2925 1813 3079 1875 porta
3107 1814 3225 1860 erat
3249 1804 3305 1860 in
3330 1804 3498 1861 Maria
3523 1848 3539 1873 ,
3568 1806 3622 1862 in
3651 1822 3768 1878 qua
3798 1807 3947 1863 sedit

623 1893 932 1966 praesentia:
980 1902 1033 1948 et
1077 1894 1405 1964 integritatis
1450 1901 1725 1962 unguento
1768 1890 1983 1946 Domini
2041 1898 2220 1945 mater
2323 1895 2600 1965 Christus,
2625 1906 2683 1953 et
2705 1898 2916 1953 exivit?
2959 1897 3058 1954 Est
3082 1900 3226 1954 enim
3254 1908 3309 1954 et
3334 1909 3488 1970 porta
3518 1901 3751 1959 ventris.
3783 1901 3945 1959 Unde

621 1986 890 2042 exercuit.
947 1985 1256 2057 Eademque
1292 1996 1477 2057 postea
1521 1984 1717 2042 Joanni
1751 1982 2109 2055 Evangelistzc
2138 1990 2224 2038 est
2322 1990 2398 2045 ait
2425 1989 2527 2046 Job
2554 1998 2773 2045 sanctus
2803 2007 2818 2044 :
2850 1988 3308 2060 Intenebrescant,
3338 1992 3550 2063 inquit,
3577 1992 3751 2050 stella:
3777 1996 3943 2049 noctis

623 2077 818 2133 tradita
868 2077 1178 2149 coniugium
1229 2079 1518 2135 nescienti.
1559 2076 1715 2135 Unde
1756 2092 1864 2132 non
1910 2076 2081 2130 miror
2109 2090 2221 2145 pra:
2320 2083 2507 2148 illius;
2558 2085 2681 2154 quia
2717 2100 2820 2137 non
2861 2085 3114 2139 conclusit
3153 2093 3328 2156 portas
3369 2085 3558 2140 uentris
3593 2086 3785 2141 matris
3819 2102 3945 2141 mea:

622 2168 835 2224 caeteris
878 2168 1119 2225 locutum
1164 2170 1423 2242 mysteria
1469 2169 1688 2237 divina,
1730 2168 1815 2225 cui
1864 2174 2066 2240 praesto
2106 2174 2223 2223 crat
2326 2171 2469 2245 (Job.
2500 2190 2581 2242 ιιι,
2610 2173 2667 2241 9,
2701 2173 2816 2246 10).

621 2264 746 2320 aula
772 2263 1074 2321 cmlestium
1106 2274 1594 2321 sacramentorum.
2399 2268 2488 2324 55.
2521 2269 2618 2324 Est
2656 2284 2789 2340 ergo
2815 2278 2867 2325 et
2904 2278 3059 2341 porta
3104 2269 3351 2339 ventris,
3400 2281 3425 2309 ο
3456 2271 3556 2328 sed
3596 2286 3712 2329 non
3758 2273 3942 2330 clausa

1218 2378 1453 2436 CAPUT
1492 2376 1629 2434 v11],
2326 2376 2584 2431 semper:
2627 2376 2813 2417 verum
2847 2377 2952 2417 una
2987 2362 3103 2418 sola
3136 2363 3311 2431 potuit
3338 2377 3565 2420 manere
3589 2365 3814 2430 clausa,
3846 2381 3943 2435 per

626 2476 910 2533 Ezechielis
961 2475 1253 2532 testimonia
1275 2516 1292 2542 ,
1335 2482 1383 2529 et
1417 2473 1743 2546 potissimum
1781 2471 1918 2542 quod
1964 2470 2114 2525 habet
2161 2469 2228 2524 de

2343 2469 2487 2525 piam
2513 2454 2631 2509 sine
2660 2453 2950 2524 dispendio
2970 2454 3331 2511 claustrorum
3358 2455 3679 2526 genitalium
3712 2456 3943 2528 virginis

694 2581 850 2644 porta
877 2587 981 2625 non
1010 2568 1291 2639 aperienda
1316 2609 1331 2633 ,
1360 2545 1426 2622 in,
1459 2566 1687 2621 Mariam
1720 2564 2018 2636 quadrare;
2053 2573 2228 2635 utpote

2343 2555 2520 2616 partus
2552 2546 2739 2601 exivit.
2791 2545 2919 2601 ideo
2965 2548 3041 2601 ait
3093 2546 3363 2617 propheta
3396 2545 3615 2618 (Ezech.
3675 2548 3939 2619 xuv,2):

696 2640 788 2734 per
812 2678 968 2730 quam
1016 2669 1418 2731 non_reseratam
1469 2658 1730 2713 transierit
1777 2657 1921 2712 solus
1971 2654 2228 2721 Christus,

2343 2640 2496 2695 Porta
2523 2641 2632 2696 haec
2649 2640 2829 2695 clausa
2860 2640 2957 2694 erit
2984 2656 3003 2693 :
3027 2655 3132 2694 non
3156 2640 3439 2712 aperietur,
3457 2649 3507 2696 et
3531 2656 3682 2695 nemo
3709 2640 3941 2695 transibit

694 2732 868 2824 atque
892 2754 1036 2807 suam
1066 2751 1454 2824 εοηίοηαυενίι,
1488 2759 1544 2804 αι
1572 2758 1747 2821 poma
1771 2764 1834 2803 ηρ
1856 2745 2085 2823 ιοειιριιο
2109 2748 2227 2816 ηαξ-
2331 2751 2423 2807 per
2444 2751 2579 2801 eam,
2614 2734 2719 2789 hoc
2742 2744 2845 2797 est,
2870 2748 3032 2789 nemo
3057 2733 3373 2800 hominum;
3400 2733 3645 2804 quoniam
3664 2732 3934 2798 Dominus,

697 2845 815 2901 άεηι
844 2846 1104 2916 patefacta
1126 2844 1214 2899 σίι,
2333 2827 2529 2898 inquit,
2557 2824 2697 2880 Deus
2730 2824 2901 2880 Israel
2933 2826 3171 2880 transibit
3202 2842 3295 2893 per
3323 2842 3459 2881 eam.
3497 2824 3719 2897 Eritque
3745 2827 3937 2892 clausa,

2332 2920 2387 2977 id
2416 2930 2521 2987 est,
2548 2927 2679 2974 ante
2703 2927 2760 2973 et
2792 2928 2912 2988 post
2937 2918 3226 2973 transitum
3256 2917 3472 2973 Domini
3496 2918 3603 2974 erit
3625 2919 3815 2975 clausa
3841 2937 3855 2974 :
3884 2928 3934 2973 ct

684 961 776 1019 50.
828 960 1116 1030 Quomodo
1162 974 1293 1029 ergo
1344 957 1657 1028 extorqueri
1710 956 1885 1028 potuit
1929 954 2213 1026 integritas

612 1051 817 1118 Marize,
844 1066 968 1122 qua:
998 1049 1329 1121 fugientibus
1355 1049 1641 1119 apostolis,
1669 1046 1933 1117 supplicia
1963 1061 2069 1100 non
2104 1061 2217 1101 me-

610 1144 820 1211 tuebat,
846 1145 943 1200 sed
981 1145 1098 1216 ipsa
1137 1158 1199 1200 se
1236 1142 1500 1199 offerebat
1541 1140 1837 1213 periculis?
1873 1137 2041 1210 Cujus
2066 1148 2215 1196 tanta

612 1239 810 1312 gratia,
834 1250 892 1295 ut
919 1256 1026 1296 non
1053 1240 1228 1296 solum
1253 1241 1308 1296 in
1336 1255 1395 1296 se
1422 1240 1749 1311 virginitatis
1776 1238 2006 1310 gratiam
2033 1253 2214 1293 reser-

613 1342 771 1391 varet
793 1377 808 1401 ,
838 1335 934 1391 sed
957 1337 1121 1391 etiam
1146 1335 1231 1391 his
1251 1350 1389 1404 quos
1415 1335 1638 1400 viseret,
1660 1332 1988 1403 integritatis
2009 1332 2218 1404 insigne

613 1426 912 1483 conferret.
959 1427 1211 1483 Visitavit
1237 1427 1502 1484 Joannem
1533 1426 1830 1496 Baptistam
1851 1466 1868 1492 ,
1898 1427 2031 1481 etin
2062 1436 2218 1481 utero

617 1522 809 1578 matris
838 1522 1153 1593 priusquam
1204 1530 1542 1587 nasceretur,
1575 1520 1812 1576 exsilivit
1838 1518 1994 1591 (Luc.
2026 1536 2067 1585 ι,
2098 1518 2215 1591 41).

700 3004 758 3059 51
775 3045 788 3058 .
821 3002 975 3058 Nunc
999 3002 1130 3057 mihi
1159 3002 1342 3057 dicant
1362 3000 1452 3072 qui
1479 3000 1619 3056 hanc
1639 3000 1993 3071 quaaStionem
2019 3008 2228 3065 serunt,

2336 3026 2443 3067 nou
2493 3010 2768 3082 aperietur
2795 3024 2823 3063 a
2855 3024 3150 3080 quoquam,
3183 3023 3288 3064 nec
3316 3017 3506 3079 aperta
3533 3019 3657 3076 est;
3690 3009 3933 3081 quoniam

624 3097 755 3167 quid
801 3104 888 3151 est
924 3094 1070 3163 quod
1105 3093 1184 3149 ait
1219 3095 1478 3151 Dominus
1520 3110 1616 3165 per
1654 3092 1972 3164 prophetam
2018 3111 2032 3146 :
2076 3093 2228 3148 Nunc

2343 3106 2528 3163 habuit
2544 3123 2762 3180 semper
2778 3110 3002 3179 januam
3021 3122 3175 3163 suam
3197 3106 3495 3175 Christum,
3518 3108 3609 3178 qui
3633 3108 3782 3163 dixit
3801 3126 3814 3162 :
3831 3106 3933 3179 Ego

624 3191 871 3248 revocabo
900 3190 1244 3261 captivitatem
1270 3187 1458 3256 Iacob,
1479 3198 1529 3243 et
1553 3186 1827 3242 miserebor
1855 3185 2027 3241 adhuc
2047 3187 2233 3242 domus
2258 3182 2304 3246 C
2336 3217 2452 3256 εηηι
2482 3203 2652 3273 iam“;
2689 3200 2875 3275 (10am
2922 3217 2955 3257 χ
2976 3243 2994 3269 ν
3042 3203 3121 3272 ’7)⁹
3154 3216 3315 3272 quam
3367 3214 3530 3257 nemo
3559 3200 3628 3257 ab
3676 3215 3743 3258 ea
3775 3201 3934 3272 ροιυίι

627 3283 797 3339 Israel
844 3282 1063 3353 (Ezech.
1111 3297 1309 3346 xxxix,
1350 3280 1467 3350 25).
1510 3280 1579 3336 Et
1620 3278 1780 3345 infra,
1814 3290 1840 3317 λ
1870 3278 2230 3352 Congregabo,

627 3376 834 3447 inquit,
865 3377 930 3430 de
956 3375 1189 3446 gentibus
1216 3391 1335 3442 eos,
1373 3383 1422 3428 et
1454 3372 1776 3445 congregabo
1812 3372 1931 3426 illos
1965 3371 2031 3427 de
2058 3373 2231 3443 regio-

626 3472 776 3527 nibus
815 3471 1085 3526 nationum
1107 3512 1124 3537 ,
1162 3478 1212 3524 et
1246 3467 1609 3538 sanctiﬁcabor
1648 3468 1703 3522 in
1753 3467 1830 3521 his
1864 3468 1923 3522 in
1958 3476 2232 3540 conspectu

2335 3294 2595 3350 avellere.

2410 3386 2500 3442 56.
2545 3387 2675 3442 Haec
2717 3394 2873 3457 porta
2904 3385 2971 3440 ad
3013 3386 3280 3442 orientem
3327 3386 3659 3456 aspiciebat;
3689 3385 3929 3457 quoniam

2337 3494 2525 3534 verum
2552 3478 2737 3535 lumen
2760 3478 2968 3544 eﬁ'ndit,
2999 3493 3119 3550 qua:
3141 3478 3423 3550 generavit
3447 3477 3754 3544 Orientem,
3782 3491 3927 3547 pepe

626 3567 855 3639 gentium
882 3582 901 3621 :
932 3574 979 3619 et
1013 3566 1177 3620 scient
1205 3562 1345 3634 quod
1372 3580 1464 3635 ego
1491 3579 1608 3617 sunt
1638 3561 1893 3617 Dominus
1923 3560 2063 3617 Deus
2094 3562 2228 3632 ipso-

2343 3572 2516 3643 ritque
2557 3572 2737 3628 Solem
2791 3570 3043 3642 iustitiae.
3088 3570 3332 3626 Audiant
3362 3584 3494 3641 ergo
3524 3569 3924 3641 imprudentes:

624 3678 763 3726 rum,
792 3660 915 3714 dum
943 3658 1203 3732 apparebo
1228 3658 1336 3713 illis
1359 3658 1495 3717 inter
1514 3658 1784 3722 nationes;
1809 3666 1855 3711 et
1882 3673 1983 3711 non
2008 3666 2231 3711 avertam

625 3755 849 3826 amplius
872 3754 1054 3823 faciem
1085 3769 1253 3807 meam
1279 3751 1342 3806 ab
1368 3752 1475 3815 eis,
1511 3767 1605 3819 pro
1636 3767 1695 3805 eo
1727 3750 1865 3820 quod
1900 3748 2059 3817 effudi
2097 3750 2231 3803 iram

627 3865 792 3903 meam
828 3848 882 3901 in
927 3845 1136 3901 domum
1180 3843 1388 3912 Israel,
1434 3843 1560 3899 dicit
1600 3842 1851 3898 Dentium
1904 3839 2072 3913 (Ibid.
2102 3882 2117 3907 ,
2157 3840 2229 3895 27

626 3954 675 3997 et
701 3939 860 4012 seq.).

699 4034 790 4090 52.
834 4032 899 4088 Et
920 4033 1057 4088 inl‘ra
1082 4030 1217 4087 dicit
1244 4028 1501 4101 propheta
1528 4027 1731 4085 vidisse
1750 4043 1811 4084 se
1837 4027 1888 4083 in
1914 4035 2100 4082 monte
2118 4025 2231 4082 alto

626 4128 790 4186 nimis
825 4124 1242 4182 :edilicatiouem
1274 4123 1511 4179 civitatis
1543 4120 1770 4193 (Ezeeh.
1803 4136 1894 4183 ιι..
1921 4118 1959 4174 2
1986 4128 2034 4174 et
2061 4118 2229 4191 seq.),

625 4222 780 4293 cujus
804 4228 974 4292 porta:
996 4218 1245 4288 plurima:
1267 4216 1642 4284 signiﬁcantur
1666 4232 1680 4279 ;
1711 4229 1819 4269 una
1846 4224 2025 4269 tamen
2048 4212 2231 4267 clausa

625 4315 957 4373 describitur
978 4356 995 4381 ,
1034 4312 1102 4370 de
1136 4328 1239 4382 qua
1279 4312 1359 4367 sic
1386 4311 1461 4366 ait
1493 4329 1506 4366 :
1532 4306 1561 4348 ι’
1594 4310 1661 4364 Et
1690 4310 1911 4363 converti
1936 4325 2015 4363 me
2044 4326 2230 4365 secun-

627 4410 751 4465 dum
775 4410 911 4463 uiam
938 4416 1102 4481 portae
1126 4415 1418 4460 sanctorum
1448 4402 1719 4458 exterioris
1738 4444 1753 4468 ,
1783 4419 1898 4474 qua:
1924 4404 2134 4473 respicit
2162 4404 2233 4458 ad

629 4504 893 4559 Orientem
911 4545 929 4570 ,
959 4512 1007 4557 et
1036 4504 1146 4557 lucc
1171 4508 1282 4555 erat
1308 4498 1505 4553 clausa.
1542 4497 1607 4552 Et
1632 4498 1705 4552 ait
1728 4497 1798 4551 ad
1828 4513 1908 4551 me
1927 4495 2181 4552 Dominus
2212 4514 2230 4552 :

2335 3662 2531 3720 Clausa
2562 3706 2578 3731 ,
2608 3664 2824 3736 inquit,
2855 3664 2960 3719 erit
3005 3663 3122 3717 haec
3153 3671 3307 3733 porta
3335 3705 3350 3730 ,
3377 3678 3499 3733 qua:
3530 3663 3710 3719 solum
3752 3660 3925 3729 recipit

2338 3758 2507 3814 Deum
2538 3758 2726 3814 Israel.
2769 3758 2819 3813 ls
2844 3758 3009 3829 igitur
3037 3757 3106 3813 de
3140 3771 3248 3829 quo
3274 3756 3479 3813 dictum
3510 3766 3596 3812 est
3638 3758 3704 3813 ad
3754 3754 3925 3811 Eccle-

2335 3853 2517 3908 siam:
2568 3852 2829 3919 Quoniam
2870 3852 3179 3922 confortavit
3226 3866 3370 3905 seras
3415 3860 3689 3922 portarum
3735 3859 3921 3903 tuarum

2339 3943 2458 4014 (Ps.
2486 3958 2682 4010 xccvu,
2704 3943 2813 4015 13),
2839 3959 2989 3998 suam
3018 3953 3228 4013 portam
3270 3940 3582 3997 confortare
3605 3957 3711 3996 non
3734 3936 3922 4013 potuit?

2338 4038 2445 4094 Sed
2473 4038 2818 4094 conﬁrmavit
2850 4037 3093 4107 profecto
3112 4078 3128 4104 ,
3152 4044 3209 4092 et
3248 4036 3487 4093 servavit
3516 4035 3795 4092 intactam.
3826 4031 3919 4087 De-

2337 4132 2501 4203 nique
2524 4147 2631 4187 non
2662 4142 2749 4188 est
2770 4140 2985 4200 aperta.

2409 4228 2499 4283 57.
2542 4226 2784 4282 Audiant
2804 4225 2967 4296 igitur
2993 4224 3314 4297 prophetam
3335 4224 3643 4281 dicentem:
3676 4222 3795 4278 Non
3812 4235 3917 4290 ape-

2335 4321 2498 4375 rietur
2516 4361 2534 4386 ,
2562 4320 2758 4390 eritque
2786 4318 2967 4373 clausa
2990 4360 3006 4386 ,
3037 4318 3140 4373 hoc
3169 4329 3276 4385 est,
3309 4333 3418 4374 non
3449 4317 3726 4388 aperietur
3750 4314 3816 4370 ab
3861 4324 3918 4365 eo

2335 4412 2423 4468 cui
2446 4410 2899 4480 desponsabitnr;
2929 4425 3037 4466 non
3062 4408 3408 4465 licebitenim
3436 4420 3496 4465 ut
3515 4408 3810 4480 aperiatur,
3834 4417 3916 4472 per

2336 4519 2499 4574 quam
2532 4503 2795 4558 Dominus
2822 4502 3099 4557 transibit.
3130 4501 3201 4557 Et
3232 4509 3359 4573 post
3399 4516 3523 4557 eum
3548 4542 3562 4568 ,
3598 4498 3798 4571 inquit,
3826 4494 3915 4550 erit

629 4596 794 4652 Porta
820 4598 929 4651 haec
953 4595 1129 4650 clausa
1158 4594 1273 4661 erit,
1297 4602 1346 4648 et
1370 4609 1471 4647 non
1503 4592 1783 4663 aperietur,
1815 4601 1864 4645 et
1892 4607 2041 4645 nemo
2066 4600 2228 4645 trans-

2343 4600 2520 4654 clausa
2539 4638 2556 4665 ,
2584 4596 2688 4651 hoc
2713 4605 2826 4659 est,
2854 4611 2964 4651 non
3008 4595 3216 4665 aperiet
3245 4609 3363 4650 eam
3414 4594 3654 4664 Joseph;
3684 4588 3915 4662 quoniam

622 4695 717 4750 ibit
747 4710 839 4765 per
864 4709 1019 4759 eam;
1060 4691 1305 4764 quoniam
1341 4688 1593 4745 Dominus
1628 4688 1764 4744 Dens
1796 4686 1965 4743 Israel
1992 4689 2229 4744 transibit

625 4804 718 4860 per
742 4803 872 4841 eam.
926 4784 1137 4855 Eritque
1164 4783 1373 4845 clausa.
1411 4782 1655 4851 quoniam
1698 4780 1811 4837 dua:
1847 4781 1932 4836 hic
1960 4781 2150 4837 sedebit
2179 4782 2231 4836 in

625 4896 719 4945 ea,
756 4888 811 4933 ut
846 4877 1123 4932 manducet
1149 4893 1334 4950 panem
1359 4877 1414 4931 in
1443 4884 1721 4944 conspectu
1753 4875 1983 4931 Domini.
2033 4876 2235 4931 Secun-

625 4973 754 5030 dum
781 4973 913 5029 viam
945 4982 968 5012 ε
999 4970 1185 5028 ﬁlum
1211 4979 1376 5043 porta:
1411 4969 1660 5037 intrabit,
1698 4979 1750 5025 et
1779 4968 2061 5025 secundum
2098 4969 2235 5023 viam

699 5099 728 5127 ι
771 5089 847 5144 Ita
870 5103 977 5147 vet.
1004 5091 1135 5148 edit.
1159 5106 1223 5147 ac
1250 5107 1382 5148 mss.
1406 5091 1605 5163 quibus
1624 5090 1768 5146 favet
1789 5090 1970 5163 versio
1990 5088 2233 5163 Syriaca.

628 5161 789 5233 Rotu.
821 5172 1002 5218 autem
1033 5163 1166 5220 edit.
1199 5179 1323 5218 cum
1357 5160 1504 5218 testu
1536 5162 1700 5217 Hebr.
1728 5170 1785 5216 et.
1812 5160 2043 5233 reliquis
2065 5174 2236 5226 vers.,

625 5231 891 5311 reducam.
928 5233 1095 5311 LXX,
1126 5235 1207 5290 Ἐν
1235 5244 1310 5311 τῷ
1334 5233 1667 5311 ἀποᾳςτρέψαι
1687 5254 1772 5306 με,
1802 5241 1912 5311 etc.

2338 4690 2553 4747 dicetur
2585 4689 2637 4745 ei
2667 4707 2681 4745 :
2713 4688 2842 4744 Noli
2888 4689 3067 4743 timere
3120 4689 3359 4759 accipere
3396 4686 3621 4742 Mariam
3670 4684 3915 4754 coniugem

2336 4793 2517 4847 tuam;
2545 4783 2687 4852 quod
2715 4781 2853 4836 enim
2879 4795 2943 4835 ea:
2971 4794 3033 4834 ea
3058 4789 3320 4847 nascetur,
3352 4780 3416 4836 de
3441 4778 3644 4851 Spiritu
3667 4782 3832 4833 sancto
3855 4777 3917 4824 est

2337 4873 2560 4947 (Matth.
2589 4890 2644 4939 ι,
2674 4873 2791 4945 20).

2411 5084 2437 5125 ἀ
2471 5086 2650 5143 Locus
2677 5087 2765 5144 hic
2793 5087 3169 5144 difﬁcultatem
3200 5086 3425 5143 alterius
3453 5099 3483 5141 e
3514 5082 3654 5157 libro
3679 5075 3910 5157 ιι-βξρρεε

2339 5161 2393 5215 in
2423 5159 2649 5223 Lucam,
2675 5175 2782 5230 quo
2813 5168 3118 5230 maternam
3148 5156 3671 5230 vulvam‘aperuisse
3694 5146 3915 5230 ῼΙπίξίιξξ

2340 5231 2562 5297 dicitur,
2586 5221 2803 5301 penitus
2823 5231 3008 5301 solvit.
3033 5228 3285 5285 Ostendit
3306 5221 3448 5283 enim
3469 5227 3584 5281 illic
3600 5221 3910 5301 ambrosian:

1126 5282 1985 5362 enm-omnibus
2016 5301 2239 5357 omnino
2341 5282 3003 5357 ἑόὲίίὸᾰᾶῐιόῆὂιῖἐιιιιέι
3033 5282 3271 5356 locutum
3293 5282 3500 5366 ,iquam
3528 5307 3587 5351 ut
3613 5290 3807 5366 Moysi-ﬁ
3819 5282 3911 5361 ἀρ’

627 5388 800 5443 vers,
835 5374 901 5430 Et
939 5380 1189 5432 convertit
1226 5394 1306 5432 me
1350 5394 1369 5432 :
1418 5385 1526 5430 vet.
1577 5385 1758 5429 autem
1806 5374 1942 5429 edit.
1976 5388 2040 5428 ac
2079 5388 2233 5435 mss.,

627 5444 698 5500 Et
716 5449 944 5521 converti
974 5466 1073 5521 me.
1107 5449 1270 5521 Forte
1312 5464 1384 5521 an
1410 5445 1734 5521 Ambrosius
1755 5444 2160 5521 proiréa-rpexbe
2185 5445 2237 5498 iu

627 5517 753 5590 cod.
776 5520 1108 5597 suntegerit
1138 5518 1433 5597 ἐπέστρεψα
1457 5560 1470 5582 .
1514 5516 1655 5597 [acili
1687 5517 2005 5597 mutatione.

2341 5351 2738 5429 ἑὸιίὸέιῖὲιῖιιίἦ
2765 5351 3213 5427 accommodaret
3242 5351 3266 5423 7:7
3287 5351 3419 5423 nihil
3458 5377 3638 5423 autem
3683 5351 3743 5417 ca
3768 5351 3908 5434 9558'!“

2347 5445 2561 5499 ﬁcatum
2587 5444 2847 5508 voluisse,
2877 5444 2960 5499 nis
2987 5444 3162 5497 solum
3185 5440 3383 5496 Christi
3413 5440 3639 5503 exitum,
3693 5430 3907 5508 sed-viro

2342 5515 2585 5586 ginitatis
2611 5516 2782 5582 septis
2803 5506 2866 5568 ac
2896 5514 3084 5585 signis,
3115 5513 3292 5582 qualia
3321 5513 3534 5566 fuerant
3556 5518 3679 5586 ante
3705 5506 3906 5586 parﬁ'f;

704 5562 753 5627 ἴ
776 5562 1470 5661 ὖῖὲιιῖιῗέὤίἓὶὶῖιὶνίιῖξέ
1489 5562 2239 5661 a'ﬁerat'aietlnais‘edit.ex
2342 5562 2831 5661 ἓίΐῂἶξξρξᾶᾗζέῐ
2842 5562 3909 5661 “Biturigas;‘ps'iseteg-a..g§gs._vge

627 5674 762 5715 mss.
789 5662 1148 5717 restituimus.
1175 5662 1325 5717 Hanc
1349 5658 1516 5717 etiam
1541 5660 1744 5716 habent
1766 5658 1911 5715 LXX
1930 5674 2093 5729 quam
2122 5658 2242 5713 alia:

625 5730 913 5803 versioncs
958 5731 1395 5803 interpretantur
1444 5750 1457 5786 :
1497 5732 1632 5787 uiam
1670 5740 1834 5799 porta:
1870 5730 2122 5795 vestibuli,
2156 5730 2242 5785 vel

633 5799 899 5868 porticus.

2383 5644 2466 5710 nui
2488 5644 2654 5712 citato
2685 5656 2825 5712 libro
2852 5644 3054 5726 Expos.
3089 5657 3142 5710 in
3169 5644 3370 5709 Lucam
3395 5692 3410 5719 ,
3443 5652 3553 5707 col.
3597 5644 3749 5711 £300,
3778 5649 3902 5695 nunt.

2383 5728 2439 5795 7,
2469 5727 2900 5783 subnotavimus.

2425 5778 2904 5856 i‘stieii.'".iii"tioii
2934 5792 3100 5852 omnis
3126 5778 3305 5849 sintita
3332 5798 3552 5860 tmperi
