3974 6186
77 199 144 253 Sil
913 190 1003 246 DE
1040 186 1523 248 lNS'l‘l'l'UTlONE
1569 185 1867 246 VIRGINIS
1907 187 2112 244 LIBER
2154 186 2358 243 UNUS.
3180 188 3288 247 522

590 305 813 364 CAPUT
869 305 962 362 1X.
1603 306 1656 365 A
1684 319 1818 356 unus
1845 312 1916 356 est
1950 301 2186 355 Christus
2218 299 2436 372 (Matth.
2467 315 2624 366 XXIII,
2660 298 2791 371 10)?
2831 300 2981 357 Unus
3010 312 3116 369 est,
3161 305 3288 375 quia

81 401 288 468 Quomodo
301 399 441 454 rariis
468 399 710 470 symbolis
731 399 996 471 virginitas
1025 399 1369 471 signiﬁcetur,
1400 397 1582 468 quidve
1685 397 1996 466 unigenitus
2039 396 2132 451 Dei
2167 395 2308 449 [ilius
2339 411 2351 447 :
2386 394 2510 466 quia
2556 393 2704 448 solus
2732 435 2745 459 ,
2777 403 2833 448 ut
2861 393 3124 466 scriptum
3157 406 3241 452 est
3273 414 3287 451 :

127 510 171 547 ex
191 508 338 546 eorum
362 491 572 564 singulis
602 491 797 546 discere
817 491 1027 546 debeant
1059 507 1222 546 sacra:
1253 490 1512 562 uirgines?
1688 490 1825 556 Quia
1854 488 2101 560 expandit
2142 486 2327 542 caelum
2367 486 2533 554 solus,
2573 494 2621 540 et
2649 487 2879 541 ambulat
2911 489 3045 542 sicut
3072 489 3126 543 in
3156 499 3295 544 terra

123 585 188 640 58.
213 584 346 638 Porta
364 598 488 654 ergo
512 583 694 638 clausa
712 583 989 654 virginitas
1010 594 1124 638 est:
1149 593 1206 638 et
1228 582 1418 637 hortus
1438 580 1586 637 clau-
1685 601 1840 656 super
1883 598 2025 636 mare
2055 581 2074 652 (
2105 579 2224 635 Job.
2261 595 2344 645 Ix,
2387 578 2468 650 8).
2518 578 2615 635 Hic
2649 595 2779 650 ergo
2832 596 2941 635 non
2983 583 3294 650 secundus,

79 698 137 734 sus
157 679 393 748 virginitas
421 689 508 734 :et
532 678 648 733 fons
674 679 916 749 signatus
943 677 1250 749 virginitas.
1282 676 1454 742 Audi,
1478 675 1587 730 vir—
1687 677 1811 746 quia
1844 676 2051 746 primus
2082 684 2166 730 est
2191 692 2205 730 :
2235 690 2344 729 non
2385 681 2473 729 est
2500 673 2806 744 secundus,
2836 675 2960 746 quia
3004 691 3146 732 unus
3173 685 3296 733 est:

79 790 150 842 go,
172 770 442 842 diligentius
471 770 668 840 apertis
710 769 932 826 auribus
953 811 968 837 ,
999 783 1054 825 et
1102 771 1292 825 clauso
1333 769 1544 840 pudore
1569 807 1584 834 ,
1695 769 1841 825 Unus
1873 768 2007 822 Deus
2037 776 2204 838 pater,
2230 783 2295 822 ea:
2319 782 2419 837 quo
2442 766 2640 833 omnia,
2670 777 2717 821 et
2741 784 2834 821 nos
2856 768 2909 821 in
2938 767 3032 822 illo
3052 785 3071 823 :
3094 779 3139 822 et
3169 786 3302 824 unus

79 864 179 931 aperi
200 878 382 929 manus,
409 873 465 917 ut
496 872 549 918 te
579 878 779 933 pauper
802 872 1092 932 agnoscat:
1119 861 1316 916 claude
1345 860 1585 926 ostium,
1691 861 1948 916 Dominus
1971 859 2123 914 Jesus
2157 859 2393 914 Christus
2414 901 2428 924 ,
2468 876 2559 924 per
2584 875 2735 928 quem
2763 862 2934 915 omnia
2958 904 2973 930 ,
3004 870 3054 915 et
3087 879 3179 918 nos
3209 879 3300 934 per

80 976 122 1012 ne
141 966 382 1013 temerator
418 957 616 1026 urepat
654 972 668 1009 :
708 955 860 1026 aperi
888 963 1160 1021 mentem,
1196 967 1355 1009 serva
1403 953 1589 1023 signa-
1693 954 1862 1020 ipsum
1893 952 1932 1020 (l
1961 952 2080 1007 Cor.
2114 968 2243 1019 vin,
2274 951 2354 1022 6).
2399 951 2552 1010 Unus
2592 952 2732 1008 Deus
2764 952 2956 1018 Pater,
2997 963 3023 990 ει
3054 964 3109 1010 et
3163 967 3304 1009 unus

79 1051 226 1103 culum.
1699 1040 1843 1101 Deus
1861 1043 2054 1110 Filius,
2079 1053 2135 1100 et
2163 1060 2301 1100 unus
2334 1043 2571 1115 Spiritus
2600 1055 2840 1114 sanctus,
2871 1046 3012 1102 sicut
3035 1049 3301 1119 scriptum

124 1142 188 1198 39.
216 1141 350 1213 Virga
381 1156 592 1212 qu0que
619 1157 648 1196 a
682 1140 870 1197 radice
895 1141 1181 1211 virginitas
1210 1148 1316 1206 est,
1342 1139 1423 1195 sic
1446 1137 1593 1194 enim
1697 1147 1822 1195 est:
1859 1137 1987 1192 Hazc
2017 1147 2187 1192 autem
2206 1138 2382 1192 omnia
2408 1149 2650 1208 aperatur
2680 1155 2813 1193 unus
2841 1149 2992 1211 atque
3019 1141 3155 1196 idem
3178 1142 3306 1211 Spi-

77 1233 268 1301 scriptum
287 1241 401 1288 est:
437 1232 589 1288 Exiet
613 1234 760 1306 virga
793 1251 825 1287 a
847 1233 1024 1286 radice
1048 1230 1220 1299 Iesse,
1251 1241 1295 1286 et
1327 1233 1424 1302 ﬂos
1452 1247 1483 1284 a
1509 1247 1596 1284 ra-
1697 1232 1864 1296 ritus,
1909 1231 2144 1285 dividens
2179 1231 2401 1301 singulis
2440 1240 2592 1302 prout
2636 1232 2742 1286 vult
2789 1231 2846 1302 (Ι
2875 1232 2994 1288 Cor.
3027 1249 3099 1288 xu
3121 1276 3135 1301 ,
3173 1234 3233 1288 Η
3258 1234 3304 1306 ).

75 1327 262 1388 ἀρτεεὶιιδ
287 1325 518 1380 ascendet
551 1325 725 1395 (Esai.
757 1342 806 1380 xI
827 1367 841 1392 ,
875 1327 950 1394 1).
985 1325 1102 1381 Non
1137 1333 1325 1380 cavata
1351 1332 1440 1381 est
1481 1323 1598 1379 haec
1701 1323 1876 1392 Unus,
1906 1324 2099 1394 inquit,
2127 1325 2251 1394 quia
2265 1339 2406 1379 unus
2439 1324 2600 1380 Deus.
2632 1324 2820 1380 Nullus
2847 1326 3153 1392 secundus;
3183 1327 3308 1397 quia

76 1432 176 1486 vaga
196 1460 208 1482 ,
231 1418 312 1473 sed
346 1419 538 1473 solida.
572 1417 742 1474 Nemo
771 1433 903 1489 ergo
930 1417 1125 1473 adurat
1159 1419 1363 1489 virgam
1410 1425 1553 1471 tuam
1580 1456 1597 1483 ,
1702 1419 1845 1489 quod
1880 1419 1994 1472 vult
2016 1416 2172 1484 facit,
2208 1433 2314 1473 non
2343 1417 2487 1488 quod
2518 1422 2839 1488 imperatur.
2873 1419 3022 1476 Unus
3050 1436 3179 1491 ergo
3206 1421 3308 1477 Pa-

79 1521 114 1564 ut
133 1512 280 1566 liorem
303 1521 442 1566 tuum
465 1512 764 1568 custodias.
791 1511 956 1583 Virga
973 1527 1053 1580 es,
1082 1527 1115 1567 0
1138 1512 1439 1582 virgo,non
1471 1527 1600 1565 cur-
1706 1520 1788 1568 ter
1836 1512 2002 1579 Deus,
2058 1519 2115 1565 et
2168 1527 2305 1566 unus
2339 1511 2432 1566 Dei
2476 1510 2666 1566 Filius.
2709 1510 2858 1567 Unus
2888 1522 2943 1567 et
2977 1529 3116 1568 unus
3139 1556 3153 1579 ,
3185 1515 3310 1584 quia

77 1607 191 1667 reris,
217 1620 304 1659 non
330 1604 624 1662 inﬂectaris
651 1604 706 1660 in
730 1614 956 1672 terram,
984 1614 1046 1660 ut
1074 1605 1126 1658 in
1160 1613 1210 1660 te
1232 1603 1332 1659 ﬂos
1359 1613 1604 1674 paterna:
1708 1623 1814 1664 non
1846 1616 1975 1662 sunt
2005 1605 2111 1661 duo
2137 1605 2236 1660 dii.
2263 1605 2415 1662 Unus
2440 1605 2644 1672 Filius;
2667 1606 2791 1676 quia
2817 1623 2937 1662 cum
2967 1607 3126 1664 Patre
3141 1625 3311 1666 unum

80 1698 219 1753 radicis
236 1700 498 1754 ascendat.
1632 1709 1831 1770 Best,
1873 1699 2015 1754 sicut
2063 1697 2181 1768 ipse
2226 1696 2365 1752 dixit
2405 1713 2425 1750 :
2469 1695 2586 1769 Ego
2633 1707 2680 1752 et
2729 1697 2887 1754 Pater
2922 1717 3084 1754 unum
3127 1717 3312 1757 sumus

127 1792 190 1844 ϐο.
220 1791 392 1847 Hortus
415 1792 637 1848 clausus
663 1806 724 1848 es
750 1833 764 1856 ,
798 1791 952 1862 virgo
973 1834 987 1857 ,
1014 1804 1170 1846 serva
1205 1788 1412 1844 fructus
1438 1797 1559 1842 tuos
1583 1801 1598 1840 ε
1706 1792 1886 1865 (Joan.
1912 1807 1968 1858 ι,
1994 1789 2112 1861 29).
2144 1789 2210 1845 Et
2237 1805 2377 1845 unus
2402 1789 2658 1861 Spiritus,
2685 1791 2808 1861 quia
2832 1794 3012 1848 unitas
3033 1791 3313 1852 Trinitatis

81 1881 193 1953 266
214 1898 306 1937 non
340 1883 637 1939 ascendant
681 1885 734 1938 in
764 1893 817 1939 te
843 1886 1017 1953 Spiuae
1039 1922 1055 1949 ,
1085 1880 1181 1936 sed
1211 1897 1328 1936 uva:
1370 1890 1477 1935 tuae
1506 1878 1606 1934 110-
1705 1895 1812 1952 est,
1845 1899 1952 1939 non
1985 1883 2179 1940 ordine
2205 1882 2462 1939 distincta
2485 1924 2498 1950 ,
2530 1899 2631 1939 nec
2659 1892 2922 1954 tempore.

81 1986 207 2027 ream.
234 1975 414 2032 Hortus
444 1979 671 2032 clausus
695 1990 778 2042 es,
811 1975 920 2028 lilia
945 2014 962 2041 ,
992 1989 1153 2029 nemo
1179 1973 1389 2028 auferat
1416 1985 1602 2041 sepem
1780 1978 1869 2034 65.
1909 1977 2019 2033 Sed
2045 1975 2072 2014 ι)
2101 1977 2291 2032 dicunt
2323 1977 2521 2033 laetum
2555 1995 2568 2031 :
2601 1977 2682 2033 Ite
2704 2019 2719 2044 ,
2765 1980 3018 2050 baptizate
3045 1989 3217 2053 gentes
3260 1982 3316 2037 in

84 2068 131 2117 lui
148 2066 355 2135 pudoris:
381 2069 794 2140 quia'scriptum
825 2076 945 2124 est:
978 2066 1042 2121 Et
1065 2068 1408 2122 destructilem
1437 2081 1607 2135 sepem
1709 2073 1914 2128 nomine
1935 2071 2110 2126 Patris
2136 2081 2184 2126 et
2210 2070 2338 2126 Filii
2359 2082 2406 2126 et
2429 2072 2660 2142 Spiritus
2684 2074 2853 2127 sancti
2876 2073 3095 2146 (Matth.
3121 2091 3315 2144 xxvm,

87 2162 1012 2237 mordebitserpens(Eccles.x,8).Sed
1028 2163 1172 2218 illam
1192 2163 1362 2218 solam
1377 2161 1608 2229 auferat,
1715 2163 1828 2234 19);
1855 2175 1911 2220 et
1939 2165 2222 2233 objiciunt,
2257 2165 2383 2234 quia
2415 2166 2592 2236 primo
2621 2165 2836 2221 Patrem
2869 2168 3197 2234 nominavit,
3230 2186 3317 2225 se-

87 2253 212 2322 dequa
226 2256 403 2313 dictum
417 2269 499 2314 est
525 2277 539 2314 :
571 2257 715 2324 Quid
746 2258 910 2312 incisa
939 2266 1013 2311 est
1042 2256 1179 2326 scpis
1202 2254 1359 2326 (Gen.
1382 2269 1609 2322 xxxvm,
1714 2257 1894 2314 cundo
1923 2257 2141 2322 Filium,
2168 2255 2330 2312 tertio
2357 2256 2618 2326 Spiritum
2643 2267 2909 2312 sanctum.
2939 2258 3207 2330 Numquid
3229 2275 3318 2315 er-

87 2348 173 2416 i‘l)?
199 2349 343 2406 Nemo
369 2353 638 2422 parietem
667 2361 815 2406 tuum
845 2351 1090 2405 destruat
1116 2390 1130 2414 ,
1181 2363 1250 2404 ne
1288 2349 1365 2403 sis
1396 2349 1448 2402 in
1479 2361 1614 2403 con—
1716 2349 1954 2420 go,'quia
1981 2350 2112 2404 dicit
2135 2349 2486 2419 Evangelium
2518 2366 2531 2402 ε
2561 2347 2629 2403 In
2646 2349 2905 2420 principio
2929 2361 3040 2405 erat
3077 2351 3317 2420 Verbum,

88 2438 385 2498 culcationem.
417 2443 717 2498 Paradisus
741 2458 834 2508 es,
867 2443 1019 2512 virgo
1039 2483 1054 2508 ,
1089 2441 1254 2496 Evam
1284 2455 1436 2495 cave.
1719 2451 1767 2498 et
1799 2440 2022 2498 Verbum
2042 2451 2151 2496 erat
2174 2443 2319 2512 apud
2351 2441 2516 2496 Deum
2537 2440 2723 2511 (Joan.
2746 2457 2786 2507 ι,
2817 2443 2893 2514 1),
2914 2443 3224 2501 inferiorem
3248 2445 3323 2501 si-

133 2532 199 2588 61.
223 2534 351 2592 Fons
395 2537 646 2608 signatus
675 2551 770 2605 es,
802 2536 956 2607 virgo
984 2577 999 2602 ,
1030 2550 1192 2590 nemo
1230 2549 1422 2605 aquam
1475 2542 1617 2589 tuam
1720 2535 1995 2605 gniﬁcavit
2024 2535 2278 2601 Patrem;
2316 2535 2440 2606 quia
2475 2535 2649 2605 primo
2681 2535 2917 2590 Verbum
2951 2537 3111 2609 265
3141 2537 3234 2593 Dei
3267 2539 3322 2594 in

87 2625 256 2694 primat,
280 2645 428 2686 nemo
454 2632 784 2698 conturbet;
814 2640 874 2686 ut
899 2631 1193 2702 imaginem
1224 2639 1369 2685 tuam
1399 2631 1453 2685 in
1472 2628 1622 2686 fonte
1724 2627 1989 2699 principio
2016 2643 2234 2698 semper
2251 2642 2375 2684 esse
2396 2642 2458 2682 ac
2487 2627 2651 2683 fuisse
2675 2630 3038 2685 memoravit?
3068 2632 3175 2686 Aut
3199 2645 3323 2688 cum

88 2726 150 2770 tuo
163 2734 345 2792 semper
363 2724 639 2779 attendas.
1723 2722 1862 2777 dixit
1887 2722 2182 2793 Apostolus
2207 2738 2220 2775 :
2252 2719 2318 2775 In
2338 2739 2495 2795 regno
2513 2720 2705 2776 Christi
2725 2732 2771 2775 et
2798 2719 2900 2777 Dei
2924 2721 3140 2795 (Ephcs.
3164 2739 3216 2791 v,
3242 2723 3326 2794 5),

137 2813 203 2865 tit.
228 2814 369 2870 Porta
398 2818 586 2873 clausa
616 2831 677 2872 es
697 2859 713 2884 ,
739 2818 927 2888 virgo,
971 2831 1134 2873 nemo
1169 2818 1378 2888 aperiat
1401 2818 1622 2888 januam
1724 2817 1972 2872 ordinem
2004 2817 2176 2873 fecit?
2207 2818 2316 2871 Aut
2349 2833 2472 2872 cum
2521 2817 2650 2872 dicit
2682 2817 2798 2888 ipse
2830 2818 3092 2874 Dominus
3120 2819 3281 2876 Jesus
3311 2839 3324 2877 :

90 2912 210 2971 tuam,
235 2925 376 2979 quam
407 2911 581 2968 semel
610 2911 812 2968 clausit
833 2912 1066 2967 Sanctus
1091 2920 1146 2967 et
1179 2911 1374 2976 Verus,
1409 2913 1498 2982 qui
1526 2911 1623 2966 ha-
1727 2910 1957 2980 Spiritus
1995 2908 2206 2964 Domini
2244 2927 2398 2980 super
2447 2927 2527 2964 me
2550 2952 2565 2977 ,
2607 2921 2817 2981 propter
2840 2913 2978 2979 quod
3015 2913 3164 2967 una-it
3214 2929 3325 2982 me,

91 2995 153 3050 iret
173 3000 338 3057 clavim
365 3004 557 3071 David,
592 3007 684 3076 qui
711 3005 909 3077 aperit,
934 3015 989 3061 et
1014 3021 1178 3061 nemo
1209 3005 1411 3060 claudit
1436 3023 1448 3058 :
1479 3007 1626 3061 elau-
1727 3004 2077 3075 erangelizare
2093 3004 2406 3074 pauperibus
2427 3005 2566 3058 misit
2588 3021 2688 3071 me,
2710 3005 2996 3078 prtcdirare
3009 3008 3222 3079 captivis
3249 3025 3332 3063 re-

87 3087 138 3141 dit
154 3101 196 3146 et
210 3110 351 3152 nemo
369 3100 550 3169 aperit
572 3099 766 3171 (Apoc;
791 3114 872 3166 ut,
903 3097 980 3170 7).
1005 3099 1229 3170 Aperuit
1259 3099 1354 3153 tibi
1379 3098 1624 3169 Scriptu-
1655 3098 1701 3162 Ο
1731 3098 2021 3152 missionem
2047 3097 2198 3164 (Luc.
2228 3113 2304 3166 Iv,
2337 3096 2450 3169 i8),
2479 3099 2895 3156 eminentiorem
2923 3098 3062 3156 Filio
3089 3101 3184 3158 Dei
3210 3101 3334 3173 Spi-

89 3195 164 3246 ras,
182 3202 320 3246 nemo
339 3206 430 3246 eas
449 3191 680 3248 claudat
708 3209 723 3248 :
753 3191 944 3248 clausit
971 3192 1233 3264 pudorem
1266 3201 1436 3259 tuum,
1466 3208 1627 3250 nemo
1733 3191 1895 3244 ritum
1924 3206 2045 3245 esse
2076 3199 2302 3246 testatus
2329 3191 2444 3246 est?

86 3277 244 3344 aperiat
268 3295 406 3337 eum,
1804 3282 1896 3337 66.
1921 3283 2194 3350 Advertis,
2227 3284 2400 3355 virgo,
2424 3284 2881 3354 quemadmodum
2903 3285 3008 3342 ista
3033 3287 3333 3345 solvantur.

665 3375 892 3433 CAPUT
931 3375 1000 3432 X.
1734 3376 1901 3446 Aperi
1928 3377 1995 3432 ad
2022 3377 2139 3432 lucc
2177 3393 2337 3434 aures
2372 3389 2514 3446 tuas,
2545 3394 2607 3434 os
2633 3388 2781 3435 tuum
2805 3380 3020 3436 claude.
3054 3383 3220 3453 Aperi
3242 3399 3340 3439 au-

88 3455 286 3519 ltttntitur
310 3467 658 3541 virginitatem
681 3486 926 3523 coronam
961 3485 1073 3523 esse
1111 3471 1165 3524 in
1200 3487 1355 3526 manu
1386 3471 1630 3543 Domini,
1737 3486 1827 3526 res
1851 3513 1866 3537 ,
1900 3480 1958 3526 ut
1997 3471 2386 3542 lidemlaudias
2417 3489 2430 3526 :
2463 3471 2653 3530 claude
2681 3488 2743 3530 os
2767 3515 2782 3543 ,
2814 3484 2870 3529 ut
2904 3484 3088 3532 teneas
3123 3487 3342 3548 °_verc-

137 3573 258 3621 quem
278 3577 428 3616 unum
445 3579 557 3616 non
577 3562 860 3617 secundum
883 3563 1095 3633 perinde
1120 3581 1181 3617 ac
1212 3562 1423 3618 Patrem
1448 3575 1493 3620 et
1512 3568 1636 3637 Spi-
1737 3565 2013 3620 cundiam.

142 3652 267 3705 ritum
290 3654 510 3724 produnt
541 3655 855 3726 Scripturaz.
882 3653 946 3709 In
970 3656 1066 3709 hoc
1096 3656 1349 3727 objiciunt
1371 3658 1638 3730 Evangelii
1759 3733 1761 3735 ι
1814 3656 1904 3712 67.
1936 3655 2148 3711 Deinde
2178 3656 2307 3711 illud
2337 3658 2541 3728 legunt,
2569 3659 2692 3728 quia
2720 3658 2893 3712 dixit:
2923 3658 2992 3712 In
3012 3661 3215 3714 nomine
3235 3658 3344 3715 Pa-

143 3753 305 3800 tertum
332 3749 566 3805 haeretici
586 3791 601 3817 ,
632 3758 684 3803 at
713 3750 805 3804 illo
846 3767 936 3820 per
963 3750 1067 3804 alia
1095 3752 1388 3806 testimonia
1430 3753 1602 3808 soluto
1621 3795 1637 3822 ,
1744 3751 1836 3804 tris
1864 3760 1910 3804 et
1940 3747 2070 3803 Filii
2092 3758 2142 3802 et
2173 3749 2404 3819 Spiritus
2430 3751 2619 3815 sancti;
2639 3758 2696 3804 ct
2725 3763 2833 3804 non
2862 3748 3176 3820 intelligunt
3201 3750 3344 3821 quod

144 3837 247 3901 ﬁdes
269 3842 519 3897 catholica
550 3842 616 3895 de
649 3841 900 3897 Trinitate
930 3844 1288 3912 conﬁrmatur.
1745 3854 1871 3898 ante
1903 3840 2228 3912 prmmiserit
2257 3859 2270 3893 :
2302 3839 2370 3894 In
2410 3842 2634 3906 nomine,
2682 3841 2876 3910 inquit.
2918 3840 3054 3896 Tres
3085 3856 3348 3912 personas

147 3926 218 3981 (Β.
251 3930 422 4000 Venio,
456 3933 660 4004 inquit,
685 3935 806 4000 cito,
829 3945 940 3988 tene
961 3935 1099 4005 quod
1127 3936 1314 3992 habes:
1339 3955 1485 3993 nemo
1506 3940 1644 3993 acci-
1746 3935 1964 4006 quidem
2005 3931 2333 4003 signiﬁcavit
2353 3973 2368 4000 ,
2401 3931 2497 3988 sed
2529 3945 2692 3988 unum
2715 3932 2998 3989 Trinitatis
3029 3949 3226 3992 nomen
3254 3953 3346 3994 as-

100 4016 177 4084 pici
215 4039 438 4080 coronam
480 4038 626 4082 tuam
674 4027 862 4099 (Apoc.
901 4044 957 4082 ιιι
983 4070 998 4095 ,
1024 4029 1138 4099 il).
1173 4030 1304 4097 Qua:
1333 4043 1414 4086 est
1443 4047 1644 4088 corona
1749 4030 1940 4086 seruit.

100 4118 183 4174 ιω,
209 4116 296 4171 nisi
321 4119 408 4174 illa
435 4120 508 4176 de
536 4136 645 4190 qua
667 4119 870 4175 dictum
898 4130 980 4176 est
1006 4137 1019 4175 :
1053 4120 1123 4176 Et
1149 4123 1250 4178 eris
1277 4140 1467 4180 corona
1498 4125 1650 4180 deco-
1823 4123 1913 4178 68.
1941 4120 2090 4178 Unus
2114 4121 2296 4191 itaque
2322 4121 2487 4189 Deus,
2514 4136 2679 4176 unum
2701 4136 2920 4189 nomen,
2945 4138 3048 4179 una
3071 4123 3349 4194 divinitas,

101 4201 210 4258 iisin
234 4225 376 4265 manu
409 4211 627 4267 Domini
650 4211 823 4284 (Esai.
857 4229 1023 4278 Lxxu,
1050 4213 1150 4279 5)?
1753 4233 1857 4274 una
1882 4217 2157 4286 majestas.
2178 4215 2371 4273 Nullus
2391 4231 2520 4287 ergo
2542 4216 2841 4272 secundus:
2870 4220 2993 4289 quia
3023 4218 3350 4291 principium

151 4297 222 4352 6i.
245 4302 501 4378 Quis-hoc
526 4303 679 4371 dicit,
710 4306 813 4361 nisi
846 4307 935 4361 ille
958 4306 1027 4362 de
1052 4323 1160 4378 quo
1203 4308 1340 4364 dixit
1383 4310 1651 4367 Ecclesia-
1755 4312 1998 4367 omnium
2046 4309 2289 4366 Trinitas
2332 4319 2446 4378 est,
2478 4319 2534 4366 et
2574 4309 2854 4368 Trinitatis
2894 4313 3156 4384 primatus
3190 4328 3355 4383 super

102 4394 217 4442 stes;
241 4391 325 4448 Est
343 4413 474 4452 unus
500 4407 549 4452 et
576 4407 769 4454 nonest
795 4399 1046 4454 secundus
1069 4400 1298 4472 (Eccles.
1318 4402 1494 4474 Iv,8)?
1523 4403 1654 4471 Quis
1759 4404 1940 4459 oninia
1968 4412 2070 4459 est.
2097 4403 2241 4474 Ergo
2259 4418 2400 4459 unus
2425 4413 2480 4459 et
2513 4419 2619 4459 non
2643 4412 2729 4459 est
2753 4405 3046 4462 secundus.
3073 4406 3225 4463 Unus
3245 4415 3349 4476 est,

100 4487 300 4556 c5tistc,
327 4493 430 4548 nisi
467 4494 562 4550 ille
585 4494 654 4550 de
681 4510 792 4566 quo
818 4495 1022 4551 dictum
1055 4505 1176 4552 est:
1211 4497 1463 4569 Magister
1495 4509 1658 4554 vester
1761 4498 1850 4569 qui
1884 4497 2184 4554 secundum
2238 4513 2348 4554 non
2395 4497 2588 4569 habet;
2643 4499 2771 4571 quia
2810 4501 3000 4558 unicus
3049 4501 3196 4557 solus
3235 4501 3357 4558 sine

158 4663 176 4690 ³
202 4656 350 4731 ﬁdit.
374 4669 422 4716 et
449 4678 588 4716 unus
617 4660 712 4715 Dei
745 4659 948 4729 Filius;
976 4675 1132 4728 mss.,
1161 4672 1207 4716 et
1236 4677 1369 4716 unus
1399 4659 1538 4716 Deus
1562 4658 1660 4715 Fi-
1682 4660 1738 4722 D
1764 4667 2022 4731 perpetua
2056 4669 2206 4731 recte
2252 4656 2472 4714 sentiat.
2502 4657 2677 4731 Porro
2719 4657 3052 4731 noninjuria
3096 4659 3200 4715 boc
3237 4662 3361 4718 loco

101 4724 371 4800 Ηυξ-καεὶς
401 4733 712 4787 commode.
931 4724 939 4729 ’
1118 4724 1128 4728 ⁷
1766 4724 2041 4800 designari
2071 4729 2411 4785 Bonosianos
2443 4729 2527 4800 vel
2557 4728 2685 4783 hinc
2717 4724 3020 4800 intelligas,
3050 4731 3192 4800 quod
3233 4748 3356 4787 eum

159 4796 182 4832 δ
207 4796 419 4858 Dubium
453 4803 544 4859 bie
573 4804 817 4859 incidere
858 4813 1036 4873 potest
1072 4812 1250 4858 utrum
1298 4803 1350 4858 in
1382 4805 1550 4860 verbo
1579 4805 1659 4858 di-
1768 4796 2233 4873 illis—Pltotiniani,
2255 4815 2404 4873 quos
2422 4799 2629 4873 _Christ_i
2655 4796 2947 4873 aeternitati
2972 4796 3157 4858 hostes
3181 4801 3359 4859 infen-

101 4873 540 4946 cuntiutelligendi
565 4877 675 4930 sint
695 4870 1026 4930 Bonosiani?
1055 4873 1217 4931 Certe
1239 4875 1456 4946 quidem
1486 4891 1662 4946 neque
1767 4875 2016 4929 sissimos
2059 4888 2126 4946 eg
2167 4872 2371 4946 Ariona
2421 4870 2616 4946 haeresi
2659 4871 2955 4946 pullulasse
3002 4882 3253 4941 constat,
3288 4875 3361 4930 ita

101 4939 626 5017 Ambrosius'suprac.
647 4946 702 5012 5,
720 4961 892 5016 neque
906 4947 1170 5002 Bonosius
1185 4948 1236 5000 in
1257 4939 1322 5002 ea
1336 4963 1424 5016 ep.
1446 4961 1551 5017 qua
1575 4939 1660 5002 sui
1771 4956 1959 5012 postea
1986 4941 2194 5017 confusi
2227 4940 2610 5017 fuerint,_ut_hi
2635 4943 2836 5017 amisso
2875 4946 3096 5017 proprio
3117 4939 3362 5013 nomine,

94 5008 322 5094 judicium
349 5017 417 5072 ad
457 5008 786 5094 ﬂacedgnes
808 5008 1101 5094 episcopos
1131 5008 1393 5094 remittit;
1421 5008 1558 5094 hanc
1581 5019 1662 5074 eis
1769 5008 1822 5072 in
1848 5015 2271 5094 Donosiacorurn
2300 5008 3365 5094 transiet-uniappellationem,quemad:1

99 5082 318 5160 beresim
345 5090 614 5160 attribuit.
647 5088 757 5144 Sed
785 5082 1114 5160 respondere
1143 5106 1248 5144 non
1285 5090 1505 5145 dil'licile
1534 5098 1619 5144 est
1643 5130 1659 5155 ,
1771 5088 1988 5160 modum
2018 5083 2454 5160 Gennadiu_s__lib.
2495 5083 2563 5160 de
2596 5082 2866 5160 Scriptor.
2907 5082 3263 5159 Ecelesfcap.
3297 5089 3366 5144 14

99 5150 144 5206 in
167 5169 320 5224 opere
349 5159 500 5230 quod
529 5150 1126 5233 instituendae'virginis
1155 5175 1316 5217 causa
1350 5150 1660 5230 susceptum
1772 5158 2108 5233 testificatur.
2143 5154 2445 5233 Concilium
2485 5155 2649 5210 etiam
2699 5153 2906 5210 Arelat.
2945 5173 3025 5233 II_,
3057 5173 3180 5233 can.
3210 5150 3295 5233 '16,
3312 5171 3370 5218 et

97 5235 240 5301 esset,
264 5227 388 5286 eum
407 5245 656 5286 errorem
681 5230 774 5301 qui
799 5247 864 5286 ex
889 5227 1156 5288 diametro
1177 5234 1472 5301 virginitati
1495 5227 1664 5300 oppo-
1773 5231 1870 5296 17,
1894 5229 2055 5284 docet
2083 5242 2148 5282 ex
2181 5227 2630 5301 Ph_otinianorum
2662 5241 2854 5301 errore
2885 5229 3069 5301 venire
3102 5229 3366 5287 Bonosia-

101 5295 258 5363 nitur,
298 5303 649 5374 anteiomnia
682 5295 1018 5358 refutandum
1061 5304 1232 5358 fuisse
1257 5295 1362 5358 :"in
1393 5295 1663 5374 Capu'e’nsi
1773 5301 2055 5374 cos,_licet
2097 5313 2216 5374 quae
2236 5298 2304 5354 de
2329 5308 2682 5374 utrorumque
2704 5298 2974 5374 baptismo
3008 5300 3367 5374 illietradun-

103 5376 264 5446 autem
285 5373 500 5446 synodo
533 5389 642 5446 non
675 5373 935 5446 agendum
966 5377 1067 5430 nisi
1091 5375 1158 5430 de
1185 5374 1435 5446 dogmate
1461 5369 1668 5429 eisdem
1775 5380 1886 5446 tur,
1905 5369 2150 5446 indicent
2161 5371 2215 5446 in
2244 5385 2432 5425 eorum
2450 5369 2710 5446 doctrina
2740 5369 2943 5438 aliquid
2964 5371 3238 5446 castitisse
3258 5375 3372 5432 dis-

103 5435 350 5498 hreticis
379 5445 637 5514 proprio;
660 5435 786 5522 cum
809 5444 931 5500 illud
955 5447 1096 5522 quod
1121 5435 1434 5522 ip_sis_'atque
1455 5447 1671 5522 Ariauis
1777 5443 2052 5522 criminis._
2073 5441 2176 5522 Adi
2202 5435 2968 5522 quoq_ue_Gelasi.idecretum
2990 5442 3059 5498 de
3107 5443 3206 5522 iib.
3239 5462 3372 5522 pro-

105 5522 202 5592 cnt
225 5510 547 5592 commutant},
574 5510 1674 5592 satissuperquejam-Ecclesigeauctori-
1779 5510 2354 5592 bibitismbiconj‘ungi
2384 5511 2454 5567 ab
2464 5527 2548 5592 ετξ
2577 5510 2847 5592 vident-ur.
2866 5513 3084 5584 utrique
3107 5510 3375 5592 liaaretiei.

108 5587 176 5657 las
208 5581 565 5642 contulisset.
587 5584 746 5654 Quod
772 5581 944 5643 tamen
974 5581 1152 5645 obiter
1183 5589 1270 5643 bic
1294 5587 1546 5644 refellere
1574 5589 1672 5642 mi-
1857 5598 1877 5622 ο
1912 5587 2041 5641 Mss.
2070 5581 2429 5642 uerecundiam
2450 5582 2570 5638 Dei.
2605 5581 2685 5638 De
2711 5581 2804 5638 illo
2828 5581 3029 5655 ieguni,
3061 5596 3168 5646 etc.
3201 5589 3378 5657 Minus

107 5654 484 5730 ninignegligit
508 5657 659 5730 idem
691 5657 910 5726 praesul,
938 5661 1058 5730 quia
1085 5663 1174 5730 qui
1204 5659 1402 5715 Christi
1435 5675 1670 5730 negave-
1779 5660 2067 5715 concinne.

107 5725 166 5778 rit
197 5725 576 5799 divinitatem,
605 5726 708 5784 vix
734 5725 976 5799 umquam
1017 5732 1084 5791 de
1103 5725 1310 5790 Maria:
1364 5725 1674 5804 virginitate
