3974 6186
612 186 721 261 325

605 292 870 388 peccato,
909 312 1058 368 solus
1087 309 1210 364 sine
1244 302 1549 376 adiutorio,
1581 301 1673 374 qui
1704 301 1782 357 ait
1810 316 1823 355 :
1862 298 2116 371 Respexi,
2159 307 2206 353 et
2234 300 2285 361 Α

614 426 719 464 non
747 415 859 462 erat
888 405 1098 477 adjutor
1129 399 1303 475 (Esai.
1337 414 1499 466 ant,
1534 394 1613 467 5).

1217 491 1448 553 CAPUT
1500 490 1591 547 XI.

609 593 740 651 Cum
783 601 1054 664 tantopere
1083 605 1179 660 pro
1211 587 1357 643 nobis
1384 582 1693 640 laboraverit
1729 578 1965 641 Christus
1986 619 2001 646 ,
2047 577 2096 632 ei
2124 577 2214 635 uni

683 686 923 742 laborare
946 700 1040 739 nos
1058 691 1315 754 Oportere.
1334 678 1516 753 Ipsum
1532 694 1632 733 non
1660 672 2054 747 legisecundum
2067 686 2212 736 esse;

680 780 781 833 nisi
846 787 1047 831 tantum
1078 786 1334 845 quatenus
1366 774 1516 827 homo
1567 778 1678 839 est,
1711 783 1810 837 quo
1865 781 2020 820 sensu
2059 762 2214 821 etiam

684 871 993 929 novissimus
1022 866 1343 938 appellatur.
1376 862 1440 918 Et
1470 861 1571 915 huc
1601 861 1746 917 locus
1778 855 2107 915 Ecclesiastis
2137 862 2219 913 at-

684 980 783 1036 que
809 961 991 1019 Eliswi
1018 959 1314 1030 exemplum
1340 956 1677 1025 adoptantur.

683 1080 772 1138 69.
807 1076 933 1135 Non
977 1085 1050 1132 est
1096 1074 1218 1145 ﬁnis
1257 1070 1423 1129 labori
1445 1072 1559 1143 ejus
1592 1066 1818 1139 (Eccles.
1844 1080 1920 1128 tv.
1949 1062 2044 1133 8);
2092 1063 2214 1132 quia

612 1190 712 1249 pro
743 1172 999 1230 omnibus
1026 1169 1321 1229 advocatus
1348 1173 1536 1220 noster
1576 1169 1663 1219 est
1690 1157 1835 1228 apud
1876 1156 2092 1215 Patrem
2115 1193 2131 1219 ,
2162 1162 2220 1209 et

611 1246 960 1325 inﬁrmitates
992 1271 1209 1319 nostras
1239 1257 1500 1328 suscepit,
1520 1264 1574 1310 et
1606 1267 1705 1323 pro
1737 1247 1897 1309 nobis
1922 1246 2092 1312 dolet,
2120 1257 2218 1314 pro

614 1363 772 1421 nobis
803 1360 1133 1423 iniit-matur,
1168 1353 1309 1411 sicut
1339 1352 1451 1409 ait:
1486 1347 1655 1420 zEger
1685 1361 1859 1414 nam,
1891 1352 1939 1403 et
1967 1358 2071 1399 non
2096 1339 2220 1397 visi-

606 1456 760 1517 lastis
789 1469 870 1509 me
896 1449 1115 1522 (Hattlt.
1151 1461 1262 1503 xxv
1286 1487 1302 1513 ,
1332 1444 1446 1515 45).

684 1553 773 1608 7t).
807 1546 974 1618 Cujus
1009 1542 1190 1598 oculus
1218 1556 1324 1595 non
1347 1537 1573 1595 satiatur
1604 1532 1800 1590 diuitiis
1833 1525 2061 1600 (Ibid.);
2094 1527 2219 1595 quia

613 1648 734 1719 ipse
780 1599 1138 1699 estlaltitudo
1194 1633 1502 1693 divitiarum
1559 1625 1840 1699 sapientia:
1878 1635 1933 1680 et
1979 1599 2219 1681 scientire
2323 1599 2424 1719 μυί

612 1692 708 1799 Dei
734 1777 750 1804 ,
784 1737 839 1793 in
868 1749 977 1805 quo
1014 1737 1142 1786 sunt
1182 1726 1430 1785 thesauri
1471 1721 1851 1794 mysteriorum
1890 1714 2217 1773 cmlestium.
2252 1715 2300 1789 Β
2326 1692 2424 1747 bus

614 1831 722 1895 Cur
749 1842 880 1899 ergo
901 1823 1102 1881 sacculo
1130 1820 1307 1892 potius
1333 1818 1667 1880 laboramus,
1694 1822 1749 1871 et
1772 1809 2086 1869 fraudamus
2105 1806 2223 1863 ani-

615 1937 759 1977 mam
808 1898 1050 1974 nostrain
1085 1920 1252 1969 tantae
1281 1908 1538 1967 bonitatis
1577 1903 1866 1977 dispendio
1890 1943 1907 1969 .
1946 1901 2041 1972 qui
2088 1898 2222 1959 nulli

612 2015 706 2077 alii
731 2012 835 2071 nisi
864 2011 989 2077 huic
1014 2010 1223 2069 servire
1265 2004 1494 2063 Domino
1519 1996 1825 2059 debemus?

669 2110 698 2163 7
712 2109 734 2163 t
746 2145 761 2160 .
782 2106 880 2163 llic
891 2120 1023 2176 ergo
1039 2118 1145 2159 non
1163 2110 1246 2157 est
1259 2096 1550 2157 secundus.
1570 2094 1684 2164 Ego
1697 2101 1847 2149 certe
1861 2088 1965 2149 hoc
1979 2088 2224 2147 testimo-

613 2204 763 2261 nium
779 2201 1005 2261 defero:
1042 2198 1164 2268 lego
1182 2194 1307 2266 quia
1336 2194 1544 2264 primus
1568 2198 1674 2259 est,
1705 2189 1825 2258 lego
1852 2184 1976 2255 quia
2005 2197 2112 2238 non
2140 2189 2223 2237 est

611 2297 906 2358 secundus.
938 2294 1019 2357 llli
1042 2295 1134 2363 qui
1163 2287 1665 2358 secundumjaiunt,
1697 2283 1932 2341 doceant
1964 2278 2222 2337 lectione.

686 2391 775 2451 7'2.
804 2388 910 2449 Sed
952 2387 1085 2443 dicit
1124 2384 1324 2455 aliquis
1359 2383 1488 2453 quia
1539 2379 1802 2449 scriptum
1839 2383 1964 2432 est:
2009 2369 2224 2427 Primus

612 2486 765 2549 homo
795 2487 857 2543 de
885 2494 1025 2541 terra
1065 2491 1295 2536 terrenus
1315 2520 1331 2546 ,
1366 2474 1623 2533 secundus
1651 2472 1806 2527 homo
1826 2470 1890 2526 de
1914 2469 2041 2524 emta
2070 2464 2223 2521 coele-

607 2582 700 2641 stis
722 2579 764 2651 (l
790 2577 911 2634 Cor.
948 2590 1042 2638 xv,
1072 2570 1190 2642 47).
1224 2580 1251 2609 α
1281 2568 1480 2627 Verum
1512 2563 1733 2624 attende
1773 2560 1902 2631 quid
1927 2560 2093 2615 dicat.
2126 2556 2226 2613 Se-

612 2647 837 2737 cundus,
871 2667 1065 2737 inquit,
1096 2664 1283 2727 homo;
1314 2658 1470 2730 quasi
1500 2656 1776 2713 hominem
1806 2651 2104 2711 secundum
2134 2647 2223 2704 di-

615 2763 715 2821 xit.
755 2761 821 2819 Et
846 2774 948 2830 ego
979 2756 1103 2817 dico
1133 2755 1259 2824 quia
1284 2751 1488 2822 primus
1531 2757 1615 2806 est
1644 2744 1941 2805 secundum
1971 2741 2226 2799 divinita-

614 2865 748 2922 tem.
794 2862 923 2913 ante
950 2863 1111 2921 quem
1138 2846 1361 2901 nullus:
1400 2841 1676 2899 secundus
1714 2848 1895 2897 autem
1922 2834 2221 2895 secundum

612 2961 857 3014 cantem,
891 2944 1017 3014 quia
1048 2949 1170 3011 post
1203 2937 1393 2995 Adam.

685 3043 778 3099 75.
805 3041 916 3111 Ego
941 3037 1063 3108 plus
1086 3035 1232 3102 dico,
1263 3049 1371 3093 non
1395 3032 1573 3091 solum
1594 3044 1697 3101 ego
1718 3026 2018 3085 secundum
2045 3025 2224 3083 homi-

608 3151 756 3201 nem,
787 3132 883 3193 sed
914 3131 1079 3189 etiam
1110 3131 1486 3185 novissimum.
1517 3124 1759 3195 Denique
1785 3122 1865 3178 sic
1897 3121 2068 3177 habes
2088 3119 2221 3174 scri-
2247 3105 2292 3175 C
2325 3113 2429 3159 θειο
2465 3101 2706 3172 nemque
2745 3107 2803 3159 θῐ
2842 3096 2972 3154 “Ind
3019 3093 3281 3154 θιῖηεκιιίι

612 3240 764 3301 ptum
797 3245 810 3280 :
842 3224 1041 3280 Factus
1070 3233 1145 3278 est
1176 3224 1372 3294 primus
1405 3221 1557 3277 homo
1594 3216 1761 3273 Adam
1790 3217 1843 3271 in
1870 3216 2099 3270 anituam
2141 3213 2220 3268 ui-

613 3334 851 3390 uentem,
905 3319 1211 3377 novissimus
1260 3316 1429 3373 Adam
1478 3315 1535 3371 in
1588 3312 1826 3383 spiritum
1878 3309 2222 3379 uiri/icantem

613 3417 803 3493 (Ibid.,
833 3414 947 3487 45).
981 3413 1117 3469 Vide
1139 3408 1487 3469 clementiam
1529 3405 1729 3462 Christi
1756 3420 1771 3459 :
1801 3404 1917 3474 ipse
1945 3409 2031 3457 est
2059 3399 2225 3473 266

616 3513 824 3582 primus
853 3516 910 3565 et
947 3506 1297 3564 novissimus.
1326 3501 1428 3570 Qui
1460 3500 1671 3571 primus
1695 3504 1843 3563 erat,
1872 3503 2094 3565 propter
2121 3507 2225 3548 nos

613 3623 673 3665 se
701 3606 1055 3662 novissimum
1081 3600 1229 3657 fecit.
1258 3599 1494 3663 Primus,
1518 3597 1645 3667 quia
1673 3609 1767 3665 per
1794 3593 1969 3661 ipsum
1996 3589 2178 3646 omnia
2203 3604 2218 3642 :

612 3704 944 3765 novissimus
968 3742 982 3765 ,
1012 3697 1137 3770 quia
1167 3710 1267 3768 per
1307 3693 1485 3764 ipsum
1529 3687 1880 3745 resurrectio.
1935 3679 2223 3739 Descendit

613 3798 759 3855 enim
790 3803 847 3855 et
875 3791 1106 3864 proiecit
1141 3804 1223 3856 se,
1249 3797 1308 3844 ut
1348 3784 1604 3850 caderet,
1636 3780 1777 3837 infra
1817 3791 2011 3836 omnes
2058 3790 2119 3832 se
2143 3772 2223 3828 fa-

612 3893 765 3949 ciens
793 3898 854 3947 ut
883 3901 1075 3944 omnes
1098 3883 1345 3954 iacentes
1371 3880 1601 3938 levaret.

689 3981 945 4041 74.Unde
965 3991 1020 4037 et
1049 3979 1125 4035 ait
1149 3975 1510 4034 Ecclesiastes
1535 3989 1548 4027 :
1582 3970 1719 4038 Quia
1739 3969 1785 4023 si
1813 3965 2053 4022 ceciderit
2066 3980 2221 4031 unus,

614 4079 745 4133 alter
770 4079 925 4148 eriget
942 4076 1138 4129 socium
1161 4086 1349 4126 suum:
1372 4078 1418 4123 et
1437 4066 1466 4106 ι)
1494 4081 1567 4122 vae
1596 4064 1677 4119 illi
1698 4063 1787 4117 uni
1814 4077 1927 4115 cum
1955 4057 2220 4124 ceciderit,

613 4183 660 4228 et
690 4187 792 4227 non
822 4177 893 4225 est
934 4165 1211 4229 secundus.
1244 4172 1301 4217 ut
1331 4178 1449 4218 eum
1478 4159 1665 4228 erigat.
1702 4155 1766 4210 Et
1790 4153 1997 4222 quidem
2022 4152 2066 4206 si
2100 4152 2223 4206 dor-

616 4260 919 4323 ntiantduo,
935 4266 1008 4312 est
1030 4256 1172 4313 color
1191 4254 1331 4309 illis:
1356 4262 1402 4307 et
1424 4267 1578 4314 unus,
1601 4245 1856 4319 quomodo
1873 4244 2071 4311 cale/iet
2096 4241 2225 4314 (Ec-

615 4358 740 4416 cles.
769 4370 846 4419 ut,
877 4350 934 4419 4,
969 4349 1059 4417 10,
1092 4349 1228 4417 il)?
1256 4347 1368 4403 Hoc
1396 4353 1504 4411 est,
1532 4342 1623 4413 qui
1645 4338 1926 4396 Christum
1953 4335 2115 4392 habet
2136 4350 2225 4391 se-

614 4466 774 4514 cum,
801 4446 909 4505 etsi
937 4442 1230 4507 ceciderit,
1267 4446 1516 4507 resurget
1544 4453 1558 4491 :
1590 4434 1695 4491 etsi
1722 4440 1971 4488 mortuus
2017 4430 2217 4497 fuerit,

614 4539 938 4605 reviviscet;
964 4534 1089 4608 quia
1107 4545 1129 4573 ο
1162 4531 1318 4591 adest
1341 4493 1535 4598 illivqui
1565 4526 1713 4583 venit
1735 4524 1916 4595 ignem
1938 4523 1993 4579 in
2018 4493 2220 4578 terram
2246 4493 2302 4556 D
2328 4512 2408 4586 5),
2433 4513 2618 4582 utique
2643 4508 2826 4567 cibum
2854 4503 3008 4559 illum
3053 4499 3123 4555 de
3150 4515 3222 4569 qu

615 4638 834 4693 mittere
863 4629 1017 4705 (Luc.
1052 4642 1153 4692 xu,
1184 4623 1299 4695 49).
1334 4622 1573 4691 Denique
1602 4627 1655 4675 et
1683 4618 1913 4673 Elisaeus
1941 4631 2063 4671 cum
2091 4630 2221 4687 puc-

613 4746 734 4787 rum
764 4722 1137 4786 resuscitaret,
1169 4714 1467 4773 insumavit
1493 4713 1568 4768 illi
1602 4710 1692 4786 (IV
1724 4710 1856 4784 Reg.
1891 4724 1977 4774 tv,
2009 4705 2135 4781 54),
2164 4716 2225 4762 ut

611 4822 927 4881 inluuderet
956 4817 1081 4872 vitae
1106 4813 1369 4871 calorem.
1394 4807 1606 4877 Habeto
1633 4820 1765 4878 ergo
1793 4810 1971 4865 tecum
1988 4800 2224 4872 buncig-

614 4934 737 4978 nem
768 4918 819 4971 in
851 4919 1073 4986 pectore
1102 4917 1218 4973 tuo,
1247 4904 1341 4977 qui
1378 4911 1432 4963 te
1460 4898 1792 4965 resuscitet;
1828 4912 1898 4958 ne
1923 4896 2096 4969 frigus
2127 4893 2224 4952 tibi

613 5018 894 5084 perpetua:
926 5003 1121 5062 mortis
1146 5002 1375 5070 irrepat.

688 5208 712 5235 ει
747 5198 821 5254 Ita
846 5207 1004 5259 mss.;
1029 5188 1163 5249 edit.
1187 5194 1388 5259 autem,
1405 5181 1591 5259 V_crtt_m
1619 5186 1735 5233 ante
1748 5177 2010 5259 videamus
2024 5174 2089 5230 de
2112 5189 2214 5244 qua

613 5248 1067 5325 dicativate-rum
1086 5260 1253 5322 idem,
1280 5248 1588 5325 Epiphanio
1619 5259 1777 5325 teste,
1803 5248 2215 5325 Photingsquo:

610 5314 1065 5412 ἆᾶεζόιιῇῐίξίκῖζέ
1088 5314 1252 5412 unde
1273 5314 1476 5412 optime
1504 5322 1560 5412 at
1587 5320 1962 5412 Cutilirnialtlr:
1994 5314 2211 5373 Photini

609 5388 1193 5482 Etiivpianirdiseipulo,
1228 5388 1463 5482 qualem
1502 5395 1777 5482 Bon‘osuni
1824 5388 1996 5482 fuisse
2047 5401 2211 5457 supra

610 5462 971 5544 ostendimus,
998 5462 1087 5532 hic
1118 5462 1453 5544 respondere
1473 5474 1721 5544 sanctum
1747 5462 2052 5544 doctorem.

679 5528 1225 5615 ἱῗὲᾙῖἰζῖύὶέἰῐιεάάέ
1250 5543 1431 5599 unicus
1450 5535 1728 5615 ceciderit;
1762 5547 1894 5615 mss.
1923 5544 1999 5615 ea:
2123 5529 2215 5615 uni

612 5603 1023 5695 coniiciunt.
1054 5603 1223 5689 Magis
1259 5618 1417 5680 scite,
1450 5607 1596 5667 LXX
1625 5606 1791 5671 enim,
1832 5605 1945 5662 οὐαὶ
1971 5603 2109 5674 αὐτῷ
2137 5607 2212 5673 τῷ

611 5694 685 5750 ἐνὶ
706 5695 825 5752 ὅταν
852 5694 985 5763 πέσῃ
1008 5731 1029 5763 ,Α
1041 5697 1163 5763 etc.

686 5742 941 5820 ε’ὸῖἑιιὶὲἐ
960 5742 1124 5829 Elui,
1160 5757 1306 5814 adest
1330 5755 1458 5823 ille,‘
1483 5765 1642 5822 mss,
1674 5748 1820 5806 adest
1845 5747 1945 5805 illi.
1970 5742 2209 5817 Optime,

1982 183 2230 247 SANC'l‘l
2265 166 2592 249 estcausa

3814 165 3915 226 534

2382 296 2473 353 75.
2510 296 2605 352 llic
2632 309 2762 367 ergo
2779 292 2999 365 juvenis
3016 306 3078 353 se
3104 290 3359 364 proiecit,
3388 288 3481 360 qui
3508 285 3656 342 venit
3674 299 3781 356 per
3812 285 3918 338 Ma-

2313 390 2472 457 riam,
2505 398 2562 445 et
2587 386 2909 455 infundebat
2929 385 3055 443 vita:
3084 385 3323 443 calorem
3352 380 3663 453 pectoribus
3691 375 3918 433 audien-

2316 485 2474 543 tium.
2506 481 2660 542 Unde
2684 482 2876 539 dicunt
2906 480 2982 536 illi
3011 480 3065 539 in
3103 476 3401 548 Evangelia
3426 493 3440 530 :
3491 472 3680 530 Nonne
3709 487 3804 526 cor
3825 486 3917 524 no-

2314 586 2478 637 strum
2508 575 2697 633 ardens
2717 584 2827 631 erat
2846 574 2901 631 in
2928 572 3096 642 nobis,
3117 587 3234 629 cum
3265 569 3490 643 aperiret
3506 566 3652 624 nobis
3673 563 3920 636 Scriptu-

2317 685 2404 731 ται
2434 666 2587 740 (Luc.
2631 682 2783 737 xxiv,
2816 663 2949 739 5‘1)?

2912 777 3143 836 CAPUT
3185 777 3300 833 ΧΗ.

2319 896 2580 952 Christum
2610 897 2811 964 iuvenis
2848 895 3062 952 secundi
3101 894 3308 950 nomine
3327 892 3391 947 ab
3425 890 3749 947 Ecclesiaste
3789 889 3919 944 desi-

2390 1002 2603 1065 gnatum
2630 1008 2747 1046 cum
2772 992 2892 1046 aliis
2920 990 3071 1057 locis,
3112 1000 3219 1044 tum
3248 991 3406 1062 hujus
3444 988 3612 1060 ipsius
3646 985 3917 1040 continua-

2390 1087 2527 1140 tione
2542 1086 2803 1159 intelligi:
2834 1100 2948 1139 cunt
2974 1085 3135 1157 igitur
3165 1092 3275 1137 esse
3311 1081 3400 1151 qui
3427 1091 3475 1135 et
3516 1078 3765 1134 transisse
3798 1093 3917 1151 pora

2394 1189 2499 1234 tam
2519 1222 2532 1246 ,
2566 1180 2687 1235 etin
2718 1195 2780 1235 ea
2800 1178 2983 1234 sedens
3013 1176 3354 1232 manducasse
3373 1172 3707 1232 describitur.

2393 1319 2480 1379 76.
2511 1319 2606 1377 llic
2627 1316 2946 1389 estiuvenis
2971 1313 3262 1380 secundus,
3295 1322 3351 1369 ut
3372 1311 3504 1369 dicit
3530 1307 3918 1366 Ecclesiastes:

2332 1410 2451 1487 ,νὶαὶ
2482 1411 2750 1469 universos
2793 1409 2880 1481 qui
2911 1408 3101 1478 uiuunt,
3132 1406 3219 1477 qui
3248 1403 3519 1460 ambulant
3548 1400 3641 1456 sub
3667 1400 3783 1455 sole
3810 1414 3920 1452 cum

2312 1507 2508 1578 juvene
2530 1502 2777 1568 secundo,
2800 1499 2828 1539 ἀ
2853 1501 2968 1569 quis
2984 1508 3216 1571 resurget
3242 1513 3336 1569 pro
3357 1512 3417 1552 eo
3437 1494 3668 1563 (Eccles.
3687 1506 3769 1557 tv,
3797 1489 3922 1561 15)?

2429 1615 2454 1653 s
2484 1598 2631 1655 enim
2664 1612 2764 1669 pro
2792 1594 3012 1651 Christo
3039 1599 3320 1662 resurget,
3347 1604 3471 1645 cum
3502 1587 3594 1644 ille
3627 1601 3726 1656 pro
3752 1584 3922 1639 omni-

2447 1687 2837 1755 resurrexerit,
2860 1697 2915 1743 et
2934 1687 2987 1742 in
3016 1686 3111 1740 illo
3136 1697 3327 1740 omnes
3348 1681 3781 1745 resurrexerint,
3804 1693 3919 1734 cuni

2324 1801 2479 1859 spem
2508 1782 2927 1841 resurrectionis
2950 1779 3298 1851 acceperint?

2398 1879 2485 1937 ⁸17.
2521 1879 2596 1937 De
2621 1876 2839 1935 Christo
2877 1884 3058 1935 autem
3087 1874 3290 1931 dictum
3332 1871 3534 1943 liquet,
3567 1868 3791 1941 quando
3835 1867 3921 1923 ad-

2325 1972 2492 2029 vertis
2520 1982 2821 2042 congruere
2857 1968 3025 2025 istum
3054 1967 3230 2025 locum
3265 1979 3390 2023 cum
3425 1961 3815 2021 benedictione
3839 1960 3919 2016 vel

2324 2064 2607 2136 prophetia
2635 2062 2832 2130 lacob,
2854 2063 2944 2133 qui
2968 2062 3044 2121 ait
3070 2060 3139 2116 de
3164 2058 3299 2116 Juda
3324 2075 3340 2113 :
3371 2056 3500 2125 Quis
3521 2055 3792 2115 suscitabit
3812 2071 3918 2110 eum

2329 2157 2481 2235 (ϐίη.
2515 2173 2660 2224 χιιι,
2684 2156 2779 2229 9)?
2807 2156 2926 2213 Non
2954 2156 3140 2225 utique
3166 2153 3343 2219 alter;
3370 2151 3503 2222 quia
3527 2151 3647 2222 ipse
3669 2165 3735 2207 se
3758 2148 3917 2205 susci-

2328 2255 2494 2323 tavit,
2538 2254 2682 2311 sicut
2706 2253 2823 2325 ipse
2850 2252 2929 2311 ait
2959 2268 2972 2305 :
3008 2249 3206 2306 Soluite
3236 2247 3485 2320 templum
3511 2246 3627 2313 hoc,
3674 2253 3721 2301 et
3754 2245 3807 2299 in
3833 2243 3919 2297 tri-

2326 2351 2428 2409 duo
2459 2347 2776 2407 resuscitabo
2802 2346 2940 2401 illud
2960 2343 3142 2416 (Joan.
3174 2359 3212 2399 ιι
3235 2384 3252 2410 ,
3276 2341 3390 2413 19).
3410 2340 3528 2399 lloc
3562 2349 3750 2396 autem
3779 2338 3916 2394 dicc-

2326 2446 2417 2501 bat
2440 2445 2509 2500 de
2540 2443 2740 2513 templo
2765 2441 3016 2512 corporis
3039 2439 3145 2496 sui.

2399 2541 2487 2601 78.
2518 2537 2654 2595 lllud
2679 2551 2898 2609 quoque
2917 2550 3045 2593 vere
3069 2531 3289 2590 Christo
3316 2527 3572 2588 convenit
3604 2526 3750 2593 soli,
3783 2522 3913 2594 quod
3944 2578 3945 2581 η

2324 2632 2565 2695 addidit:
2602 2629 2726 2686 Non
2765 2639 2837 2687 est
2862 2627 2986 2699 ﬁnis
3040 2625 3180 2682 omni
3209 2623 3401 2697 papula
3426 2624 3536 2694 ejus
3566 2617 3800 2691 (Eccles.
3829 2632 3876 2670 tv
3900 2656 3913 2679 ,
3944 2642 3945 2647 π

2328 2728 2419 2799 16)
2445 2744 2460 2794 ;
2491 2727 2616 2798 quia
2660 2723 2892 2796 pOpulus
2921 2717 3127 2777 Christi
3167 2714 3576 2773 innumerabilis
3617 2712 3788 2768 ﬁnem
3817 2723 3914 2765 non
3944 2774 3945 2783 γ

2328 2820 2513 2886 habet,
2543 2818 2630 2875 cui
2659 2817 2793 2877 lides
2822 2814 3236 2873 resurrectionis
3258 2820 3480 2869 aeternae
3501 2817 3526 2848 ο
3555 2815 3831 2879 perpetuae
3851 2804 3914 2856 vi—
3944 2832 3945 2879 ξ

2326 2925 2397 2971 tte
2425 2913 2657 2985 acquirit
2681 2919 2917 2970 aatatem.
2951 2907 3261 2967 Secundum
3292 2918 3515 2961 carnem
3537 2901 3727 2973 itaque
3760 2909 3815 2956 et
3834 2898 3913 2968 iu-
3944 2900 3945 2905 ‘

2327 3025 2517 3067 veneni
2549 3007 2786 3074 dictum,
2815 3015 2869 3062 et
2892 3003 3091 3061 cadere
3115 3000 3206 3059 vel
3243 3012 3532 3069 resurgere
3563 2996 3787 3051 dubium
3815 3007 3913 3046 non

3301 3111 3318 3164 ς
3346 3091 3471 3164 quia
3514 3089 3759 3161 optimus
3794 3098 3912 3157 puer

2325 3210 2526 3267 pauper
2570 3203 2625 3253 et
2669 3191 2889 3263 sapiens
2935 3186 3104 3260 (Ibid.
3151 3186 3238 3256 15)
3268 3203 3282 3240 :
3312 3198 3518 3256 pauper
3557 3183 3708 3239 enim
3753 3180 3911 3236 factus

2326 3234 2516 3267 ,ιι-ην...
2571 3234 2625 3253 ι..
2669 3234 2889 3263 μνη..-
2936 3234 3104 3260 ιη.-.
3154 3234 3236 3256 --ι
3269 3234 3282 3240 -
3313 3234 3507 3256 ,ηρ-
3563 3234 3708 3239 ---ηβ
3755 3234 3785 3236 ν-
3944 3234 3945 3283 ι

2323 3300 2427 3353 est,
2457 3304 2577 3345 c.2m
2601 3288 2753 3343 dives
2781 3290 2953 3341 esset.
3944 3298 3945 3353 ξ

2395 3385 2483 3442 79.
2534 3385 2653 3455 Ipse
2680 3397 2811 3453 ergo
2860 3395 2956 3436 rex
2996 3376 3164 3435 Israel
3204 3373 3457 3430 transivit
3499 3371 3644 3426 hanc
3676 3377 3906 3441 portam,
3944 3344 3945 3417 ἶ

2324 3480 2443 3552 ipse
2486 3477 2595 3536 dux
2638 3476 2773 3533 sedit
2823 3475 2876 3529 in
2905 3488 3009 3537 ea;
3049 3468 3267 3541 quando
3294 3466 3533 3523 Verbum
3567 3477 3700 3519 caro
3727 3460 3908 3515 factum
3944 3464 3945 3525 j

2321 3548 2424 3640 est,
2459 3582 2509 3629 et
2540 3570 2802 3628 habitavit
2822 3567 2877 3623 in
2903 3565 3061 3621 nobis
3092 3561 3273 3635 (Joan.
3298 3576 3337 3627 ι,
3373 3556 3487 3629 ib),
3515 3556 3675 3628 quasi
3702 3553 3811 3609 Rex
3835 3563 3909 3603 εε-
3944 3548 3945 3609 ἕ

2324 3668 2461 3727 dens
2502 3667 2555 3723 in
2586 3664 2708 3721 aula
2740 3660 2908 3734 regali
2939 3658 3081 3714 uteri
3128 3653 3403 3726 virginalis
3425 3695 3441 3720 ,
3475 3650 3559 3706 vel
3596 3651 3651 3703 in
3687 3646 3789 3702 olla
3816 3643 3907 3696 fer-
3944 3640 3945 3643 “

2328 3762 2512 3827 venti,
2545 3760 2689 3817 sicut
2722 3757 2984 3827 scriptum
3010 3762 3138 3810 est:
3173 3749 3330 3806 Moab
3356 3747 3482 3804 aula
3513 3746 3668 3818 spei,
3696 3741 3777 3797 vel
3815 3737 3903 3793 olla
3944 3814 3945 3819 γ

2322 3856 2429 3928 spei
2456 3850 2776 3925 mete(Psal.
2801 3864 2917 3914 ιιι,
2947 3846 3056 3918 l0).
3087 3844 3389 3912 Utrumque
3412 3840 3557 3895 enim
3608 3833 3834 3891 diversis
3858 3831 3900 3883 in
3944 3860 3945 3877 1

2324 3947 2606 4007 codicibus
2632 3942 2924 4002 invenitur.
2959 3937 3096 3995 Aula
3122 3935 3321 4007 regalis
3347 3942 3434 3988 est
3462 3931 3641 4002 virgo,
3669 3941 3787 3998 qua
3812 3936 3900 3976 non

2325 4053 2410 4102 est
2438 4042 2554 4099 viro
2581 4038 2819 4103 subdita,
2850 4034 2947 4091 sed
2974 4033 3086 4089 Deo
3117 4030 3241 4086 soli.
3279 4027 3376 4087 Est
3399 4035 3453 4082 et
3482 4025 3591 4080 olla
3621 4020 3778 4097 261
3805 4025 3908 4071 nte-

2327 4155 2421 4195 rus
2453 4135 2636 4194 Mariae
2660 4175 2676 4201 ,
2706 4146 2829 4203 qua:
2869 4126 3080 4200 Spiritu
3117 4122 3346 4179 ferventi
3378 4119 3468 4191 qui
3513 4112 3821 4187 supervenit
3856 4109 3902 4161 in

2326 4245 2445 4287 eam
2469 4271 2485 4296 ,
2515 4225 2743 4297 replevit
2773 4222 2960 4281 orbem
2993 4228 3264 4275 terrarum
3292 4255 3306 4281 ,
3347 4227 3472 4269 cum
3502 4210 3715 4282 peperit
3736 4203 3899 4264 Salva-

2327 4335 2523 4381 torem.

2387 4340 2617 4486 l:Ciljllui
2649 4408 2996 4470 manducavit
3015 4407 3069 4461 in
3123 4411 3277 4475 porta
3303 4400 3500 4459 sedens
3528 4395 3744 4472 (Eseels.
3772 4403 3899 4453 sur,

3225 4514 3259 4554 o
3288 4495 3414 4552 dicit
3445 4512 3458 4547 :
3492 4492 3643 4548 Meus
3665 4488 3802 4545 cibus
3840 4490 3905 4536 est

2330 4580 2384 4663 ut
2415 4580 2607 4681 faciam
2629 4602 2942 4659 voluntatem
2967 4595 3144 4652 Patris
3169 4593 3270 4649 mei
3288 4592 3377 4664 qui
3402 4590 3458 4645 in
3485 4589 3613 4644 coelo
3638 4594 3711 4643 est
3737 4580 3899 4657 (Joan.
3944 4610 3945 4617 η

2325 4718 2400 4771 tv,
2423 4700 2540 4770 54).

2903 4783 3132 4843 CAPUT
3170 4779 3313 4841 χιιι.

2328 4890 2515 4949 Maria
2540 4886 2888 4958 virginitatem
2918 4879 3132 4953 pulchre
3156 4872 3418 4947 designari
3438 4884 3531 4943 per
3557 4869 3717 4925 ollam
3740 4875 3901 4958 acuu-

2397 4984 2509 5040 bent
2534 4951 2695 5039 levem
2723 4994 2741 5034 .-
2771 4951 2930 5050 hujus
2954 4972 3103 5028 nubis
3152 4968 3385 5040 pluvium
3430 4962 3665 5039 pluribus
3706 4951 3899 5029 lypisin

2317 5178 2376 5225 ut
2398 5167 2663 5225 referatur
2685 5162 2752 5221 ad
2780 5174 2904 5219 eum
2925 5156 3020 5229 qui
3040 5152 3327 5229 ceciderit,
3352 5158 3405 5206 et
3436 5144 3655 5229 κριθιὶνί
3681 5141 3765 5229 qui
3787 5135 3900 5229 sui:

2315 5207 2653 5310 ἷίἷιὲῖῖξξιίῖιῖ
2685 5207 3020 5310 Ξῖιιέἷέζξξιῖἑ
3042 5207 3224 5310 {iam
3239 5207 3605 5310 aliuswlnt‘rs
3642 5207 3900 5310 Vergini

2314 5285 2674 5383 anilitas
2690 5285 2976 5383 nis—siﬂiic
2988 5296 3351 5383 erggjttueuis.
3377 5291 3586 5383 ultimm
3606 5285 3725 5344 voci
3749 5295 3896 5352 spon-

2313 5367 2455 5453 giam
2486 5380 2698 5437 induxit
2725 5377 2886 5435 Rom.
2914 5367 3200 5429 editJNon
3225 5367 3358 5425 satis
3384 5371 3565 5419 recte.

2386 5451 2412 5490 ἀ
2436 5451 2595 5509 Rom.
2616 5450 2748 5507 edit.
2775 5447 2914 5512 sola,
2933 5445 3434 5516 quisresstrgetygn
3449 5450 3514 5491 eo
3532 5450 3552 5500 ι
3570 5428 3665 5489 sed
3690 5426 3896 5516 aliqu

2317 5534 2372 5579 et
2415 5493 3045 5583 .5321"“iussiiussi
3063 5493 3266 5587 eius
3296 5493 3443 5567 LXX
3463 5546 3483 5571 .
3520 5493 3783 5587 queratur
3798 5493 3901 5587 13:33

2319 5574 2667 5658 inminui;
2682 5574 2747 5653 iis
2773 5591 3123 5648 ἀναστήσεται
3143 5585 3330 5641 αὐτοῦ.
3356 5589 3494 5644 etc.,
3520 5574 3607 5633 his
3637 5574 3791 5629 etiam
3811 5574 3895 5618 nec

2320 5666 2636 5737 discrepant
2664 5664 2785 5719 alia:
2811 5660 3111 5737 versiones.

2292 5742 2301 5749 “
2396 5747 2418 5778 ε
2449 5725 2575 5797 Μέε.
2597 5778 2614 5807 ,
2644 5732 2985 5808 perpetuitate
3013 5725 3233 5797 acquirit
3258 5731 3480 5783 nitatem.
