3974 6186
507 218 617 276 ΒΞῚ

1857 214 2076 272 SANCT
2083 216 2099 272 ι
2139 212 2468 274 AMBROSII

3703 221 3823 279 5‘28

497 337 568 394 8ιί
594 345 746 393 ortus
769 351 835 392 ex
865 334 1268 404 Virgine,sicut
1287 333 1529 391 victores
1551 333 1728 389 solent
1757 333 2103 389 smcnlarium
2134 337 2184 398 Α
2213 333 2494 389 Bcnedices
2514 349 2758 388 coronam
2805 336 2930 390 anni
2953 335 3276 408 benignitatis
3319 349 3442 402 tute,
3466 350 3513 392 et
3539 340 3708 401 campi
3741 342 3826 394 tui

506 431 843 502 praeliorum,
877 439 1222 483 strenuorum
1267 428 1512 482 virorum
1543 428 1707 499 269
1735 427 1953 481 donatis
1995 438 2108 482 tor-

503 526 704 596 quibus
726 524 1001 579 honorare
1025 522 1268 578 cervices
1296 538 1312 588 ;
1345 521 1416 576 ita
1449 521 1635 592 jugum
1669 530 1910 578 nostrum
1956 521 2104 576 leva-

507 619 602 685 vit,
631 627 691 673 ut
717 617 956 672 ﬁdelium
981 617 1121 672 colla
1150 616 1366 672 virtutis
1388 615 1696 688 insignibus
1721 625 2031 672 coronaret.

579 711 670 767 90.
701 709 843 765 Vere
873 717 1054 764 autem
1079 710 1230 764 alvus
1261 709 1353 764 ille
1394 710 1581 765 Mariae
1609 719 1788 765 crater
1817 709 2106 776 tornatilis,

506 805 562 861 iu
590 819 701 875 quo
730 814 849 860 erat
878 803 1186 874 Sapientia,
1216 820 1338 875 quae
1366 805 1583 860 miscuit
1603 805 1659 860 in
1687 813 1898 860 cratere
1921 804 2106 859 vinum

505 916 688 966 suum,
723 898 1128 954 indeiicientem
1167 897 1498 969 cognitionis
1525 898 1628 969 pia:
1655 900 1883 969 gratiam
1908 897 2112 954 divini-

502 993 632 1047 tatis
657 1006 770 1047 sua:
801 991 1141 1063 plenitudine
1161 990 1577 1047 subministrans
1600 990 1783 1063 (Prov.
1817 1007 1892 1057 ιχ,
1919 989 1998 1062 2).

580 1085 672 1142 91.
699 1085 754 1139 In
798 1101 906 1156 quo
940 1085 1166 1156 virginis
1199 1092 1355 1141 utero
1385 1083 1548 1141 simul
1580 1099 1808 1141 acervus
1837 1084 2026 1150 tritici,
2057 1093 2112 1140 et

505 1181 606 1238 lilii
661 1179 812 1235 [loris
839 1177 1015 1250 gratia
1052 1177 1432 1249 germinabat;
1462 1177 1718 1247 quoniam
1772 1185 1828 1231 et
1876 1191 2108 1246 granum

506 1277 675 1335 tritici
722 1275 1043 1348 generabat,
1093 1281 1153 1329 et
1179 1273 1370 1328 lilium.
1415 1273 1654 1329 Granum
1705 1271 1870 1327 tritici
1919 1285 2114 1327 secun-

503 1372 632 1428 dum
654 1368 799 1442 quod
827 1367 1092 1438 scriptum
1124 1375 1210 1422 est
1232 1381 1248 1419 :
1274 1367 1462 1432 Amen,
1492 1380 1642 1419 amen
1668 1364 1787 1417 dico
1821 1363 1981 1430 vobis,
2012 1361 2115 1416 nisi

506 1480 728 1538 granum
773 1461 931 1516 tritici
978 1459 1166 1514 cadens
1215 1459 1269 1513 in
1320 1467 1550 1525 terram,
1603 1468 1862 1512 mortuum
1932 1457 2111 1527 fuerit,

507 1558 682 1627 ipsum
709 1555 880 1610 solum
917 1563 1086 1608 manet
1117 1552 1300 1625 (Joan.
1324 1567 1423 1618 xu,
1462 1549 1582 1621 24).
1634 1551 1740 1606 Sed
1762 1552 1884 1622 quia
1910 1550 1977 1606 de
2007 1564 2115 1606 uno

507 1663 682 1722 grano
711 1648 876 1703 tritici
915 1660 1146 1702 acervus
1174 1653 1261 1700 est
1289 1644 1487 1706 lactus,
1510 1644 1839 1713 completum
1866 1652 1951 1698 est
1981 1642 2114 1697 illttd

2209 425 2546 493 replebuntur
2563 426 2809 482 ubertate.
2841 427 3184 499 Pinguescant
3201 430 3363 502 27o
3379 431 3507 500 fines
3531 433 3740 499 deserti,
3774 443 3829 487 et

2209 520 2552 574 exsultatione
2600 521 2757 576 colles
2825 522 3174 596 accingentur.
3222 522 3406 577 Induti
3450 534 3570 578 sunt
3630 527 3827 580 arietes

2209 613 2405 679 ovium,
2432 623 2480 667 et
2507 614 2763 669 convalles
2785 615 3048 670 abundant
3071 617 3326 687 frumento
3354 635 3372 684 ;
3408 619 3593 673 etenim
3619 620 3829 674 clama-

2211 704 2358 773 bunt,
2379 717 2426 761 et
2455 709 2700 779 hymnum
2733 709 2899 764 dicent
2924 709 3045 782 (Ps.
3076 699 3221 778 LXIV,
3256 712 3325 766 12
3343 723 3392 767 et
3422 713 3580 784 seq.).

2284 799 2374 854 95.
2397 798 2530 867 Quis
2555 810 2641 856 est
2665 817 2841 857 annus
2869 803 3162 858 Dominicas
3203 804 3484 872 bonitatis,
3504 806 3605 861 nisi
3627 806 3719 863 ille
3750 809 3829 864 de

2210 906 2321 960 quo
2368 892 2568 948 dictum
2623 904 2706 949 est
2747 913 2760 947 :
2793 894 3043 966 Tempore
3069 907 3276 968 accepto
3302 899 3542 953 exaudiui
3563 909 3631 967 te,
3664 911 3713 955 et
3767 902 3831 956 in

2211 984 2297 1038 die
2325 986 2506 1040 salutis
2535 986 2715 1055 adjuvi
2744 998 2792 1042 te
2819 988 2993 1060 (Esai.
3031 1005 3178 1054 χιιι,
3209 988 3304 1061 8);
3335 991 3554 1061 quando
3586 993 3828 1063 populo—

2213 1094 2332 1134 rum
2359 1080 2464 1135 iide
2493 1079 2520 1119 ι)
2549 1081 2788 1137 Ecclesia
2811 1082 3127 1148 abundavit,
3145 1082 3410 1154 justitiam
3439 1085 3615 1140 induit
3633 1101 3830 1141 sacer-

2213 1171 2414 1226 dotes?
2440 1171 2596 1229 Unde
2641 1183 2696 1228 et
2732 1174 3031 1245 Apostolus
3069 1175 3242 1231 dicit:
3273 1176 3406 1231 Ecce
3431 1194 3568 1232 nunc
3618 1187 3833 1248 tempus

2213 1265 2530 1335 acceptabile
2554 1307 2568 1332 ,
2611 1283 2727 1322 ecce
2777 1283 2915 1322 nunc
2955 1267 3064 1323 dies
3103 1269 3289 1324 salutis
3336 1269 3404 1341 (ll
3434 1269 3556 1325 Cor.
3586 1287 3663 1337 νι,
3719 1273 3830 1342 2);

2215 1357 2435 1427 quando
2467 1358 2621 1413 venit
2645 1359 2908 1416 Dominus
2937 1361 3234 1430 praedicare
3263 1378 3464 1419 annum
3497 1364 3713 1419 Domini
3735 1380 3834 1421 ac-

2215 1457 2459 1520 ceptum,
2484 1459 2539 1505 et
2562 1451 2708 1505 diem
2740 1453 3138 1522 retributionis,
3161 1454 3299 1511 sicut
3317 1457 3369 1510 in
3399 1455 3701 1529 Evangelia
3723 1475 3835 1516 suo

2219 1539 2334 1610 ipse
2361 1543 2688 1598 memoravit
2739 1543 2962 1600 dicens:
2998 1545 3229 1615 Spiritus
3275 1547 3486 1604 Domini
3525 1568 3687 1622 super
3718 1569 3832 1621 me,

2223 1643 2429 1703 propter
2457 1635 2592 1698 quod
2620 1636 2769 1690 unxit
2793 1653 2894 1701 me,
2925 1647 3032 1693 etc.
3060 1637 3213 1710 (Luc.
3244 1655 3318 1708 tv,
3355 1640 3465 1714 l8).

508 1742 884 1814 propheticum
915 1757 928 1793 :
960 1737 1032 1793 Et
1052 1738 1311 1793 convalles
1337 1736 1674 1791 abundabunt
1707 1733 2102 1806 frumento(Ps.
2137 1723 2186 1784 B
2284 1727 2373 1783 96.
2399 1728 2550 1784 Tunc
2575 1745 2710 1801 ergo
2755 1731 3016 1787 Dominus
3031 1734 3291 1803 operibus
3317 1735 3431 1791 suis
3467 1747 3521 1791 et
3569 1737 3749 1808 gloria
3778 1749 3837 1794 et

509 1830 811 1902 mult),
855 1831 978 1902 quia
1025 1845 1254 1901 granum
1288 1827 1422 1883 illud
1470 1834 1764 1894 mortuum,
1816 1825 2106 1896 plurimum

508 1927 744 1983 fructum
772 1923 974 1980 attulit.
999 1923 1112 1979 Hoc
1143 1923 1326 1994 itaque
1353 1936 1586 1994 granum
1611 1934 1806 1976 omnes
1859 1918 2108 1975 homines

509 2028 772 2092 perpetua
802 2017 1109 2074 caelestium
1161 2030 1448 2071 munerum
1479 2029 1604 2070 esca
1655 2013 2110 2069 saturavit:e0n—

509 2122 951 2183 summatumque
997 2119 1083 2166 est
1129 2110 1263 2166 illud
1296 2109 1600 2179 prophetici
1653 2109 1764 2164 oris
1810 2108 2106 2179 eloquium,

509 2207 727 2262 dicente
753 2205 946 2261 eodem
982 2203 1155 2259 David
1181 2220 1192 2256 :
1221 2203 1417 2258 Cibavit
1442 2218 1529 2257 eos
1573 2219 1636 2257 ex
1672 2201 1824 2274 adipe
1844 2201 2111 2273 frumenti,

511 2309 558 2356 et
581 2300 644 2354 de
671 2306 818 2369 petra
846 2297 996 2352 melle
1024 2297 1272 2352 saturavit
1295 2313 1380 2352 eos
1404 2294 1526 2367 (Ps.
1545 2311 1712 2362 Lxxx,
1739 2295 1854 2366 17).

581 2390 671 2448 92.
710 2391 770 2446 In
795 2390 896 2446 hoc
918 2404 1090 2461 grano
1113 2403 1236 2445 esse
1262 2389 1426 2446 etiam
1478 2387 1652 2443 lilium
1685 2385 1869 2443 divina
1912 2395 2114 2442 testano

513 2493 601 2540 tur
635 2485 854 2540 oracula
879 2499 895 2550 ;
929 2482 1052 2554 quia
1075 2483 1340 2554 scriptum
1371 2491 1456 2538 est
1481 2499 1495 2537 :
1526 2480 1640 2554 Ego
1656 2498 1772 2536 sum
1793 2483 1892 2551 ﬂos
1919 2481 2111 2551 campi,

507 2590 555 2636 et
577 2580 749 2636 lilium
776 2578 1090 2635 convallium
1116 2595 1136 2632 :
1161 2582 1296 2632 sicut
1341 2578 1510 2632 lilium
1550 2579 1605 2630 in
1626 2577 1793 2631 medio
1843 2577 2115 2645 spinarum

504 2674 678 2742 (Cant.
701 2690 766 2742 tt,
789 2674 863 2745 l).
897 2671 1146 2728 Christus
1170 2679 1291 2727 erat
1320 2669 1493 2724 lilium
1522 2669 1576 2724 in
1602 2667 1784 2725 medio
1804 2668 2111 2740 spinarum,

508 2748 732 2838 quando
755 2773 876 2822 erat
900 2765 955 2820 in
977 2763 1162 2820 medio
1201 2761 1536 2818 Judaeorum.

1115 2879 1345 2935 CAPUT
1386 2879 1502 2934 XV.

521 2970 760 3045 Virgines
782 2971 1007 3043 quodam
1051 2971 1308 3043 singulari
1337 2972 1491 3027 modo
1525 2972 1630 3028 dici
1656 2989 1803 3042 posse
1828 2973 1940 3028 lilia
1966 2972 2117 3027 Chri-

582 3067 650 3120 sti
673 3083 692 3133 ;
720 3064 980 3120 Christum
1011 3080 1130 3119 vero
1160 3067 1331 3137 ipsum
1383 3074 1522 3121 recte
1549 3082 1638 3136 per
1683 3083 1920 3122 acervum
1956 3067 2116 3120 tritici

583 3159 708 3214 liliis
733 3159 1107 3214 circumdatum
1135 3160 1437 3215 adumbrari
1462 3177 1484 3227 ;
1513 3162 1700 3234 quippe
1726 3161 1816 3229 qui
1841 3171 1888 3215 et
1924 3158 2108 3216 Eccle~

580 3257 713 3311 siam
751 3256 1126 3328 fecundaverit,
1156 3266 1202 3312 et
1251 3257 1572 3313 diversorum
1623 3257 1853 3312 retulerit
1895 3271 2113 3313 coronas

581 3349 944 3404 certaminum.

584 3465 674 3521 95.
700 3464 863 3531 Audi,
893 3464 1070 3536 virgo,
1101 3465 1231 3534 quid
1280 3465 1425 3520 dicat
1457 3478 1470 3515 :
1505 3464 1723 3534 Lilium,
1765 3465 1958 3536 inquit,
1990 3482 2110 3520 con-

510 3557 724 3612 vallium
745 3557 1016 3623 Christus,
1042 3557 1094 3612 id
1122 3566 1227 3624 est,
1265 3556 1552 3614 humilium
1598 3559 1901 3614 animarum
1930 3569 1984 3615 et
2012 3560 2113 3614 nti-

509 3651 666 3707 tium.
701 3651 832 3706 Esto
851 3667 982 3723 ergo
1019 3652 1187 3719 mitis,
1219 3650 1463 3720 humilis,
1495 3663 1656 3724 atque
1696 3664 1977 3710 mansueta
2004 3694 2020 3722 ,
2052 3663 2110 3709 ut

507 3743 564 3799 in
588 3753 640 3800 te
663 3744 803 3800 sicut
827 3743 995 3799 lilium
1035 3745 1304 3814 germinet
1328 3743 1599 3801 Christus.
1631 3746 1706 3802 De
1735 3761 1844 3817 quo
1897 3756 1952 3802 et
1978 3746 2108 3801 alibi

508 3840 719 3896 habes:
751 3839 916 3895 Labia
965 3841 1078 3907 eius
1127 3839 1238 3894 lilia
1262 3847 1288 3875 ει
1317 3839 1573 3895 stillantia
1593 3841 1857 3909 myrrham
1890 3840 2108 3913 primam

508 3929 686 4002 (Cant.
717 3947 770 4000 v,
806 3932 901 4002 15)
926 3947 942 3998 ;
967 3931 1019 3987 id
1044 3940 1148 3999 est,
1184 3932 1274 4004 qui
1305 3931 1510 3988 Christi
1536 3934 1846 4002 passionem
1877 3932 2110 4004 loquun-

509 4031 598 4078 tur
627 4033 684 4079 et
722 4038 822 4080 suo
845 4040 938 4081 ore
965 4026 1370 4093 concelebrant,
1403 4041 1465 4082 ac
1491 4026 1963 4084 mortiﬁcationem
1992 4027 2108 4098 ejus

508 4114 564 4171 in
589 4131 692 4171 suo
716 4116 1106 4173 circumierunt
1134 4133 1388 4189 corpore,
1420 4117 1621 4174 Christi
1648 4120 1757 4174 lilia
1786 4129 1944 4186 sunt;
1985 4134 2108 4188 Spe-

505 4208 719 4266 cialiter
741 4223 915 4265 saera:
943 4209 1204 4280 virgines,
1236 4225 1467 4281 quarum
1499 4220 1584 4265 est
1609 4209 1890 4281 splendida
1917 4220 1971 4265 et
2007 4211 2108 4265 im-

506 4303 773 4358 maculata
820 4303 1121 4372 virginitas.
1174 4302 1330 4359 Unde
1361 4303 1605 4372 plerique
1658 4304 1933 4372 accipiunt
1959 4304 2105 4374 quod

508 4395 755 4452 Ecclesia
779 4391 1031 4449 videatur
1060 4393 1244 4450 dicere
1275 4411 1286 4447 :
1330 4393 1445 4467 Ego
1474 4409 1586 4448 sum
1625 4395 1722 4464 ﬂos
1744 4395 1931 4466 campi,
1957 4405 2006 4449 et
2036 4397 2103 4449 li-

508 4488 636 4544 lium
660 4487 971 4542 convallium
996 4503 1015 4541 :
1045 4503 1164 4558 quae
1197 4488 1248 4541 in
1296 4486 1398 4543 hac
1423 4487 1669 4542 convalle
1708 4487 1866 4543 istius
1917 4488 2103 4544 tuundi
2132 4508 2182 4568 ι)

503 4584 735 4655 gratiam
793 4581 921 4637 boni
973 4581 1159 4637 odoris
1203 4580 1460 4648 exhalat,
1515 4581 1722 4637 sedulae
1761 4582 2106 4640 confessione

506 4677 748 4747 pietatis.
780 4674 1021 4746 Denique
1043 4683 1096 4730 et
1126 4673 1255 4729 alibi
1285 4673 1448 4728 dicit:
1470 4673 1657 4728 Frater
1681 4691 1817 4728 meus
1842 4675 2107 4729 descendit

503 4768 559 4824 in
587 4771 792 4823 hortum
813 4783 984 4834 suum,
1014 4767 1067 4821 in
1096 4765 1300 4838 phialas
1320 4767 1588 4833 aromatis,
1606 4782 1816 4837 pascere
1837 4767 1890 4820 in
1918 4765 2103 4833 hortis,

501 4870 550 4916 et
575 4860 818 4933 colligere
843 4859 978 4914 lilia.
1013 4856 1126 4931 Ego
1155 4857 1310 4929 fratri
1353 4875 1485 4924 meo,
1517 4867 1561 4912 et
1593 4862 1753 4930 frater
1783 4875 1924 4914 meus
1953 4859 2104 4925 mihi,

501 4953 589 5024 qui
616 4953 784 5024 pascit
810 4952 942 5006 inter
966 4951 1082 5006 lilia
1106 4949 1280 5022 (Cant.
1313 4966 1389 5019 Vl,
1416 4951 1469 5016 1,
1500 4949 1582 5022 ‘2).

575 5044 667 5100 94.
691 5047 773 5101 Ex
800 5045 896 5101 illo
940 5060 1071 5116 ergo
1100 5054 1257 5101 utero
1289 5044 1475 5100 Mariae
1501 5044 1732 5102 diliusus
1770 5046 1930 5102 estin
1963 5045 2107 5101 hunc

501 5137 765 5196 mundum
809 5154 1041 5197 acervus
1085 5139 1252 5195 tritici
1301 5139 1492 5195 muniti
1524 5137 1670 5195 inter
1714 5140 1861 5207 lilia;
1888 5139 2106 5210 quando

498 5244 662 5291 natus
690 5243 776 5291 est
814 5250 881 5291 ex
912 5249 978 5291 ea
1008 5232 1281 5302 Christus,
1313 5233 1398 5290 cui
1429 5233 1560 5290 dicit
1600 5235 1869 5305 propheta
1903 5234 2099 5291 David:

494 5371 552 5430 Si
573 5373 694 5446 quis
723 5382 913 5456 tamen,
943 5372 1110 5456 pluria
1142 5371 1442 5456 desideret,
1491 5371 1652 5456 a‘deat
1680 5371 2088 5456 Vegetiumnlhiln).

491 5444 716 5572 Μηδείῃ).
745 5445 840 5512 27,
864 5453 922 5501 et
941 5444 1186 5515 Lipsium
1215 5444 1285 5499 de
1317 5444 1470 5527 Milit.
1499 5444 1682 5508 Rom.,
1703 5444 1859 5526 libtv,
1879 5460 1930 5514 p.
1962 5445 2091 5526 209,

491 5518 585 5572 ubt
615 5532 645 5572 a
712 5531 837 5572 eum
888 5531 1095 5571 morem
1127 5530 1268 5571 nunc
1297 5524 1530 5570 usuatos
1561 5523 1899 5572 equestrium
1947 5517 2091 5572 Ol‘dl-

491 5517 585 5573 ubi
615 5517 682 5572 ad
712 5531 837 5573 eum
888 5531 1095 5571 morem
1127 5530 1268 5571 nunc
1297 5517 1530 5570 usitatos
1561 5517 1899 5584 equestrium
1947 5517 2096 5572 ordi-

490 5603 622 5644 num
651 5599 875 5658 torques
895 5595 1153 5655 aceeptos
1171 5585 1360 5641 refert.

497 5669 590 5729 ﬁt!
625 5658 769 5714 Edit.
847 5657 1169 5729 Distillantia
1219 5658 1482 5729 myrrham
1530 5658 1773 5729 plenam;
1831 5658 1908 5712 sic
1949 5658 2094 5712 enim

491 5728 662 5798 LXX,
691 5727 950 5796 σταζόντα
976 5731 1208 5807 σμύρναν
1229 5727 1416 5807 πλήρη.
1446 5727 1577 5787 MSS.
1595 5739 1798 5800 tamen,
1816 5739 1871 5787 et
1887 5730 2099 5802 vulgata

2212 1819 2420 1878 honore
2451 1823 2532 1878 sui
2566 1833 2780 1895 tempus
2817 1826 3098 1881 coronavit
3144 1827 3442 1896 adventus;
3500 1838 3645 1885 totus
3675 1833 3834 1887 enim

2215 1912 2308 1968 ille
2333 1928 2513 1970 annus
2537 1918 2970 1972 conversationis
2987 1918 3105 1988 ejus
3132 1917 3184 1973 in
3210 1918 3312 1975 hoc
3342 1921 3548 1976 mundo
3576 1922 3831 1978 diversa-

2212 2021 2331 2061 rum
2387 2009 2576 2064 habuit
2613 2011 2908 2066 certamina
2960 2015 3295 2084 passionum.
3354 2017 3495 2072 Vicit
3547 2017 3832 2075 Herodem

2214 2100 2476 2170 parvulus
2517 2102 2734 2174 (Matth.
2764 2120 2820 2169 tt,
2850 2105 2964 2176 16),
3011 2106 3078 2162 de
3115 2125 3222 2178 quo
3254 2109 3306 2164 in
3351 2111 3605 2180 passione
3650 2111 3836 2166 inlan-

2216 2193 2349 2249 tittm
2372 2195 2744 2267 triumphavit.
2767 2197 3021 2265 Esurivit,
3057 2201 3247 2266 sitivit,
3275 2217 3375 2274 pro
3402 2203 3560 2258 nobis
3593 2205 3833 2274 vapula-

2214 2289 2337 2355 vit,
2391 2305 2490 2360 pro
2539 2290 2698 2349 nobis
2742 2295 3196 2351 contumeliarum
3254 2297 3472 2369 indigna
3521 2299 3833 2368 toleravit,

2215 2395 2430 2439 crucem
2479 2384 2749 2455 ascendit,
2778 2397 3026 2444 mortuus
3049 2399 3136 2444 est
3179 2405 3280 2460 pro
3329 2390 3506 2447 nobis.

2859 2549 3086 2607 CAPUT
3128 2551 3270 2608 XVI.

2225 2661 2523 2735 Virginibus
2553 2667 2839 2721 exeundum
2869 2667 3070 2722 obviam
3095 2667 3322 2739 Christo,
3355 2680 3404 2726 et
3447 2687 3551 2742 qua
3596 2673 3834 2728 ratione.

2295 2753 2451 2810 Hunc
2466 2757 2674 2825 quidem
2715 2775 2746 2812 a
2773 2769 2935 2814 matre
2977 2772 3283 2816 coronatum
3325 2779 3478 2831 esse;
3507 2765 3598 2818 sed
3653 2775 3834 2820 tamen

2289 2849 2352 2904 de
2379 2852 2544 2920 ipsius
2585 2853 2850 2909 divinitate
2901 2871 3007 2909 non
3059 2856 3442 2930 ambigendum.
3499 2859 3833 2914 Sumendam

2289 2945 2461 3015 itaque
2483 2948 2762 3018 perfectura
2794 2949 2949 3020 ﬁdem
2978 2951 3031 3004 in
3056 2967 3170 3006 esca
3196 2953 3290 3007 illa
3316 2970 3468 3023 quant
3498 2956 3706 3024 paravit
3732 2955 3830 3010 Ja-

2291 3038 2404 3106 cob,
2436 3047 2481 3092 et
2507 3041 2559 3093 in
2588 3041 2722 3095 stola
2739 3059 2894 3112 quam
2924 3043 3152 3112 prudens
3177 3045 3360 3099 mulier
3379 3047 3664 3114 contexuit,
3693 3065 3833 3118 pra:-

2289 3133 2571 3205 ﬁguratam
2601 3152 2620 3200 ;
2647 3146 2702 3189 ut
2730 3136 2874 3206 virgo
2926 3136 3304 3193 benedictiones
3333 3156 3365 3192 a
3408 3137 3614 3195 Christo
3640 3157 3831 3196 conse-

2285 3236 2427 3294 cuta,
2452 3227 2507 3281 in
2535 3228 2741 3284 homine
2789 3227 2956 3285 Deum
2984 3231 3174 3297 videat,
3205 3232 3364 3287 immo
3409 3248 3530 3287 vero
3557 3232 3832 3290 Christum

2285 3319 2491 3388 induat,
2525 3321 2778 3394 simulque
2800 3325 3030 3378 onmium
3048 3336 3349 3380 ornamenta
3374 3326 3640 3382 virtutum.

2284 3454 2373 3511 97.
2433 3455 2597 3514 Vides
2641 3471 2840 3530 quanta
2873 3471 2894 3500 ο
2941 3462 3280 3518 certamina!
3325 3463 3436 3520 Sed
3475 3477 3660 3521 tamen
3717 3483 3827 3523 non

2211 3564 2408 3605 avarus
2430 3561 2653 3608 exactor
2685 3554 2912 3623 praemii,
2942 3555 3027 3611 cui
3080 3556 3373 3612 abundavit
3416 3573 3520 3612 una
3578 3560 3830 3617 cmlestis

2211 3659 2414 3701 corona
2436 3648 2672 3704 virtutis.
2725 3649 2881 3706 Unde
2908 3651 3250 3720 egredimini,
3284 3653 3409 3708 ﬁliae
3449 3653 3825 3723 Hierusalem,

2211 3739 2352 3793 sicut
2377 3753 2473 3793 vos
2496 3740 2742 3795 hortatur
2765 3741 3049 3814 Scriptura
3077 3743 3256 3799 divina
3280 3745 3332 3799 in
3362 3743 3610 3800 Canticis
3641 3748 3825 3803 cami-

2211 3846 2398 3888 corum
2430 3833 2795 3906 :Egredimini
2844 3846 2893 3891 et
2946 3837 3111 3892 videte
3162 3855 3331 3910 regem
3381 3839 3725 3896 Salomonem
3771 3843 3825 3896 in

2210 3944 2424 3994 corona,
2457 3945 2561 3999 qua
2608 3931 2873 3986 coronavit
2903 3948 3019 3986 eum
3048 3943 3210 3987 mater
3261 3935 3370 4000 eius
3401 3935 3456 3988 in
3485 3936 3572 3989 die
3598 3953 3824 4005 sponsa-

2210 4020 2337 4075 lium
2363 4024 2477 4094 ejus
2502 4065 2518 4088 ,
2552 4033 2599 4077 et
2624 4023 2679 4076 in
2705 4022 2791 4078 die
2811 4025 3158 4095 jucunditatis
3186 4026 3357 4080 cordis
3385 4030 3499 4100 ejus
3528 4028 3708 4103 (Cant.
3742 4047 3820 4098 Ill,

2212 4112 2336 4183 ll);
2368 4115 2488 4185 quia
2513 4115 2633 4186 fecit
2680 4115 2801 4184 sibi,
2828 4116 3025 4187 inquit,
3051 4117 3354 4173 charitatem
3382 4137 3414 4174 α
3439 4119 3655 4188 ﬁliabus
3683 4121 3737 4175 11
3745 4123 3818 4176 ic-

2209 4206 2453 4273 rusalem,
2499 4207 2602 4262 hoc
2631 4209 3131 4280 estzEgredimini
3187 4227 3252 4267 ex
3308 4211 3393 4267 his
3447 4216 3718 4285 angustiis
3767 4224 3824 4271 ct

2208 4299 2668 4357 sollicitudinibus
2697 4303 3092 4373 corporalibus,
3133 4305 3455 4373 egredimini
3485 4321 3552 4360 ex
3599 4307 3704 4364 hac
3725 4308 3819 4364 de-

2209 4391 2505 4451 lectatione
2537 4395 2770 4463 carnali,
2800 4405 2855 4452 et
2899 4397 3326 4468 peregrinamini
3363 4398 3431 4455 de
3475 4415 3736 4471 corpore,
3767 4411 3823 4458 ut

2209 4485 2405 4542 adesse
2453 4487 2682 4542 Domino
2731 4489 2954 4558 possitis
3002 4505 3017 4555 ;
3071 4491 3326 4560 quoniam
3391 4492 3482 4562 qui
3543 4494 3596 4547 in
3655 4509 3821 4550 carne

2209 4589 2361 4650 sunt,
2392 4582 2622 4639 Domino
2643 4597 2744 4639 suo
2781 4584 2999 4655 placere
3023 4600 3128 4640 non
3159 4595 3409 4656 possunt.
3443 4587 3657 4642 Dicitur
3682 4604 3819 4661 ergo

2208 4679 2363 4733 vobis
2387 4678 2510 4749 quia
2542 4695 2650 4733 non
2678 4681 2812 4733 estis
2852 4679 2906 4734 in
2932 4694 3116 4747 carne,
3145 4679 3241 4735 sed
3285 4681 3339 4736 in
3388 4681 3581 4751 spiritu
3633 4682 3814 4753 (Rom.

2211 4786 2330 4837 vnt,
2362 4770 2419 4836 8,
2444 4770 2527 4842 9),
2556 4771 2601 4826 si
2649 4771 2934 4842 potueritis
2981 4771 3450 4844 comprehendere
3503 4773 3819 4831 Salomonis

2211 4867 2323 4920 veri
2356 4865 2499 4922 illius
2545 4866 2754 4937 pacilici
2785 4866 3134 4933 charitatetn,
3163 4882 3327 4938 quam
3377 4867 3506 4925 fecit
3531 4868 3637 4925 sibi
3661 4870 3814 4942 ipse;

2209 4967 2263 5013 et
2287 4957 2413 5014 ideo
2441 4973 2697 5015 coronam
2730 4961 2940 5030 accepit
2968 4975 2998 5015 a
3045 4969 3236 5016 matre.

2279 5049 2370 5106 98.
2403 5051 2569 5106 Beata
2600 5061 2774 5108 mater
2799 5051 3159 5119 Hierusalem,
3187 5052 3380 5109 beatus
3400 5062 3458 5110 et
3484 5052 3676 5110 Mariae
3699 5064 3817 5112 ute-

2207 5161 2323 5212 rus,
2348 5147 2442 5218 qui
2465 5156 2673 5203 tantum
2701 5147 2990 5204 Dominum
3017 5150 3326 5206 coronavit.
3359 5148 3663 5208 Coronavit
3688 5168 3812 5210 eum

2205 5236 2424 5305 quando
2451 5236 3060 5296 formavitzcoronavit
3104 5256 3262 5310 eum,
3315 5241 3534 5312 quando
3579 5258 3814 5314 genera-

2195 5374 2374 5450 versio
2433 5375 2684 5430 stillantia
2737 5378 3004 5448 myrrham
3054 5379 3275 5450 primam
3319 5397 3343 5447 ;
3390 5387 3573 5436 textus
3637 5381 3810 5440 Hebr.

2198 5448 2464 5517 myrrham
2494 5453 2862 5505 transeuntem.

2272 5516 2298 5556 *ν
2326 5516 2528 5572 Omnes
2557 5517 2714 5597 edita,
2741 5518 3034 5577 Ecclesiam
3077 5522 3414 5593 fecundavit,
3433 5524 3672 5597 justitia,
3698 5533 3806 5582 etc.

2201 5587 2327 5644 Mss.
2355 5597 2534 5642 autem
2564 5598 2622 5642 ut
2652 5589 2704 5642 in
2753 5602 3035 5648 contextu.

2278 5659 2456 5741 cVoci
2510 5662 2816 5741 certandae,
2847 5665 2989 5741 _edit._
3017 5664 3221 5720 addunt
3279 5682 3462 5736 passus
3518 5666 3806 5741 est:quod

2204 5730 2502 5802 elegantius
2527 5733 2953 5807 subiutelligitur
2976 5737 3028 5793 in
3059 5750 3188 5791 mss.
