3946 6180
431 211 535 270 551

1801 193 2052 251 SANCTI
2090 193 2419 251 AMBROSII

3656 192 3766 253 €52

431 334 561 381 vota
594 332 879 386 converto,
925 316 1082 387 cujus
1134 312 1321 384 pietati
1367 306 1797 365 innumerabiles
1844 306 2047 377 gratias
2072 308 2125 368 Α
2152 309 2274 362 riat.
2298 306 2403 364 Sed
2427 316 2487 362 ut
2518 308 2617 360 isti
2649 305 2951 376 procedere
2980 308 3152 376 possit
3183 309 3505 364 meritorum
3556 310 3760 379 gratia,

438 421 681 491 agimus,
710 415 851 487 quod
881 414 935 467 in
983 408 1281 479 virginibus
1316 404 1490 459 sacris
1515 402 1835 473 angelorum
1878 401 2046 455 vitam

438 512 692 569 videmus
740 508 792 561 in
820 502 1002 569 terris,
1043 514 1204 572 quam
1237 500 1291 553 in
1325 496 1581 567 paradiso
1612 494 1885 565 quondam
1911 493 2048 547 ami-

437 619 714 663 seramus.
765 597 905 666 Quid
948 597 1094 653 enim
1138 594 1229 651 vel
1274 601 1301 631 ι
1344 592 1413 648 ad
1466 590 1728 647 imitanda
1775 592 2045 658 virginum

439 697 648 762 studia,
679 690 1225 758 contirmandamque
1254 688 1533 749 virtutem.
1562 685 1645 739 vel
1692 684 1760 739 ad
1790 684 2046 739 concele-

438 790 702 849 braudam
734 785 1063 859 virginitatis
1088 782 1318 855 gloriam
1366 780 1488 852 plus
1515 779 1769 835 conferre
1795 777 2044 849 potuisti,

435 901 598 958 quam
623 893 680 940 ut
711 884 853 939 Deus
878 895 946 937 cx
971 881 1182 950 virgine
1213 874 1576 933 nasceretur?
1607 873 1634 911 δ
1665 874 1921 942 Amplius
1944 888 2046 926 no-

439 981 523 1037 bis
553 976 755 1050 profuit
788 975 973 1045 culpa,
1013 988 1181 1045 quam
1229 970 1416 1026 nocuit
1448 969 1542 1024 :in
1584 981 1693 1038 quo
1740 965 2048 1036 redemptio

438 1071 660 1144 quidem
693 1077 878 1125 nostra
918 1066 1164 1122 divinum
1196 1076 1395 1117 munus
1422 1061 1648 1116 invenit.

511 1164 637 1221 105.
681 1160 790 1218 Sed
814 1161 936 1231 ipse
961 1172 1183 1230 quoque
1212 1155 1523 1226 unigenitus
1548 1152 1725 1207 Filius
1752 1162 1878 1208 tuus
1918 1166 2047 1206 ven-

433 1268 589 1315 turus
616 1257 672 1313 itt
715 1264 891 1312 terras
920 1252 1209 1322 suscipere
1236 1248 1382 1320 quod
1429 1248 1692 1304 amissum
1725 1256 1830 1309 est,
1861 1244 2047 1315 purio—

439 1365 553 1407 rem
584 1348 769 1407 carnis
799 1360 917 1402 sua:
967 1343 1377 1415 generationem
1410 1340 1653 1410 reperire
1694 1354 1802 1393 non
1850 1337 2045 1408 potuit,

437 1461 600 1517 quam
632 1453 693 1501 ut
712 1440 1037 1498 habitationi
1058 1437 1290 1509 propria:
1320 1435 1565 1491 caelestis
1591 1432 1771 1488 aulam
1824 1431 2049 1502 virginis

440 1538 755 1601 dedicaret;
805 1536 861 1589 in
906 1548 1010 1602 qua
1054 1539 1202 1587 esset
1247 1538 1303 1584 et
1346 1526 1712 1583 immaculata:
1777 1523 2049 1581 castitatis

441 1630 768 1694 aerarium,
808 1635 866 1683 et
891 1626 992 1682 Dei
1020 1623 1305 1693 templum.

2151 410 2229 467 tu,
2253 401 2397 455 Deus
2421 400 2578 455 Pater
2603 401 2968 469 omnipotens,
2991 400 3245 471 suffragia
3268 402 3764 457 commendationis

2150 491 2417 562 adjunge;
2465 508 2572 547 non
2602 492 2748 547 enim
2791 492 3041 548 solitaria
3080 494 3180 548 dos
3221 494 3447 563 pudoris
3483 506 3589 550 est.
3621 495 3765 551 Suc-

2150 587 2334 657 cingat
2355 583 2381 623 ά
2416 602 2588 641 sacrae
2625 588 2950 658 virginitatis
2990 590 3199 643 crinem
3221 588 3515 654 modestia,
3547 589 3764 644 sobrie-

2153 688 2258 745 tas,
2313 680 2686 745 continentia;
2739 689 2798 734 ut
2853 680 3115 735 virtutqu
3170 679 3417 735 accincta
3467 681 3759 745 comitatu,

2149 787 2424 842 purpureo
2448 772 2715 827 Dominici
2738 773 2952 827 cruoris
2977 771 3231 827 redimita
3257 771 3548 839 velamine,
3568 774 3766 828 morti-

2150 864 2457 921 ficationem
2509 866 2721 921 Domini
2751 864 2879 921 Jesu
2930 866 2984 919 in
3017 880 3115 920 sua
3154 879 3322 919 carne
3368 866 3759 933 circumferat;

2151 957 2268 1013 haec
2302 969 2433 1013 sunt
2473 960 2622 1013 enim
2663 959 2893 1015 meliora
2938 958 3231 1027 velamina,
3263 974 3387 1030 quas
3425 968 3554 1015 sunt
3599 960 3762 1013 induo

2161 1061 2343 1106 menta
2373 1051 2656 1116 virtutum,
2688 1052 2882 1123 quibus
2918 1054 3077 1122 culpa
3107 1055 3400 1119 obtexitur,
3447 1054 3762 1109 innocentia

2150 1143 2449 1199 revelatur.

2220 1237 2344 1291 110.
2387 1236 2482 1291 His
2515 1238 2678 1307 igitur
2706 1237 2965 1293 famulam
3001 1247 3146 1293 tuam
3179 1237 3346 1294 indue
3387 1240 3760 1307 vestimentis,

2148 1344 2269 1399 quae
2312 1330 2367 1384 in
2394 1330 2545 1384 omni
2577 1339 2825 1401 tempore
2863 1332 3065 1386 munda
3120 1332 3261 1399 sint;
3295 1333 3557 1387 mundqu
3611 1333 3762 1388 enim

2149 1430 2353 1487 manet,
2386 1422 2643 1493 quidquid
2671 1423 2814 1477 nulla
2842 1424 3218 1479 interveniens
3239 1426 3400 1494 culpa
3434 1426 3758 1493 fuscaverit,

2152 1521 2209 1567 ut
2242 1514 2293 1569 ei
2331 1514 2456 1583 jure
2503 1515 2760 1570 dicatur:
2809 1515 3067 1578 Quoniam
3118 1518 3423 1588 placuerunt
3470 1517 3583 1572 Deo
3615 1522 3762 1589 facta

2151 1616 2239 1661 tua
2280 1606 2461 1675 (Eccl.
2487 1610 2630 1676 tx,7,
2649 1607 2737 1678 8).
2764 1609 2818 1663 In
2843 1613 2990 1664 omni
3018 1622 3265 1680 tempore
3287 1611 3397 1665 sint
3428 1612 3760 1667 vestimenta

508 1723 636 1781 ωδ.
675 1719 815 1791 Quid
835 1727 1020 1774 autem
1050 1716 1184 1772 illud
1223 1724 1489 1779 meum,
1530 1711 1677 1782 quod
1725 1711 1909 1766 divino
1949 1720 2044 1764 ιυο
2074 1707 2124 1767 Β
2151 1706 2238 1752 tua
2269 1698 2525 1765 candida,
2550 1709 2606 1754 et
2626 1700 2807 1755 oleum
2839 1701 2891 1755 in
2918 1702 3093 1772 capite
3124 1718 3231 1756 non
3264 1702 3427 1769 desit,
3471 1720 3580 1774 quo
3610 1704 3767 1760 faces

441 1830 673 1873 munere
700 1830 822 1870 cum
848 1810 1055 1867 sanctis
1081 1810 1268 1881 Moyse
1292 1818 1346 1863 et
1385 1808 1567 1862 Aaron
1598 1804 1798 1878 (Exod.
1832 1820 1923 1872 xv,
1948 1804 2042 1872 20)

434 1913 587 1982 virgo
615 1908 779 1965 Maria
803 1905 966 1976 pedes
991 1921 1088 1975 per
1110 1903 1309 1958 ﬂuctus
1328 1901 1485 1957 duxit
1509 1900 1863 1955 Hebraeorum
1886 1914 2043 1955 exer-

434 2004 646 2062 citum?
683 2001 952 2070 Relinque
998 2007 1183 2055 vetera
1202 2037 1217 2062 ,
1271 1996 1478 2066 privata
1508 2008 1618 2048 non
1645 2009 1832 2064 quare
1862 2010 1875 2045 :
1907 1991 2044 2047 satis

429 2107 516 2156 est
543 2098 645 2152 ista
677 2093 931 2149 nobilitas
960 2090 1183 2146 familiae
1221 2087 1495 2159 virginali.

501 2188 626 2244 107.
654 2187 731 2242 Te
747 2199 932 2257 quzeso
960 2193 1018 2239 ut
1047 2182 1247 2238 tuearis
1277 2181 1417 2235 hanc
1440 2178 1697 2234 famulam
1726 2184 1895 2243 tuam,
1920 2190 2041 2247 qua:

429 2281 529 2337 tibi
556 2280 784 2344 servire,
819 2279 916 2332 tibi
943 2276 1183 2332 animam
1213 2290 1391 2338 suam,
1438 2271 1535 2326 tibi
1575 2270 1903 2340 integritatis
1930 2284 2042 2323 sua

425 2374 664 2431 studium
695 2372 879 2428 dicare
903 2368 1274 2442 praesumpsit.
1309 2367 1482 2435 Quam
1515 2365 1680 2436 273
1708 2362 2044 2420 sacerdotali

429 2481 659 2523 munere
684 2464 877 2527 oﬂ‘ero,
910 2462 1108 2518 affecm
1149 2460 1325 2531 patrio
1355 2458 1716 2520 commendo;
1764 2464 1822 2510 ut
1860 2457 2044 2526 propi-

425 2559 535 2615 tius
560 2568 619 2614 et
654 2556 860 2629 prmsul
888 2556 1144 2611 conferas
1186 2553 1236 2608 ei
1275 2552 1533 2622 gratiam,
1584 2566 1692 2619 quo
1737 2550 2043 2605 etelestium

421 2654 784 2710 thalamorum
814 2654 1194 2707 immerentem
1226 2647 1405 2718 adytis
1445 2646 1727 2715 Sponsum
1774 2646 2039 2712 excutiat,

427 2755 703 2801 mereatur
730 2743 942 2809 videre,
981 2740 1367 2797 introducatur
1397 2739 1455 2793 in
1477 2738 1790 2794 cubiculum
1823 2738 1917 2793 Dei
1959 2736 2046 2792 sui

428 2839 572 2907 regis
604 2854 619 2890 :
650 2844 927 2891 mereatur
954 2832 1151 2889 audire
1179 2832 1460 2886 dicentem
1509 2830 1613 2884 sibi
1640 2845 1659 2883 :
1706 2828 1842 2884 Ades
1883 2828 1986 2882 huc
2010 2844 2044 2883 α

428 2929 651 2991 Libano,
679 2928 915 2999 Sponsa,
944 2926 1068 2980 ades
1087 2923 1191 2977 huc
1232 2939 1263 2976 α
1302 2922 1537 2990 Libano;
1566 2922 1808 2977 transibis
1835 2931 1881 2975 et
1926 2937 2043 2992 per-

426 3022 667 3077 transibis
693 3038 724 3074 a
750 3019 1007 3091 principio
1056 3016 1181 3087 ﬁdei
1231 3014 1520 3088 (Cant.tv,
1564 3015 1665 3087 8);
1707 3023 1765 3070 ut
1797 3024 2043 3070 transeat

430 3113 717 3176 malum,
750 3109 819 3166 ad
849 3109 944 3165 illa
982 3120 1186 3165 aeterna
1221 3118 1587 3178 pertranseat.

505 3209 628 3267 108.
668 3205 895 3263 Intende
934 3206 1123 3275 igitur,
1156 3203 1340 3270 Pater,
1396 3205 1452 3258 in
1492 3212 1645 3256 tuum
1683 3216 1901 3267 munus,
1947 3201 2034 3255 cui

431 3298 825 3358 sanctiﬁcando
847 3297 1054 3353 nullius
1076 3296 1367 3353 consilium
1389 3295 1666 3365 qua‘sisti:
1692 3294 1789 3350 sed
1820 3294 1897 3349 illi
1919 3294 2037 3349 sine

434 3396 544 3451 ullo
569 3394 803 3464 petitore
826 3402 990 3461 atque
1016 3390 1227 3446 arbitro
1255 3398 1463 3445 tantam
1483 3388 1761 3443 contulisti
1779 3388 2033 3458 gratiam,

425 3496 684 3557 quantam
729 3493 857 3538 ante
893 3483 1117 3537 oracula
1162 3480 1351 3535 divina
1384 3480 1611 3537 credere
1640 3497 1802 3537 nemo
1830 3483 2037 3552 potuis-

428 3592 535 3643 set,
567 3587 625 3633 ut
654 3579 708 3633 in
738 3592 839 3633 suo
859 3585 1013 3631 utero
1036 3574 1207 3631 Deum
1233 3576 1389 3644 virgo
1414 3584 1678 3644 portaret.
1703 3575 1870 3645 Cujus
1899 3591 2033 3645 prte-

427 3672 677 3744 rogativa
709 3668 953 3725 inunesis
983 3673 1278 3737 provocata
1323 3666 1678 3722 crebrescunt
1719 3666 1897 3721 studia
1932 3668 2040 3721 vir-

423 3766 687 3837 ginitatis,
719 3772 779 3819 et
804 3776 978 3818 sacrze
1008 3760 1342 3831 integritatis
1380 3760 1651 3830 exempla.
1683 3760 1892 3829 Quibus
1920 3760 2036 3815 hinc

430 3872 653 3930 quoque
684 3855 885 3911 famula
935 3864 1026 3910 tua
1064 3854 1131 3907 ad
1181 3852 1495 3923 hujusmodi
1542 3853 1757 3909 virtutis
1803 3856 2037 3925 gratiam

430 3949 709 4013 lacessita,
739 3948 846 4003 tuis
869 3948 1093 4002 assistat
1130 3946 1416 4012 altaribus,
1447 3958 1470 3986 ο
1514 3962 1623 4001 non
1654 3947 1895 4003 rutilanti
1933 3964 2039 4004 caa-

430 4046 576 4103 ssrie
599 4042 803 4100 ﬂavum
832 4040 1091 4099 deferens
1119 4042 1329 4097 crinem
1359 4040 1614 4096 ﬂammeo
1643 4043 2040 4111 nuptialidica-

428 4148 545 4195 tum
576 4157 590 4192 :
623 4137 724 4194 sed
762 4137 913 4193 illurn
959 4136 1170 4191 crinem
1217 4151 1323 4205 quo
1361 4136 1678 4206 evangelica
1720 4138 1808 4190 illa
1843 4138 2038 4193 mulier

428 4242 615 4291 saneta
645 4230 812 4288 Maria
859 4229 1025 4298 pedes
1065 4228 1269 4284 Christi
1318 4228 1509 4283 sedula
1539 4230 1745 4299 pietate
1784 4230 2035 4298 detersit,

430 4339 486 4386 et
526 4327 757 4384 domum
801 4331 975 4379 totam
1020 4320 1194 4377 εσυδο
1238 4320 1486 4392 implevit
1538 4330 1837 4391 unguento,
1880 4337 2039 4377 sacro

431 4421 668 4478 offerens
697 4413 966 4473 velamine
985 4412 1419 4469 consecrandum
1450 4411 1641 4483 (Joan.
1671 4429 1769 4480 xu,
1802 4415 1891 4486 ὃ).

2145 1807 2272 1846 suas
2334 1794 2593 1864 mysticas
2641 1795 2812 1863 possit
2873 1795 3205 1860 accendere;
3259 1806 3319 1850 ut
3370 1811 3491 1851 cum
3546 1798 3767 1854 venerit

2143 1885 2408 1956 Sponsus,
2433 1887 2575 1941 inter
2593 1886 2711 1942 illas
2729 1888 3004 1958 sapientes
3023 1889 3260 1961 virgines
3278 1891 3297 1961 (
3318 1889 3645 1957 Matt/mxv,
3666 1890 3763 1963 10)

2144 1977 2361 2033 caelesti
2412 1980 2653 2033 thalamo
2700 1980 2861 2051 digna
2899 1992 3235 2048 numeretur,
3282 1998 3406 2053 qure
3450 1983 3766 2041 devotionis

2145 2086 2209 2125 ac
2238 2071 2364 2127 ﬁdei
2393 2086 2530 2139 suae,
2555 2073 2947 2145 gravitatisque
2976 2075 3180 2132 lumine
3205 2091 3401 2132 munus
3425 2091 3596 2133 sacra:
3631 2094 3767 2149 pro-

2147 2163 2404 2220 fessionis
2436 2166 2722 2222 illuminet.

2217 2258 2341 2314 111.
2384 2257 2564 2314 Tuere
2587 2260 2751 2331 igitur
2769 2261 3027 2316 ancillam
3048 2270 3219 2331 tuam,
3240 2272 3264 2300 ε
3278 2262 3448 2319 Pater
3464 2263 3760 2322 cbaritatis

2144 2360 2200 2407 et
2230 2350 2440 2422 gloria},
2477 2363 2537 2408 ut
2565 2357 2718 2424 quasi
2754 2356 2809 2409 in
2856 2356 3013 2410 horto
3056 2356 3244 2411 clauso
3273 2365 3323 2414 et
3356 2357 3507 2413 fonte
3538 2358 3768 2429 signato

2146 2448 2582 2503 teneatclaustra
2615 2449 2911 2518 pudicitite,
2941 2451 3218 2521 signacula
3250 2451 3519 2506 veritatis.
3553 2453 3767 2521 Agrum

2144 2555 2303 2595 suum
2344 2541 2526 2597 colere
2565 2544 2778 2597 noverit
2807 2541 2826 2581 ί
2851 2559 3012 2615 quem
3044 2544 3258 2599 colebat
3303 2554 3524 2600 sanctus
3553 2543 3765 2613 Iacob;

2145 2645 2198 2688 et
2220 2635 2592 2703 sexagesimos
2611 2650 2678 2690 ex
2706 2650 2775 2691 eo
2799 2636 3240 2707 centesimosqne
3258 2635 3464 2691 fructus
3484 2647 3765 2707 capesset.

2146 2725 2201 2782 In
2234 2727 2393 2799 hujus
2423 2730 2718 2786 virtutibus
2760 2742 2815 2787 et
2856 2732 3268 2788 fortitudinibus
3305 2730 3469 2803 274
3511 2732 3627 2803 agri
3671 2748 3772 2788 su-

2146 2823 2313 2878 scites
2355 2824 2409 2877 in
2439 2840 2501 2879 ea
2527 2828 2781 2896 gratiam,
2814 2835 2870 2882 et
2898 2828 3191 2883 resuscites
3222 2828 3567 2883 cbaritatem.
3603 2826 3772 2887 luve-

2144 2916 2450 2987 niatquetn
2499 2918 2720 2987 dilexit,
2752 2928 2936 2977 teneat
2982 2936 3127 2988 eum,
3174 2938 3275 2978 nec
3304 2922 3544 2978 dimittat
3591 2939 3767 2993 eum;

2143 3008 2319 3067 donec
2359 3012 2499 3067 bona
2554 3013 2645 3068 illa
2705 3017 2934 3071 vulnera
2987 3017 3273 3073 cbaritatis
3323 3019 3585 3088 excipiat,
3633 3035 3768 3090 qua:

2065 3096 2115 3165 (ἒ
2143 3106 2345 3161 osculis
2362 3105 2751 3176 praeferuntur.
2768 3110 3000 3179 Semper
3018 3118 3201 3181 parata
3226 3112 3477 3166 noctibus
3496 3120 3552 3166 et
3567 3112 3769 3169 diebus

2141 3210 2254 3257 toto
2283 3202 2478 3272 spiritu
2510 3206 2711 3259 mentis
2742 3204 2984 3275 invigilet
3013 3204 3263 3278 (Cant.v,
3287 3206 3375 3276 7),
3403 3221 3471 3260 ne
3492 3221 3758 3277 umquam

2143 3294 2377 3350 Verbum
2409 3312 2533 3351 eam
2554 3298 2794 3354 inveniat
2820 3299 3206 3354 dormientem.
3244 3299 3311 3353 Et
3337 3299 3601 3369 quoniam
3635 3301 3757 3355 vult

2139 3403 2200 3443 se
2232 3389 2467 3445 dilectus
2485 3390 2606 3459 ejus
2628 3391 2832 3460 saepius
2862 3392 3056 3462 quaeri,
3088 3400 3149 3445 ut
3170 3393 3419 3461 exploret
3454 3391 3759 3457 allectum;

2139 3492 2516 3538 recurrentem
2551 3492 2830 3554 sequatur,
2871 3492 3030 3540 exeat
3072 3482 3208 3538 ﬁdes
3236 3485 3490 3540 ctanima
3535 3484 3657 3556 ejus
3702 3487 3757 3541 in

2140 3576 2366 3631 verbum
2401 3584 2553 3630 tuum
2606 3578 2993 3648 peregrinetur
3020 3592 3048 3631 a
3072 3591 3331 3647 corpore,
3364 3586 3421 3632 ut
3444 3577 3590 3631 adsit
3613 3577 3759 3633 Deo:

2137 3669 2332 3739 vigilet
2366 3684 2464 3723 cor
2489 3670 2631 3739 ejus,
2673 3685 2804 3726 caro
2835 3671 3088 3738 dormiat,
3122 3684 3191 3727 ne
3220 3669 3363 3727 male
3404 3670 3637 3741 incipiat
3672 3670 3757 3727 vi-

2139 3764 2315 3834 gilare
2348 3765 2609 3834 peccatis.

2216 3861 2342 3916 Mi.
2375 3860 2479 3927 Tu,
2510 3861 2760 3928 Domine,
2793 3861 3029 3933 adjunge
3055 3861 3191 3916 alios
3218 3874 3391 3915 sacra:
3419 3861 3758 3932 virginitatis

2142 3964 2393 4020 ornatus,
2450 3952 2688 4023 adjunge
2734 3953 2955 4007 sedulos
3002 3954 3120 4022 pios
3163 3953 3374 4018 cultus;
3432 3962 3489 4007 ut
3539 3953 3768 4008 noverit

2142 4048 2431 4119 possidere
2459 4063 2556 4101 vas
2593 4062 2775 4112 suum,
2806 4047 3021 4103 noverit
3053 4047 3327 4101 humiliari
3358 4065 3372 4102 :
3401 4045 3756 4103 dilectionem

2145 4152 2347 4205 teneat,
2386 4142 2637 4196 veritatis
2667 4157 2901 4205 murum,
2933 4142 3157 4211 pudoris
3186 4150 3423 4211 septum.
3457 4152 3483 4191 ε
3516 4142 3640 4198 Non
3670 4144 3756 4213 pi-

2144 4248 2264 4289 neae
2286 4233 2535 4287 velamen
2569 4234 2709 4302 ejus,
2744 4248 2850 4287 non
2882 4234 3104 4287 vincant
3133 4234 3403 4303 cupressi,
3433 4234 3754 4303 pudicitiam

2143 4326 2261 4395 ejus
2298 4343 2405 4380 non
2452 4335 2715 4390 turtures,
2766 4304 3173 4395 simplicitatem
3220 4327 3338 4398 ejus
3384 4344 3493 4382 non
3525 4329 3755 4382 vincant

2142 4420 2434 4476 columbae.
2464 4419 2547 4475 Sit
2574 4420 2625 4473 in
2657 4418 2822 4475 corde
2850 4420 3198 4490 simplicitas,
3232 4422 3285 4475 in
3312 4421 3492 4476 verbis
3525 4422 3746 4488 modus,

504 4512 629 4569 109.
666 4507 845 4585 _Adest
889 4506 1089 4576 puella,
1137 4519 1302 4575 quam
1353 4519 1461 4558 non
1511 4505 1820 4574 nuptiarum
1871 4505 2033 4574 festa,
2062 4490 2273 4585 I)erga
2316 4528 2506 4568 omnes
2550 4511 2747 4582 pudor,
2791 4512 2966 4583 pietas
3007 4528 3134 4584 erga
3189 4514 3549 4585 propinquos,
3604 4516 3750 4570 circa

430 4623 541 4663 non
580 4601 824 4674 praemia,
858 4616 968 4655 nou
1025 4596 1241 4653 onerati
1277 4596 1488 4666 pondus
1522 4597 1682 4661 uteri.
1714 4600 1896 4653 votivo
1939 4617 2040 4654 nn-

430 4700 604 4773 pturis
631 4697 821 4753 dolore
850 4692 1147 4750 sollicitent
1178 4709 1190 4744 :
1224 4690 1320 4746 sed
1352 4706 1473 4760 quzc
1504 4690 1879 4748 immaculatos
1931 4693 2035 4748 sibi

428 4794 553 4851 ﬁdei
588 4797 774 4863 partus
798 4792 854 4844 et
885 4786 1101 4858 pietatis
1120 4790 1409 4855 exposcat;
1442 4792 1500 4838 ut
1530 4784 1583 4837 in
1617 4792 1773 4840 utero
1802 4784 2035 4856 accipiat

429 4888 499 4947 de
529 4883 734 4957 Spiritu
756 4891 973 4947 saneto,
996 4889 1050 4935 et
1078 4877 1329 4949 Spiritum
1360 4878 1553 4933 salutis
1583 4878 1694 4933 Deo
1720 4878 1825 4933 feta
1848 4890 2032 4949 partu-

496 5041 523 5068 ει
563 5026 690 5085 Mss.
725 5022 853 5089 duo,
884 5021 952 5076 ad
980 5021 1251 5076 habitanda
1276 5020 1531 5091 virginum
1558 5018 1756 5073 studia.

487 5102 515 5142 b
557 5097 763 5155 Eodem
785 5111 945 5149 sensu
972 5095 1062 5145 lib.
1088 5092 1156 5146 de
1177 5093 1365 5155 Jacob,
1389 5104 1446 5147 et
1470 5092 1576 5145 vita
1601 5094 1776 5153 beata,
1802 5107 1924 5159 cap.
1949 5096 2009 5160 ϐ,

420 5190 570 5231 num.
594 5171 698 5225 21:
726 5165 895 5221 Facta.
912 5174 985 5219 est
1008 5164 1134 5217 mihi
1164 5167 1323 5231 culpa
1350 5180 1459 5215 mea
1489 5178 1676 5216 merces
1697 5161 2012 5234 redemptio-

417 5248 540 5308 πλη
584 5257 673 5310 per
719 5255 872 5308 quam
904 5237 1039 5310 milii,
1085 5234 1315 5310 Christus
1355 5236 1584 5310 advenit,
1629 5244 1733 5288 etc.
1774 5235 1905 5289 Itetn
1957 5237 2011 5310 in

407 5304 554 5388 psu[,
584 5304 949 5388 ὶχξιέηψριιι.
984 5308 1051 5388 20
1079 5324 1090 5359 :
1120 5304 1274 5388 Helix
1304 5308 1477 5369 ruina,
1511 5322 1626 5388 quas
1655 5316 1928 5388 reparatur
1957 5309 2013 5363 in

417 5376 619 5445 melius.
654 5383 720 5438 Et
743 5381 870 5437 alibi
906 5382 1104 5448 pissiin
1148 5378 1416 5434 habentur
1441 5394 1547 5429 non
1579 5376 1867 5431 absimilia.

493 5472 515 5501 ο
562 5459 638 5513 De
664 5454 826 5508 variis
850 5450 1168 5506 nubentium
1195 5448 1552 5509 ornamentis,
1575 5448 2016 5518 nuptialibusque

417 5533 609 5588 ritibus
626 5525 789 5582 multa
818 5538 917 5577 nec
940 5522 1160 5590 indigna
1184 5521 1322 5575 scitu
1340 5520 1537 5575 habent
1558 5518 1781 5590 Baron.,
1808 5518 2018 5575 Brisso—

417 5606 557 5661 nius.
605 5603 726 5652 Ant.
742 5603 802 5651 et
822 5593 1018 5648 Franc.
1039 5589 1354 5655 llottnzinni,
1377 5591 1490 5646 los.
1514 5589 1839 5645 Laurentius
1855 5590 2017 5661 Poly-

416 5674 635 5727 tnatbise
664 5668 757 5721 lib.
789 5680 872 5725 tit,
903 5664 1125 5733 synopsi
1159 5665 1211 5728 8,
1237 5669 1300 5717 de
1333 5661 1681 5733 Sponsalibus
1718 5672 1765 5733 et
1815 5664 2015 5733 nuptiis

412 5746 746 5812 antiquarunt
773 5749 789 5787 :
817 5730 1048 5790 necnon
1073 5735 1294 5803 synopsi
1331 5735 1428 5799 l5,
1462 5733 1529 5788 de
1571 5730 1915 5803 Nuptiafibus
1939 5733 2012 5791 le-

2139 4622 2343 4678 egenos
2373 4615 2428 4663 et
2454 4620 2724 4677 pauperes
2774 4607 3188 4662 misericordia:
3230 4606 3374 4678 quod
3408 4606 3613 4662 bonum
3668 4615 3756 4663 est

2142 4708 2344 4763 teneat,
2374 4699 2441 4754 ab
2468 4700 2612 4752 omni
2639 4699 2823 4770 specie
2849 4700 3122 4756 abStineat
3150 4702 3289 4755 mala
3325 4719 3338 4756 :
3372 4702 3563 4756 veniat
3585 4718 3753 4773 super

2140 4808 2263 4848 eam
2314 4789 2629 4846 benedictio
2681 4789 2955 4860 morituri,
3006 4800 3063 4848 et
3110 4806 3174 4849 os
3226 4792 3404 4849 viduae
3454 4792 3754 4851 benedicat

2138 4900 2263 4941 eam
2294 4882 2427 4956 (Job
2460 4899 2615 4950 xxix,
2653 4883 2776 4955 15).

2120 5023 2295 5094 gibus,
2329 5030 2440 5076 etc.

2193 5092 2222 5131 ιι
2262 5096 2381 5168 Duo
2417 5107 2576 5147 mss..
2604 5109 2766 5168 segne
2794 5095 3010 5168 virginis
3036 5095 3249 5150 crinem.

2194 5178 2217 5241 (ξ
2260 5165 2426 5241 [idem
2461 5179 2623 5227 mss.,
2655 5164 2813 5221 Pater
2839 5164 3093 5241 claritatis
3126 5178 3172 5220 et
3200 5168 3403 5241 glorias.

2199 5237 2216 5275 ί
2265 5237 2407 5291 Edit.
2446 5251 2612 5297 rom.,
2639 5254 2790 5305 quem
2819 5239 3018 5293 colebat
3060 5237 3268 5293 sanctus
3304 5238 3479 5292 Isaac.

2195 5320 2219 5356 3
2263 5309 2330 5361 Is.
2392 5306 2774 5373 Casaubouus,
2845 5311 3000 5365 Notis
3049 5313 3099 5364 in
3171 5311 3335 5366 Troli.
3405 5310 3742 5375 Pollionem,

2124 5395 2245 5450 pag.
2280 5378 2408 5439 207,
2442 5392 2597 5431 num.
2635 5380 2718 5442 li,
2765 5381 3181 5450 ilcquibusdam
3229 5381 3467 5436 Gallieni
3503 5382 3745 5435 Czi-saris

2127 5452 2379 5506 versibus
2407 5450 2588 5501 minus
2618 5450 2825 5519 pudicis
2852 5468 3041 5519 agens,
3074 5453 3219 5507 hunc
3247 5452 3527 5507 Ambrosii
3563 5456 3743 5508 locum

2126 5523 2279 5597 citat,
2305 5520 2388 5597 cui
2424 5528 2477 5597 el
2508 5518 2786 5597 subiungit
2809 5540 2829 5576 :
2856 5524 2984 5597 Non
3012 5525 3189 5597 dubito
3219 5524 3385 5597 virum
3411 5538 3663 5579 sanctum
3696 5533 3747 5576 et

2125 5592 2405 5662 facundum
2432 5591 2687 5662 imitation
2713 5611 2820 5649 esse
2844 5596 2980 5650 hunc
2998 5595 3225 5650 Gallieni
3242 5595 3437 5659 locum,
3463 5605 3511 5649 et
3531 5614 3565 5651 a
3588 5609 3747 5652 sensu

2126 5660 2299 5719 minus
2324 5660 2545 5716 honesto
2562 5660 2633 5714 ad
2658 5666 2928 5720 honesturn
2958 5684 3019 5722 ac
3047 5668 3188 5736 piunt
3223 5664 3543 5723 traduxisse.
