3946 6180
221 208 304 270 διδ
1084 217 1535 277 EXHORTATIO
1574 214 2053 281 VlRGlNlTATIS.
2098 223 2500 283 ADMONITIO.

275 334 373 389 115.
415 329 551 387 Pone
592 342 651 386 ut
692 335 1012 406 signaculum
1061 336 1268 390 verbum
1313 344 1457 388 tuum
1498 334 1555 388 in
1596 334 1751 389 corde
1776 343 1827 403 Α

215 426 317 488 eius,
346 434 392 478 ιιι
415 427 728 495 signaculum
771 428 823 482 in
874 427 1082 483 brachio
1128 423 1240 502 ejus
1270 427 1453 500 (Cant.
1487 443 1598 492 vni,
1648 426 1747 499 6);

214 527 257 570 ιιι
291 517 333 570 in
377 519 616 572 omnibus
654 520 904 576 sensibus
933 532 981 576 et
1023 522 1281 592 operibus
1326 520 1441 590 ejus
1493 519 1750 576 Christus

210 612 397 678 eluceat,
413 612 675 669 Christum
705 614 974 679 intendat,
992 615 1268 669 Christum
1287 615 1558 685 loquatur.
1594 615 1748 684 Aqua

206 704 339 757 multa
360 704 466 773 ejus
495 722 597 760 non
639 708 813 776 possit
841 717 866 744 ι
896 711 1243 778 exstinguere
1267 707 1614 773 ch'tritstem,
1648 722 1746 762 nec

204 798 542 864 persecutionis
563 799 801 869 gladius,
828 816 926 857 nec
950 802 1249 871 periculum
1274 803 1401 855 :sed
1424 801 1744 856 conﬁrmata

202 890 242 941 in
262 890 390 943 omni
416 905 574 959 opere
604 892 752 946 bono
790 905 952 963 atque
982 893 1170 957 verbo,
1202 894 1433 963 gloriam
1479 902 1625 946 tuam
1655 892 1748 947 in-

198 981 388 1050 tlntt,et
417 985 465 1037 in
514 994 597 1037 tua
643 986 817 1055 gratia
867 994 1227 1040 conversetur
1277 987 1330 1039 in
1363 986 1466 1040 hoc
1517 985 1742 1042 mundo.

198 1073 467 1129 Sanctitices
491 1090 607 1131 eam
635 1078 688 1130 in
724 1077 981 1141 veritate,
1012 1078 1066 1131 in
1094 1078 1297 1132 virtute
1326 1076 1646 1141 conﬁrmes,
1691 1078 1745 1131 in

194 1168 411 1222 charitate
452 1180 767 1234 contractas,
798 1180 961 1238 atque
996 1170 1064 1225 ad
1097 1172 1241 1225 illam
1272 1170 1541 1241 pudicitiae
1578 1180 1632 1224 et
1662 1169 1745 1223 in-

193 1258 414 1327 tegritatis
436 1263 715 1316 caelestem
738 1263 996 1333 gloriam,
1024 1277 1283 1316 coronam
1313 1262 1596 1328 illibatam,
1642 1261 1745 1315 iut-

190 1352 578 1425 maeulatamqne
605 1354 795 1409 divino
822 1366 915 1409 tuo
956 1354 1141 1409 lavare
1183 1354 1481 1423 perducas;
1535 1364 1593 1407 ut
1634 1353 1746 1407 illic

189 1445 295 1514 εὶεηὶ
335 1456 579 1517 sequatur
620 1451 875 1519 vestigia,
920 1454 1055 1505 etin
1086 1449 1394 1505 meridiano
1424 1457 1633 1521 pascat,
1686 1449 1739 1502 in

185 1540 442 1596 meridiano
467 1554 706 1610 maneat,
733 1542 761 1581 δ
785 1559 887 1598 nec
912 1544 965 1597 in
993 1558 1161 1614 grege
1185 1542 1459 1598 sodalium
1491 1539 1738 1595 incedat:

186 1634 403 1705 sedaguis
427 1637 503 1692 tui
523 1637 792 1705 admixta,
821 1639 939 1692 sine
962 1636 1264 1693 ollensione
1288 1645 1534 1692 versetur
1553 1649 1745 1690 comes

3356 233 3464 292 534

1927 337 2053 392 ιιι.
2095 337 2369 409 Egredere
2425 339 2607 409 itaque
2652 346 2729 404 tu.
2774 338 3004 396 Domine
3044 339 3199 407 Jesu,
3254 342 3312 398 in
3366 344 3456 400 die

1854 431 2191 502 sponsaliunt
2220 442 2433 487 tuorum
2456 474 2472 499 ,
2496 434 2713 500 suscipe
2734 433 3053 502 jamdudum
3082 433 3337 490 derutam
3360 436 3456 493 tibi

1850 523 2065 593 spiritu,
2095 539 2239 578 nunc
2261 525 2425 579 etiam
2455 523 2817 595 professione;
2850 526 3017 596 imple
3048 527 3329 597 agnitione
3355 544 3455 582 vo-

1851 618 2232 681 luntatistuze;
2264 632 2483 672 assume
2515 619 2583 672 ab
2612 619 2768 673 initio
2797 620 2850 673 in
2878 620 3135 687 salutem,
3162 620 3214 673 in
3248 622 3454 675 sancti-

1852 711 2103 769 licatioue
2141 710 2368 782 Spiritus
2403 724 2457 768 et
2500 710 2605 766 [ide
2644 711 2909 775 veritatis,
2955 722 3013 766 ut
3058 711 3207 767 dicat
3248 712 3449 768 famula

1849 813 1979 860 tua:
2011 805 2244 861 Tenuisti
2298 822 2509 861 manum
2550 804 2818 857 dexteram
2870 819 3055 870 meum,
3103 813 3149 857 et
3178 804 3231 858 in
3271 806 3453 859 volun-

1850 906 1952 951 tate
1990 906 2082 951 tua
2132 897 2391 952 deduxisti
2434 912 2536 959 me,
2589 904 2636 949 et
2681 895 2733 948 in
2782 894 2950 967 gloria
2999 896 3328 965 assumpsisti
3375 912 3455 951 me

1850 987 2033 1059 (Peal.
2082 1006 2248 1053 um,
2296 990 2432 1059 26).
2482 988 2646 1056 Aperi
2692 1002 2913 1041 manum
2964 996 3133 1051 tuam,
3176 998 3233 1043 et
3284 988 3454 1057 imple

1847 1083 2083 1135 animam
2116 1081 2232 1151 ejus
2256 1081 2641 1137 benedictione
2678 1078 2859 1149 (Psal.
2884 1094 3064 1143 cxuv,
3093 1079 3230 1151 l6);
3264 1089 3323 1134 ut
3345 1080 3456 1135 sal-

1847 1188 1969 1227 vam
2001 1171 2168 1227 facias
2194 1179 2506 1243 Sperantem
2536 1171 2592 1226 in
2623 1180 2674 1225 te
2702 1169 2885 1241 (Psal.
2914 1187 3117 1236 uxxv,
3148 1170 3235 1240 2),
3273 1181 3327 1225 ct
3359 1172 3454 1227 liat

1846 1284 1942 1323 vas
1981 1269 2036 1323 in
2086 1269 2351 1322 honorem
2390 1266 2784 1322 sanctiﬁcatum
2814 1306 2829 1330 ,
2868 1265 3001 1320 utile
3038 1265 3283 1331 Domino,
3331 1276 3352 1303 ε
3382 1264 3451 1319 ad

1845 1377 2010 1418 omne
2039 1376 2176 1430 Opus
2197 1361 2397 1415 btmum
2425 1359 2710 1429 probatum
2737 1376 2748 1410 :
2772 1373 2869 1428 per
2896 1358 3043 1413 illam
3065 1356 3445 1414 :eternahilem

1845 1472 2087 1523 crucem,
2121 1471 2221 1526 per
2247 1455 2401 1509 illam
2459 1452 2828 1508 venerabilem
2872 1452 3100 1522 gloriam
3142 1450 3447 1515 Trinitatis,

1846 1552 1931 1608 eui
1953 1562 2037 1607 est
2060 1550 2256 1614 honor,
2280 1548 2473 1620 gloria,
2499 1546 2855 1617 perpetuitas,
2884 1546 3026 1601 Patri
3042 1546 3175 1611 Deo,
3199 1557 3249 1600 et
3284 1545 3446 1611 Filio,

1847 1653 1903 1701 et
1930 1644 2153 1715 Spiritui
2181 1652 2394 1707 sancto,
2426 1656 2456 1695 a
2479 1640 2722 1706 saeculis,
2751 1649 2806 1694 et
2833 1654 3001 1705 nunc,
3030 1646 3088 1694 et
3111 1652 3330 1708 semper
3355 1679 3369 1702 ,
3396 1645 3454 1693 et

185 1726 424 1797 virginum,
499 1729 829 1802 pedissequa
903 1729 1193 1785 Mariarum
1267 1729 1465 1801 (Apoc.
1519 1743 1630 1793 χιιι,
1673 1727 1801 1799 4;}

1853 1741 1901 1797 in
1932 1740 2115 1796 omnia
2140 1736 2337 1793 saecula
2367 1734 2722 1800 saeculorum,
2756 1737 2948 1789 Amen.

182 1819 299 1877 Cant.
326 1840 360 1889 ι,
390 1823 481 1894 6).

234 1944 253 1971 ¹
283 1936 468 1993 Omnes
514 1939 678 2001 edit.,
730 1938 1000 1994 excludere
1052 1938 1380 2002 charitatem,
1413 1952 1508 1992 nec
1555 1950 1729 2005 perseo

178 2008 301 2079 cutio,
329 2026 411 2064 nec
436 2012 665 2079 gladius.

230 2076 251 2115 δ
282 2079 348 2135 lla
372 2076 527 2149 mss;
559 2083 697 2137 edit.
732 2093 937 2148 autem,
968 2100 1061 2137 nec
1082 2084 1135 2137 in
1157 2098 1334 2154 greges
1364 2080 1621 2135 sodalium
1648 2077 1739 2131 in-

198 2200 431 2211 .—

440 2182 2325 2211 _____________________________...

1834 1930 1997 1984 cidat.
2028 1926 2251 1982 Minime
2282 1922 2448 1979 malo.

1912 2012 1935 2040 ο
1974 1999 2183 2055 Omnes
2213 1995 2370 2062 edit.,
2408 1993 2476 2047 ad
2503 2009 2654 2048 omne
2681 2009 2810 2065 opus
2837 1994 3028 2049 bonum
3058 2003 3322 2063 paratum.

2432 2180 2699 2195 Ψ

2706 2182 2787 2193 ἠ

342 2311 455 2394 ΙΝ
537 2306 1415 2394 ΕΧΗΟΒΤΑΤΙΟΝ
1666 2301 1801 2385 Ἦ

1853 2288 2478 2382 tGINITATIS
2558 2287 3235 2373 ADMONITIO
3262 2342 3286 2367 .

1598 2456 1922 2474 ﬂ

222 2565 357 2623 Deum
407 2579 517 2643 opt.
568 2584 710 2623 mox.
758 2577 814 2620 ut
859 2568 938 2622 sui
987 2566 1308 2628 divexentur,
1364 2562 1463 2615 nisi
1511 2562 1578 2612 ad
1632 2558 1881 2628 majorem
1928 2552 2092 2626 ipsius
2138 2550 2383 2623 gloriam,
2412 2556 2460 2604 et
2510 2547 2722 2603 illorum
2763 2543 3110 2618 Ecclesia'que
3148 2545 3442 2613 utilitatem,

165 2682 395 2735 numquam
450 2666 783 2736 permittere,
832 2680 896 2717 ex
942 2661 1284 2715 Ambrosiano
1333 2658 1423 2710 illo
1469 2657 1653 2710 itinere
1699 2661 2019 2720 compertum
2068 2647 2336 2735 redditur,
2377 2643 2517 2715 quod
2566 2644 2682 2697 huic
2724 2643 2870 2712 aperi
2918 2644 3058 2696 dedit
3098 2644 3440 2697 occasionem.

166 2732 371 2814 Audierat
411 2732 485 2814 rir
537 2766 747 2812 sanctus
792 2755 1081 2827 Eugenium
1127 2762 1404 2823 tyrannum
1436 2750 1488 2800 in
1520 2747 1735 2800 Italiam
1760 2742 1915 2813 atque
1941 2741 2069 2795 adeo
2102 2732 2484 2802 Mediolanum,
2516 2746 2570 2789 ut
2603 2733 2866 2790 Paulinus
2907 2734 2999 2809 (In
3037 2736 3142 2789 vita
3176 2732 3445 2805 Ambros.)

161 2862 303 2905 cruor
335 2862 434 2919 est,
477 2868 767 2922 praperare
793 2866 812 2903 :
840 2850 996 2919 igitur
1034 2846 1292 2899 hominem
1337 2843 1426 2913 qui
1471 2840 1563 2894 sub
1608 2838 1905 2892 christianw
1944 2833 2207 2907 religionis
2245 2832 2451 2887 obtentu
2474 2831 2825 2885 idololatriam
2847 2846 3089 2886 revocare
3112 2828 3440 2899 moliebatur,

160 2960 239 2996 non
281 2946 684 3014 exspectandum
735 2952 911 3006 ratus,
967 2939 1256 2993 Bononiam
1306 2936 1459 2989 venit.
1513 2932 1598 2986 lbi
1650 2934 1841 2986 interea
1888 2930 2012 2982 dum
2063 2938 2384 2991 moraretur,
2431 2944 2707 2996 corporum
2753 2926 2944 2981 Vitatis
2989 2936 3143 2997 atque
3190 2926 3446 2997 Agricola:

160 3051 399 3112 martyrum
455 3059 577 3111 qua:
626 3038 873 3101 divinitus
924 3037 1023 3105 ipsi
1074 3034 1299 3089 revelata
1349 3049 1457 3086 esse
1503 3030 1707 3084 videtur
1759 3042 1791 3081 a
1840 3026 2065 3081 Paulino
2116 3022 2333 3097 (Ibid.)
2374 3021 2686 3093 significari,
2735 3022 3125 3076 lrmulationem
3166 3021 3445 3076 solemnem

158 3137 405 3192 celebravit.
455 3137 576 3191 Hoc
624 3131 923 3188 Florentini
968 3147 1081 3184 cum
1130 3129 1470 3190 didicissent,
1520 3140 1632 3178 eum
1686 3122 1882 3191 ingenti
1930 3121 2226 3173 animorum
2274 3118 2461 3171 ardore
2507 3116 2877 3179 invitaverunt,
2924 3124 2978 3168 ut
3017 3131 3071 3169 se
3118 3114 3334 3169 invisere
3372 3114 3441 3167 ad

157 3231 452 3287 dedicandam
483 3247 673 3285 novam
711 3226 998 3281 Ecclesium
1029 3241 1091 3277 ne
1118 3233 1437 3294 gravaretur.
1472 3216 1670 3272 Amittit
1697 3230 1880 3269 eorum
1910 3213 2101 3282 optatis
2128 3220 2336 3265 sanctus
2365 3208 2591 3263 Antistes
2610 3249 2624 3272 ,
2661 3207 2867 3261 tametsi
2902 3206 3008 3261 alio
3044 3206 3305 3261 statuisset
3334 3222 3443 3261 sese

155 3328 349 3393 conferre
378 3326 535 3397 (Cap.
580 3325 630 3387 1,
666 3336 808 3375 num.
848 3320 899 3381 1,
942 3327 989 3371 et
1027 3314 1237 3369 Paulin.
1273 3314 1326 3367 in
1370 3310 1471 3365 Vit.
1504 3307 1737 3378 Ambr.).
1764 3298 1995 3377 Cumque
2024 3304 2229 3373 aliquas
2257 3301 2663 3356 Bonaniensium
2686 3310 2969 3372 martyrum
2998 3299 3243 3372 reliquias
3268 3314 3445 3353 secum

152 3392 403 3487 attulisset,
431 3392 521 3475 eas
546 3418 787 3488 deposuit
828 3418 879 3468 in
912 3414 1005 3468 illa
1034 3410 1303 3469 Ecclesia,
1337 3422 1489 3477 quam
1525 3404 1717 3459 ibidem
1743 3401 1930 3456 celebri
1958 3416 2150 3470 pompa
2188 3399 2301 3466 ipse
2326 3394 2661 3450 consecravit.
2694 3392 2809 3458 Qua
2839 3392 2992 3447 etiam
3021 3393 3075 3446 in
3115 3392 3441 3448 solemnitate

152 3510 292 3566 habuit
314 3531 418 3568 eam
448 3530 517 3568 ea:
546 3528 648 3574 qua
678 3510 761 3561 hic
791 3508 916 3561 liber
945 3515 1167 3567 constat,
1204 3501 1513 3556 orationem.

213 3606 318 3661 lltcc
344 3609 393 3662 in
419 3606 593 3677 operis
622 3600 841 3658 exordio
870 3601 980 3668 ipse
1006 3597 1237 3652 declarat
1266 3592 1423 3666 (Cap.
1451 3594 1506 3659 1,
1537 3606 1683 3645 num.
1714 3588 1789 3655 l).
1823 3586 1931 3642 Sub
1952 3600 2067 3654 qua:
2098 3582 2393 3653 Martyrum
2415 3581 2681 3652 supplicio
2711 3579 3077 3677 ct‘eoruntdem
3105 3580 3440 3677 reliquiarum

151 3672 471 3756 retractatione
500 3696 726 3752 strictim
759 3692 1031 3763 descriptis
1070 3688 1261 3759 (Nam.
1296 3688 1330 3741 2
1366 3696 1414 3741 ct
1452 3682 1610 3753 seq.),
1652 3680 1799 3735 addit
1843 3681 2079 3750 ipsarum
2118 3686 2315 3748 portent
2362 3677 2587 3746 propriis
2629 3674 2869 3728 manibus
2904 3691 2937 3726 α
2979 3689 3031 3726 se
3070 3672 3336 3726 collectam
3367 3674 3437 3725 ad

150 3810 217 3848 eos
242 3798 483 3861 attulisse,
515 3794 768 3845 nimirum
806 3789 986 3843 clavos
1006 3828 1019 3851 ,
1052 3784 1372 3854 sanguinem
1406 3777 1790 3848 triumphalem
1824 3785 1874 3830 et
1904 3773 2084 3830 crucis
2113 3773 2317 3840 lignum
2354 3769 2509 3839 (Cap.
2538 3771 2596 3831 2,
2626 3784 2766 3820 nunt.
2797 3764 2874 3829 9).
2909 3763 3080 3861 lYegat
3109 3767 3243 3819 enim
3271 3765 3434 3833 (Ibid.

151 3908 190 3943 ιι.
216 3893 292 3961 l0)
318 3908 517 3962 (equum
545 3890 708 3960 fuisse
734 3893 786 3937 ut
811 3883 1070 3955 repulsam
1100 3899 1131 3933 a
1155 3897 1208 3933 se
1234 3887 1494 3948 pateretur
1524 3872 1746 3927 Iuliana
1775 3869 1957 3930 vidua,
1981 3882 2097 3937 qna'
2124 3879 2331 3919 sacram
2360 3863 2543 3926 cedem,
2572 3878 2602 3913 a
2633 3859 2860 3962 Paulino
2897 3857 2987 3930 (In
3022 3857 3141 3911 Vita
3167 3858 3437 3931 Ambros.)

148 3998 381 4057 propterea
417 3984 558 4057 quod
598 3997 717 4037 eam
756 3977 1082 4046 inanguravit
1125 3971 1258 4026 idem
1303 3967 1639 4028 Ambrosius,

148 4090 280 4134 uniter
318 4097 375 4134 ac
415 4096 533 4135 vere
574 4074 864 4130 christiana
903 4072 1017 4141 facit

1673 3960 2093 4018 Ambrosianant
2124 3956 2349 4017 dictam,
2397 3959 2776 4007 construxerat.
2820 3948 2949 4003 Cum
2993 3962 3163 4004 autem
3209 3953 3299 4019 pia
3342 3953 3438 4006 illa

1026 4067 1176 4119 ltates
1221 4080 1345 4117 suas
1386 4062 1439 4114 in
1485 4057 1755 4112 condenda
1797 4052 1955 4107 nobili
1996 4050 2210 4103 basilica
2252 4044 2460 4101 Christo
2492 4057 2816 4097 consecrasse
2844 4057 2948 4095 non
2998 4055 3234 4098 contenta
3281 4055 3435 4110 esset,

146 4173 324 4241 insuper
352 4192 403 4227 se
437 4175 603 4243 ipsam
650 4182 773 4222 cum
814 4137 920 4217 tota
954 4160 1155 4232 [uitalia
1194 4158 1271 4211 illi
1314 4158 1555 4209 devovere
1591 4150 1735 4219 apud
1776 4164 1831 4203 se
1867 4145 2067 4201 statuit.
2113 4142 2234 4196 Jam
2272 4139 2480 4212 quidem
2519 4139 2626 4191 viro
2662 4137 2941 4191 etiamnum
2982 4138 3036 4191 in
3068 4138 3194 4192 vivis
3226 4151 3429 4209 agente,

142 4269 353 4335 sacriﬁcii
378 4267 457 4321 sui
498 4262 757 4335 primitias
788 4256 938 4327 quasi
970 4254 1233 4307 libaverat.
1273 4248 1339 4302 Et

1344 4249 1476 4301 enim
1510 4262 1626 4298 cum
1664 4247 1707 4298 is
1751 4241 1958 4314 pietatis
2005 4238 2160 4292 laude
2196 4253 2295 4289 non
2337 4235 2534 4288 cederet
2563 4232 2735 4297 uxori,
2770 4249 2873 4286 non
2903 4233 3063 4287 multo
3091 4243 3210 4288 ante
3238 4233 3430 4288 obitum

143 4325 367 4413 annorum
406 4325 651 4421 numero,
707 4325 824 4407 licet
875 4364 1035 4403 onera
1086 4342 1402 4399 matrimonii
1451 4341 1578 4394 satis
1621 4336 1800 4410 gravia
1852 4334 2160 4394 sustineret,
2209 4328 2457 4383 nimirum
2508 4326 2606 4396 ﬁlii
2653 4325 2808 4380 unius
2862 4338 2922 4379 ac
2964 4325 3197 4395 ﬁliarum
3238 4328 3428 4392 trium;

142 4462 281 4507 tamen
328 4448 709 4507 Ecclesiasticaz
757 4443 998 4499 utilitatis
1042 4438 1492 4509 comtemplatione
1540 4431 1702 4485 sacris
1743 4426 2007 4483 ordinibus
2050 4425 2249 4480 initiari
2291 4424 2356 4477 de
2399 4421 2639 4496 conjugis
2680 4436 2933 4475 consensu
2983 4438 3083 4476 non
3128 4421 3432 4476 detrectavit

142 4542 269 4617 (Cap.
292 4544 345 4613 ‘2,
373 4563 513 4599 num.

544 4543 656 4612 lit).
698 4538 825 4594 llam
848 4537 1007 4608 igitur
1026 4536 1143 4606 jam
1164 4541 1270 4584 tum
1299 4523 1628 4582 continentia:
1655 4530 1896 4593 posuerat
1929 4519 2235 4590 tyrocinlum
2253 4534 2271 4583 ;
2299 4515 2390 4570 sed
2418 4524 2689 4588 postquam
2719 4515 2925 4568 mortali
2953 4525 3088 4569 sorte
3118 4517 3423 4585 perfunctus

140 4605 246 4691 esset
289 4605 397 4711 ejus
447 4605 701 4699 maritus,
752 4605 1091 4695 colophonem
1139 4623 1282 4695 aperi
1325 4636 1418 4675 suo
1460 4617 1623 4671 voluit
1671 4614 1951 4682 imponere.
2008 4610 2337 4680 Quapmptcr
2379 4616 2434 4661 ut
2501 4606 2685 4660 liberos
2729 4621 2851 4660 suos
2898 4606 2969 4659 ad
3013 4605 3421 4677 amplectendam

140 4696 435 4787 continentia:
477 4696 857 4801 professionem
903 4716 1232 4783 accenderet,
1279 4731 1366 4767 eos
1412 4711 1503 4765 illa
1546 4706 1901 4763 exstimulavit
1945 4704 2211 4768 oratione,
2247 4716 2399 4769 quam
2441 4707 2652 4753 sanctus
2701 4696 2901 4752 Doctor
2944 4701 3157 4771 proprio
3201 4702 3333 4771 stylo
3377 4711 3424 4756 et

136 4828 396 4898 eloquentia
425 4835 728 4884 exornatam
749 4820 984 4875 omnibus
1015 4817 1101 4883 qui
1132 4830 1188 4867 eo
1220 4829 1244 4865 c

1251 4811 1608 4881 onﬂuxerant,
1643 4801 1884 4874 proponit
1913 4801 1964 4852 in
1989 4800 2125 4851 hunc
2155 4812 2359 4849 sensum
2390 4790 2548 4866 (Cap.
2580 4792 2615 4846 5
2643 4800 2692 4846 et
2719 4794 2874 4863 scq.).

196 4883 451 4989 i’rincipio
486 4918 653 4989 ﬁlium
694 4912 912 4967 necdum
951 4907 1184 4980 pueritia:
1228 4916 1393 4955 annos
1438 4910 1702 4971 egressum
1746 4892 1998 4955 allocuta,
2048 4888 2094 4940 ei
2132 4894 2410 4957 propterea
2446 4899 2631 4937 nomen
2676 4883 2964 4939 Laurentio
3005 4888 3200 4956 factum
3241 4886 3428 4945 asserit

131 5009 270 5084 (Cap.
300 4977 523 5078 δίψά.
560 5010 626 5067 id
656 5019 705 5063 et
736 5004 889 5077 seq.),
916 4977 1054 5073 quod
1080 5015 1196 5052 cum
1227 5003 1466 5066 parentes
1488 4993 1605 5063 jam
1636 4988 1969 5058 desperarent
1992 4982 2054 5035 de
2080 4979 2309 5033 mascula
2331 4977 2503 5031 sobole
2534 4977 2912 5049 progignenda,
2936 4980 3107 5051 ipsum
3135 4984 3427 5051 patrocinio

129 5106 242 5157 tanti
278 5107 511 5177 martyris
550 5102 912 5159 obtinuissent.
964 5094 1091 5149 Illiu

126 5202 321 5264 caverit,
349 5202 482 5269 apud
521 5201 687 5271 ipsius
725 5209 913 5248 numen
956 5189 1148 5259 promis

124 5302 168 5345 el
215 5299 389 5364 seq),
438 5312 521 5348 eas
571 5290 806 5364 conjugii
856 5282 1196 5341 incommodis

120 5386 412 5455 pudicitiam
456 5400 616 5460 urget.
672 5383 906 5453 Denique
954 5378 1103 5450 (CW-

118 5482 265 5534 etism
315 5483 385 5534 ad
433 5499 604 5537 annm
659 5477 857 5541 simul,

116 5585 524 5646 nuncupaverunt
551 5586 690 5639 vota,
722 5571 1007 5625 induceret.
1046 5564 1153 5618 Nec

117 5676 380 5735 coaptatus
410 5680 480 5724 est
518 5667 671 5740 (Cap.
702 5666 737 5720 8
758 5705 773 5730 ,
806 5677 950 5717 ηωη·
992 5656 1081 5729 Ξίὶ)

119 5756 263 5811 illam
292 5760 347 5811 in
373 5761 609 5816 maternis
635 5757 836 5814 adibus
867 5758 1221 5810 servaverunt.

1096 5112 1119 5148 s
1166 5107 1276 5146 esse
1319 5105 1381 5143 ex
1425 5086 1522 5139 hoc
1570 5083 1801 5153 colligit,
1849 5076 2059 5149 quando
2101 5071 2336 5127 eumdem
2377 5089 2478 5126 non
2522 5086 2669 5125 secus
2707 5088 2767 5125 ac
2797 5073 2946 5126 Anna
2986 5073 3285 5130 Samuelem
3314 5076 3425 5132 Deo

1152 5188 1225 5241 sis
1256 5197 1471 5239 matrem
1506 5176 1793 5233 absolvere.
1827 5172 1963 5227 Tum
1996 5183 2283 5223 sermonem
2316 5165 2382 5218 ad
2412 5165 2553 5234 ﬁlias
2581 5174 2880 5219 convertens
2910 5167 3059 5240 (Cap.
3093 5168 3145 5233 '5,
3182 5186 3323 5224 num.
3364 5170 3424 5224 l7

1244 5280 1610 5344 caelibatnsque
1658 5266 1970 5324 utilitatibus
2024 5262 2242 5317 invicem
2298 5260 2588 5330 appositis,
2645 5257 2713 5311 ad
2767 5261 3173 5314 consecrandam
3224 5258 3427 5317 Christo

1149 5375 1204 5442 4,
1251 5390 1390 5427 num.
1435 5367 1505 5424 “25
1547 5378 1592 5423 et
1632 5364 1763 5436 seq.)
1804 5361 1955 5415 modo
1998 5358 2066 5412 ad
2106 5357 2273 5427 filium
2298 5398 2312 5423 ,
2344 5353 2499 5408 ntodo
2542 5354 2610 5406 ad
2655 5352 2791 5422 ﬁlias
2830 5353 2980 5407 verba
3010 5356 3237 5424 faciens,
3274 5357 3425 5410 modo

916 5444 1063 5526 nihil
1096 5472 1407 5523 intentatam
1461 5459 1743 5530 relinquit,
1802 5463 1855 5507 ut
1910 5469 1994 5507 eos
2048 5449 2117 5504 ad
2172 5448 2435 5519 implenda
2486 5457 2600 5515 qua:
2655 5452 2889 5512 parentes
2944 5444 3172 5517 ipsorum
3224 5449 3429 5501 nomine

1184 5566 1379 5633 frustra
1409 5557 1509 5628 fuit
1540 5554 1684 5624 pium
1708 5547 1845 5603 illud
1874 5546 2059 5600 matris
2089 5543 2425 5597 desiderium.
2460 5536 2773 5592 Laurentius
2796 5537 2851 5589 in
2878 5536 3128 5593 lectorum
3158 5556 3429 5594 numerum

1100 5675 1118 5723 ,-
1150 5626 1261 5726 eius
1302 5626 1421 5706 vero
1454 5660 1658 5704 sorores
1693 5655 1834 5698 more
1869 5636 2088 5694 solemni
2136 5633 2495 5689 castimoniam
2525 5632 2776 5701 prorem
2803 5626 2959 5701 (C‘W-
2994 5630 3094 5697 Ην
3132 5646 3277 5686 παηιο
3310 5632 3426 5707 9⁵),
