3974 6186
252 273 339 328 337
1104 263 1556 322 EXIIOR'I‘ATIO
1595 260 2086 320 VlRGlNlTATlS.
2127 265 2336 323 LIBER
2378 266 2580 327 UNUS.

3381 270 3498 328 3'58

243 389 396 461 phalia
429 396 576 448 sunt;
607 383 799 440 Christi
831 385 974 439 cnim
1016 382 1187 437 nostri
1229 381 1491 452 principis
1523 377 1783 446 triumphi
1811 387 1862 446 Α
1889 397 2120 451 corpore
2147 382 2266 452 ejus
2303 384 2422 439 sine
2463 386 2688 440 vulnere
2719 384 2897 451 locus,
2927 387 3227 442 orationem
3260 385 3396 442 ludit
3431 388 3498 442 ad

242 490 348 537 sunt
395 487 671 550 martyrum
725 479 937 548 paltnzc.
992 475 1102 531 Nec
1142 491 1274 528 vero
1330 473 1434 528 huc
1481 472 1784 540 dirigebain

236 573 465 630 iterzsctl
509 570 626 642 quia
679 572 875 640 petitus
919 583 948 622 a
997 566 1151 622 vobis
1191 582 1334 625 sum.
1373 564 1534 619 debui
1575 577 1784 618 mecum

235 665 422 720 deferre
450 679 563 733 qua:
591 664 710 717 aliis
743 662 1094 733 parabantur,
1127 676 1195 715 ne
1219 660 1397 713 minor
1417 658 1482 711 ad
1515 673 1608 710 vos
1635 658 1783 710 veni-

231 775 359 822 rem;
385 768 434 811 ot
458 757 596 825 quod
622 757 671 811 itt
702 773 788 811 me
816 758 996 810 minus
1017 763 1122 820 est,
1146 770 1307 826 quam
1333 752 1782 824 prtcsmnebatur,

229 853 271 907 in
295 859 510 922 martyre
542 850 659 919 plus
687 849 1049 904 inveniretur.

283 945 332 998 2.
370 945 575 1016 Martyri
610 959 807 999 nomen
839 945 1087 1015 Agricola
1117 953 1232 1008 est,
1276 943 1360 998 cui
1395 941 1586 998 Vitalis
1612 952 1636 978 σι
1665 954 1784 995 ser-

223 1054 302 1092 vus
331 1041 417 1094 fuit
435 1051 578 1104 ante,
605 1055 746 1094 nunc
773 1054 1003 1095 consors
1024 1049 1075 1094 et
1100 1039 1306 1107 collega
1339 1038 1606 1108 martyrii.
1635 1035 1783 1091 Prte-

222 1135 355 1189 ccssit
381 1149 566 1189 servus
586 1176 599 1193 .
634 1143 693 1188 ut
721 1135 1036 1203 provideret
1070 1134 1248 1188 locum
1276 1150 1290 1195 ;
1321 1146 1544 1186 secutus
1568 1140 1652 1184 est
1681 1131 1782 1184 do-

220 1226 387 1289 minus,
417 1240 636 1281 securus
661 1226 802 1294 quod
831 1225 938 1281 ﬁde
964 1228 1163 1280 servuli
1192 1225 1480 1298 278jam
1517 1223 1787 1277 inveniret

217 1326 450 1386 paratum.
494 1318 609 1373 Non
661 1317 836 1374 aliena
885 1319 1203 1383 laudamus;
1239 1319 1417 1386 passio
1448 1318 1593 1370 enim
1640 1317 1783 1370 servi

216 1414 392 1470 domini
437 1415 723 1484 disciplina
768 1423 873 1471 est.
929 1415 1026 1469 llic
1070 1416 1336 1477 inStituit,
1381 1415 1472 1468 ille
1520 1413 1782 1482 implevit.

215 1505 334 1560 Nihil
369 1508 440 1561 illi
481 1508 817 1579 decerpitur.
863 1508 1150 1576 Quomodo
1186 1507 1332 1562 enim
1375 1507 1540 1561 tninui
1584 1515 1782 1574 potest,

216 1600 332 1669 quod
360 1598 600 1655 Christus
643 1602 910 1656 donavit?
959 1600 1189 1670 Egregie
1220 1611 1273 1653 et
1315 1601 1402 1654 ille
1437 1597 1654 1669 quidem
1689 1597 1786 1651 lio-

218 1693 323 1746 mini
360 1694 640 1748 servicndo
685 1695 876 1749 didicit
921 1693 1200 1762 quomodo
1239 1692 1462 1747 Christo
1495 1693 1737 1760 placeret
1769 1708 1781 1744 :

1891 475 2216 539 Dominum,
2265 479 2456 532 dicens
2490 497 2502 532 :
2549 480 2778 535 Domine
2813 479 2940 536 Jesu
2971 478 3216 548 Cltri~te,
3251 481 3501 538 Salvator

1888 588 2063 628 meus.
2097 584 2150 627 et
2183 573 2323 627 Deus
2360 589 2532 639 mens,
2571 575 2702 645 jube
2741 575 2943 642 suscipi
2981 575 3230 644 spiritum
3273 590 3494 641 meum;

1887 665 2013 736 quia
2037 665 2147 734 jam
2178 666 2434 721 desidero
2461 681 2511 720 ιιι
2546 669 2806 738 accipiam
2833 684 3119 730 coronam,
3147 683 3306 737 quam
3333 683 3500 739 ange-

1889 759 1972 812 lus
2007 771 2132 814 tuus
2153 772 2372 816 sanctus
2396 760 2524 815 tuihi
2545 762 2805 818 ostendit.
2838 762 2905 816 Et
2933 761 3202 832 completa
3224 763 3490 827 oratione,

1887 855 2071 909 emisit
2102 856 2376 922 Spiritum.

2045 947 2277 1003 Sanctus
2307 949 2561 1018 Agricola
2595 949 2777 1004 mitior
2807 948 3109 1005 habebatur
3139 948 3405 1012 moribus,
3437 958 3496 1003 ut

1886 1040 1956 1094 ab
1988 1042 2118 1108 ipsis
2158 1045 2320 1096 etiam
2364 1041 2602 1096 inimicis
2629 1043 2968 1112 diligeretur.
3006 1041 3242 1109 Ideoque
3276 1040 3499 1096 diﬂ'ere-

1888 1133 2020 1188 bant
2046 1134 2163 1201 eius
2194 1133 2532 1202 passionem.
2557 1134 2664 1190 Sed
2695 1135 2812 1189 haec
2837 1145 3246 1204 liCl‘Sl'ClllOl‘llm
3271 1132 3495 1186 honori-

1890 1224 2103 1279 ﬁcentia
2135 1227 2278 1279 omni
2318 1235 2437 1279 erat
2465 1228 2800 1279 immanitate
2827 1227 3075 1280 acerbior
3097 1267 3112 1288 ,
3143 1240 3263 1296 quae
3287 1224 3494 1280 invide-

1889 1317 1980 1371 bat
2019 1318 2362 1389 martyrium.
2401 1318 2644 1388 Denique
2684 1318 2773 1373 ubi
2811 1334 2916 1371 non
2960 1319 3227 1388 acquievit
3271 1326 3493 1373 sanctus

1887 1411 2164 1480 Agricola,
2197 1412 2491 1466 cruciﬁxus
2514 1424 2598 1466 est
2623 1429 2636 1478 ;
2674 1425 2728 1464 ιιι
2757 1412 3105 1466 advertamus
3134 1411 3252 1467 illas
3279 1410 3494 1465 blandi-

1889 1507 1990 1560 tias
2019 1521 2206 1560 eorum
2238 1521 2343 1561 nan
2375 1506 2686 1562 sedulitatis
2713 1507 2882 1561 fuisse
2903 1547 2918 1571 ,
2957 1505 3052 1559 sed
3092 1504 3314 1560 fraudis.
3349 1504 3492 1574 Stip-

1889 1599 2050 1668 plicio
2085 1600 2229 1653 servi
2269 1599 2549 1654 dominum
2582 1610 2788 1654 terrere
2817 1597 3128 1652 voluerunt.
3173 1596 3347 1653 Vertit
3390 1596 3496 1653 hoc

1889 1691 2139 1746 Christus
2168 1692 2220 1747 iu
2251 1694 2504 1763 gratiam,
2541 1703 2562 1727 ο
2610 1702 2666 1748 ιιι
2693 1693 3012 1764 martyrium
3057 1692 3199 1747 servi
3239 1688 3495 1747 dominus

216 1780 286 1834 hic
320 1791 484 1837 tamen
525 1783 798 1852 geminam
845 1782 1056 1836 laudem
1097 1779 1417 1851 acquisivit,
1455 1781 1506 1832 in
1539 1778 1629 1832 illo
1662 1793 1778 1832 ma-
1814 1782 1856 1842 Β
1887 1788 2213 1843 imitaretur,

213 1871 410 1940 gisterii,
441 1871 492 1926 in
523 1887 584 1927 se
620 1873 891 1946 martyrii.
933 1871 1295 1928 Certaverunt
1336 1881 1514 1925 tamen
1553 1871 1694 1925 inter
1721 1884 1781 1925 se

217 1965 412 2020 invicem
448 1967 760 2032 beneficiis,
791 1977 1079 2038 postquam
1125 1966 1365 2037 tequalcs
1403 1981 1525 2021 esse
1569 1979 1782 2020 merue-

218 2070 338 2113 runt.
369 2060 458 2116 llic
504 2061 658 2116 illum
693 2061 760 2115 ad
793 2063 1122 2134 martyrium
1155 2059 1453 2131 prwtitisit,
1487 2057 1579 2114 ille
1616 2057 1779 2112 istum

219 2155 487 2208 accersivit.

273 2247 317 2302 ὅ.
353 2247 559 2304 Nullum
583 2265 713 2320 ergo
741 2250 807 2303 ad
833 2251 1360 2304 eummendatimtem
1390 2247 1626 2301 hominis
1651 2260 1783 2299 con-

220 2333 329 2388 ditio
370 2336 517 2392 all'ert
562 2337 1012 2407 impedimentum
1048 2357 1060 2392 :
1096 2353 1195 2392 nec
1237 2335 1470 2407 dignitas
1516 2332 1782 2404 prosapiae

221 2429 470 2496 nteritum,
513 2431 608 2486 sed
642 2433 776 2487 Iides
805 2431 988 2487 aﬂert.
1030 2433 1158 2487 Sive
1203 2445 1428 2494 servus,
1466 2430 1581 2483 sive
1621 2427 1778 2491 liber,

222 2534 378 2574 omnes
400 2522 448 2576 in
469 2521 692 2576 Christo
717 2537 880 2575 unum
910 2537 1096 2575 sumus
1121 2538 1134 2572 :
1165 2519 1226 2573 Et
1254 2519 1598 2588 unusquisque
1618 2514 1778 2586 quod.

222 2626 404 2682 rumque
430 2615 598 2685 fecerit
628 2613 837 2678 bonum,
868 2618 962 2668 hoc
985 2613 1195 2681 recipiet
1217 2630 1248 2664 a
1274 2610 1502 2663 Domino
1533 2607 1777 2680 (Ephes,

225 2717 282 2766 VI,
315 2704 384 2774 8).
423 2705 527 2761 Nec
563 2708 805 2762 servitus
848 2707 1110 2777 derogat,
1144 2721 1243 2760 nec
1281 2705 1504 2760 libertas
1541 2703 1778 2770 adjuvat.

227 2794 334 2852 Vide
358 2799 418 2852 ad
447 2813 567 2855 eam
599 2815 713 2855 rein
747 2816 905 2869 quam
936 2799 1068 2854 nihil
1103 2802 1155 2853 in
1185 2797 1496 2852 conditione
1523 2793 1782 2849 momenti

222 2893 293 2945 sit.
329 2894 527 2959 Servus,
554 2897 750 2964 inquit,
774 2905 981 2950 vocatus
1022 2895 1115 2949 es?
1149 2893 1268 2947 Non
1311 2894 1374 2946 sit
1417 2891 1504 2945 tibi
1546 2905 1776 2944 curm...

220 2985 290 3051 qui
329 2989 455 3040 enim
503 2998 712 3043 vocatus
751 2998 824 3044 est
859 2990 912 3042 in
957 2987 1178 3041 Domino
1213 3002 1418 3054 servus,
1460 2983 1669 3038 libertus
1709 2991 1782 3036 est

220 3075 420 3133 Domini.
460 3080 708 3138 Similiter
750 3092 795 3136 et
833 3083 923 3151 qni
967 3082 1095 3135 liber
1132 3092 1341 3133 vocatus
1368 3089 1472 3142 est,
1505 3093 1682 3132 servus
1709 3085 1782 3129 est

1957 1879 2010 1933 6.
2048 1879 2342 1950 UtrittSque
2364 1896 2560 1936 nomen
2588 1891 2771 1952 aptum
2809 1881 3068 1949 martyrio
3094 1896 3109 1946 ;
3144 1888 3202 1934 ut
3229 1878 3495 1949 designati

1885 1974 1950 2028 ad
1987 1975 2304 2047 martyrium
2339 1975 2470 2046 ipsis
2503 1977 2778 2031 vocabulis
2809 1977 3149 2029 viderentur.
3180 1973 3275 2030 Ille
3303 1973 3496 2030 Vitalis

1883 2067 2062 2123 dictus
2078 2069 2349 2139 e~:t,quasi
2374 2071 2464 2139 qui
2483 2077 2801 2139 c0ntetuptu
2825 2069 2979 2123 istius
3002 2068 3125 2123 vita:
3145 2084 3328 2123 veram
3345 2067 3493 2122 illam

1888 2163 2054 2217 vitam
2078 2172 2336 2217 :t'ternam
2379 2163 2482 2218 sibi
2516 2164 2743 2217 haberet
2767 2163 3051 2232 acquirere
3086 2177 3099 2214 :
3136 2160 3238 2215 iste
3271 2160 3494 2229 Agrico-

1886 2253 1932 2308 la
1954 2296 1967 2320 ,
2009 2253 2099 2325 qui
2133 2254 2301 2308 bonos
2330 2252 2539 2308 fructus
2570 2253 2831 2322 Spiritalis
2861 2254 3050 2323 gratiae
3078 2255 3402 2319 seminaret,
3437 2261 3494 2305 et

1886 2350 2027 2403 sacri
2067 2349 2350 2418 sanguinis
2390 2347 2653 2402 effusione
2677 2390 2690 2412 ,
2753 2348 3068 2401 meritorum
3105 2360 3327 2400 suorum
3375 2360 3491 2399 οιιι-

1889 2443 2143 2512 niutuque
2171 2443 2426 2495 virtutum
2453 2443 2651 2511 rigaret
2684 2438 2972 2510 plantaria.

1959 2538 2013 2590 7.
2057 2536 2262 2605 Sepulti
2309 2548 2489 2590 autem
2520 2543 2678 2590 erant
2725 2534 2776 2588 iu
2807 2533 3120 2588 .Iudaaorutn
3150 2530 3300 2594 solo,
3349 2529 3485 2584 inter

1889 2631 2125 2700 ipsorum
2157 2630 2425 2698 sepulcra.
2455 2629 2778 2684 Ambierunt
2801 2627 2973 2682 .lndtni
2997 2641 3119 2680 cum
3149 2624 3379 2680 servulis
3405 2639 3492 2679 se—

1887 2723 2117 2793 pultura:
2146 2719 2346 2775 habere
2370 2720 2728 2782 consortium,
2753 2735 2982 2790 quorum
3009 2717 3296 2772 Dominum
3329 2730 3491 2787 nega-

1887 2825 2100 2870 verunt.
2121 2814 2211 2868 Sic
2231 2824 2285 2867 ct
2315 2811 2607 2879 aliquando
2633 2811 2852 2866 Balaam
2882 2809 3017 2864 dixit
3043 2826 3057 2863 :
3088 2807 3346 2863 Moriatur
3369 2809 3488 2861 ani-

1885 2927 1967 2963 ma
1999 2925 2108 2962 mea
2135 2908 2190 2961 in
2222 2907 2404 2960 animis
2423 2907 2689 2976 jnstorum
2722 2902 2915 2972 (Num.
2951 2918 3108 2967 XXIII,
3144 2903 3234 2972 10)
3260 2917 3275 2965 ;
3307 2910 3486 2956 tamen

1887 3017 1994 3056 non
2039 2999 2461 3055 communicavit
2509 3015 2697 3052 eorum
2740 2997 3035 3067 operibus,
3081 3010 3201 3050 cum
3257 2995 3485 3061 viveret,

1883 3111 2111 3164 quorum
2136 3095 2188 3149 in
2217 3094 2411 3148 animis
2437 3092 2690 3163 cupiebat
2712 3092 2871 3146 mori.
2899 3091 2962 3146 Et
2991 3092 3123 3146 istos
3144 3104 3281 3158 quos
3300 3090 3486 3143 viven-

217 3167 380 3224 Cltrt'ati
421 3172 462 3243 (l
503 3173 622 3228 Cur.
657 3189 760 3241 vit,
801 3173 902 3241 21,
949 3171 1067 3240 2‘2).
1101 3175 1131 3215 ι
1174 3171 1339 3237 Vide,
1381 3170 1632 3239 inquam,
1673 3168 1777 3220 vim

1891 3197 1968 3243 tes
2008 3188 2276 3257 persecuti
2309 3197 2472 3250 sunt,
2505 3196 2748 3240 mortuos
2781 3183 3142 3239 honorabant.
3175 3183 3289 3238 lllic
3326 3181 3488 3252 igitur

217 3267 453 3333 Apostoli.
484 3267 610 3324 Plus
648 3279 866 3338 putatur
891 3269 1108 3323 dedisse
1127 3267 1177 3321 ei
1219 3273 1310 3338 qui
1353 3282 1568 3332 servus,
1616 3280 1776 3336 quam

217 3356 253 3408 ei
294 3359 376 3428 qui
414 3361 546 3416 liber
593 3373 821 3416 vocatus
857 3371 968 3426 cst;
1018 3373 1039 3400 ο
1079 3376 1149 3417 ex
1177 3376 1337 3415 servo
1379 3360 1521 3414 enim
1553 3359 1778 3414 libertus

216 3446 387 3508 Christi
436 3453 520 3516 ﬁt,
547 3470 613 3508 ex
648 3453 824 3509 libero
853 3469 1066 3509 servus.
1113 3452 1220 3508 Sed
1257 3452 1386 3506 nulli
1431 3453 1550 3519 plus
1595 3450 1774 3516 dedit,

217 3556 376 3600 verum
415 3547 655 3618 utrisque
682 3547 876 3617 aequali
910 3561 1163 3601 mensura
1191 3545 1394 3599 divisit.
1441 3542 1596 3610 Apud
1619 3540 1776 3597 Chri-

216 3646 332 3693 stum
385 3642 520 3696 enim
573 3642 813 3697 servitus
848 3651 902 3697 et
952 3641 1175 3696 libertas
1229 3653 1382 3709 atqua
1433 3638 1586 3692 lance
1642 3652 1774 3706 pert.

215 3729 410 3799 duntur,
455 3750 553 3790 nec
610 3735 722 3790 ullo
773 3733 1142 3789 discerniculo
1186 3732 1340 3787 bon-at
1395 3730 1676 3786 servitutis
1722 3737 1776 3784 et

217 3822 452 3881 libertatis
491 3828 688 3882 merita
730 3825 1079 3892 dividuntur;
1121 3825 1246 3894 quia
1287 3823 1430 3877 nulla
1477 3821 1650 3892 major
1693 3831 1777 3876 est

216 3919 420 3988 dignitas
454 3937 610 3989 quam
649 3921 856 3976 servire
883 3920 1122 3976 Christo.
1152 3919 1396 3986 Denique
1426 3917 1626 3972 Paulus
1660 3931 1776 3970 ser-

214 4021 288 4062 vus
326 4010 526 4068 Christi
566 4012 695 4069 Jesu
733 4011 912 4084 (Rom.
965 4028 1005 4075 ι,
1049 4011 1135 4082 1);
1187 4010 1302 4064 hcce
1343 4011 1486 4063 enim
1533 4006 1776 4061 servitus

215 4101 414 4168 gloriosa
442 4117 545 4169 est,
582 4107 632 4160 in
664 4121 768 4175 qua
797 4106 1065 4176 gloriatur
1095 4115 1149 4159 et
1177 4103 1490 4174 Apostolus.
1538 4103 1617 4155 An
1665 4115 1772 4154 non

217 4207 387 4254 summa
409 4201 575 4270 gloria
600 4209 704 4261 cst,
733 4200 950 4271 quando
976 4201 1067 4253 tali
1094 4201 1267 4269 pretio
1287 4198 1538 4252 aestimati
1563 4212 1769 4263 sumus,

218 4299 259 4340 ot
293 4296 540 4362 sanguine
578 4294 742 4365 279
781 4291 997 4347 Domini
1039 4293 1476 4347 redimeremur?
1518 4289 1624 4346 Sed
1660 4290 1770 4360 jam

219 4395 467 4454 pergamus
497 4388 564 4441 ad
598 4396 820 4442 ca-tera.

269 4477 312 4531 4.
352 4480 379 4519 ιι
413 4481 655 4550 Cumque
697 4487 920 4534 sanctus
959 4477 1151 4533 Vitalis
1187 4487 1475 4548 cogeretur
1509 4492 1537 4530 a
1583 4491 1773 4547 perse-

1885 3282 2140 3353 martyris
2171 3281 2396 3335 exuvias
2427 3277 2864 3349 requirebatnus,
2898 3286 3170 3346 tamquam
3202 3275 3346 3329 inter
3373 3273 3486 3343 t-pi-

1881 3392 1976 3430 nas
2009 3391 2186 3430 rosam
2216 3377 2478 3445 legentes.

1949 3470 2004 3524 8.
2044 3466 2626 3523 Circumfundebamur
2667 3482 2696 3520 a
2735 3464 2940 3520 .ludaais
2961 3506 2978 3531 ,
3007 3478 3130 3519 cum
3157 3477 3329 3519 sacrae
3359 3461 3489 3518 reli-

1878 3561 2020 3628 quia:
2067 3561 2478 3615 aveherentur:
2529 3559 2718 3613 aderat
2766 3556 2999 3627 papulas
3051 3555 3308 3610 Ecclesia-
3359 3569 3482 3610 tum

1879 3651 2072 3721 plausu
2104 3661 2160 3705 et
2208 3650 2416 3704 Ιιιιιὶιὶιι.
2454 3649 2718 3704 Dicebant
2746 3648 2961 3704 JutIa-i:
2997 3645 3183 3700 Flore:
3229 3645 3326 3698 visi
3364 3655 3486 3700 sunt

1879 3761 1931 3815 in
1959 3755 2091 3798 terra
2122 3741 2295 3814 (Cant.
2328 3758 2384 3807 ll,
2424 3743 2544 3810 19.),
2575 3757 2698 3795 cum
2729 3740 2973 3793 viderent
3006 3745 3294 3808 martyres.
3331 3735 3486 3792 Dice-

1880 3837 2008 3889 bant
2037 3833 2331 3889 Christiani
2360 3851 2374 3888 :
2411 3833 2632 3900 Tempus
2654 3832 2920 3884 incisionis
2947 3833 3092 3882 adest
3117 3825 3333 3899 (Ibid.).
3363 3825 3481 3882 Jatn

1877 3938 1924 3982 et
1944 3928 2032 3998 qui
2061 3927 2224 3990 metit,
2258 3927 2540 3980 mercedem
2563 3924 2746 3996 accipit
2779 3922 2960 3993 (Joan.
2993 3935 3076 3986 tv,
3101 3919 3195 3992 '56)
3255 3919 3363 3977 Alti
3393 3935 3481 3975 se-

1879 4021 2243 4082 minaverunt,
2274 4029 2326 4073 et
2355 4034 2453 4072 nos
2478 4019 2732 4072 metimus
2771 4024 3067 4086 martyrum
3109 4017 3334 4072 fructus.
3378 4012 3485 4070 lle-

1879 4131 1998 4169 rum
2034 4113 2318 4168 audientes
2344 4111 2516 4167 Judaei
2548 4126 2708 4165 voces
2740 4108 3045 4179 plaudentis
3077 4108 3335 4164 Ecclesia:
3355 4151 3371 4173 ,
3401 4107 3485 4164 di—

1877 4207 2074 4261 ct-bat-t
2109 4205 2250 4260 inter
2279 4220 2378 4260 se:
2417 4203 2532 4258 Vox
2562 4203 2776 4257 tartari:
2810 4206 2991 4257 audita
3026 4215 3098 4257 est
3127 4202 3181 4255 in
3215 4210 3352 4255 terra
3383 4218 3483 4255 no-

1877 4308 1983 4354 stra
2014 4298 2186 4369 (Cant.
2232 4314 2292 4360 ιι,
2331 4296 2440 4368 12).
2475 4296 2628 4354 Unde
2675 4297 2813 4352 bene
2843 4299 3038 4352 lectum
3071 4305 3157 4352 est
3185 4313 3199 4350 :
3229 4293 3352 4348 Dies
3381 4294 3484 4349 diei

1877 4401 2072 4444 eructat
2119 4391 2360 4456 verbum,
2397 4399 2446 4445 et
2477 4406 2581 4444 nox.
2622 4390 2758 4443 nocti
2800 4389 2998 4444 indicat
3035 4389 3324 4444 scientiam.
3356 4383 3483 4441 Dies

1880 4485 1980 4538 diei
2010 4483 2180 4554 (Psal.
2213 4501 2356 4547 xviii,
2374 4485 2453 4554 5),
2473 4483 2818 4538 Christianus
2836 4483 3177 4537 Christiano:
3200 4497 3304 4535 nea:
3323 4479 3483 4545 nocti,

218 4577 464 4639 ‘luenlibus
491 4589 546 4632 ul
568 4577 846 4632 Cllt‘iSIttttt
879 4584 1121 4644 negaret,
1149 4584 1199 4627 et
1236 4573 1329 4626 ille
1357 4571 1591 4641 amplius
1614 4571 1774 4642 proﬁ-
1800 4563 1854 4624 Ι)
1877 4575 2096 4631 Jttdt'cus
2117 4577 2327 4631 Judmo.
2355 4576 2670 4632 Indicabaut
2701 4592 2828 4645 ergo
2851 4575 3020 4630 Judzt-i
3042 4575 3184 4645 quod
3220 4575 3487 4628 baberent

221 4668 382 4724 teretur
411 4671 698 4726 Dominum
741 4669 928 4723 Jesum
959 4666 1236 4722 Christum
1263 4707 1278 4732 ,
1312 4667 1493 4720 Omnia
1538 4676 1775 4721 tormen-

222 4762 356 4815 torum
384 4777 582 4834 genera
628 4762 683 4817 iu
730 4777 852 4815 emn
890 4769 1208 4816 exercentes
1233 4801 1247 4825 ,
1283 4769 1340 4813 ιιι
1385 4774 1491 4814 non
1531 4769 1676 4814 esset
1718 4758 1773 4813 iu

224 4871 318 4928 hum
350 4879 438 4934 lib.
479 4896 571 4936 xix
613 4877 907 4935 Adversar.
951 4892 1072 4944 cap.
1102 4875 1194 4939 Ξῖ),
1226 4875 1470 4934 Littsium
1501 4877 1595 4932 lib.
1628 4895 1640 4933 I
1673 4879 1772 4933 Sa-

223 4951 332 5020 ntra.
360 4967 474 5020 cap.
509 4953 596 5011 16.
635 4950 962 5004 Rosveidnm
996 4951 1047 5002 in
1075 4947 1226 5003 Notis
1251 4948 1319 5001 ad
1349 4949 1508 5020 epist.
1542 4950 1575 5005 5
1599 4950 1772 5005 sancti

222 5009 702 5093 PauliniJCangiutn
734 5023 783 5074 iit
808 5021 996 5076 eadem
1029 5036 1181 5093 voce,
1213 5009 1559 5090 atquc'alios.

276 5087 370 5144 “lla
387 5096 514 5150 edit.
535 5087 598 5148 ai:
625 5094 778 5163 pauci
804 5108 958 5156 tuss.;
983 5092 1073 5144 alii
1095 5098 1272 5145 autem
1289 5087 1497 5160 magno
1520 5109 1772 5156 numero,

223 5171 360 5234 ειη-ιιι
384 5168 495 5234 luit.
531 5167 667 5220 Ante
693 5166 826 5218 hunc
846 5180 1058 5217 consors
1085 5175 1129 5216 ct
1157 5163 1355 5230 collega
1381 5166 1616 5234 martyrii
1645 5181 1778 5232 pra:-

223 5233 338 5306 reuit
360 5233 544 5292 rarus.
578 5237 798 5290 Minime
831 5236 990 5287 male.
1023 5235 1133 5287 llos
1167 5250 1342 5306 porro
1378 5233 1648 5306 martyres
1679 5237 1781 5290 Bu-

224 5303 466 5363 l"Hiienses
515 5307 909 5376 imperantibus
955 5305 1290 5359 Iliocleti'ino
1333 5315 1385 5357 et
1444 5303 1770 5361 Masimiauo

223 5380 466 5450 (“forulos
511 5396 638 5436 esse
681 5377 747 5430 ad
793 5378 1034 5450 ηυνξ)υῦ
1081 5376 1251 5450 tratlit
1301 5376 1590 5450 Barunius,
1619 5377 1773 5446 cujus

224 5446 490 5524 [litationem
522 5451 870 5507 llermanuus
894 5448 1014 5524 licet
1047 5449 1278 5524 epistola
1310 5465 1413 5501 non
1449 5449 1610 5502 dubie
1647 5464 1776 5518 sup-

225 5519 441 5591 P0§it_1_lia,
468 5533 527 5578 nt
557 5525 674 5591 ipse
703 5523 978 5591 agnoscit.
1013 5520 1270 5573 nitentem
1298 5522 1666 5587 atnplectitur.

283 5579 439 5664 Missi
478 5579 592 5649 nun'
635 5579 824 5662 pauci,
868 5590 1080 5654 Videte,
1129 5591 1324 5660 inquit,
1375 5579 1478 5644 uim
1522 5591 1775 5664 Apostoli.

229 5633 1056 5731 Ριιιι-ριῖίηιΐιοηάῖῦνρεεξηξξὶι(ξ.

232 5765 234 5770 ι
291 5733 308 5762 ⁸
335 5728 442 5792 llas.
475 5727 708 5805 aliquot.
740 5749 800 5786 ea:
825 5750 925 5798 quo
968 5733 1105 5786 enim
1139 5731 1347 5786 libertus
1374 5727 1589 5792 Christi.
1624 5731 1680 5792 ﬁt
1719 5733 1780 5787 eri

233 5782 362 5844 mihi
384 5812 564 5844 manu.

339 5811 362 5849 θ
384 5812 564 5858 mnu.

1879 4669 2170 4724 scientiam
2213 4682 2547 4741 martyrum,
2595 4668 2688 4724 sed
2735 4685 2840 4722 non
2873 4667 3159 4723 Scienliam
3192 4665 3398 4730 Verbi;
3434 4665 3488 4721 id

1881 4770 1989 4827 est,
2025 4777 2132 4817 non
2161 4764 2462 4818 secundum
2495 4762 2641 4816 illam
2665 4763 2835 4818 solius
2864 4761 3013 4827 boni,
3042 4772 3096 4817 et
3124 4760 3295 4816 solius
3321 4758 3486 4832 280

1947 4877 1972 4916 ι¹
2005 4879 2088 4934 Ab
2115 4880 2265 4932 hisce
2295 4879 2474 4932 verbis
2496 4921 2510 4939 ,
2548 4878 2776 4950 Cumque
2804 4889 3012 4932 sanctus
3061 4876 3279 4942 Vilalis,
3313 4891 3486 4947 usque

1878 4952 1943 5006 ad
1980 4952 2092 5012 illa,
2125 4951 2294 5004 emisit
2325 4951 2588 5020 spiritum.
2614 4951 2873 5015 quidquid
2899 4950 3232 5009 continetur,
3267 4949 3315 5001 io
3348 4963 3487 5004 mss.

1880 5023 2048 5078 fet-me
2074 5022 2328 5075 omnibus
2350 5021 2718 5075 desideratur.
2749 5021 2932 5090 Neque
2959 5037 3089 5074 vero
3120 5020 3169 5072 id
3195 5029 3362 5074 totum
3387 5036 3486 5072 no-

1881 5095 1966 5148 bis
1999 5093 2351 5145 mediocriter
2380 5102 2694 5156 snspet-tum
2730 5104 2836 5148 est.
2879 5094 3116 5145 maxime
3145 5091 3287 5152 quod
3322 5090 3485 5145 verba

1881 5166 1993 5231 illa,
2018 5165 2191 5237 omnia
2218 5174 2583 5237 torntrntOrum
2606 5179 2794 5237 genera
2815 5163 2866 5237 in
2891 5179 3006 5216 eum
3025 5174 3336 5224 exercentes,
3360 5177 3485 5216 t'lllll

1880 5235 2335 5291 antecedentibus
2358 5250 2421 5288 ac
2451 5234 2913 5303 Subseqttetttibns
2941 5251 3127 5300 parum
3155 5243 3481 5303 eottgt'uant.

1886 5308 2086 5362 Ilorutn
2123 5316 2301 5360 tamen
2347 5308 2466 5360 loco
2498 5308 2549 5358 itt
2590 5306 2822 5372 epistola
2853 5303 2958 5368 55,
2991 5320 3150 5366 quant
3199 5303 3489 5358 Atttltrosio

1881 5380 2039 5434 Rom.
2069 5377 2203 5431 edit.
2229 5394 2358 5430 mss.
2381 5377 2924 5446 aliquotauctoritate
2946 5375 3242 5437 sttbStituit,
3268 5376 3489 5429 Concin-

1879 5452 2002 5503 nins
2024 5449 2249 5518 legitur,
2281 5448 2411 5502 adeo
2432 5449 2570 5501 omni
2600 5458 2968 5500 tormentormn
2991 5463 3174 5517 genere
3200 5447 3483 5500 cruciatus.

1879 5522 2054 5576 Porro
2088 5517 2217 5576 cum
2260 5535 2390 5574 mss.
2435 5535 2536 5574 nos
2561 5517 2816 5573 deliniant
2838 5559 2853 5584 ,
2885 5521 2938 5573 in
2969 5521 3103 5576 edit.
3136 5518 3271 5573 nihil
3313 5526 3488 5572 muta-

1879 5609 2020 5648 mus.

1955 5675 1978 5702 θ
2012 5663 2216 5732 Omnes
2245 5662 2377 5716 edit.
2408 5675 2471 5715 ac
2494 5675 2624 5733 mss.
2657 5660 2938 5733 nonnulli,
2970 5673 3025 5716 ut
3060 5661 3310 5733 martyrio
3350 5655 3487 5714 senii

1883 5731 2124 5789 dominus
2160 5730 2490 5789 invitaretur:
2531 5730 2626 5785 alii
2656 5731 2817 5793 longe
2857 5733 3096 5803 plut-imi,
3142 5730 3280 5788 ut'in
3311 5741 3482 5786 text".
