3974 6186
425 253 534 310 559

1753 243 2002 307 SANCTI
2041 243 2366 306 AMBROSII

3623 69 3658 104 ο

3630 226 3740 284 310

426 374 541 429 veri
567 371 854 428 scientiam
883 388 896 424 :
927 369 1237 440 lgnorautes
1264 366 1402 422 enim
1433 363 1527 418 Dei
1545 361 1831 436 justitiam,
1863 369 1912 416 et
1938 377 2028 415 νο·
2057 366 2104 424 Α
2137 357 2392 431 praesidio
2442 361 2593 412 esset
2645 349 2826 410 mariti
2880 346 3092 440 viduata
3149 353 3204 440 et
3247 343 3487 440 solatio;
3549 351 3733 440 tamen

429 469 590 524 lentes
632 483 687 522 se
725 465 1026 540 justi/icere
1047 505 1065 533 ,
1103 463 1370 538 justitiam
1424 458 1523 516 Dei
1575 475 1677 515 non
1730 468 2034 529 receperunt

431 563 608 636 (Rom.
638 578 695 629 κ,
726 559 805 633 5).

1057 647 1288 706 CAPUT
1325 646 1392 704 ll.

429 767 610 822 Primo
638 765 976 836 reliquiarum
1005 763 1225 835 pretium
1269 760 1578 832 ampliﬁcat,
1631 757 1816 812 deinde
1859 755 2034 810 Julia-

497 877 618 915 nam
652 858 891 922 viduam,
922 873 1040 928 qua:
1080 856 1188 910 illis
1215 855 1494 908 donaretur
1517 895 1532 920 ,
1566 853 1777 922 dignam
1809 848 2034 915 asserit;

501 954 636 1008 hanc
675 952 813 1006 enim
859 968 975 1006 cum
1013 947 1374 1004 honorandum
1414 961 1478 1000 ea:
1520 944 1794 1015 Apostolo,
1827 951 1932 996 tum
1973 956 2032 995 eo

495 1045 882 1116 praedicandam
924 1043 1064 1114 quod
1096 1040 1342 1096 Ecclesia:
1371 1038 1567 1093 damna
1611 1053 1768 1106 quam
1819 1033 2034 1107 propria

497 1155 592 1194 sua
620 1137 785 1210 magis
815 1137 1030 1192 doleret.

497 1301 551 1356 9.
615 1297 793 1354 Detuli
861 1311 996 1367 ergo
1053 1292 1208 1352 vobis
1275 1303 1504 1352 munera
1568 1303 1690 1360 qua:
1744 1288 1882 1344 meis
1927 1288 2033 1357 legi

427 1393 704 1460 manibus,
730 1392 783 1447 id
809 1401 914 1460 est,
940 1389 1122 1446 crucis
1146 1397 1374 1458 tropara,
1399 1384 1554 1454 cuius
1573 1383 1800 1455 gratiam
1827 1383 1878 1438 in
1905 1397 2032 1453 ope-

425 1488 580 1542 ribus
610 1483 934 1558 agnoscitis.
966 1483 1129 1541 Certe
1154 1487 1210 1534 et
1239 1479 1343 1548 ipsi
1371 1475 1651 1532 daemones
1679 1474 2030 1533 conﬁtentur.

425 1576 677 1635 Condant
718 1576 811 1632 alii
842 1588 1036 1631 aurum
1077 1579 1243 1642 atque
1272 1576 1580 1639 argentum,
1613 1582 1676 1623 ac
1705 1566 1774 1625 de
1817 1567 2036 1625 latenti.—

424 1675 529 1731 bus
554 1681 750 1729 eruant
795 1669 984 1735 venis;
1019 1667 1201 1738 legant
1244 1665 1486 1736 pretiosa
1535 1662 1820 1718 monilium
1851 1670 2030 1727 serta;

2134 451 2277 524 apud
2337 449 2481 520 piam
2538 453 2774 502 mentem
2829 435 3310 498 causa'Ecclesire
3351 433 3740 506 prmpondcra-

2135 543 2250 600 ω’
2660 609 2822 684 231
2861 603 3090 662 CAPUT
3127 601 3218 658 ιιι.

2134 709 2368 766 Iuliana:
2413 707 2482 762 ad
2527 705 2714 760 liberos
2752 699 3064 757 exhortatio.
3116 694 3238 750 Illic
3281 691 3538 766 principio
3571 690 3744 760 ﬁlium

2207 811 2376 857 monet
2403 817 2517 856 eum
2546 817 2648 854 non
2677 808 2861 852 temere
2891 793 3060 849 vocari
3101 790 3454 855 Laurentium,
3487 787 3576 841 sed
3602 785 3746 858 quod

2211 894 2462 966 Martyris
2487 890 2808 962 cognominis
2837 885 3126 962 patrocinio
3147 889 3420 952 conceptus
3452 879 3626 951 fuerit,
3657 887 3744 932 at-

2207 1005 2304 1060 que
2340 985 2506 1041 eidem
2543 983 2850 1054 promissus.
2880 978 3062 1034 Solvat
3103 976 3264 1047 igitur
3295 979 3566 1044 parentum
3597 980 3744 1026 vota.

2211 1079 2365 1135 Nihil
2413 1078 2512 1151 ipsi
2541 1091 2650 1132 esse
2683 1089 2783 1142 quo
2820 1070 3142 1132 retardetur;
3183 1083 3300 1120 cum
3344 1065 3545 1118 ueteris
3587 1067 3748 1118 rebus

2207 1177 2441 1230 divinum
2483 1171 2744 1228 servitium
2779 1167 3107 1240 prmstantius
3135 1163 3234 1228 sit,
3267 1162 3532 1216 hominum
3569 1169 3749 1214 autem

2209 1269 2311 1322 vita
2342 1266 2631 1320 miserrima
2657 1278 2678 1318 :
2707 1271 2879 1332 patere
2910 1271 3080 1312 tamen
3105 1257 3298 1311 exitum
3330 1271 3394 1309 ea:
3418 1255 3534 1325 ejus
3563 1253 3748 1320 malis,

2209 1357 2363 1415 modo
2391 1357 2677 1412 castitatem
2703 1354 2783 1408 illi
2803 1352 3016 1424 eligant,
3045 1349 3128 1404 cui
3155 1347 3384 1420 conjugii
3414 1346 3634 1400 seruitus
3660 1345 3751 1398 hic

2207 1452 2502 1526 opponitur.

2212 1571 2300 1630 15.
2343 1565 2628 1624 Succinxit
2654 1564 2838 1636 itaque
2865 1560 3064 1617 mentis
3089 1558 3320 1623 viscera,
3353 1565 3410 1612 et
3446 1555 3752 1612 circumfu-

2138 1679 2254 1721 sam
2283 1677 2344 1718 se
2369 1659 2561 1720 videns
2593 1671 2820 1718 numero
2853 1653 3085 1715 ﬁliarum
3126 1652 3313 1718 trium,
3342 1659 3396 1704 ct
3431 1651 3594 1706 unius
3621 1650 3746 1720 ﬁlii,

429 1763 749 1835 temporalis
793 1761 886 1817 ille
917 1760 1211 1815 thesaurus
1255 1764 1362 1824 est,
1409 1764 1466 1811 et
1513 1770 1658 1825 saepe
1703 1754 2034 1812 habentibus
2065 1758 2112 1822 B
2138 1774 2248 1829 quo
2269 1757 2447 1815 solent
2471 1753 2660 1810 terreri
2687 1762 2927 1817 caetera,
2954 1749 3056 1804 hoc
3079 1747 3268 1802 fortior
3293 1747 3574 1816 lacta,tali
3603 1747 3751 1803 ﬁlios

427 1857 775 1930 perniciosus
802 1871 816 1910 :
850 1869 950 1909 nos
975 1852 1207 1924 legimus
1228 1849 1490 1922 martyris
1515 1849 1722 1916 clavos,
1749 1857 1804 1903 et
1836 1849 2033 1904 multos

427 1950 674 2022 quidem,
725 1954 787 2010 ut
836 1945 991 2016 plura
1041 1943 1244 2000 iuerint
1275 1941 1504 2004 vulnera
1552 1954 1715 2012 quam
1763 1939 2030 1996 membra.

427 2045 683 2101 Clamare
741 2050 1037 2112 martyrem
1099 2037 1316 2096 diceres
1372 2035 1436 2098 ad
1497 2033 1756 2108 populum
1815 2031 2034 2090 Judaeu-

428 2152 590 2200 rum.
639 2149 764 2192 cum
798 2134 983 2188 clavos
1024 2129 1142 2202 ejus
1188 2127 1615 2198 colligeremns:
1661 2123 1808 2180 Mitte
1849 2139 2036 2181 atauus

431 2239 546 2283 tuas
571 2228 626 2286 in
653 2227 791 2285 latus
814 2241 1012 2290 meum,
1041 2233 1088 2277 et
1115 2221 1224 2278 noli
1246 2237 1358 2276 esse
1391 2217 1724 2284 incredulus,
1753 2217 1846 2271 sed
1867 2216 2036 2288 ﬁdelis

429 2320 616 2394 (Joan.
650 2335 742 2388 xx,
773 2317 891 2390 27).
920 2315 1246 2388 Colligimus
1270 2313 1595 2387 sanguinem
1627 2309 2033 2384 triumphalem,

431 2426 485 2470 et
511 2415 693 2472 crucis
720 2414 947 2486 lignum.

503 2509 594 2566 i0.
630 2508 759 2564 Haec
787 2515 992 2562 sancta:
1023 2504 1201 2560 vidua:
1237 2517 1437 2574 negare
1466 2516 1572 2564 non
1618 2500 1890 2569 potuimus
1937 2514 2035 2572 po-

429 2601 676 2656 stulanti.
717 2599 943 2658 Munera
982 2599 1163 2665 itaque
1197 2593 1396 2652 salutis
1437 2593 1692 2663 accipite,
1725 2607 1848 2667 qua:
1895 2607 2039 2652 nunc

429 2692 533 2752 sttb
567 2693 740 2748 sacris
777 2689 1046 2749 altaribus
1094 2686 1490 2756 reconduntur.
1543 2684 1618 2740 Ea
1669 2684 1834 2754 igitur
1874 2683 2036 2738 vidua

435 2792 460 2821 α
475 2792 661 2838 sancta
685 2793 765 2837 est
791 2782 1032 2848 .lnliana,
1049 2795 1171 2851 qua:
1185 2779 1288 2834 hoc
1307 2779 1538 2836 Domino
1554 2778 1812 2850 templum
1829 2778 2042 2848 paravit

431 2890 596 2949 atque
643 2877 876 2941 obtulit,
917 2875 1062 2946 quod
1111 2873 1276 2929 hodie
1315 2873 1680 2931 dcdicamus:
1731 2871 1892 2942 digna
1945 2873 2038 2930 tali

435 2970 739 3033 oblatione,
763 2984 882 3038 qum
906 2967 958 3029 in
985 2965 1175 3030 sobole
1196 2981 1292 3020 sua
1324 2964 1520 3035 templa
1547 2965 1656 3035 jam
1685 2965 1914 3020 Domino
1943 2981 2040 3035 pu-

433 3063 634 3120 dicitiae
692 3074 854 3130 atque
906 3061 1234 3130 integritatis
1279 3059 1538 3122 sacravit.
1589 3061 1722 3124 Dum
1765 3060 2034 3126 Julianam

2139 1851 2380 1921 alloquio
2407 1847 2661 1906 convenit
2689 1864 2701 1901 :
2737 1844 2894 1908 Filii,
2927 1841 3188 1897 amisistis
3231 1849 3479 1911 patrem,
3511 1847 3750 1894 matrem

2137 1943 2379 1999 habetis.
2419 1941 2612 1997 Melior
2651 1938 2870 2010 quidem
2901 1935 3090 1991 fuisset
3134 1932 3222 1988 illa
3265 1933 3626 1988 commulatio
3652 1975 3668 2000 ,
3705 1933 3753 1989 si

2142 2045 2298 2108 pater
2322 2036 2556 2100 viveret,
2588 2041 2763 2088 mater
2789 2031 3024 2088 deesset.
3053 2028 3256 2084 Tamen
3284 2029 3502 2085 inﬁrma
3539 2028 3672 2084 licet
3697 2037 3758 2092 et

2141 2129 2384 2185 desolata
2424 2126 2653 2182 ostendo
2687 2123 2862 2189 vobis,
2895 2123 2940 2177 si
2974 2122 3136 2176 vultis
3167 2123 3345 2192 sequi,
3375 2137 3487 2192 quo
3515 2119 3757 2178 arbitre-

2143 2221 2278 2283 mini
2304 2230 2511 2292 patrem
2536 2219 2692 2276 vobis
2713 2233 2824 2273 non
2855 2215 3196 2282 decessisse;
3224 2215 3440 2276 habetis
3463 2215 3614 2272 enim
3640 2229 3757 2270 me-

2143 2317 2336 2374 liorem
2369 2316 2436 2374 de
2457 2315 2597 2370 cmlo
2619 2323 2926 2385 parentem.
2954 2312 3050 2368 Ille
3071 2323 3148 2366 ρει
3181 2311 3271 2380 qui
3303 2321 3358 2366 ct
3383 2311 3488 2366 hos
3513 2309 3758 2366 suﬁ‘ulsit

2147 2418 2348 2478 patres.
2377 2407 2514 2475 Quid
2546 2407 2690 2464 enim
2715 2405 2856 2460 aliud
2882 2404 2996 2475 jam
3022 2412 3268 2474 superest
3294 2402 3450 2474 Spei?
3471 2401 3640 2458 Pater
3662 2419 3758 2458 vo-

2146 2501 2229 2556 bis
2255 2499 2357 2555 luit
2385 2499 2539 2556 diros
2569 2499 2740 2568 gratia
2763 2539 2778 2562 ,
2820 2511 2926 2552 non
2957 2498 3228 2564 pecunia:
3263 2495 3561 2564 opulentus
3592 2496 3758 2552 mini-

2145 2593 2336 2658 sterio.
2363 2609 2471 2650 non
2495 2592 2820 2662 patrimonio
2847 2608 2858 2644 :
2883 2591 3040 2660 cujus
3065 2588 3354 2644 lunreditas
3383 2588 3519 2644 ﬁdes
3543 2599 3653 2657 cat,
3675 2589 3758 2644 lo-

2145 2687 2330 2755 cuples
2381 2685 2518 2753 Deo,
2569 2686 2665 2742 sed
2711 2699 2883 2754 egena
2935 2683 3156 2738 saeculo.
3205 2682 3350 2738 Satis
3395 2697 3495 2736 vos
3552 2682 3758 2738 divites

2147 2778 2389 2849 reliquit,
2439 2778 2487 2834 si
2533 2778 2868 2847 propositum
2919 2777 3038 2846 ejus
3076 2775 3399 2845 sequamini.
3433 2774 3566 2832 Sola
3615 2775 3757 2833 ﬁdes

2147 2876 2361 2946 utrique
2393 2873 2685 2930 indiscreta
2715 2873 2897 2938 sexui,
2929 2885 3127 2930 census
3158 2871 3422 2937 virorum,
3447 2869 3477 2908 b
3509 2870 3615 2926 dos
3647 2871 3758 2926 vir-

2143 2969 2352 3040 giuttm.

2221 3060 2309 3120 l4.
2353 3061 2417 3118 Et
2467 3070 2520 3116 tu
2564 3057 2808 3130 quidem,
2855 3057 2953 3125 ﬁli,
2996 3056 3276 3127 aliquanto
3313 3056 3542 3130 propior
3585 3059 3752 3129 patri,

435 3153 561 3212 volo
595 3155 800 3219 dicere,
834 3153 1078 3217 Judaeam
1127 3153 1263 3208 dixi.
1305 3153 1422 3213 Non
1457 3153 1654 3208 erravit
1690 3153 1873 3223 lingua
1895 3197 1908 3220 ,
1941 3155 2036 3211 scd
2069 3155 2112 3218 C
2144 3168 2384 3223 agnosco
2414 3167 2536 3216 quae
2576 3151 2734 3216 matri
2765 3149 2988 3214 debeas,
3019 3149 3160 3220 quod
3206 3148 3388 3206 domui
3419 3150 3752 3208 vocabulum

436 3248 719 3312 deﬁnivit;
749 3247 935 3304 .iudzea
965 3247 1108 3308 enim
1141 3254 1226 3310 est
1248 3246 1430 3303 anima
1459 3261 1576 3315 qmc
1602 3245 1880 3304 Christum
1908 3247 2040 3303 fate-

437 3351 546 3394 tur.
583 3341 830 3409 Denique
863 3350 1016 3394 uotus
1045 3341 1096 3394 in
1127 3339 1318 3394 Juda’a
1349 3339 1488 3396 Deus
1517 3339 1701 3412 (Psal.
1732 3357 1895 3409 ικῐγ,
1925 3340 1994 3413 2)
2021 3359 2036 3410 ;

435 3433 488 3496 id
511 3442 616 3502 est,
641 3433 731 3494 ubi
763 3433 1182 3502 agnoscebatur,
1213 3449 1320 3500 non
1350 3433 1438 3489 ubi
1472 3433 1792 3504 negabatur.
1822 3433 1920 3500 Est
1954 3451 2041 3490 er-

432 3543 504 3599 go
538 3529 590 3583 in
621 3528 814 3598 spiritu
843 3527 1029 3588 Iudaea
1057 3569 1071 3594 ,
1109 3527 1198 3583 tibi
1245 3527 1420 3596 major
1473 3527 1651 3597 portio
1679 3569 1693 3593 ,
1727 3527 2040 3585 intellectus

433 3619 745 3686 sincerior;
788 3619 922 3688 Quia
967 3619 1108 3678 salus
1147 3635 1212 3684 ea:
1255 3618 1455 3680 ludatis
1485 3629 1558 3678 est
1601 3618 1782 3690 (Joan.
1814 3636 1886 3689 tv,
1921 3621 2034 3694 23).

434 3714 665 3785 Linguae
709 3713 874 3790 igitur
914 3729 1072 3775 error
1113 3713 1486 3776 testimonium
1537 3714 1846 3784 sanctitatis
1887 3715 2039 3774 inve-

505 3900 589 3956 Η.
632 3897 980 3960 Honoremus
1008 3913 1140 3970 ergo
1169 3899 1310 3966 hanc
1336 3898 1587 3964 viduam.
1619 3900 1746 3970 quia
1771 3902 2034 3974 scriptum

431 3998 556 4047 est:
591 3989 791 4052 Viduas
820 3992 1042 4061 honora,
1072 4009 1190 4064 qua:
1226 4009 1340 4048 uere
1367 3993 1536 4054 uidua:
1557 4006 1678 4050 sunt
1727 3993 1771 4066 (ι
1813 3993 1948 4052 Tim.
1978 4012 2033 4063 v,

431 4084 514 4156 5).
547 4084 700 4144 Licet
725 4085 1016 4144 verborum
1049 4097 1359 4144 nostrorum
1382 4087 1645 4144 honorem
1677 4102 1784 4148 non
1807 4087 2032 4155 ambiat,

428 4193 554 4248 quae
577 4180 826 4248 Apostoli
852 4179 1165 4239 mandatum
1200 4179 1591 4248 adwquaverit,
1622 4179 1829 4240 habens
1853 4181 1905 4241 in
1939 4183 2036 4238 boy

427 4270 518 4328 nis
545 4270 806 4342 operibus
837 4272 1238 4338 testimonium,
1269 4285 1391 4342 quae
1416 4272 1558 4336 bene
1587 4272 1729 4328 ﬁlios
1758 4273 2032 4336 educave-

429 4360 524 4429 rit,
549 4361 746 4421 melius
775 4361 1092 4421 instituerit.

498 4455 588 4509 tit.
630 4451 763 4519 Quis
794 4451 938 4512 hanc
967 4467 1076 4512 non
1124 4461 1182 4509 ut
1208 4453 1522 4514 destitutam
1555 4465 1608 4512 at
1656 4457 2026 4518 miserabilem

2143 3246 2360 3302 reddas.
2379 3245 2533 3301 [Eius
2561 3253 2612 3298 te
2633 3250 2880 3309 excusat,
2900 3243 2994 3296 sed
3020 3241 3312 3298 lucreditas
3341 3251 3518 3299 vocat,
3543 3241 3754 3298 lucun-

2143 3338 2330 3400 deutur
2351 3379 2364 3404 ,
2396 3336 2468 3391 ﬁli
2499 3378 2512 3403 ,
2563 3347 2705 3407 pater
2735 3346 2780 3388 et
2814 3343 2976 3389 mater
3002 3335 3054 3390 in
3101 3344 3146 3393 te
3190 3332 3375 3407 (Prov.
3419 3349 3594 3402 um,
3623 3336 3749 3406 25).

2142 3429 2260 3486 Noli
2294 3436 2522 3484 matrem
2557 3437 2909 3486 contemnere
2937 3427 3086 3496 quasi
3130 3425 3553 3498 imprudentem.
3590 3426 3752 3499 Regis

2141 3523 2456 3590 admonitio,
2486 3521 2682 3592 inquit,
2712 3532 2733 3559 ο
2761 3537 2910 3591 quem
2933 3520 3144 3576 erudivit
3172 3528 3334 3577 mater
3367 3535 3480 3578 sua.
3511 3520 3655 3586 Quid
3687 3524 3750 3576 li-

2143 3617 2248 3673 lins
2299 3617 2389 3688 qui
2443 3625 2628 3670 servat
2679 3614 2950 3670 dictiones
2989 3614 3120 3668 Dei?
3175 3611 3584 3683 Primogouite,
3652 3616 3748 3674 tibi

2140 3710 2284 3778 dico,
2311 3709 2386 3769 [ili
2414 3729 2428 3764 ε
2461 3709 2599 3776 Quid
2626 3710 2770 3778 ﬁlius
2795 3709 2896 3764 mei
2923 3709 3110 3767 uentris
3132 3707 3158 3762 ?
3177 3707 3303 3779 quid
3323 3719 3474 3768 natus
3501 3725 3744 3770 mearum

2139 3804 2472 3859 orationum?
2496 3801 2578 3858 Ne
2595 3801 2800 3858 dederis
2820 3802 3020 3858 mulieri
3046 3813 3185 3859 tuam
3207 3801 3522 3863 honestatem
3553 3803 3738 3875 (Prov.

2139 3916 2288 3967 xxxi,
2342 3901 2366 3956 i
2395 3909 2442 3955 et
2463 3899 2618 3971 δαίμ).
2649 3899 2787 3955 Audi
2816 3898 2946 3968 quid
2970 3899 3187 3968 sapiens
3213 3897 3382 3964 dicat,
3415 3897 3546 3969 quid
3593 3897 3743 3956 Scri.

2139 4001 2296 4063 ptttra
2324 3999 2554 4048 asserat.

2212 4086 2298 4141 15.
2333 4085 2626 4141 Considera
2657 4084 2780 4154 quis
2803 4093 2858 4141 te
2880 4093 2938 4140 ut
2969 4083 3296 4143 nascereris.
3317 4082 3565 4152 juverit:
3596 4083 3740 4140 ﬁlius

2138 4195 2198 4236 es
2229 4189 2482 4236 votorum
2508 4179 2678 4250 magis
2697 4194 2859 4250 quam
2886 4179 3140 4234 dolorum
3168 4193 3436 4234 meorum.
3461 4178 3742 4235 Conside-

2135 4289 2193 4329 ra
2226 4273 2312 4330 cui
2341 4282 2395 4330 te
2422 4274 2633 4328 muneri
2665 4281 2818 4342 pater
2845 4272 2938 4326 tali
2969 4271 3190 4326 nomine
3217 4270 3610 4340 designaverit,
3646 4273 3738 4342 qui

2133 4368 2347 4422 vocavit
2373 4367 2742 4422 Laurentium.
2766 4365 2792 4402 ά
2817 4365 2897 4421 lbi
2923 4376 3042 4420 vota
3069 4365 3442 4436 deposuimus,
3469 4367 3618 4423 unde
3643 4383 3738 4422 no-

2134 4477 2256 4518 men
2298 4461 2710 4531 assumpsimus.
2739 4459 2876 4518 Vota
2908 4460 3132 4516 eﬁectus
3158 4470 3376 4515 secutus
3415 4467 3533 4526 est,
3567 4460 3736 4518 redde

421 4542 756 4614 deploravit,
808 4543 1026 4616 quando
1059 4545 1244 4600 amisit
1287 4545 1578 4610 maritum?
1607 4547 1677 4610 At
1719 4549 1820 4614 ista
1864 4553 2027 4608 mini-

2154 4557 2354 4629 nartyri
2382 4555 2525 4626 quod
2553 4554 2718 4612 debes
2751 4554 3110 4627 martyri.ille
3143 4563 3193 4610 te
3211 4553 3370 4610 nobis
3389 4552 3732 4623 impetravit,

418 4643 590 4700 strum
631 4635 807 4698 sacris
852 4645 1100 4708 ereptum
1145 4637 1410 4695 altaribus
1455 4641 1688 4710 amplius
1734 4642 2020 4713 ingemuit,

417 4741 580 4798 quam
623 4727 727 4786 sibi
773 4729 1086 4802 coniugem,
1133 4739 1226 4788 aut
1271 4741 1481 4802 patrem
1529 4732 1681 4793 ﬁliis.
1730 4734 1865 4793 Nam
1919 4739 2022 4798 etsi

487 4895 514 4926 ⁸
541 4885 708 4962 Rom.
735 4886 848 4944 edit
873 4886 1012 4962 sola,
1055 4895 1233 4962 sancta
1258 4895 1330 4962 est
1360 4887 1570 4962 ludam.
1606 4887 1778 4962 Favet
1800 4891 2018 4962 quidem

409 4959 553 5037 quod
590 4961 742 5037 intra
764 4958 1006 5037 ponitur,
1035 4958 1164 5037 dunt
1188 4958 1458 5037 Iulianum
1489 4961 1602 5015 volo
1635 4961 1789 5032 (edit.
1809 4958 1834 5026 ,“
1857 4964 2018 5037 volui)

410 5029 601 5096 dicere,
631 5029 870 5084 Judwam
894 5029 1006 5084 dixi
1023 5047 1042 5084 :
1071 5031 1165 5086 sed
1192 5039 1371 5086 tamen
1397 5033 1514 5087 sine
1545 5029 1676 5088 mss.
1703 5043 1793 5087 attt
1823 5029 2016 5094 salleni

409 5113 520 5156 vet.
553 5102 688 5156 edit.
719 5102 852 5156 ntdli
889 5101 1106 5156 ﬁdimus
1135 5103 1486 5170 conjecturas.
1513 5101 1652 5157 Sunt
1677 5112 1856 5159 autem
1880 5122 2010 5162 mss.

411 5173 632 5254 aliquot.
657 5173 710 5254 in
739 5173 938 5254 quibus
969 5173 1218 5254 imitetur.
1247 5172 1333 5254 βα
1357 5175 1518 5246 igitur
1543 5175 1669 5254 vidit
1693 5186 1843 5247 atque
1865 5177 2013 5232 obtu-

407 5243 469 5314 lit
495 5243 634 5314 quod
657 5243 826 5304 hodie,
855 5254 958 5298 etc.
993 5243 1213 5306 Interim
1247 5246 1333 5298 hic
1362 5243 1682 5300 dtiservabis
1719 5243 1880 5314 quam
1914 5265 2012 5302 an-

406 5313 552 5382 tiqua
581 5316 654 5367 sit
673 5314 1098 5380 dedicandarum
1123 5330 1243 5369 cum
1273 5315 1476 5370 celebri
1509 5330 1704 5384 pOmpa
1738 5313 2012 5377 Ecclesia-

407 5399 533 5459 rum_
580 5386 965 5459 consuetudo._
997 5385 1166 5459 Hujus
1213 5401 1443 5459 quoque
1482 5387 1566 5459 rei
1619 5387 2010 5459 documentum

2133 4657 2187 4706 tu
2231 4651 2458 4706 restitue
2501 4648 2642 4718 quod
2685 4649 2754 4704 de
2797 4661 2848 4706 to
2901 4648 3216 4719 huiusmodi
3267 4647 3508 4704 nominis
3538 4650 3734 4719 appel-

2132 4741 2337 4799 latione
2397 4742 2772 4813 promisimus.

2131 4906 2444 4951 nascentem
2479 4897 2807 4968 translatum
2846 4895 3032 4968 velint.
3080 4897 3374 4968 Utramque
3417 4913 3555 4954 vero
3604 4915 3733 4956 sen-

2128 4968 2350 5047 tentiam
2392 4969 2647 5047 conciliat
2685 4967 2836 5023 card.
2867 4967 3012 5023 Bona
3051 4969 3147 5024 lib.
3180 4985 3196 5022 ι
3240 4967 3441 5026 Rerum
3485 4972 3728 5047 liturgic.

2125 5053 2242 5148 cap.
2273 5042 2365 5104 20,
2399 5056 2547 5093 nutu.
2583 5043 2637 5098 5.

2254 5111 2357 5148 Mc:
2407 5126 2512 5148 nmt
2543 5127 2637 5148 nam

2252 5111 2380 5182 diss.
2407 5126 2512 5164 non
2543 5111 2721 5180 pauci,
2752 5109 2863 5164 duo:
2895 5111 3169 5182 virginum.
3205 5111 3355 5166 Haud
3385 5112 3518 5167 satis
3554 5125 3725 5171 recte.

2197 5180 2367 5254 chet.
2402 5183 2562 5254 edit.,
2596 5199 2712 5253 qua:
2748 5191 2912 5236 mater
2951 5180 3066 5246 sua,
3111 5183 3200 5253 qui
3239 5183 3400 5250 ﬁlius,
3433 5186 3524 5254 qui
3555 5197 3729 5242 servat

2119 5251 2368 5324 dictiones
2395 5253 2525 5306 Dei?
2549 5251 2675 5308 ϐιἸΙ.
2709 5268 2770 5324 ac
2803 5254 2956 5308 llom.
2987 5251 3135 5324 quem
3165 5255 3382 5308 erudivit
3413 5251 3578 5311 niater
3605 5276 3720 5314 sua.

2122 5322 2261 5387 Quid
2291 5324 2538 5404 servabis,
2564 5327 2642 5390 [ili
2654 5325 2678 5377 ξ’
2709 5322 2971 5404 Dictiottes
2999 5322 3106 5378 ’θεῖ
3137 5341 3154 5379 .·
3189 5341 3317 5378 mss.
3354 5343 3484 5380 vero
3525 5344 3726 5404 magno

2117 5409 2388 5450 consensu
2417 5394 2696 5448 nobiscum
2732 5395 2954 5448 iaciunt.

406 5457 609 5520 praebet
660 5457 832 5509 sancti
877 5455 1036 5522 huius
1077 5455 1249 5520 nostri
1291 5455 1356 5511 ad
1403 5456 1639 5512 Felicem
1684 5455 2008 5518 Comensem

403 5528 654 5603 epismla.
699 5525 968 5603 Catholici
1009 5529 1252 5603 nonnulli
1292 5537 1456 5603 atque
1514 5530 1833 5603 beterodoxi
1863 5530 2010 5603 Mag-

406 5593 779 5676 deburgeuses
807 5598 858 5649 in
900 5599 1158 5676 saeculum
1188 5615 1228 5653 ιι
1259 5593 1480 5676 tradunt
1517 5597 1659 5654 hunc
1691 5600 1856 5668 ritum
1897 5593 2004 5660 min

406 5611 579 5650 oeuur
619 5611 779 5650 enses
807 5613 858 5649 In
900 5611 1158 5660 saeculum
1188 5615 1228 5653 ιι
1259 5611 1480 5654 tradunt
1517 5611 1659 5654 nunc
1691 5613 1854 5655 ritum
1897 5618 2002 5660 non

401 5663 510 5718 nisi
574 5611 694 5747 goat
755 5667 1044 5747 imperium
1099 5668 1442 5747 Constantini
1516 5661 2002 5747 receptutn'esse,

401 5747 524 5787 cum
563 5734 652 5788 alii
689 5734 942 5790 eumdem
987 5751 1020 5793 e
1055 5740 1225 5794 veteri
1273 5740 1558 5814 Synagoga
1599 5734 1664 5798 in"
1701 5734 2000 5804 Ecciesiaui

2149 5525 2159 5535 ι
2183 5463 2209 5502 ι¹
2247 5469 2550 5534 Agnoscaut
2579 5481 2643 5518 ex
2671 5465 2771 5518 hoc
2797 5467 2918 5520 loco
2950 5473 3235 5520 novatores
3257 5482 3418 5537 quam
3443 5470 3516 5523 sit
3547 5474 3722 5526 moris

2111 5537 2318 5606 antiqui
2369 5544 2489 5587 vota
2537 5537 2742 5611 sanctis
2794 5539 2844 5590 in
2876 5539 3717 5611 emittmreceptisnuncupare.

2109 5621 2218 5675 quo
2255 5621 2441 5662 eorum
2479 5606 2752 5678 suilragiis
2782 5623 2811 5662 a
2845 5611 2954 5664 Deo
2983 5609 3166 5664 ﬁdeles
3188 5610 3500 5685 expeditius
3526 5606 3718 5683 optata

2107 5687 2539 5749 consequantur.
