3946 6180
196 253 255 309 ill
1048 247 1494 308 EXHORTATIO
1537 249 2029 310 VIRGINI'I'ATIS.
2069 249 2280 309 LIBER
2318 250 2526 310 UNUS.

3356 255 3466 313 5ιῖ

242 369 302 421 16.
332 365 469 437 Quid
516 375 715 424 autem
746 375 853 433 εει,
896 365 990 429 ﬁll.
1016 365 1164 421 aliud
1202 374 1228 404 ι
1267 366 1410 436 quod
1436 365 1743 437 eligendum
1776 370 1820 429 Α
1853 364 1977 422 Non
2004 383 2178 421 omnes
2198 367 2413 436 capiunt
2435 364 2642 422 uerbum
2675 366 2832 432 istud,
2866 366 2958 422 sed
2979 367 3162 439 quibus
3186 368 3365 424 dctum
3387 383 3463 425 est

197 472 319 534 putes,
345 462 447 517 nisi
480 463 661 517 Deum
704 470 927 531 patrum
956 461 1207 515 tuorum?
1247 459 1366 530 Ipse
1389 461 1537 516 enini
1558 458 1587 497 δ
1611 476 1743 528 pau-

197 570 308 625 peres
327 565 375 609 et
397 554 624 621 divites,
653 555 893 609 humiles
919 564 972 609 et
1001 553 1254 609 excelsos
1284 555 1432 619 facit,
1463 554 1692 609 suscitat
1721 568 1749 605 a

196 658 296 702 terra
319 662 636 718 pauperem,
663 656 725 703 et
752 647 821 702 de
841 658 1088 703 stercore
1113 647 1278 716 erigit
1312 647 1554 717 inopem,
1584 656 1639 702 et
1666 661 1753 701 se-

194 739 285 795 dere
308 755 423 795 eum
454 739 591 796 iacit
634 756 763 796 cum
798 740 1112 811 potentibus
1143 740 1198 795 in
1229 740 1485 795 tribunali
1527 738 1752 795 b0noris

192 843 230 889 et
251 833 585 890 hereditatis.
636 834 739 889 Dat
771 846 956 889 votum
999 834 1232 906 optanti,
1264 842 1323 889 et
1354 832 1627 888 benedicit
1656 848 1755 885 an-

190 940 263 981 nos
288 927 435 995 justi.
461 926 604 995 Quid
629 925 756 992 boc,
786 927 885 989 ﬁli,
917 926 1361 998 prmcellentius?
1387 934 1484 981 aut
1511 926 1645 995 quid
1669 936 1754 982 est

190 1019 268 1074 rita
307 1019 537 1074 hominis
567 1019 621 1073 in
674 1019 777 1074 bac
806 1029 973 1085 terra,
1009 1030 1031 1058 ε
1065 1020 1170 1074 nisi
1213 1020 1351 1074 levis
1398 1019 1639 1075 cursor?
1669 1018 1751 1074 Eu

191 1115 523 1177 transivimus,
554 1125 612 1169 et
659 1114 795 1169 nihil
841 1114 1098 1169 vidimus.
1152 1117 1328 1185 Atque
1356 1114 1563 1169 utinam
1610 1113 1753 1170 hunc

186 1221 428 1263 cursorem
461 1206 604 1278 (Job.
635 1223 713 1271 ιι,
744 1208 838 1276 25)
868 1208 1246 1273 imitaremur;
1291 1216 1349 1262 ut
1377 1206 1511 1263 nihil
1541 1206 1753 1262 videre-

188 1313 306 1363 mus,
334 1309 387 1353 et
413 1300 559 1354 nulla
590 1315 759 1356 onera
788 1309 1133 1370 portaremus
1161 1302 1174 1356 l
1208 1300 1304 1355 sed
1331 1301 1477 1371 quod
1507 1311 1591 1357 est
1632 1316 1755 1371 gra-

190 1392 298 1457 tius,
345 1394 505 1466 282
545 1409 741 1449 cursus
778 1410 982 1449 vacuus
1005 1438 1020 1463 ,
1052 1402 1105 1450 et
1138 1410 1305 1450 onera
1335 1395 1536 1450 inania.
1567 1395 1751 1451 lnania

186 1496 285 1539 sunt
318 1487 556 1554 quidem,
603 1486 700 1543 sed
749 1502 854 1542 non
892 1488 1071 1554 levia,
1103 1501 1283 1558 neque
1318 1487 1502 1542 delicti
1541 1503 1749 1552 vacua;

188 1579 284 1645 quia
322 1593 485 1648 grave
516 1578 675 1634 lenus
705 1578 916 1650 peccati
959 1588 1064 1634 est.
1101 1579 1253 1635 Unde
1284 1579 1484 1634 clamat
1532 1590 1754 1636 sanctus

186 1669 297 1725 Job:
328 1670 513 1725 Nonne
536 1672 751 1726 tentatio
782 1683 854 1726 est
886 1673 989 1726 vita
1010 1671 1236 1726 hominis
1262 1673 1314 1724 in
1346 1682 1501 1737 terra,
1536 1681 1627 1727 aut
1648 1673 1752 1726 sic-

188 1772 230 1814 ut
251 1765 533 1817 mercenarii
562 1763 855 1834 quotidiani
884 1766 987 1819 rita
1020 1765 1170 1838 ejus?
1200 1763 1269 1818 Et
1296 1767 1430 1820 sicut
1460 1781 1635 1821 servus
1681 1768 1746 1819 ti-
1783 1780 1830 1841 Β

186 1872 298 1910 acus
320 1857 577 1911 dominum
599 1873 773 1923 suum,
806 1859 894 1928 qui
933 1858 1171 1912 umbram
1214 1859 1491 1925 invenerit,
1527 1869 1574 1913 et
1616 1860 1749 1913 sicut

188 1950 496 2004 mercenarius
525 1961 827 2021 exspectans
856 1951 1143 2006 mercedem
1172 1968 1319 2005 suam
1340 1970 1359 2017 ;
1384 1953 1458 2006 sic
1486 1968 1581 2021 ego
1603 1949 1629 1988 ίί
1661 1968 1751 2005 επ-

185 2049 372 2112 spectavi
405 2045 459 2098 in
488 2061 726 2108 uacuum,
759 2055 935 2100 noctes
973 2058 1148 2101 autem
1178 2047 1417 2101 dolorum
1456 2047 1593 2100 data’
1631 2054 1750 2099 sunt

188 2137 306 2191 mihi.
336 2138 393 2193 Si
421 2138 703 2203 dormiero,
739 2140 854 2192 dico
883 2155 902 2192 :
933 2137 1156 2204 Quando
1189 2140 1339 2193 dies?
1363 2137 1492 2193 Cum
1514 2153 1753 2192 surrexe-

187 2244 261 2295 ro,
283 2232 448 2285 iterum
477 2247 496 2286 :
530 2231 754 2298 Quando
782 2232 1009 2303 uesperi
1032 2230 1227 2286 Plenus
1254 2248 1365 2286 sum
1395 2232 1573 2285 dolore
1600 2247 1630 2283 a
1661 2245 1746 2283 ve~

188 2338 307 2389 apere
330 2341 477 2394 usque
504 2341 674 2377 mane.
715 2322 831 2377 Vita
852 2334 1021 2378 autem
1050 2341 1164 2379 mea
1193 2325 1349 2379 leuior
1367 2342 1521 2394 quam
1546 2323 1748 2393 favilla.

192 2411 325 2467 Periit
350 2426 510 2470 autem
540 2417 594 2470 in
634 2432 766 2470 vana
796 2433 886 2488 spe
931 2414 1054 2487 (Job
1098 2432 1202 2479 ιιι,
1242 2417 1262 2471 1
1309 2429 1358 2471 et
1401 2416 1554 2487 ηιμ).
1607 2415 1749 2470 Nihil

186 2505 319 2574 igitur
353 2518 431 2563 est
474 2508 657 2573 homo,
691 2509 794 2563 nisi
828 2520 905 2588 tu,
939 2509 1191 2573 Domine,
1217 2509 1465 2564 intendas
1514 2509 1568 2564 in
1599 2524 1744 2576 cum,

188 2607 230 2650 et
244 2598 582 2657 visitationem
601 2601 722 2671 ejus
748 2600 920 2656 facias
937 2618 1107 2673 usque
1136 2618 1315 2668 mane,
1343 2612 1397 2658 et
1428 2603 1479 2656 in
1504 2602 1748 2672 requiem

187 2704 288 2745 eum
313 2691 548 2749 inducas.
583 2695 768 2751 Arbor
811 2696 855 2749 si
884 2696 1184 2763 excidatur,
1217 2697 1533 2767 repullulat,
1566 2706 1621 2751 et
1646 2695 1751 2751 llo-

187 2794 257 2840 ret
277 2788 337 2841 ab
373 2803 523 2860 aqum
554 2789 762 2845 odore:
799 2788 961 2845 homo
981 2805 1105 2844 cum
1136 2791 1418 2856 ceciderit,
1461 2789 1599 2846 nihil
1639 2800 1748 2856 est,

193 2887 212 2914 ο
236 2880 467 2952 ingruunt
493 2899 661 2953 super
680 2900 804 2940 eum
834 2883 1073 2939 dolores.

249 2978 324 3032 l7.
360 2978 502 3034 Hauc
544 2980 717 3051 igitur
749 2981 1111 3035 tentationetn
1145 2987 1418 3035 tantarum
1451 2980 1752 3036 necessita-

195 3075 303 3135 tum,
328 3071 369 3124 si
397 3072 570 3139 vultis,
604 3071 735 3136 ﬁlii,
768 3072 966 3137 vitare,
994 3073 1289 3144 integritas
1313 3076 1560 3144 corporis
1584 3089 1752 3143 expe-

1854 458 1874 530 (
1888 459 2074 514 tlattlt.
2104 475 2223 525 ius,
2251 459 2470 530 10,11).
2496 460 2598 516 hoc
2615 469 2731 516 est:
2759 459 2876 515 Non
2902 462 3048 531 capit
3070 461 3175 517 hoc
3192 462 3465 519 condito-

1854 552 1939 606 nis
1970 553 2225 607 humanae
2252 552 2563 619 inﬁrmitas,
2596 561 2656 610 ut
2680 553 2938 610 omnibus
2962 562 3147 624 pateat
3176 573 3189 608 :
3221 557 3318 611 sed
3351 557 3461 612 illis

1851 644 1987 701 solis
2024 645 2187 700 facile
2218 657 2303 700 est
2334 645 2401 700 ad
2431 645 2783 714 capiendum,
2815 646 3015 715 quibus
3044 647 3228 702 divina
3262 648 3472 704 relulsit

1851 740 2055 809 gratia;
2088 748 2148 794 ut
2175 748 2423 796 castrare
2446 755 2507 795 se
2536 739 2774 811 possint,
2801 756 2910 811 quo
2935 755 3167 812 regnum
3195 741 3461 798 calorum

1854 832 2250 902 adipiscantur.

2465 924 2700 981 CAPUT
2741 925 2828 981 IV.

1855 1015 2183 1089 Integritatis
2210 1016 2462 1088 dignitate
2489 1019 2710 1073 strictim
2751 1018 3020 1089 proposita
3040 1060 3055 1087 ,
3087 1034 3204 1091 quc
3228 1020 3297 1074 ad
3327 1020 3467 1089 ﬁlios

1925 1126 1990 1164 ea:
2015 1110 2215 1176 nuptiis
2255 1112 2450 1164 damna
2487 1111 2723 1164 reditura
2753 1112 2855 1165 sint
2881 1153 2898 1178 ,
2929 1113 3195 1181 explicat;
3223 1124 3379 1182 utque
3402 1114 3471 1167 ad

1926 1219 1988 1257 ea
2025 1203 2276 1273 fugienda
2306 1203 2427 1256 illas
2468 1204 2682 1270 excitet,
2710 1203 2947 1267 Apostoli
2984 1205 3289 1258 sententiam
3316 1214 3468 1276 atque

1928 1298 2223 1366 exemplum
2251 1300 2303 1351 in
2326 1298 2551 1351 medium
2570 1297 2741 1364 aITert.
2773 1297 2912 1352 Hinc
2936 1299 3232 1353 memoratis
3262 1308 3310 1352 et
3333 1314 3464 1367 quas

1926 1392 1981 1444 in
2012 1390 2344 1444 matrimonio
2370 1391 2610 1459 pertulit,
2636 1399 2687 1445 et
2725 1407 2855 1460 quas
2897 1391 2952 1444 in
2980 1392 3231 1445 viduitate
3262 1406 3469 1462 perpes-

1926 1502 2051 1539 sura
2104 1497 2178 1538 est
2230 1485 2452 1537 miseriis
2482 1523 2499 1550 ,
2557 1485 2777 1553 agirmat
2824 1486 2979 1554 fore,
3030 1494 3087 1539 ut
3136 1484 3247 1539 illa:
3295 1500 3469 1539 omnes

1927 1592 2109 1632 earum
2133 1577 2432 1646 virginitate
2460 1587 2793 1647 reparentur,
2821 1594 2912 1632 nec
2942 1578 3059 1648 ipsa
3089 1579 3304 1647 posthac
3334 1593 3468 1647 prm-

1927 1674 2063 1727 sidio
2085 1673 2196 1726 ullo
2224 1672 2475 1743 indigeat.

1930 1766 2019 1821 19.
2062 1764 2330 1829 Audistis,
2363 1763 2501 1828 ﬁlii,
2535 1772 2797 1833 quantum
2830 1764 2906 1819 sit
2932 1763 3214 1834 praemium
3248 1763 3472 1834 integri-

1854 1860 2001 1915 talis.
2037 1859 2283 1929 Regnum
2328 1857 2665 1929 acquiritur,
2695 1867 2749 1912 et
2786 1872 3013 1927 regnum
3047 1857 3211 1929 383
3251 1856 3476 1912 caeleste

1850 1954 2021 2008 vitam
2068 1951 2397 2022 angelorum
2433 1950 2683 2004 exhibet.
2736 1949 2850 2004 lloc
2881 1950 3040 2005 vobis
3079 1951 3323 2014 suadeo,
3369 1962 3478 2020 quo

1850 2046 1987 2102 nihil
2023 2046 2340 2116 pulchrius;
2395 2054 2453 2100 ut
2503 2044 2650 2100 inter
2682 2044 2934 2100 homines
2963 2045 3140 2115 angeli
3181 2044 3304 2100 sitis
3327 2082 3344 2111 ,
3383 2045 3476 2114 qui

1854 2140 2001 2193 nulla
2032 2139 2133 2193 sibi
2167 2139 2403 2208 ligantur
2435 2138 2666 2207 nuptiali
2697 2137 2894 2206 copula
2924 2136 3147 2209 (Matth.
3174 2153 3319 2203 uti,
3352 2136 3471 2205 30).

1850 2234 2120 2301 Quoniam
2146 2249 2267 2302 qua:
2290 2247 2394 2286 non
2426 2232 2661 2298 nubunt,
2684 2241 2742 2287 et
2768 2233 2860 2302 qui
2887 2247 3088 2287 uxores
3110 2248 3217 2286 non
3240 2230 3472 2297 ducunt,

1851 2331 1994 2383 sicut
2025 2328 2202 2398 angeli
2234 2328 2288 2381 in
2321 2325 2489 2381 terris
2535 2334 2664 2379 sunt
2691 2342 2706 2390 ;
2741 2336 2800 2379 ut
2839 2324 3260 2380 tribulationem
3293 2327 3477 2379 carnis

1853 2436 1960 2475 non
1986 2420 2241 2485 sentiant,
2270 2418 2591 2475 servitutem
2623 2418 2905 2487 ignorent,
2934 2433 2965 2471 a
2991 2417 3283 2472 mandante
3311 2417 3469 2486 cogi-

1852 2513 2076 2567 tationis
2134 2512 2461 2567 ableventnr
2503 2511 2778 2579 contagio,
2834 2508 3037 2565 divinis
3094 2510 3260 2565 rebus
3316 2524 3470 2565 men-

1853 2615 1962 2663 tent
2016 2605 2349 2672 intendant;
2422 2614 2479 2660 ut
2537 2614 2815 2675 tamquam
2867 2604 3015 2660 exuti
3071 2604 3321 2674 corporis
3383 2605 3468 2659 in-

1854 2701 2153 2767 ﬁrmitate,
2194 2716 2303 2757 non
2343 2716 2465 2771 quae
2515 2699 2759 2756 hominis
2811 2707 2974 2767 sunt,
3024 2698 3120 2755 sed
3160 2714 3283 2770 quae
3328 2699 3466 2765 Dei,

1853 2797 2115 2865 cogitent.

1925 2888 2015 2943 20.
2057 2886 2441 2953 Considerate,
2462 2886 2610 2950 ﬁliae,
2646 2888 2692 2942 si
2726 2886 2912 2943 velitis
2942 2885 3175 2952 nubere,
3204 2892 3468 2956 quantum

1856 2982 2010 3037 vobis
2038 2982 2207 3046 desit,
2251 2981 2450 3051 quibus
2500 2990 2653 3050 pater
2696 2979 2874 3035 deest.
2911 2978 3077 3034 Deest
3122 2978 3305 3047 Opima
3332 2976 3468 3041 dos;

1856 3074 2000 3145 quod
2052 3075 2228 3143 ipsum
2282 3084 2461 3129 tamen
2505 3075 2549 3128 si
2592 3073 2920 3140 abundaret,
2971 3071 3232 3128 emeretis
3273 3087 3471 3143 magno

192 3163 327 3216 leads
345 3165 484 3220 vobis
513 3176 594 3221 est
640 3166 762 3237 (52,
791 3183 843 3237 q.
897 3168 952 3231 l,
991 3182 1039 3222 c.
1076 3165 1381 3238 lntegritas)
1408 3187 1420 3222 :
1453 3181 1614 3238 quam
1646 3182 1751 3237 ego
1777 3166 1819 3229 C
1857 3170 2034 3238 pretio
2066 3169 2405 3224 servitutem.
2433 3168 2587 3225 Nunc
2614 3184 2748 3224 vero
2773 3169 2895 3239 quis
2933 3184 3041 3224 non
3081 3168 3346 3237 despiciet
3376 3168 3473 3224 de-

194 3266 276 3320 pro
326 3258 537 3314 consilio
588 3258 828 3324 suadeo,
890 3273 998 3314 non
1051 3273 1151 3329 pro
1198 3259 1429 3328 imperio
1471 3260 1752 3329 prtecipio.

200 3342 344 3403 ‘Sola
360 3360 436 3405 est
450 3352 590 3409 enim
616 3352 903 3422 virginitas
921 3367 1039 3421 quze
1060 3353 1274 3408 suaderi
1296 3361 1500 3423 potest,
1522 3354 1756 3424 impera-

194 3440 231 3494 ri
257 3457 350 3497 non
386 3456 575 3516 potest.
623 3446 735 3501 Res
777 3446 952 3517 magis
983 3446 1096 3501 voti
1141 3457 1249 3513 est,
1279 3464 1440 3518 quam
1470 3451 1757 3518 prtecepti.

194 3530 325 3597 Quod
352 3539 692 3608 enimgratiae
713 3549 816 3607 est,
849 3555 957 3594 non
982 3539 1226 3609 jubetur,
1250 3540 1345 3595 sed
1369 3541 1715 3597 desideratur
1738 3558 1753 3597 :

195 3623 549 3700 electionisque
578 3631 755 3702 magis
801 3644 909 3695 est,
959 3647 1121 3701 quam
1171 3632 1472 3687 servitutis.
1505 3632 1662 3689 Unde
1705 3644 1760 3689 et

197 3714 459 3784 Apostolus
496 3723 631 3779 dicit
668 3742 681 3777 :
736 3722 817 3779 De
852 3724 1136 3795 virginibus
1180 3734 1494 3793 promptum
1550 3725 1759 3780 Domini

200 3825 288 3865 non
312 3815 488 3883 habeo,
517 3820 794 3873 consilium
834 3828 1006 3872 autem
1035 3820 1121 3884 do,
1157 3829 1419 3890 tamquam
1473 3820 1761 3875 misericor-

202 3902 321 3957 diam
362 3921 648 3965 consecutus
697 3928 730 3964 a
772 3910 997 3965 Domino
1027 3910 1073 3984 (Ι
1116 3908 1239 3965 Cor.
1274 3928 1368 3979 vn,
1417 3912 1532 3985 ‘25).
1592 3913 1765 3983 Lege-

203 4008 274 4051 rat
310 4005 442 4058 enim
477 4006 678 4062 dixisse
710 4006 999 4061 Dominum
1030 4006 1404 4074 spadooibus:
1441 4007 1766 4077 Quicumque

204 4096 500 4153 custodierint
525 4109 783 4173 prteceptu
816 4117 946 4166 mea,
980 4109 1029 4154 ct
1053 4101 1299 4170 elegerint
1338 4117 1455 4171 qua:
1492 4117 1587 4173 ego
1623 4100 1763 4166 volo,

205 4194 244 4236 ει
268 4192 605 4260 amplectentur
636 4203 992 4250 testamentum
1019 4210 1229 4259 meum;
1259 4195 1392 4249 dabo
1433 4195 1544 4249 illis
1582 4196 1637 4249 in
1667 4195 1765 4249 do-

206 4291 278 4330 ιιιο
306 4297 425 4349 mea,
453 4295 499 4340 et
526 4287 578 4339 in
609 4303 760 4341 muro
787 4302 900 4341 meo
920 4286 1094 4340 locum
1117 4288 1469 4351 nominatum,
1504 4288 1767 4342 meliorem

206 4368 405 4436 ﬁliorum
427 4388 470 4432 et
491 4380 723 4450 ﬁliarum
741 4396 760 4434 :
793 4396 975 4434 nomen
998 4388 1242 4434 retentum
1270 4380 1403 4434 dabo
1429 4381 1559 4445 illis,
1590 4389 1636 4434 et
1665 4397 1768 4435 non

208 4460 603 4543 dtﬁCieuMEsai.
639 4487 749 4537 LVI,
782 4472 838 4537 4,
874 4471 949 4544 5).
994 4472 1272 4528 Meliorem
1294 4514 1309 4537 ,
1341 4473 1511 4543 inquit
1537 4515 1551 4537 ,
1586 4473 1766 4528 locum

1858 3266 2076 3318 stitutus
2104 3264 2295 3332 patre?
2319 3277 2428 3333 quo
2453 3262 2816 3333 contugietis'l
2841 3262 2983 3318 unde
3006 3262 3263 3318 auxilium
3289 3271 3474 3332 postn-

1859 3355 2038 3410 labitis
2083 3356 2345 3411 adversus
2395 3357 2635 3411 virorum
2690 3354 2958 3425 injurias?
3004 3365 3205 3425 quanta
3237 3355 3291 3410 in
3343 3355 3477 3425 ipsis

1858 3447 2123 3518 coniugiis
2160 3447 2503 3502 incommoda
2536 3448 2696 3502 sunt!
2731 3463 2892 3518 quam
2923 3462 3118 3518 graves
3149 3447 3473 3518 plerumque

1859 3540 2242 3596 contumeliae!
2283 3551 2486 3611 quanta
2520 3540 2733 3595 vincula
2764 3543 2777 3595 ε

1930 3633 2021 3689 Ξ1.
2065 3632 2246 3687 Primo
2290 3635 2466 3702 ipsum
2520 3634 2834 3703 conjugium
2888 3633 3167 3688 vinculum
3212 3641 3317 3696 est,
3362 3646 3473 3698 quo

1862 3729 2117 3797 alligatur
2146 3728 2264 3782 viro
2312 3736 2504 3796 nupta,
2532 3728 2662 3783 etei
2696 3728 2748 3780 in
2781 3727 3178 3796 subiectionem
3211 3724 3473 3794 astringi-

1865 3833 1972 3876 tur.
2008 3821 2214 3875 Bonum
2245 3821 2471 3891 quidem
2503 3820 2789 3874 charitatis
2814 3819 3090 3873 vinculum
3132 3827 3239 3885 est,
3270 3817 3364 3871 sed
3398 3827 3476 3872 ta—

1868 3930 1989 3968 men
2038 3913 2340 3978 vinculum,
2387 3912 2454 3967 do
2481 3929 2588 3981 quo
2619 3928 2742 3965 cum
2794 3910 2925 3964 velit
2970 3924 3031 3966 se
3057 3925 3257 3966 exuere
3284 3918 3473 3979 nupta,

1866 4022 1970 4061 non
2022 4004 2213 4074 possit,
2250 4018 2349 4059 nec
2382 4003 2612 4059 liberum
2658 4003 2739 4057 sui
2783 4002 2986 4057 habere
3016 4001 3325 4059 arbitrium.
3368 4004 3474 4059 De-

1867 4100 2029 4170 nique
2058 4098 2352 4169 Apostolus
2382 4098 2512 4153 dicit
2539 4115 2552 4152 :
2591 4096 2784 4151 Mulier
2804 4097 2885 4150 sui
2911 4098 3147 4166 corporis
3172 4106 3474 4167 potestatem

1869 4212 1969 4249 non
2011 4195 2183 4260 habet,
2217 4194 2307 4248 sed
2343 4194 2419 4247 vir
2461 4192 2479 4264 (
2509 4191 2531 4246 Ι
2563 4192 2684 4247 Cor.
2720 4207 2816 4255 vn,
2857 4191 2892 4246 4
2917 4191 2957 4262 ).
3000 4190 3069 4245 Et
3103 4189 3233 4261 quid
3274 4190 3472 4247 mirum

1872 4290 1939 4344 de
1970 4288 2234 4354 muliere;
2266 4286 2707 4357 quandoquidem
2738 4293 2794 4340 et
2816 4284 2899 4340 vir
2915 4283 2997 4339 sui
3018 4284 3264 4353 corporis
3292 4289 3475 4352 potes-

1874 4392 2042 4439 tatem
2066 4398 2172 4437 non
2199 4382 2381 4447 habet,
2413 4380 2507 4437 sed
2540 4378 2775 4436 mulier?
2802 4378 2859 4435 Si
2901 4379 2992 4449 qui
3019 4378 3210 4434 fortior
3239 4383 3341 4441 est,
3378 4390 3473 4445 po-

1875 4485 2127 4534 testatem
2159 4477 2240 4532 sui
2287 4492 2395 4531 non
2427 4474 2613 4541 habet,
2642 4474 2669 4511 ιι
2692 4482 2895 4546 quanto
2936 4473 3118 4528 minus
3164 4469 3467 4526 inﬁrmior!

209 4559 344 4614 vobis
370 4564 519 4633 dabo,
549 4568 890 4638 spadonibus
921 4569 1084 4632 dicit;
1122 4570 1204 4621 bis
1233 4568 1508 4634 videlicet,
1539 4579 1563 4617 s
1594 4571 1683 4640 qui
1710 4586 1768 4625 se
1798 4555 1844 4615 Ι)
1874 4571 1988 4625 Non
2020 4586 2148 4641 ergo
2178 4571 2414 4625 absolvit
2441 4570 2725 4625 mulierem
2754 4570 3062 4624 communis
3087 4564 3343 4629 servitus,
3376 4562 3471 4619 sed

208 4662 389 4713 resecta
415 4662 632 4730 genitali
662 4671 817 4734 parte
834 4662 1193 4717 absciderint.
1217 4662 1321 4731 Ipsi
1353 4672 1480 4717 sunt
1510 4679 1643 4733 ergo
1672 4664 1765 4734 qui

207 4738 382 4805 habent
405 4754 452 4807 in
472 4756 608 4811 ctelo
640 4756 862 4826 praemia
888 4757 1102 4809 cwteris
1126 4756 1524 4825 praestantiora.

268 4839 346 4895 18.
384 4844 483 4901 llos
512 4848 561 4903 in
593 4848 894 4919 Evangelia
922 4863 1021 4903 suo
1054 4848 1312 4917 praedicat
1345 4850 1435 4903 Dei
1468 4848 1658 4915 Filius,
1684 4849 1764 4903 di-

202 4934 422 4992 centibus
454 4940 594 4995 enim
635 4940 916 5008 Apostolis
944 4959 955 4993 :
1002 4940 1138 5007 Quia
1173 4942 1219 4994 si
1252 4940 1322 4994 ita
1353 4950 1426 4993 est
1457 4958 1616 4995 causa
1647 4942 1766 5007 viri,

200 5033 251 5075 ut
278 5042 370 5082 non
397 5032 537 5088 liceat
566 5035 643 5088 illi
683 5050 899 5090 uxorem
927 5033 1219 5098 dimittere,
1248 5034 1348 5086 nisi
1376 5050 1438 5087 ea:
1471 5034 1584 5088 sola
1614 5050 1771 5088 causa

201 5113 543 5193 fornicationis,
568 5144 670 5183 non
688 5127 894 5198 expedit
918 5126 1141 5193 nubere;
1164 5127 1450 5196 respondit
1471 5127 1734 5182 Dominus
1758 5144 1770 5181 :

266 5289 289 5358 ξ
319 5282 491 5358 Plures
518 5303 674 5353 mss.,
705 5287 846 5353 quod
871 5287 1190 5358 diligendum
1222 5296 1390 5356 putes.

263 5349 290 5389 ⁵
322 5353 442 5431 ριες.
469 5361 604 5415 bene
643 5349 825 5427 multi,
854 5349 1053 5431 pauper
1080 5369 1178 5424 est,
1207 5349 1254 5412 et
1282 5360 1466 5412 divites
1493 5358 1703 5413 Immitis
1731 5365 1777 5411 et

198 5426 408 5480 excelsos
433 5430 569 5498 facit.

269 5506 291 5533 ο
325 5498 456 5571 Edit.
482 5509 569 5556 vet
622 5516 687 5557 ac
718 5516 850 5556 mss.
886 5510 941 5554 nt
974 5502 1026 5553 in
1052 5508 1227 5567 textu,
1258 5501 1365 5555 nisi
1390 5502 1533 5571 quod
1566 5502 1620 5555 in
1647 5518 1780 5558 mss.

194 5570 456 5640 nonnullis
500 5574 730 5628 habetur
769 5574 932 5627 levior
957 5588 1178 5640 cursor;
1220 5581 1275 5627 at
1317 5570 1475 5626 Rom.
1506 5573 1645 5639 edit,
1688 5575 1788 5628 nisi

195 5639 354 5691 lenior
379 5646 616 5699 cursore?
648 5643 989 5700 Transierunt
1015 5655 1059 5697 et
1092 5644 1225 5697 nihil
1253 5645 1507 5697 viderunt.

281 5707 309 5746 ἀ
342 5710 485 5769 llum.
516 5717 656 5789 edit.
681 5719 818 5782 sola,
845 5717 1135 5789 exspectavi
1166 5732 1364 5789 menses
1388 5732 1594 5789 vacuos,
1629 5716 1789 5771 nimi-

212 5796 335 5837 rum
363 5798 419 5841 se
458 5796 513 5840 ιιι
542 5786 836 5859 Scriptura:
877 5786 1047 5845 textui
1090 5802 1153 5842 ac
1204 5786 1553 5842 versionibus
1582 5801 1795 5844 necom.

1871 4666 2089 4735 gravius
2105 4664 2383 4733 astringit.

1944 4756 2035 4811 9‘2.
2072 4756 2263 4810 Videte
2292 4756 2473 4824 itaque
2498 4754 2627 4824 quid
2658 4752 2920 4821 scriptura
2956 4749 3138 4814 dicat,
3169 4747 3298 4819 quid
3331 4747 3478 4817 Apo-

1875 4848 2046 4903 stolus
2086 4847 2333 4915 suadeat.
2367 4845 2499 4913 Quis
2535 4846 2689 4901 vobis
2718 4851 2900 4914 potest
2950 4842 3147 4898 melius
3191 4840 3478 4895 consilium

1876 4942 2029 5005 dare,
2062 4956 2223 5010 quam
2258 4940 2348 4994 ille
2378 4954 2470 4992 vas
2517 4939 2812 4993 Dominicac
2857 4936 3181 4992 electionis?
3211 4934 3349 5003 Quid
3382 4934 3483 5005 igi—

1878 5042 1968 5087 tur
1998 5033 2146 5087 dicat
2169 5032 2433 5101 oercipile
2465 5030 2729 5117 auribus:
2764 5029 2779 5066 ί
2821 5029 2952 5084 Volo
2991 5038 3162 5084 autem
3185 5044 3358 5084 attines
3384 5030 3480 5082 lto-

1882 5128 2043 5182 mines
2075 5127 2148 5182 sic
2176 5142 2284 5181 esse
2313 5125 2445 5179 sicut
2471 5136 2521 5180 et
2552 5141 2631 5178 me
2661 5125 2834 5194 ipsum
2862 5121 3009 5195 (Cor.
3034 5138 3128 5190 vn,
3158 5122 3253 5189 7).
3285 5121 3353 5175 Et
3380 5120 3485 5176 ite-

1881 5287 2149 5353 modarct,
2200 5286 2254 5341 in
2304 5284 2501 5356 quibus
2541 5284 2822 5350 omnibus,
2868 5298 3064 5338 menses
3128 5297 3316 5338 uacuos
3387 5289 3479 5337 aut

1887 5375 2082 5413 menses
2108 5360 2369 5412 vanitatis.

1961 5440 1984 5469 ε
2019 5432 2155 5486 Mss.
2184 5446 2291 5484 non
2324 5429 2501 5497 pauci,
2530 5429 2583 5481 in
2611 5443 2774 5482 terum
2800 5443 2954 5499 super
2979 5442 3093 5499 eum
3117 5426 3340 5480 dolores.

1963 5500 1983 5540 ί
2015 5502 2071 5557 id
2103 5511 2205 5565 cst,
2239 5503 2414 5555 solum
2449 5499 2664 5553 suaderi
2711 5498 2908 5567 potest,
2941 5498 3043 5552 nisi
3093 5507 3272 5553 tamen
3303 5503 3489 5549 votum

1889 5575 2213 5629 intercedat.

1969 5656 1993 5691 κ
2029 5646 2161 5698 Vide
2186 5644 2285 5697 lib.
2316 5643 2378 5695 de
2407 5641 2613 5702 l’iduis,
2642 5655 2765 5708 cap.
2799 5642 2885 5706 l5,
2912 5655 3062 5695 num.
3093 5639 3181 5695 76.

1972 5714 1997 5753 ιι
2026 5716 2277 5782 Plerique
2300 5728 2453 5778 mss.,
2484 5714 2691 5782 quando
2713 5712 2985 5781 inﬁnitior.

1981 5788 1994 5823 ί
2040 5787 2113 5841 Ita
2143 5795 2252 5839 vet.
2288 5785 2419 5839 edit.
2456 5784 2746 5854 cunctique
2776 5796 2905 5840 mss.
2957 5784 3011 5839 in
3060 5798 3168 5855 quo
3195 5796 3319 5838 cum
3352 5788 3501 5835 textu
