3974 6186
463 260 567 318 5ίῦ

460 471 506 525 si
524 470 1004 541 sicpermanserint,
1024 472 1157 526 sicut
1174 483 1219 526 et
1232 489 1325 545 ego
1343 473 1630 547 (lbid.,8).
1657 475 1793 530 Volo
1824 487 1920 527 vos
1938 474 2062 528 imi-

460 565 682 618 tatrices
702 577 824 617 esse
845 566 977 617 tanti
1006 562 1278 633 Apostoli,
1303 578 1360 620 ut
1391 570 1557 620 vitam
1583 570 1706 637 ejus
1728 567 2058 638 sequamini,

460 660 549 727 qui
571 656 805 728 conjugii
823 658 1101 713 vinculum
1121 659 1345 731 refugit,
1370 671 1431 716 ut
1456 662 1667 717 vinctus
1686 672 1831 718 esset
1854 660 2060 716 Christi

458 748 608 803 Jesu.
642 748 757 804 Non
780 751 1047 820 potuisset
1068 751 1134 805 ad
1168 764 1371 807 tantam
1395 754 1729 823 apostolatus
1758 756 1840 809 sui
1873 769 2063 822 perve-

455 846 579 901 nire
598 845 851 916 gratiam,
875 846 919 899 si
947 845 1135 901 fuisset
1154 847 1408 917 alligatus
1423 848 1654 918 conjugii
1678 848 2056 904 contubernio.

530 938 624 994 25.
665 938 820 1007 Quod
869 938 915 993 si
958 940 1048 993 ille
1078 942 1165 1008 qtti
1207 952 1260 995 et
1288 941 1537 996 doctrina
1578 941 2061 1011 pra-stantissiinns

458 1046 600 1098 erat,
644 1043 700 1089 et
729 1042 935 1087 tantum
978 1033 1183 1090 Christi
1243 1035 1445 1091 donum
1496 1036 1752 1104 habebat,
1802 1037 2064 1107 judicavit

458 1129 596 1183 tanti
627 1131 888 1184 momenti
912 1144 1056 1193 esse,
1088 1131 1132 1183 si
1161 1130 1465 1186 abstineret
1491 1131 1559 1187 ab
1583 1148 1680 1185 usu
1701 1131 1911 1201 copulae
1932 1146 2063 1185 cou-

453 1221 653 1290 jugalis
681 1237 693 1274 :
729 1231 783 1276 ct
806 1220 927 1276 ideo
956 1222 1035 1276 sic
1057 1225 1279 1288 mansit,
1312 1240 1380 1279 ne
1412 1223 1704 1294 plurimum
1726 1239 1826 1279 suo
1851 1224 2060 1279 muneri

453 1314 873 1383 discerperetur;
925 1316 1070 1385 quod
1106 1332 1285 1387 neque
1325 1319 1559 1373 orationi
1606 1333 1802 1373 vacare
1843 1334 2062 1388 semper

460 1407 675 1476 liceret,
711 1423 890 1479 neque
936 1424 1156 1481 semper
1198 1410 1397 1466 divinis
1446 1411 1731 1467 intendere
1770 1411 2059 1478 mandatis,

458 1518 618 1573 quem
650 1504 889 1573 conjugii
921 1519 1048 1559 cura
1082 1514 1388 1568 revocaret,
1415 1516 1471 1561 ut
1496 1506 1712 1576 placere
1740 1505 1899 1561 uxori
1916 1516 2063 1562 esset

458 1611 721 1651 necesse:
745 1596 871 1666 quid
897 1598 1081 1665 utique
1108 1612 1206 1652 vos
1230 1598 1435 1669 eligere
1456 1608 1692 1666 oportet,
1725 1601 1922 1668 quibus
1943 1599 2060 1655 sola

457 1687 740 1758 virginitas
801 1699 982 1756 potest
1034 1690 1339 1745 libertatein
1401 1691 1567 1756 dare;
1626 1692 1882 1761 quoniam
1938 1708 2060 1763 qua:

1791 262 2041 324 SANCTI
2078 257 2401 317 AMBROSI!

464 394 583 435 rum
630 378 761 435 dicit
791 379 859 435 de
907 393 1014 435 non
1046 380 1229 452 nuptis
1257 391 1313 437 et
1339 381 1516 437 viduis
1551 400 1563 436 :
1596 382 1802 438 Bonum
1828 390 1904 436 est
1932 380 2059 447 illis,
2091 377 2146 439 Δ

3664 255 3769 314 541»

2791 376 3025 434 CAPUT
3064 377 3129 435 γ.

2177 466 2468 541 Virginibus
2496 470 2550 523 in
2595 480 2811 537 utroque
2858 470 3045 542 [aedere
3066 470 3293 540 palmam
3324 468 3549 541 publius
3588 469 3767 524 salutis

2236 563 2557 630 attributam,
2602 563 2871 633 variasque
2915 564 3251 635 mysticorum
3285 563 3544 634 virginum
3591 562 3768 617 laudes

2235 657 2514 711 celebratas
2534 672 2552 711 :
2574 657 2794 726 itemque
2820 658 3142 729 designatum
3168 657 3301 710 horti
3329 673 3391 708 ac
3415 657 3579 710 vincte
3598 654 3770 729 ﬁgura

2235 749 2601 820 virginitatem,
2636 766 2735 803 non
2762 766 2907 804 secus
2933 765 2995 802 ac
3035 749 3235 804 olerum
3264 758 3387 819 typo
3425 748 3730 820 conjugium
3748 763 3770 814 ;

2236 845 2371 897 unde
2400 843 2539 913 ﬁlios
2555 843 2818 909 admonet,
2848 854 2901 897 ut
2923 844 3125 916 rejectis
3147 842 3321 896 Achab
3346 852 3393 895 et
3422 840 3638 896 Iezabel
3663 857 3775 912 spt-

2234 937 2497 1000 ritulibus,
2525 954 2700 992 verum
2727 937 2876 992 illum
2904 937 3115 992 Naboth
3143 937 3524 1005 amplectantur
3555 953 3651 1008 pro
3676 952 3771 989 no-

2234 1030 2313 1084 bis
2341 1038 2639 1084 accusawm
2689 1043 2844 1099 atque
2892 1031 3138 1084 occisum.
3191 1028 3533 1095 Quamobrem
3574 1027 3772 1082 vertisse

2237 1124 2517 1195 prtrdictus
2544 1124 2611 1179 sit
2651 1140 2808 1197 super
2838 1124 3019 1178 nubem
3056 1125 3244 1190 levem,
3273 1133 3320 1178 et
3347 1139 3439 1177 cur
3475 1124 3635 1177 etiam
3657 1137 3774 1176 ma-

2237 1228 2361 1272 trem
2387 1235 2533 1271 suum
2562 1215 2759 1272 Joanni
2806 1217 3280 1273 commendaverit?
3334 1216 3606 1283 Quomodo
3656 1225 3773 1270 tan-

2236 1311 2352 1365 dem
2379 1311 2462 1365 hic
2487 1312 2575 1381 qui
2603 1320 2659 1365 ut
2705 1311 2955 1381 mysticus
2995 1309 3118 1365 Levi
3148 1308 3280 1365 nihil
3307 1308 3547 1377 habebat,
3580 1308 3774 1381 legitur

2236 1422 2346 1460 eam
2372 1407 2629 1476 accepisse
2657 1406 2711 1459 in
2740 1422 2832 1459 sua
2849 1406 2875 1459 ?
3221 1473 3237 1487 ο

2233 1499 2321 1555 28.
2385 1499 2581 1555 Multas
2635 1498 2865 1555 feminas
2916 1499 3200 1571 Scriptura
3240 1498 3420 1555 divina
3473 1500 3531 1555 in
3589 1499 3771 1557 lucem

2165 1594 2364 1659 evexit,
2399 1594 2633 1665 palmam
2671 1604 2849 1649 tamen
2888 1594 3115 1665 pnblicm
3160 1595 3351 1650 salutis
3378 1595 3513 1651 solis
3542 1595 3774 1666 virgini—

2165 1687 2269 1742 bus
2292 1688 2461 1745 dedit.
2493 1686 2554 1742 lu
2587 1687 2756 1743 veteri
2785 1687 3137 1744 Testamento
3171 1698 3314 1744 terra
3356 1704 3421 1743 ac
3449 1689 3591 1743 mari
3618 1690 3777 1745 clau-

461 1780 710 1849 nupserit
735 1781 801 1835 ad
825 1782 1145 1836 servitutem
1170 1784 1397 1851 pecunia
1421 1798 1515 1838 sua
1546 1784 1831 1839 venditur?
1852 1785 2058 1840 Meliori
2091 1772 2137 1832 Β
2167 1794 2285 1834 sum
2336 1780 2685 1835 chrmnrum
2732 1782 2985 1851 populum
3034 1780 3188 1852 virgo
3239 1798 3335 1851 per
3387 1782 3558 1836 maria
3603 1782 3777 1853 pedes

458 1872 773 1928 conditione
814 1874 1085 1945 mancipia
1122 1890 1284 1945 quam
1330 1876 1580 1948 conjugia
1625 1890 2057 1946 comparantur:

456 1967 509 2021 in
544 1966 651 2020 illis
683 1966 935 2022 meritum
960 1969 1160 2023 emitur
1180 1969 1478 2035 servitutis,
1510 1969 1566 2024 in
1588 1970 1709 2025 istis
1739 1971 1971 2040 pretium
1992 1971 2059 2026 ad

456 2058 775 2115 servitutem
831 2060 1067 2115 additur.
1128 2059 1301 2131 Nupta
1348 2062 1557 2117 venalis
1605 2077 1740 2116 auro
1779 2070 2059 2132 gravatur,

457 2168 593 2208 auro
620 2156 944 2210 aestimatur.

526 2244 692 2319 284
727 2245 817 2301 24.
864 2248 1095 2318 Experta
1119 2262 1263 2311 sum,
1290 2247 1405 2314 filii,
1429 2248 1648 2304 labores
1669 2248 1901 2320 cepulze,
1932 2263 2060 2303 con~

456 2339 588 2411 jtlgti
621 2341 995 2411 tndignitates,
1052 2350 1106 2396 et
1127 2341 1227 2395 sub
1269 2342 1413 2397 bono
1455 2340 1707 2412 cenjuge,
1741 2356 1841 2397 nec
1880 2351 2060 2397 tamen

455 2436 557 2490 sub
582 2435 729 2493 bono
772 2438 967 2491 tnarito
1000 2436 1170 2492 libera
1201 2433 1274 2490 ftti
1305 2453 1318 2489 :
1352 2436 1657 2491 servieham
1687 2437 1827 2502 viro,
1893 2445 1947 2491 et
1985 2436 2064 2490 la-

455 2531 715 2586 borabam
748 2542 807 2585 ut
831 2532 1126 2601 placerem.
1159 2530 1451 2585 Miseratus
1479 2539 1565 2584 est
1592 2530 1874 2595 Dominus,
1906 2541 1962 2585 et
1983 2529 2062 2584 fe-

455 2626 527 2680 cit
556 2636 581 2661 δί
611 2626 804 2679 altaris
834 2624 1166 2688 ministrum,
1200 2624 1570 2691 centinuoque
1599 2633 1655 2677 et
1677 2621 1811 2676 milti
1833 2629 1889 2676 et
1908 2621 2062 2677 vobis

456 2726 646 2786 raptus
674 2726 759 2771 est
786 2735 798 2768 :
833 2725 890 2771 et
921 2716 1175 2781 fortasse,
1207 2716 1502 2770 miserante
1534 2716 1786 2781 Domino,
1815 2730 1882 2770 ne
1911 2714 2060 2771 dice—

457 2815 606 2862 retur
639 2808 887 2861 maritus.

528 2899 622 2955 25.
654 2898 887 2965 Videtis,
926 2898 1043 2962 lilii,
1070 2900 1374 2969 longaevam
1407 2908 1638 2955 matrem
1671 2899 1973 2968 doloribus,
2006 2910 2061 2957 et

453 2991 631 3046 adhuc
681 2988 707 3028 ι)
756 2992 1098 3045 immaturam
1150 2992 1430 3047 viduitatis
1476 2991 1789 3061 stipendiis.
1850 2993 2062 3049 Videtis

456 3085 713 3138 amissum
776 3098 940 3138 omne
1002 3084 1318 3155 prmsidiutn
1380 3096 1437 3141 et
1485 3095 1890 3141 ornamentum.
1946 3087 2058 3144 Nec

2166 1873 2357 1944 dnxit(
2375 1871 2550 1928 Exod.
2577 1889 2664 1938 xv,
2693 1872 2795 1945 20)
2830 1893 2841 1927 :
2872 1874 2924 1928 in
2951 1873 3248 1944 Evangelio
3274 1883 3551 1930 auctorem
3582 1874 3777 1931 mundi

2165 1977 2219 2021 et
2243 1966 2639 2036 redemptorem
2684 1967 2841 2037 virgo
2864 1968 3141 2039 generavit
3169 1968 3339 2040 (Luc.
3374 1984 3413 2031 ι.
3443 1968 3576 2039 27).
3607 1968 3776 2039 Virgo

2164 2069 2247 2113 est
2270 2059 2510 2114 Ecclesia
2553 2058 2635 2131 (ll
2665 2056 2787 2114 Cor.
2815 2075 2891 2125 xl,
2911 2059 2949 2114 2
2971 2059 3015 2131 ),
3046 2076 3206 2131 quam
3232 2061 3440 2117 studuit
3466 2063 3776 2133 Apostolus

2163 2154 2427 2224 virginem
2457 2161 2662 2210 castam
2709 2155 2989 2225 assignare
3029 2153 3249 2212 Christo
3286 2175 3300 2213 :
3332 2158 3484 2228 virgo
3531 2166 3618 2213 est
3660 2158 3774 2216 lilia

2163 2248 2292 2306 Sion
2313 2247 2484 2318 (Esai.
2519 2265 2735 2313 xxxvii,
2764 2249 2837 2302 2‘2
2857 2251 2914 2322 );
2946 2251 3099 2318 virgo
3118 2260 3203 2307 est
3226 2250 3417 2307 civitas
3447 2252 3536 2307 illa
3571 2251 3773 2308 llieru-

2165 2344 2334 2398 salem
2381 2342 2585 2414 (Apoc.
2620 2341 2867 2414 xst,2'l)
2918 2344 3080 2417 285
3122 2360 3241 2414 qum
3269 2343 3324 2398 in
3370 2344 3512 2400 coelo
3560 2355 3667 2413 est,
3715 2347 3775 2402 in

2165 2453 2326 2509 quam
2353 2438 2485 2491 nihil
2512 2452 2802 2492 commune
2825 2437 2990 2491 intrat
3017 2448 3180 2506 atque
3225 2437 3594 2492 immundum:
3616 2438 3775 2508 virgo

2164 2540 2247 2586 est
2268 2541 2320 2585 et
2345 2530 2432 2585 illa
2466 2546 2626 2601 quam
2644 2541 2801 2586 vocat
2831 2529 3022 2595 Jesus,
3045 2530 3136 2584 cui
3166 2538 3221 2586 et
3248 2530 3383 2585 dixit
3415 2548 3428 2583 :
3458 2528 3595 2586 Ades
3614 2531 3711 2584 huc
3737 2549 3775 2586 a

2166 2624 2381 2685 Libano.
2405 2624 2645 2695 .Sponsa,
2675 2624 2796 2679 ades
2832 2626 2931 2679 huc
2959 2641 2991 2679 a
3034 2623 3271 2689 Libano;
3308 2624 3547 2679 transibis
3572 2634 3621 2679 et
3650 2640 3773 2695 per-

2166 2719 2407 2774 transibis
2448 2738 2479 2773 a
2519 2720 2775 2791 principio
2829 2719 2950 2790 ﬁdei
2979 2716 3173 2790 (Cant.
3206 2734 3280 2783 tv,
3305 2718 3393 2789 8).
3423 2717 3540 2773 Non
3587 2719 3772 2776 solum

2169 2812 2419 2867 tramivit
2449 2813 2622 2884 virgo,
2653 2812 2747 2869 sed
2778 2814 2940 2867 etiam
2974 2814 3359 2882 pertransivit:
3398 2829 3519 2882 qua:
3543 2812 3772 2870 festinat

2163 2903 2229 2959 ad
2277 2904 2548 2973 Sponsum
2572 2946 2587 2969 ,
2631 2906 2830 2959 transit
2858 2905 3116 2961 saeculum
3141 2947 3155 2971 ,
3199 2905 3579 2975 pertransitad
3610 2903 3773 2962 Chri-

2164 3003 2307 3051 stum
2334 3014 2348 3064 ;
2379 2997 2459 3053 vel
2504 2997 2709 3068 qniaca
2751 3013 2875 3068 qua:
2914 2997 3134 3054 Christo
3173 3014 3233 3055 se
3277 2997 3560 3065 dicaverit,
3592 3008 3773 3054 trans-

2165 3091 2346 3147 eundo
2370 3091 2436 3145 ad
2459 3092 2726 3159 coelestia,
2754 3101 2970 3149 terrena
2998 3103 3357 3163 pertranseat.
3394 3092 3528 3149 Nam
3563 3103 3622 3148 et
3652 3095 3772 3165 ipse

458 3177 724 3232 auxilium
754 3177 852 3232 viri
881 3178 1077 3243 habeo,
1115 3194 1218 3235 nec
1247 3179 1578 3251 virginitatis
1607 3182 1858 3250 gratiam.
1890 3182 1951 3235 Et
1987 3182 2055 3238 de
2085 3158 2131 3223 ο
2166 3183 2408 3253 Sponsus
2434 3185 2511 3239 sic
2538 3186 2684 3241 venit
2733 3185 2801 3239 ad
2826 3185 3094 3258 Sponsam
3122 3201 3298 3252 suam,
3333 3198 3389 3242 ut
3409 3187 3569 3243 saliat
3600 3203 3773 3261 super

456 3287 543 3327 me
575 3271 710 3327 levis
748 3288 878 3327 cura
907 3291 919 3326 :
964 3289 1060 3328 vos
1088 3290 1315 3340 mmreo,
1344 3292 1438 3331 vos
1472 3276 1780 3332 considero.
1814 3277 2054 3333 Reman-

457 3374 649 3419 serunt
691 3365 821 3419 tuihi
895 3381 1061 3421 onera
1114 3368 1377 3438 coniugii,
1463 3370 1650 3425 abiere
1719 3369 2051 3440 adjutnenta.

455 3456 671 3526 Quanto
703 3459 918 3514 mallem
953 3470 972 3497 ο
1005 3460 1057 3514 ίη
1093 3460 1191 3515 hos
1218 3476 1347 3515 num
1370 3478 1511 3529 (nam
1541 3463 1754 3517 venisse
1784 3465 1943 3517 usas!

525 3550 619 3607 26.
662 3552 899 3607 Potestis
957 3559 1137 3608 tamen
1201 3569 1464 3610 excusare
1525 3566 1758 3625 patrem,
1806 3556 2057 3612 ablevare

454 3652 717 3708 matrem;
752 3646 796 3698 si
837 3645 989 3714 quod
1014 3646 1064 3699 in
1094 3646 1249 3701 nobis
1276 3648 1535 3701 amissum
1568 3658 1671 3713 est,
1706 3649 1760 3703 in
1791 3650 1944 3705 vobis
1973 3665 2057 3706 re-

457 3746 835 3804 pra‘sentetur.
866 3737 977 3791 lloc
1006 3738 1122 3792 solo
1151 3754 1249 3793 uos
1277 3740 1509 3809 conjugii
1546 3756 1649 3795 non
1681 3741 1982 3807 paenitebit,
2012 3743 2055 3796 si

456 3830 610 3885 vobis
627 3831 779 3885 labor
810 3842 994 3886 noster
1029 3832 1337 3900 profecerit.
1373 3831 1684 3889 Proximum
1719 3836 1914 3905 putabo
1945 3852 2058 3890 ma-

457 3936 591 3981 trem
640 3942 761 3981 esse
803 3930 1091 3999 virginum,
1149 3945 1212 3984 ac
1257 3931 1301 3984 si
1362 3931 1724 4001 virginitatem
1787 3942 2054 3989 tenerem.

454 4020 830 4087 Considerate,
864 4023 981 4088 lilii,
1010 4024 1292 4093 quamsihi
1315 4025 1536 4079 veniens
1560 4025 1609 4078 in
1644 4025 1739 4079 has
1764 4035 1937 4080 terras
1961 4027 2059 4081 Do-

458 4112 634 4167 minus
651 4113 808 4168 .lesns
832 4123 1061 4168 matrem
1087 4115 1332 4185 elegerit.
1351 4116 1592 4171 Salutem
1610 4118 1813 4173 mundo
1832 4118 2057 4174 daturos

456 4223 555 4277 per
585 4209 849 4279 virginem
880 4210 1046 4271 venit,
1077 4222 1128 4263 et
1157 4210 1403 4264 mulieris
1428 4211 1610 4280 lapsus
1649 4223 1802 4278 partu
1832 4213 2057 4283 virginis

452 4302 611 4357 solvit
642 4321 654 4355 :
682 4311 857 4355 vestra
888 4317 1106 4371 quoque
1135 4303 1417 4371 integritas
1440 4320 1591 4357 meos
1618 4306 1790 4359 solvat
1816 4321 2053 4361 errores.

526 4393 616 4446 i7.
660 4392 799 4460 Quid
829 4393 952 4447 boni
977 4394 1046 4446 sit
1075 4393 1382 4463 virginitas,
1408 4394 1776 4452 considerate.
1820 4397 2055 4452 Destitu-

444 4498 563 4542 tam
593 4502 678 4540 me
703 4502 827 4541 esse
855 4496 1065 4541 certum
1097 4494 1201 4548 est,
1232 4487 1489 4556 praesidio
1516 4503 1676 4557 cgere
1708 4507 1720 4541 :
1749 4488 1844 4544 sed
1882 4489 1927 4543 si
1957 4506 2052 4544 vo.

442 4580 660 4635 lueritis
690 4582 770 4635 sic
797 4594 1042 4646 manere,
1073 4580 1272 4635 nullius
1292 4595 1453 4649 opem
1485 4583 1779 4650 requiram,
1807 4583 2054 4639 abunda-

448 4674 528 4729 bit
555 4675 686 4729 tnilti
713 4672 739 4711 ἀ
772 4675 836 4728 ad
858 4689 1075 4730 tintitem
1102 4673 1481 4744 opitulantiam
1503 4687 1701 4731 vestrae
1731 4678 2058 4748 integritatis

448 4784 673 4823 corona.
723 4768 856 4834 Quis
907 4784 994 4822 me
1046 4783 1152 4821 non
1199 4767 1339 4823 dicet
1390 4768 1602 4823 beatam
1633 4811 1647 4831 ,
1691 4786 1853 4840 qnam
1909 4788 2059 4828 nunc

437 4860 695 4916 miseram
740 4858 1122 4929 potant?quis
1165 4874 1273 4913 non
1324 4859 1614 4915 honorabit
1663 4870 1737 4915 tot
1787 4863 2058 4931 virginum

438 4951 707 5008 matrem?
761 4953 885 5021 quis
958 4966 1064 5005 non
1133 4952 1492 5008 venerabitur
1546 4953 1726 5006 aulam
1786 4953 2056 5025 pudoris?

434 5063 750 5139 Apostolico
777 5063 1368 5117 ritecon-entiintt.At.
1399 5063 1553 5139 Boii].
1575 5064 1706 5139 edit.
1736 5080 1859 5119 cum
1891 5068 2045 5139 Vulg.

438 5134 604 5196 vers...
648 5134 777 5188 Volo
804 5145 973 5207 autem
998 5151 1084 5187 vos
1106 5151 1279 5207 omnes
1300 5151 1409 5207 esse
1432 5135 1563 5187 sicut
1590 5137 1866 5207 meipsum.
1897 5134 2046 5195 Con-

432 5209 516 5263 fer
544 5223 664 5261 cum
698 5206 789 5259 Ith.
821 5205 885 5257 de
921 5203 1161 5274 Virginit.
1194 5225 1314 5271 cap.
1340 5206 1431 5267 20,
1463 5222 1517 5257 ιι.
1555 5207 1677 5260 15υ.

508 5289 535 5316 ἰ
582 5280 767 5331 Deerat
804 5280 853 5328 in
880 5275 1009 5331 edit.
1045 5277 1296 5329 oinnihns
1313 5290 1413 5328 vox
1436 5276 1636 5342 altaris,
1668 5293 1824 5346 quam
1857 5289 2035 5339 tamen

437 5352 488 5403 in
515 5364 645 5404 mss.
683 5348 841 5418 longe
873 5348 1119 5413 plurimis
1152 5348 1395 5418 invenire
1443 5358 1545 5401 est.
1602 5350 1675 5400 Ex
1723 5350 1824 5403 hoc
1854 5367 2034 5410 autem

432 5422 556 5477 loco
580 5421 925 5474 manifestum
978 5420 1030 5471 lit
1071 5417 1423 5472 roatiuentia'
1461 5422 1842 5474 necessitatem
1872 5430 2036 5480 etiam

425 5491 494 5547 iis
526 5493 613 5561 qtti
651 5490 922 5559 cnnjngati
964 5490 1029 5542 ad
1078 5489 1331 5561 tnini~tri,
1364 5492 1463 5540 hoc
1492 5503 1595 5555 eSI,
1628 5490 1839 5544 diacooi
1882 5494 2032 5548 ordi-

426 5559 553 5633 nem
602 5561 777 5614 allecti
811 5568 1035 5633 essent,
1080 5560 1191 5629 jam
1243 5559 1369 5614 inde
1399 5560 1646 5631 aprinus
1695 5566 2034 5633 temporibus

427 5632 595 5687 fuisse
628 5632 955 5699 ἱιιιιμιδίιηίη.

435 5682 541 5774 'Wb;
571 5682 841 5762 i’leri'que
873 5682 1030 5774 iussu
1088 5703 1416 5757 immaturam
1465 5682 1672 5758 virtutis
1711 5696 1978 5774 stipendiis
2014 5726 2033 5764 .·

427 5772 623 5831 melius
675 5781 853 5827 tamen
885 5770 977 5825 alii
1004 5782 1057 5825 et
1087 5789 1278 5829 omnes
1304 5776 1459 5839 edit.,
1491 5770 1821 5831 immaturam
1854 5778 2027 5834 viduia

2163 3286 2398 3341 montes,
2429 3279 2697 3333 transiliat
2725 3294 2892 3350 super
2914 3279 3081 3335 colles
3108 3280 3129 3351 (
3158 3276 3309 3334 Cant.
3343 3295 3403 3345 ιι,
3427 3277 3513 3353 8).

2233 3370 2322 3425 Q9.
2367 3370 2722 3426 Additadhnc
2758 3370 2826 3426 ad
2869 3371 3084 3426 laudem
3139 3370 3467 3441 virginitatis
3509 3387 3522 3424 :
3568 3368 3770 3425 Hortus

2163 3467 2369 3519 clausus
2389 3480 2538 3519 soror
2566 3482 2676 3520 mea
2710 3466 2934 3536 Sponsa,
2968 3465 3148 3520 hortus
3183 3466 3407 3525 clausus.
3450 3468 3570 3537 fons
3591 3466 3772 3539 signa-

2164 3568 2245 3611 tus
2268 3556 2442 3625 (Cant.
2472 3574 2545 3624 tv,
2582 3559 2695 3632 te);
2722 3575 2832 3629 quo
2865 3559 3120 3614 meliores
3146 3560 3337 3613 atterat
3370 3556 3578 3613 fructus
3615 3559 3770 3614 clau-

2162 3660 2276 3704 stro
2317 3649 2537 3719 pudoris
2564 3660 2714 3720 septa
2749 3650 3045 3721 virginitas,
3080 3650 3131 3704 in
3165 3666 3270 3721 qua
3297 3652 3618 3706 intemerata
3647 3665 3770 3721 per-

2165 3755 2413 3796 maneant
2448 3742 2718 3798 castitatis
2747 3741 3048 3814 signacula.
3105 3742 3256 3797 llunc
3302 3743 3517 3797 hortum
3563 3742 3768 3797 anima:

2166 3847 2384 3902 vestrae,
2417 3840 2558 3891 hunc
2590 3837 2788 3891 fontem
2822 3844 3036 3892 servate
3055 3836 3171 3906 pnri
3203 3836 3446 3907 liquoris,
3477 3844 3535 3889 ut
3557 3850 3686 3891 eum
3714 3837 3765 3891 in

2162 3931 2318 3986 Vobis
2343 3947 2502 3986 nemo
2534 3931 2815 4000 perturbet
2849 3972 2862 3995 ,
2897 3947 3057 3985 nemo
3083 3930 3532 3999 designet,qucm
3557 3932 3768 4000 genita-

2162 4024 2227 4078 lis
2255 4024 2309 4079 in
2340 4025 2494 4079 vobis
2521 4024 2674 4091 origo
2699 4023 2953 4092 signavit.
2988 4022 3157 4078 Nemo
3184 4023 3397 4078 auferat
3435 4024 3633 4078 animze
3674 4039 3765 4079 ve-

2163 4125 2291 4171 stra:
2322 4118 2556 4181 vineam,
2579 4125 2633 4171 et
2656 4115 2780 4170 vilia
2812 4117 2959 4169 olera
2988 4125 3154 4171 serat.
3181 4115 3345 4171 Vinea
3368 4115 3513 4171 enim
3541 4116 3762 4184 quidam

2163 4204 2371 4263 fructus
2396 4207 2673 4277 \irginalis
2698 4216 2784 4261 est
2808 4223 2822 4261 :
2847 4206 3098 4277 conjugia
3132 4206 3279 4262 velut
3305 4208 3513 4261 olerum
3550 4210 3762 4276 plauta-

2164 4299 2242 4354 ria
2262 4311 2407 4359 sunt.
2440 4300 2708 4369 inquibus
2729 4310 2752 4335 θ
2779 4298 3033 4369 frequens
3058 4299 3180 4370 gelu
3211 4309 3327 4365 est;
3368 4309 3422 4353 et
3465 4300 3595 4356 ideo
3622 4302 3763 4356 sicut

2164 4393 2317 4448 olera
2367 4393 2659 4448 herbarum
2693 4393 2799 4447 cito
2833 4392 3030 4447 cadunt
3072 4404 3234 4462 atque
3270 4405 3634 4459 marcescunt,
3662 4396 3764 4450 nisi

2167 4486 2327 4541 tinem
2379 4487 2621 4556 imponat
2663 4497 2943 4555 senectus,
2991 4496 3085 4542 aut
3119 4487 3185 4543 ad
3229 4489 3524 4559 perfectum
3566 4489 3763 4546 evehat

2161 4579 2513 4634 continentia.

2233 4672 2324 4728 50.
2369 4672 2483 4727 Non
2519 4673 2705 4727 veniat
2732 4687 2864 4744 ergo
2894 4672 2945 4726 in
2989 4688 3084 4727 vos
3110 4671 3332 4740 Achab,
3362 4672 3453 4744 qui
3494 4675 3759 4744 concupi-

2162 4775 2277 4820 scat
2298 4766 2507 4820 vineam
2549 4777 2782 4820 vestram
2825 4765 3007 4821 delere
3035 4774 3089 4821 et
3120 4765 3469 4835 eaStiuguere
3500 4782 3515 4820 :
3545 4782 3648 4821 nec
3669 4781 3763 4823 ve-

2163 4861 2277 4915 niat
2299 4861 2350 4914 in
2383 4860 2535 4915 vobis
2560 4858 2800 4924 Jezahel,
2850 4874 3045 4914 Vallum
3084 4858 3213 4914 illud
3245 4868 3300 4914 et
3344 4860 3606 4914 sarenlare
3639 4876 3762 4929 pro-

2163 4954 2413 5016 ﬂuvium;
2443 4953 2545 5007 hoc
2571 4952 2717 5008 enim
2739 4952 3080 5024 significatur
3111 4950 3396 5019 vocabulo,
3427 4966 3563 5005 vana
3587 4960 3646 5007 et
3672 4967 3764 5007 va-

2150 5068 2271 5124 tatis
2300 5065 2591 5135 stipendiis,
2629 5064 2679 5117 id
2707 5054 2795 5118 est.
2828 5064 2987 5128 forte,
3032 5062 3269 5135 nondum
3320 5065 3759 5135 sexagenariam.

2152 5139 2384 5194 Videtur
2424 5135 2688 5206 siquidem
2707 5136 2792 5189 ltic
2814 5146 2869 5189 et
2889 5135 2980 5188 lih.
2998 5134 3066 5189 de
3091 5134 3279 5188 Viduis
3296 5149 3414 5203 cap.
3433 5134 3491 5198 ‘2,
3525 5151 3681 5192 nutu.
3705 5136 3756 5197 9.

2146 5210 2280 5267 illud
2314 5205 2753 5271 aetatis-exigere,
2795 5221 2848 5261 ιιι
2881 5205 3072 5262 senilis
3098 5206 3334 5261 viduitas
3379 5208 3641 5262 Ecclesiae
3666 5209 3759 5262 sti-

2147 5281 2360 5352 pendiis
2377 5287 2730 5352 Sit-tentetur.

2217 5364 2240 5392 ε
2288 5352 2414 5406 Mss.
2443 5365 2548 5403 non
2584 5349 2761 5414 pauci,
2797 5350 2853 5403 in
2889 5349 3007 5416 hos,
3057 5347 3276 5417 quidam
3327 5349 3521 5405 melius
3551 5350 3607 5404 in
3639 5350 3752 5415 hoc,

2138 5437 2423 5491 numquam
2452 5421 2778 5473 venissemus.

2211 5493 2238 5532 ιι
2284 5490 2490 5548 Uinnes
2519 5491 2650 5543 i-dit.
2682 5506 2745 5544 ac
2776 5505 2909 5545 mss.
2940 5491 3211 5558 nonnulli,
3235 5490 3304 5544 ad
3339 5508 3544 5546 onmem
3585 5492 3754 5560 opitu-

2137 5567 2387 5641 lationem
2415 5578 2433 5616 :
2464 5561 2551 5615 alii
2586 5576 2717 5641 mss.
2763 5563 3166 5641 Innlto_plnres,
3202 5564 3273 5615 ad
3322 5579 3525 5641 onmem
3584 5565 3753 5641 opitu-

2135 5638 2378 5700 lantiam,
2412 5649 2543 5698 unus
2566 5634 2900 5698 apulentiam.
2938 5634 3365 5704 Haudquaquam
3392 5638 3560 5690 tnale.

2178 5719 2233 5748 ὀ
2268 5705 2344 5769 ita
2369 5719 2501 5777 mss.
2537 5716 2731 5770 magno
2762 5718 2990 5777 numero
3020 5705 3290 5777 :-quidam
3332 5713 3539 5767 autem.
3583 5715 3743 5775 atque

2132 5794 2327 5841 omnes
2356 5775 2491 5837 edit.
2523 5777 2767 5845 frequens
2789 5776 2930 5833 solus
2958 5786 3052 5829 est.
