  <div class='ocr_page' id='page_1' title='image "/cluster/home/n/w/nwhite01/storage/ocr_20150623/16/uva.x000826550/180.png"; bbox 0 0 3946 6180; ppageno 0'>
   <div class='ocr_carea' id='block_1_1' title="bbox 185 225 2506 293">
    <p class='ocr_par' dir='ltr' id='par_1_1' title="bbox 185 225 2506 293">
     <span class='ocr_line' id='line_1_1' title="bbox 185 225 2506 293; baseline 0.002 -9"><span class='ocrx_word' id='word_1_1' title='bbox 185 230 244 284; x_wconf 67' lang='lat' dir='ltr'><strong>ili</strong></span> <span class='ocrx_word' id='word_1_2' title='bbox 1036 227 1490 286; x_wconf 75' lang='lat' dir='ltr'><strong>EXHORTATIO</strong></span> <span class='ocrx_word' id='word_1_3' title='bbox 1528 225 2014 285; x_wconf 76' lang='lat' dir='ltr'><strong>VIRGINITA&#39;I&#39;IS.</strong></span> <span class='ocrx_word' id='word_1_4' title='bbox 2058 231 2265 290; x_wconf 80' lang='lat' dir='ltr'><strong>LIBER</strong></span> <span class='ocrx_word' id='word_1_5' title='bbox 2305 231 2506 293; x_wconf 78' lang='lat' dir='ltr'><strong>UNUS.</strong></span> 
     </span>
    </p>
   </div>
   <div class='ocr_carea' id='block_1_2' title="bbox 187 338 1805 415">
    <p class='ocr_par' dir='ltr' id='par_1_2' title="bbox 187 338 1805 415">
     <span class='ocr_line' id='line_1_2' title="bbox 187 338 1805 415; baseline -0.002 -18"><span class='ocrx_word' id='word_1_6' title='bbox 187 341 593 399; x_wconf 77' lang='lat' dir='ltr'><strong>ctandundantia</strong></span> <span class='ocrx_word' id='word_1_7' title='bbox 632 361 650 397; x_wconf 88' lang='lat'><strong>:</strong></span> <span class='ocrx_word' id='word_1_8' title='bbox 685 340 800 399; x_wconf 82' lang='lat' dir='ltr'><strong>sed</strong></span> <span class='ocrx_word' id='word_1_9' title='bbox 828 342 1002 396; x_wconf 82' lang='lat' dir='ltr'><strong>veniat</strong></span> <span class='ocrx_word' id='word_1_10' title='bbox 1038 340 1311 415; x_wconf 81' lang='lat' dir='ltr'><strong>Nabuthe,</strong></span> <span class='ocrx_word' id='word_1_11' title='bbox 1355 339 1450 410; x_wconf 87' lang='lat' dir='ltr'><strong>qui</strong></span> <span class='ocrx_word' id='word_1_12' title='bbox 1496 338 1647 393; x_wconf 81' lang='lat' dir='ltr'><strong>venit</strong></span> <span class='ocrx_word' id='word_1_13' title='bbox 1694 354 1725 394; x_wconf 87' lang='lat' dir='ltr'><strong>a</strong></span> <span class='ocrx_word' id='word_1_14' title='bbox 1751 344 1805 404; x_wconf 79' lang='grc' dir='ltr'>Α</span> 
     </span>
    </p>
   </div>
   <div class='ocr_carea' id='block_1_3' title="bbox 194 431 1727 511">
    <p class='ocr_par' dir='ltr' id='par_1_3' title="bbox 194 431 1727 511">
     <span class='ocr_line' id='line_1_3' title="bbox 194 431 1727 511; baseline -0.005 -17"><span class='ocrx_word' id='word_1_15' title='bbox 194 450 295 511; x_wconf 76' lang='lat' dir='ltr'><strong>patre,</strong></span> <span class='ocrx_word' id='word_1_16' title='bbox 313 438 443 494; x_wconf 76' lang='lat' dir='ltr'><strong>sicut</strong></span> <span class='ocrx_word' id='word_1_17' title='bbox 468 439 703 495; x_wconf 84' lang='lat' dir='ltr'><strong>indicat</strong></span> <span class='ocrx_word' id='word_1_18' title='bbox 741 437 982 493; x_wconf 83' lang='lat' dir='ltr'><strong>nominis</strong></span> <span class='ocrx_word' id='word_1_19' title='bbox 1006 436 1179 506; x_wconf 82' lang='lat' dir='ltr'><strong>ipsius</strong></span> <span class='ocrx_word' id='word_1_20' title='bbox 1208 432 1607 504; x_wconf 85' lang='lat' dir='ltr'><strong>interpretatio,</strong></span> <span class='ocrx_word' id='word_1_21' title='bbox 1633 431 1727 502; x_wconf 85' lang='lat' dir='ltr'><strong>qui</strong></span> 
     </span>
    </p>
   </div>
   <div class='ocr_carea' id='block_1_4' title="bbox 198 529 1728 603">
    <p class='ocr_par' dir='ltr' id='par_1_4' title="bbox 198 529 1728 603">
     <span class='ocr_line' id='line_1_4' title="bbox 198 529 1728 603; baseline -0.006 -15"><span class='ocrx_word' id='word_1_22' title='bbox 198 535 325 588; x_wconf 73' lang='lat' dir='ltr'><strong>unum</strong></span> <span class='ocrx_word' id='word_1_23' title='bbox 343 533 623 603; x_wconf 82' lang='lat' dir='ltr'><strong>sanguine</strong></span> <span class='ocrx_word' id='word_1_24' title='bbox 643 529 920 586; x_wconf 73' lang='lat' dir='ltr'><strong>defendat</strong></span> <span class='ocrx_word' id='word_1_25' title='bbox 933 543 1048 591; x_wconf 89' lang='lat' dir='ltr'><strong>suo,</strong></span> <span class='ocrx_word' id='word_1_26' title='bbox 1063 535 1120 583; x_wconf 86' lang='lat' dir='ltr'><strong>et</strong></span> <span class='ocrx_word' id='word_1_27' title='bbox 1133 540 1232 598; x_wconf 83' lang='lat' dir='ltr'><strong>pro</strong></span> <span class='ocrx_word' id='word_1_28' title='bbox 1249 541 1315 582; x_wconf 81' lang='lat' dir='ltr'><strong>ea</strong></span> <span class='ocrx_word' id='word_1_29' title='bbox 1333 535 1559 580; x_wconf 88' lang='lat' dir='ltr'><strong>mortem</strong></span> <span class='ocrx_word' id='word_1_30' title='bbox 1574 539 1728 579; x_wconf 87' lang='lat' dir='ltr'><strong>suam</strong></span> 
     </span>
    </p>
   </div>
   <div class='ocr_carea' id='block_1_5' title="bbox 202 618 1732 696">
    <p class='ocr_par' dir='ltr' id='par_1_5' title="bbox 202 618 1732 696">
     <span class='ocr_line' id='line_1_5' title="bbox 202 618 1732 696; baseline -0.008 -12"><span class='ocrx_word' id='word_1_31' title='bbox 202 628 331 684; x_wconf 68' lang='lat' dir='ltr'><strong>tﬂcrat.</strong></span> <span class='ocrx_word' id='word_1_32' title='bbox 352 626 449 682; x_wconf 85' lang='lat' dir='ltr'><strong>llic</strong></span> <span class='ocrx_word' id='word_1_33' title='bbox 470 638 562 680; x_wconf 86' lang='lat' dir='ltr'><strong>est</strong></span> <span class='ocrx_word' id='word_1_34' title='bbox 592 627 692 696; x_wconf 87' lang='lat' dir='ltr'><strong>qui</strong></span> <span class='ocrx_word' id='word_1_35' title='bbox 715 623 986 694; x_wconf 85' lang='lat' dir='ltr'><strong>lapidatus</strong></span> <span class='ocrx_word' id='word_1_36' title='bbox 1003 638 1099 693; x_wconf 90' lang='lat' dir='ltr'><strong>pro</strong></span> <span class='ocrx_word' id='word_1_37' title='bbox 1128 621 1285 676; x_wconf 87' lang='lat' dir='ltr'><strong>nobis</strong></span> <span class='ocrx_word' id='word_1_38' title='bbox 1309 631 1414 685; x_wconf 88' lang='lat' dir='ltr'><strong>est,</strong></span> <span class='ocrx_word' id='word_1_39' title='bbox 1445 635 1544 690; x_wconf 92' lang='lat' dir='ltr'><strong>pro</strong></span> <span class='ocrx_word' id='word_1_40' title='bbox 1574 618 1732 672; x_wconf 91' lang='lat' dir='ltr'><strong>nobis</strong></span> 
     </span>
    </p>
   </div>
   <div class='ocr_carea' id='block_1_6' title="bbox 207 711 1730 790">
    <p class='ocr_par' dir='ltr' id='par_1_6' title="bbox 207 711 1730 790">
     <span class='ocr_line' id='line_1_6' title="bbox 207 711 1730 790; baseline -0.008 -13"><span class='ocrx_word' id='word_1_41' title='bbox 207 732 386 778; x_wconf 74' lang='lat' dir='ltr'><strong>mortuus.</strong></span> <span class='ocrx_word' id='word_1_42' title='bbox 410 734 514 790; x_wconf 89' lang='lat' dir='ltr'><strong>pro</strong></span> <span class='ocrx_word' id='word_1_43' title='bbox 541 719 713 773; x_wconf 89' lang='lat' dir='ltr'><strong>nobis</strong></span> <span class='ocrx_word' id='word_1_44' title='bbox 744 717 900 772; x_wconf 85' lang='lat' dir='ltr'><strong>falsis</strong></span> <span class='ocrx_word' id='word_1_45' title='bbox 923 715 1194 785; x_wconf 84' lang='lat' dir='ltr'><strong>appetitus</strong></span> <span class='ocrx_word' id='word_1_46' title='bbox 1241 711 1570 768; x_wconf 77' lang='lat' dir='ltr'><strong>teStimouiis</strong></span> <span class='ocrx_word' id='word_1_47' title='bbox 1601 711 1730 781; x_wconf 88' lang='lat' dir='ltr'><strong>:qui</strong></span> 
     </span>
    </p>
   </div>
   <div class='ocr_carea' id='block_1_7' title="bbox 206 806 1733 886">
    <p class='ocr_par' dir='ltr' id='par_1_7' title="bbox 206 806 1733 886">
     <span class='ocr_line' id='line_1_7' title="bbox 206 806 1733 886; baseline -0.007 -15"><span class='ocrx_word' id='word_1_48' title='bbox 206 832 339 886; x_wconf 75' lang='lat' dir='ltr'><strong>pattper</strong></span> <span class='ocrx_word' id='word_1_49' title='bbox 374 815 481 869; x_wconf 90' lang='lat' dir='ltr'><strong>huc</strong></span> <span class='ocrx_word' id='word_1_50' title='bbox 525 812 725 878; x_wconf 77' lang='lat' dir='ltr'><strong>venit,</strong></span> <span class='ocrx_word' id='word_1_51' title='bbox 769 826 894 866; x_wconf 89' lang='lat' dir='ltr'><strong>cum</strong></span> <span class='ocrx_word' id='word_1_52' title='bbox 922 810 1072 866; x_wconf 83' lang='lat' dir='ltr'><strong>dives</strong></span> <span class='ocrx_word' id='word_1_53' title='bbox 1126 818 1292 872; x_wconf 86' lang='lat' dir='ltr'><strong>esset,</strong></span> <span class='ocrx_word' id='word_1_54' title='bbox 1319 817 1347 845; x_wconf 73' lang='grc' dir='ltr'><strong>ιι</strong></span> <span class='ocrx_word' id='word_1_55' title='bbox 1374 818 1429 861; x_wconf 85' lang='grc' dir='ltr'><strong>ιιι</strong></span> <span class='ocrx_word' id='word_1_56' title='bbox 1467 822 1567 861; x_wconf 86' lang='lat' dir='ltr'><strong>nos</strong></span> <span class='ocrx_word' id='word_1_57' title='bbox 1614 806 1733 876; x_wconf 89' lang='lat' dir='ltr'><strong>ejus</strong></span> 
     </span>
    </p>
   </div>
   <div class='ocr_carea' id='block_1_8' title="bbox 203 898 1734 976">
    <p class='ocr_par' dir='ltr' id='par_1_8' title="bbox 203 898 1734 976">
     <span class='ocr_line' id='line_1_8' title="bbox 203 898 1734 976; baseline -0.008 -12"><span class='ocrx_word' id='word_1_58' title='bbox 203 908 318 975; x_wconf 65' lang='lat' dir='ltr'><strong>inania</strong></span> <span class='ocrx_word' id='word_1_59' title='bbox 337 907 641 961; x_wconf 76' lang='lat' dir='ltr'><strong>ditaremur</strong></span> <span class='ocrx_word' id='word_1_60' title='bbox 683 903 705 975; x_wconf 96' lang='lat'><strong>(</strong></span> <span class='ocrx_word' id='word_1_61' title='bbox 734 904 798 958; x_wconf 90' lang='grc'><strong>111</strong></span> <span class='ocrx_word' id='word_1_62' title='bbox 830 902 962 976; x_wconf 81' lang='lat' dir='ltr'><strong>Reg.</strong></span> <span class='ocrx_word' id='word_1_63' title='bbox 997 918 1091 965; x_wconf 73' lang='lat' dir='ltr'><strong>sn,</strong></span> <span class='ocrx_word' id='word_1_64' title='bbox 1140 906 1176 955; x_wconf 57' lang='grc' dir='ltr'><em>ὲ</em></span> <span class='ocrx_word' id='word_1_65' title='bbox 1214 911 1265 956; x_wconf 88' lang='lat' dir='ltr'><strong>et</strong></span> <span class='ocrx_word' id='word_1_66' title='bbox 1300 918 1405 971; x_wconf 86' lang='lat' dir='ltr'><strong>seq.</strong></span> <span class='ocrx_word' id='word_1_67' title='bbox 1435 898 1476 971; x_wconf 93' lang='lat'><strong>).</strong></span> <span class='ocrx_word' id='word_1_68' title='bbox 1512 899 1610 953; x_wconf 86' lang='lat' dir='ltr'><strong>llic</strong></span> <span class='ocrx_word' id='word_1_69' title='bbox 1650 909 1734 953; x_wconf 90' lang='lat' dir='ltr'><strong>est</strong></span> 
     </span>
    </p>
   </div>
   <div class='ocr_carea' id='block_1_9' title="bbox 201 992 1735 1069">
    <p class='ocr_par' dir='ltr' id='par_1_9' title="bbox 201 992 1735 1069">
     <span class='ocr_line' id='line_1_9' title="bbox 201 992 1735 1069; baseline -0.006 -15"><span class='ocrx_word' id='word_1_70' title='bbox 201 1003 298 1061; x_wconf 80' lang='lat' dir='ltr'><strong>vitis.</strong></span> <span class='ocrx_word' id='word_1_71' title='bbox 317 1016 424 1069; x_wconf 76' lang='lat' dir='ltr'><strong>qua:</strong></span> <span class='ocrx_word' id='word_1_72' title='bbox 451 997 890 1054; x_wconf 86' lang='lat' dir='ltr'><strong>redundantibus</strong></span> <span class='ocrx_word' id='word_1_73' title='bbox 916 997 1101 1067; x_wconf 66' lang='lat' dir='ltr'><strong>graticc</strong></span> <span class='ocrx_word' id='word_1_74' title='bbox 1127 1010 1241 1049; x_wconf 76' lang='lat' dir='ltr'><strong>su.e</strong></span> <span class='ocrx_word' id='word_1_75' title='bbox 1274 994 1539 1048; x_wconf 77' lang='lat' dir='ltr'><strong>fructibus</strong></span> <span class='ocrx_word' id='word_1_76' title='bbox 1562 992 1735 1064; x_wconf 88' lang='lat' dir='ltr'><strong>reple-</strong></span> 
     </span>
    </p>
   </div>
   <div class='ocr_carea' id='block_1_10' title="bbox 196 1087 1738 1156">
    <p class='ocr_par' dir='ltr' id='par_1_10' title="bbox 196 1087 1738 1156">
     <span class='ocr_line' id='line_1_10' title="bbox 196 1087 1738 1156; baseline -0.005 -11"><span class='ocrx_word' id='word_1_77' title='bbox 196 1094 550 1147; x_wconf 79' lang='lat' dir='ltr'><strong>rituniversum</strong></span> <span class='ocrx_word' id='word_1_78' title='bbox 576 1091 765 1146; x_wconf 87' lang='lat' dir='ltr'><strong>orbem</strong></span> <span class='ocrx_word' id='word_1_79' title='bbox 799 1100 1089 1144; x_wconf 82' lang='lat' dir='ltr'><strong>terrarum.</strong></span> <span class='ocrx_word' id='word_1_80' title='bbox 1113 1087 1212 1143; x_wconf 90' lang='lat' dir='ltr'><strong>llic</strong></span> <span class='ocrx_word' id='word_1_81' title='bbox 1242 1088 1295 1141; x_wconf 92' lang='lat' dir='ltr'><strong>in</strong></span> <span class='ocrx_word' id='word_1_82' title='bbox 1328 1089 1523 1140; x_wconf 73' lang='lat' dir='ltr'><strong>vestris</strong></span> <span class='ocrx_word' id='word_1_83' title='bbox 1553 1094 1738 1156; x_wconf 89' lang='lat' dir='ltr'><strong>pecto-</strong></span> 
     </span>
    </p>
   </div>
   <div class='ocr_carea' id='block_1_11' title="bbox 194 1180 1739 1243">
    <p class='ocr_par' dir='ltr' id='par_1_11' title="bbox 194 1180 1739 1243">
     <span class='ocr_line' id='line_1_11' title="bbox 194 1180 1739 1243; baseline -0.004 -4"><span class='ocrx_word' id='word_1_84' title='bbox 194 1184 295 1239; x_wconf 67' lang='lat' dir='ltr'><strong>ribus</strong></span> <span class='ocrx_word' id='word_1_85' title='bbox 314 1184 413 1238; x_wconf 81' lang='lat' dir='ltr'><strong>alta</strong></span> <span class='ocrx_word' id='word_1_86' title='bbox 443 1191 667 1239; x_wconf 80' lang='lat' dir='ltr'><strong>maneat</strong></span> <span class='ocrx_word' id='word_1_87' title='bbox 686 1182 899 1236; x_wconf 68' lang='lat' dir='ltr'><strong>delirus</strong></span> <span class='ocrx_word' id='word_1_88' title='bbox 921 1180 1134 1243; x_wconf 81' lang='lat' dir='ltr'><strong>radice;</strong></span> <span class='ocrx_word' id='word_1_89' title='bbox 1156 1191 1211 1233; x_wconf 94' lang='lat' dir='ltr'><strong>ut</strong></span> <span class='ocrx_word' id='word_1_90' title='bbox 1239 1188 1296 1235; x_wconf 92' lang='lat' dir='ltr'><strong>et</strong></span> <span class='ocrx_word' id='word_1_91' title='bbox 1321 1180 1528 1233; x_wconf 84' lang='lat' dir='ltr'><strong>fructos</strong></span> <span class='ocrx_word' id='word_1_92' title='bbox 1558 1186 1739 1233; x_wconf 84' lang='lat' dir='ltr'><strong>vester</strong></span> 
     </span>
    </p>
   </div>
   <div class='ocr_carea' id='block_1_12' title="bbox 193 1269 1734 1343">
    <p class='ocr_par' dir='ltr' id='par_1_12' title="bbox 193 1269 1734 1343">
     <span class='ocr_line' id='line_1_12' title="bbox 193 1269 1734 1343; baseline -0.005 -13"><span class='ocrx_word' id='word_1_93' title='bbox 193 1276 424 1338; x_wconf 83' lang='lat' dir='ltr'><strong>exuberet,</strong></span> <span class='ocrx_word' id='word_1_94' title='bbox 446 1287 499 1330; x_wconf 92' lang='lat' dir='ltr'><strong>et</strong></span> <span class='ocrx_word' id='word_1_95' title='bbox 534 1274 749 1343; x_wconf 80' lang='lat' dir='ltr'><strong>liquore</strong></span> <span class='ocrx_word' id='word_1_96' title='bbox 772 1274 964 1343; x_wconf 74' lang='lat' dir='ltr'><strong>gratia:</strong></span> <span class='ocrx_word' id='word_1_97' title='bbox 1004 1270 1266 1341; x_wconf 71' lang='lat' dir='ltr'><strong>Spiritalis</strong></span> <span class='ocrx_word' id='word_1_98' title='bbox 1287 1269 1539 1339; x_wconf 82' lang='lat' dir='ltr'><strong>corporei</strong></span> <span class='ocrx_word' id='word_1_99' title='bbox 1568 1284 1734 1340; x_wconf 84' lang='lat' dir='ltr'><strong>vapo-</strong></span> 
     </span>
    </p>
   </div>
   <div class='ocr_carea' id='block_1_13' title="bbox 190 1368 912 1437">
    <p class='ocr_par' dir='ltr' id='par_1_13' title="bbox 190 1368 912 1437">
     <span class='ocr_line' id='line_1_13' title="bbox 190 1368 912 1437; baseline -0.01 -12"><span class='ocrx_word' id='word_1_100' title='bbox 190 1370 244 1425; x_wconf 83' lang='lat' dir='ltr'><strong>ris</strong></span> <span class='ocrx_word' id='word_1_101' title='bbox 264 1368 489 1425; x_wconf 83' lang='lat' dir='ltr'><strong>incendia</strong></span> <span class='ocrx_word' id='word_1_102' title='bbox 522 1375 912 1437; x_wconf 89' lang='lat' dir='ltr'><strong>temperentur.</strong></span> 
     </span>
    </p>
   </div>
   <div class='ocr_carea' id='block_1_14' title="bbox 241 1456 1744 1530">
    <p class='ocr_par' dir='ltr' id='par_1_14' title="bbox 241 1456 1744 1530">
     <span class='ocr_line' id='line_1_14' title="bbox 241 1456 1744 1530; baseline -0.004 -13"><span class='ocrx_word' id='word_1_103' title='bbox 241 1464 315 1518; x_wconf 78' lang='lat' dir='ltr'><strong>3t.</strong></span> <span class='ocrx_word' id='word_1_104' title='bbox 353 1462 446 1517; x_wconf 87' lang='lat' dir='ltr'><strong>llic</strong></span> <span class='ocrx_word' id='word_1_105' title='bbox 472 1469 563 1516; x_wconf 88' lang='lat' dir='ltr'><strong>est</strong></span> <span class='ocrx_word' id='word_1_106' title='bbox 583 1456 853 1530; x_wconf 56' lang='lat' dir='ltr'><strong>quiQenit</strong></span> <span class='ocrx_word' id='word_1_107' title='bbox 879 1460 933 1513; x_wconf 92' lang='lat' dir='ltr'><strong>iu</strong></span> <span class='ocrx_word' id='word_1_108' title='bbox 957 1458 1099 1514; x_wconf 88' lang='lat' dir='ltr'><strong>nube</strong></span> <span class='ocrx_word' id='word_1_109' title='bbox 1128 1457 1261 1523; x_wconf 73' lang='lat' dir='ltr'><strong>levi,</strong></span> <span class='ocrx_word' id='word_1_110' title='bbox 1283 1458 1425 1513; x_wconf 85' lang='lat' dir='ltr'><strong>sicut</strong></span> <span class='ocrx_word' id='word_1_111' title='bbox 1452 1456 1587 1511; x_wconf 78' lang='lat' dir='ltr'><strong>dixit</strong></span> <span class='ocrx_word' id='word_1_112' title='bbox 1619 1470 1744 1526; x_wconf 83' lang='lat' dir='ltr'><strong>pro—</strong></span> 
     </span>
    </p>
   </div>
   <div class='ocr_carea' id='block_1_15' title="bbox 190 1550 1743 1624">
    <p class='ocr_par' dir='ltr' id='par_1_15' title="bbox 190 1550 1743 1624">
     <span class='ocr_line' id='line_1_15' title="bbox 190 1550 1743 1624; baseline -0.005 -16"><span class='ocrx_word' id='word_1_113' title='bbox 190 1559 314 1624; x_wconf 77' lang='lat' dir='ltr'><strong>pheta</strong></span> <span class='ocrx_word' id='word_1_114' title='bbox 340 1573 352 1607; x_wconf 87' lang='lat'><strong>:</strong></span> <span class='ocrx_word' id='word_1_115' title='bbox 386 1552 521 1609; x_wconf 53' lang='lat' dir='ltr'><strong>Ecce</strong></span> <span class='ocrx_word' id='word_1_116' title='bbox 548 1551 800 1606; x_wconf 83' lang='lat' dir='ltr'><strong>Dominus</strong></span> <span class='ocrx_word' id='word_1_117' title='bbox 829 1551 969 1605; x_wconf 83' lang='lat' dir='ltr'><strong>sedet</strong></span> <span class='ocrx_word' id='word_1_118' title='bbox 993 1566 1149 1621; x_wconf 84' lang='lat' dir='ltr'><strong>super</strong></span> <span class='ocrx_word' id='word_1_119' title='bbox 1174 1550 1357 1603; x_wconf 79' lang='lat' dir='ltr'><strong>nubem</strong></span> <span class='ocrx_word' id='word_1_120' title='bbox 1376 1550 1555 1615; x_wconf 75' lang='lat' dir='ltr'><strong>levein,</strong></span> <span class='ocrx_word' id='word_1_121' title='bbox 1583 1558 1633 1603; x_wconf 87' lang='lat' dir='ltr'><strong>et</strong></span> <span class='ocrx_word' id='word_1_122' title='bbox 1662 1563 1743 1602; x_wconf 77' lang='lat' dir='ltr'><strong>ve-</strong></span> 
     </span>
    </p>
   </div>
   <div class='ocr_carea' id='block_1_16' title="bbox 191 1640 1743 1717">
    <p class='ocr_par' dir='ltr' id='par_1_16' title="bbox 191 1640 1743 1717">
     <span class='ocr_line' id='line_1_16' title="bbox 191 1640 1743 1717; baseline -0.003 -19"><span class='ocrx_word' id='word_1_123' title='bbox 191 1647 270 1699; x_wconf 71' lang='lat' dir='ltr'><strong>niet</strong></span> <span class='ocrx_word' id='word_1_124' title='bbox 298 1647 347 1700; x_wconf 82' lang='lat' dir='ltr'><strong>in</strong></span> <span class='ocrx_word' id='word_1_125' title='bbox 395 1644 686 1716; x_wconf 61' lang='lat' dir='ltr'><strong>Egyptuut</strong></span> <span class='ocrx_word' id='word_1_126' title='bbox 726 1642 915 1717; x_wconf 82' lang='lat' dir='ltr'><strong>(Esai.</strong></span> <span class='ocrx_word' id='word_1_127' title='bbox 949 1659 1057 1706; x_wconf 77' lang='lat' dir='ltr'><strong>xix,</strong></span> <span class='ocrx_word' id='word_1_128' title='bbox 1090 1644 1116 1698; x_wconf 79' lang='grc'><strong>1</strong></span> <span class='ocrx_word' id='word_1_129' title='bbox 1152 1644 1206 1713; x_wconf 87' lang='grc'>);</span> <span class='ocrx_word' id='word_1_130' title='bbox 1255 1642 1566 1709; x_wconf 76' lang='lat' dir='ltr'><strong>significans</strong></span> <span class='ocrx_word' id='word_1_131' title='bbox 1599 1640 1743 1712; x_wconf 86' lang='lat' dir='ltr'><strong>quod</strong></span> 
     </span>
    </p>
   </div>
   <div class='ocr_carea' id='block_1_17' title="bbox 3328 227 3434 285">
    <p class='ocr_par' dir='ltr' id='par_1_17' title="bbox 3328 227 3434 285">
     <span class='ocr_line' id='line_1_17' title="bbox 3328 227 3434 285; baseline 0.019 -2"><span class='ocrx_word' id='word_1_132' title='bbox 3328 227 3434 285; x_wconf 76' lang='lat' dir='ltr'><strong>3i6</strong></span> 
     </span>
    </p>
   </div>
   <div class='ocr_carea' id='block_1_18' title="bbox 2432 344 2787 404">
    <p class='ocr_par' dir='ltr' id='par_1_18' title="bbox 2432 344 2787 404">
     <span class='ocr_line' id='line_1_18' title="bbox 2432 344 2787 404; baseline -0.008 -1"><span class='ocrx_word' id='word_1_133' title='bbox 2432 344 2659 404; x_wconf 78' lang='lat' dir='ltr'><strong>CAPUT</strong></span> <span class='ocrx_word' id='word_1_134' title='bbox 2705 345 2787 402; x_wconf 74' lang='lat' dir='ltr'><strong>Vl.</strong></span> 
     </span>
    </p>
   </div>
   <div class='ocr_carea' id='block_1_19' title="bbox 1833 439 3436 511">
    <p class='ocr_par' dir='ltr' id='par_1_19' title="bbox 1833 439 3436 511">
     <span class='ocr_line' id='line_1_19' title="bbox 1833 439 3436 511; baseline -0.001 -17"><span class='ocrx_word' id='word_1_135' title='bbox 1833 441 2057 510; x_wconf 79' lang='lat' dir='ltr'><strong>Adaptat</strong></span> <span class='ocrx_word' id='word_1_136' title='bbox 2082 441 2207 511; x_wconf 79' lang='lat' dir='ltr'><strong>filiis</strong></span> <span class='ocrx_word' id='word_1_137' title='bbox 2241 441 2380 496; x_wconf 85' lang='lat' dir='ltr'><strong>dicta</strong></span> <span class='ocrx_word' id='word_1_138' title='bbox 2416 442 2674 511; x_wconf 83' lang='lat' dir='ltr'><strong>superius,</strong></span> <span class='ocrx_word' id='word_1_139' title='bbox 2723 441 2877 495; x_wconf 84' lang='lat' dir='ltr'><strong>docet</strong></span> <span class='ocrx_word' id='word_1_140' title='bbox 2924 456 3026 510; x_wconf 84' lang='lat' dir='ltr'><strong>qua</strong></span> <span class='ocrx_word' id='word_1_141' title='bbox 3081 441 3278 495; x_wconf 89' lang='lat' dir='ltr'><strong>ratione</strong></span> <span class='ocrx_word' id='word_1_142' title='bbox 3334 439 3436 509; x_wconf 83' lang='lat' dir='ltr'><strong>ipsi</strong></span> 
     </span>
    </p>
   </div>
   <div class='ocr_carea' id='block_1_20' title="bbox 1905 532 3443 606">
    <p class='ocr_par' dir='ltr' id='par_1_20' title="bbox 1905 532 3443 606">
     <span class='ocr_line' id='line_1_20' title="bbox 1905 532 3443 606; baseline 0.001 -19"><span class='ocrx_word' id='word_1_143' title='bbox 1905 534 2062 587; x_wconf 81' lang='lat' dir='ltr'><strong>nubes</strong></span> <span class='ocrx_word' id='word_1_144' title='bbox 2088 535 2219 589; x_wconf 74' lang='lat' dir='ltr'><strong>leves</strong></span> <span class='ocrx_word' id='word_1_145' title='bbox 2262 551 2373 590; x_wconf 85' lang='lat' dir='ltr'><strong>esse</strong></span> <span class='ocrx_word' id='word_1_146' title='bbox 2411 545 2598 606; x_wconf 84' lang='lat' dir='ltr'><strong>queant</strong></span> <span class='ocrx_word' id='word_1_147' title='bbox 2635 552 2726 605; x_wconf 82' lang='lat' dir='ltr'><strong>per</strong></span> <span class='ocrx_word' id='word_1_148' title='bbox 2753 534 3099 605; x_wconf 78' lang='lat' dir='ltr'><strong>virginitatem</strong></span> <span class='ocrx_word' id='word_1_149' title='bbox 3146 549 3167 588; x_wconf 91' lang='lat'><strong><em>:</em></strong></span> <span class='ocrx_word' id='word_1_150' title='bbox 3212 542 3260 588; x_wconf 86' lang='lat' dir='ltr'><strong>et</strong></span> <span class='ocrx_word' id='word_1_151' title='bbox 3311 532 3443 588; x_wconf 86' lang='lat' dir='ltr'><strong>dare</strong></span> 
     </span>
    </p>
   </div>
   <div class='ocr_carea' id='block_1_21' title="bbox 1905 624 3439 699">
    <p class='ocr_par' dir='ltr' id='par_1_21' title="bbox 1905 624 3439 699">
     <span class='ocr_line' id='line_1_21' title="bbox 1905 624 3439 699; baseline 0.001 -19"><span class='ocrx_word' id='word_1_152' title='bbox 1905 624 2028 681; x_wconf 84' lang='lat' dir='ltr'><strong>Leci</strong></span> <span class='ocrx_word' id='word_1_153' title='bbox 2057 644 2197 682; x_wconf 77' lang='lat' dir='ltr'><strong>veros</strong></span> <span class='ocrx_word' id='word_1_154' title='bbox 2227 630 2359 699; x_wconf 81' lang='lat' dir='ltr'><strong>ejus,</strong></span> <span class='ocrx_word' id='word_1_155' title='bbox 2395 631 2440 683; x_wconf 90' lang='lat' dir='ltr'><strong>si</strong></span> <span class='ocrx_word' id='word_1_156' title='bbox 2465 632 2591 683; x_wconf 83' lang='lat' dir='ltr'><strong>tales</strong></span> <span class='ocrx_word' id='word_1_157' title='bbox 2618 629 2863 682; x_wconf 82' lang='lat' dir='ltr'><strong>nimirum</strong></span> <span class='ocrx_word' id='word_1_158' title='bbox 2889 636 3238 693; x_wconf 82' lang='lat' dir='ltr'><strong>permaneant,</strong></span> <span class='ocrx_word' id='word_1_159' title='bbox 3260 625 3439 696; x_wconf 77' lang='lat' dir='ltr'><strong>quales</strong></span> 
     </span>
    </p>
   </div>
   <div class='ocr_carea' id='block_1_22' title="bbox 1907 718 3438 793">
    <p class='ocr_par' dir='ltr' id='par_1_22' title="bbox 1907 718 3438 793">
     <span class='ocr_line' id='line_1_22' title="bbox 1907 718 3438 793; baseline 0 -23"><span class='ocrx_word' id='word_1_160' title='bbox 1907 720 2062 791; x_wconf 77' lang='grc' dir='ltr'><strong><em>ριὶηιὶ</em></strong></span> <span class='ocrx_word' id='word_1_161' title='bbox 2090 732 2325 790; x_wconf 78' lang='lat' dir='ltr'><strong>parentes</strong></span> <span class='ocrx_word' id='word_1_162' title='bbox 2368 734 2488 776; x_wconf 84' lang='lat' dir='ltr'><strong>ante</strong></span> <span class='ocrx_word' id='word_1_163' title='bbox 2524 732 2810 793; x_wconf 82' lang='lat' dir='ltr'><strong>peccatum.</strong></span> <span class='ocrx_word' id='word_1_164' title='bbox 2861 718 3065 773; x_wconf 82' lang='lat' dir='ltr'><strong>Horum</strong></span> <span class='ocrx_word' id='word_1_165' title='bbox 3119 719 3257 788; x_wconf 82' lang='lat' dir='ltr'><strong>ﬁlios</strong></span> <span class='ocrx_word' id='word_1_166' title='bbox 3307 731 3438 787; x_wconf 83' lang='lat' dir='ltr'><strong>quos</strong></span> 
     </span>
    </p>
   </div>
   <div class='ocr_carea' id='block_1_23' title="bbox 1908 810 3438 885">
    <p class='ocr_par' dir='ltr' id='par_1_23' title="bbox 1908 810 3438 885">
     <span class='ocr_line' id='line_1_23' title="bbox 1908 810 3438 885; baseline -0.003 -18"><span class='ocrx_word' id='word_1_167' title='bbox 1908 814 2056 877; x_wconf 79' lang='lat' dir='ltr'><strong>eiecti</strong></span> <span class='ocrx_word' id='word_1_168' title='bbox 2096 831 2124 868; x_wconf 88' lang='lat' dir='ltr'><strong>e</strong></span> <span class='ocrx_word' id='word_1_169' title='bbox 2159 812 2418 868; x_wconf 86' lang='lat' dir='ltr'><strong>Paradiso</strong></span> <span class='ocrx_word' id='word_1_170' title='bbox 2471 825 2778 885; x_wconf 81' lang='lat' dir='ltr'><strong>genuerunt,</strong></span> <span class='ocrx_word' id='word_1_171' title='bbox 2807 822 3077 883; x_wconf 74' lang='lat' dir='ltr'><strong>comparat</strong></span> <span class='ocrx_word' id='word_1_172' title='bbox 3116 827 3136 866; x_wconf 90' lang='lat'><strong><em>:</em></strong></span> <span class='ocrx_word' id='word_1_173' title='bbox 3170 820 3220 866; x_wconf 89' lang='lat' dir='ltr'><strong>et</strong></span> <span class='ocrx_word' id='word_1_174' title='bbox 3250 810 3438 879; x_wconf 83' lang='lat' dir='ltr'><strong>prioris</strong></span> 
     </span>
    </p>
   </div>
   <div class='ocr_carea' id='block_1_24' title="bbox 1909 906 3439 975">
    <p class='ocr_par' dir='ltr' id='par_1_24' title="bbox 1909 906 3439 975">
     <span class='ocr_line' id='line_1_24' title="bbox 1909 906 3439 975; baseline -0.004 -14"><span class='ocrx_word' id='word_1_175' title='bbox 1909 906 2006 975; x_wconf 81' lang='lat' dir='ltr'><strong>ﬁlii</strong></span> <span class='ocrx_word' id='word_1_176' title='bbox 2030 909 2297 961; x_wconf 53' lang='lat' dir='ltr'><strong>occasione</strong></span> <span class='ocrx_word' id='word_1_177' title='bbox 2310 924 2431 961; x_wconf 86' lang='lat' dir='ltr'><strong>suos</strong></span> <span class='ocrx_word' id='word_1_178' title='bbox 2464 907 2717 970; x_wconf 82' lang='lat' dir='ltr'><strong>hortatur,</strong></span> <span class='ocrx_word' id='word_1_179' title='bbox 2751 915 2806 960; x_wconf 88' lang='lat' dir='ltr'><strong>ut</strong></span> <span class='ocrx_word' id='word_1_180' title='bbox 2837 906 3129 959; x_wconf 84' lang='lat' dir='ltr'><strong>mundanas</strong></span> <span class='ocrx_word' id='word_1_181' title='bbox 3167 920 3267 956; x_wconf 85' lang='lat' dir='ltr'><strong>non</strong></span> <span class='ocrx_word' id='word_1_182' title='bbox 3298 916 3439 973; x_wconf 51' lang='lat' dir='ltr'><strong>qua.»</strong></span> 
     </span>
    </p>
   </div>
   <div class='ocr_carea' id='block_1_25' title="bbox 1912 996 3435 1073">
    <p class='ocr_par' dir='ltr' id='par_1_25' title="bbox 1912 996 3435 1073">
     <span class='ocr_line' id='line_1_25' title="bbox 1912 996 3435 1073; baseline -0.003 -18"><span class='ocrx_word' id='word_1_183' title='bbox 1912 1012 2032 1055; x_wconf 88' lang='lat' dir='ltr'><strong>rant</strong></span> <span class='ocrx_word' id='word_1_184' title='bbox 2075 1004 2443 1069; x_wconf 79' lang='lat' dir='ltr'><strong>possessiones,</strong></span> <span class='ocrx_word' id='word_1_185' title='bbox 2487 1019 2620 1073; x_wconf 87' lang='lat' dir='ltr'><strong>quas</strong></span> <span class='ocrx_word' id='word_1_186' title='bbox 2659 1002 2784 1071; x_wconf 77' lang='lat' dir='ltr'><strong>[ilice</strong></span> <span class='ocrx_word' id='word_1_187' title='bbox 2816 998 3087 1072; x_wconf 84' lang='lat' dir='ltr'><strong>Salphaad</strong></span> <span class='ocrx_word' id='word_1_188' title='bbox 3127 996 3435 1052; x_wconf 74' lang='lat' dir='ltr'><strong>ambierant.</strong></span> 
     </span>
    </p>
   </div>
   <div class='ocr_carea' id='block_1_26' title="bbox 1917 1089 3440 1168">
    <p class='ocr_par' dir='ltr' id='par_1_26' title="bbox 1917 1089 3440 1168">
     <span class='ocr_line' id='line_1_26' title="bbox 1917 1089 3440 1168; baseline -0.003 -20"><span class='ocrx_word' id='word_1_189' title='bbox 1917 1093 2056 1162; x_wconf 80' lang='lat' dir='ltr'><strong>Quid</strong></span> <span class='ocrx_word' id='word_1_190' title='bbox 2077 1111 2169 1166; x_wconf 84' lang='lat' dir='ltr'><strong>per</strong></span> <span class='ocrx_word' id='word_1_191' title='bbox 2194 1097 2290 1149; x_wconf 81' lang='lat' dir='ltr'><strong>hoc</strong></span> <span class='ocrx_word' id='word_1_192' title='bbox 2326 1096 2668 1168; x_wconf 84' lang='lat' dir='ltr'><strong>signiﬁcetur,</strong></span> <span class='ocrx_word' id='word_1_193' title='bbox 2714 1111 2902 1163; x_wconf 73' lang='lat' dir='ltr'><strong>quasve</strong></span> <span class='ocrx_word' id='word_1_194' title='bbox 2940 1104 3102 1148; x_wconf 82' lang='lat' dir='ltr'><strong>sortes</strong></span> <span class='ocrx_word' id='word_1_195' title='bbox 3144 1090 3267 1145; x_wconf 78' lang='lat' dir='ltr'><strong>Levi</strong></span> <span class='ocrx_word' id='word_1_196' title='bbox 3286 1089 3440 1160; x_wconf 61' lang='lat' dir='ltr'><strong>jubeo</strong></span> 
     </span>
    </p>
   </div>
   <div class='ocr_carea' id='block_1_27' title="bbox 1915 1181 3440 1253">
    <p class='ocr_par' dir='ltr' id='par_1_27' title="bbox 1915 1181 3440 1253">
     <span class='ocr_line' id='line_1_27' title="bbox 1915 1181 3440 1253; baseline -0.003 -14"><span class='ocrx_word' id='word_1_197' title='bbox 1915 1203 2032 1240; x_wconf 87' lang='lat' dir='ltr'><strong>mur</strong></span> <span class='ocrx_word' id='word_1_198' title='bbox 2058 1187 2220 1241; x_wconf 80' lang='lat' dir='ltr'><strong>dare?</strong></span> <span class='ocrx_word' id='word_1_199' title='bbox 2244 1186 2532 1243; x_wconf 68' lang='lat' dir='ltr'><strong>Dominicis</strong></span> <span class='ocrx_word' id='word_1_200' title='bbox 2573 1203 2632 1241; x_wconf 84' lang='lat' dir='ltr'><strong>ac</strong></span> <span class='ocrx_word' id='word_1_201' title='bbox 2670 1186 2917 1241; x_wconf 70' lang='lat' dir='ltr'><strong>Hositij</strong></span> <span class='ocrx_word' id='word_1_202' title='bbox 2958 1184 3240 1241; x_wconf 87' lang='lat' dir='ltr'><strong>sortitiouis</strong></span> <span class='ocrx_word' id='word_1_203' title='bbox 3277 1181 3440 1253; x_wconf 83' lang='lat' dir='ltr'><strong>quod-</strong></span> 
     </span>
    </p>
   </div>
   <div class='ocr_carea' id='block_1_28' title="bbox 1917 1274 3443 1339">
    <p class='ocr_par' dir='ltr' id='par_1_28' title="bbox 1917 1274 3443 1339">
     <span class='ocr_line' id='line_1_28' title="bbox 1917 1274 3443 1339; baseline -0.003 -6"><span class='ocrx_word' id='word_1_204' title='bbox 1917 1296 2038 1333; x_wconf 83' lang='lat' dir='ltr'><strong>nam</strong></span> <span class='ocrx_word' id='word_1_205' title='bbox 2065 1279 2379 1334; x_wconf 80' lang='lat' dir='ltr'><strong>discrimen?</strong></span> <span class='ocrx_word' id='word_1_206' title='bbox 2413 1279 2612 1334; x_wconf 72' lang='lat' dir='ltr'><strong>[larum</strong></span> <span class='ocrx_word' id='word_1_207' title='bbox 2642 1282 2806 1334; x_wconf 85' lang='lat' dir='ltr'><strong>altera</strong></span> <span class='ocrx_word' id='word_1_208' title='bbox 2836 1277 3246 1339; x_wconf 67' lang='lat' dir='ltr'><strong>matrimonium,</strong></span> <span class='ocrx_word' id='word_1_209' title='bbox 3276 1274 3443 1329; x_wconf 88' lang='lat' dir='ltr'><strong>altera</strong></span> 
     </span>
    </p>
   </div>
   <div class='ocr_carea' id='block_1_29' title="bbox 1917 1370 3444 1444">
    <p class='ocr_par' dir='ltr' id='par_1_29' title="bbox 1917 1370 3444 1444">
     <span class='ocr_line' id='line_1_29' title="bbox 1917 1370 3444 1444; baseline -0.003 -19"><span class='ocrx_word' id='word_1_210' title='bbox 1917 1373 2257 1444; x_wconf 69' lang='lat' dir='ltr'><strong>uirginitatem</strong></span> <span class='ocrx_word' id='word_1_211' title='bbox 2332 1374 2548 1442; x_wconf 85' lang='lat' dir='ltr'><strong>signari,</strong></span> <span class='ocrx_word' id='word_1_212' title='bbox 2603 1388 2718 1443; x_wconf 71' lang='lat' dir='ltr'><strong>qua:</strong></span> <span class='ocrx_word' id='word_1_213' title='bbox 2763 1372 3045 1427; x_wconf 82' lang='lat' dir='ltr'><strong>libertatem</strong></span> <span class='ocrx_word' id='word_1_214' title='bbox 3089 1370 3444 1424; x_wconf 74' lang='lat' dir='ltr'><strong>ministrorum</strong></span> 
     </span>
    </p>
   </div>
   <div class='ocr_carea' id='block_1_30' title="bbox 1919 1466 2548 1537">
    <p class='ocr_par' dir='ltr' id='par_1_30' title="bbox 1919 1466 2548 1537">
     <span class='ocr_line' id='line_1_30' title="bbox 1919 1466 2548 1537; baseline -0.003 -16"><span class='ocrx_word' id='word_1_215' title='bbox 1919 1466 2110 1523; x_wconf 80' lang='lat' dir='ltr'><strong>Christi</strong></span> <span class='ocrx_word' id='word_1_216' title='bbox 2140 1482 2272 1537; x_wconf 87' lang='lat' dir='ltr'><strong>pone</strong></span> <span class='ocrx_word' id='word_1_217' title='bbox 2298 1467 2548 1535; x_wconf 78' lang='lat' dir='ltr'><strong>sequitur.</strong></span> 
     </span>
    </p>
   </div>
   <div class='ocr_carea' id='block_1_31' title="bbox 1918 1553 3447 1626">
    <p class='ocr_par' dir='ltr' id='par_1_31' title="bbox 1918 1553 3447 1626">
     <span class='ocr_line' id='line_1_31' title="bbox 1918 1553 3447 1626; baseline -0.005 -12"><span class='ocrx_word' id='word_1_218' title='bbox 1918 1560 2007 1614; x_wconf 85' lang='lat' dir='ltr'><strong>5t.</strong></span> <span class='ocrx_word' id='word_1_219' title='bbox 2040 1559 2173 1613; x_wconf 81' lang='lat' dir='ltr'><strong>Date</strong></span> <span class='ocrx_word' id='word_1_220' title='bbox 2211 1572 2343 1626; x_wconf 89' lang='lat' dir='ltr'><strong>ergo</strong></span> <span class='ocrx_word' id='word_1_221' title='bbox 2388 1568 2443 1613; x_wconf 87' lang='lat' dir='ltr'><strong>et</strong></span> <span class='ocrx_word' id='word_1_222' title='bbox 2484 1572 2602 1621; x_wconf 84' lang='lat' dir='ltr'><strong>vos,</strong></span> <span class='ocrx_word' id='word_1_223' title='bbox 2633 1556 2727 1611; x_wconf 87' lang='lat' dir='ltr'><strong>lilii</strong></span> <span class='ocrx_word' id='word_1_224' title='bbox 2758 1556 2888 1621; x_wconf 88' lang='lat' dir='ltr'><strong>mei,</strong></span> <span class='ocrx_word' id='word_1_225' title='bbox 2927 1570 3061 1611; x_wconf 84' lang='lat' dir='ltr'><strong>vero</strong></span> <span class='ocrx_word' id='word_1_226' title='bbox 3091 1554 3169 1610; x_wconf 92' lang='lat' dir='ltr'><strong>illi</strong></span> <span class='ocrx_word' id='word_1_227' title='bbox 3206 1553 3331 1609; x_wconf 84' lang='lat' dir='ltr'><strong>Levi</strong></span> <span class='ocrx_word' id='word_1_228' title='bbox 3355 1567 3447 1607; x_wconf 86' lang='lat' dir='ltr'><strong>ve-</strong></span> 
     </span>
    </p>
   </div>
   <div class='ocr_carea' id='block_1_32' title="bbox 1850 1646 3446 1720">
    <p class='ocr_par' dir='ltr' id='par_1_32' title="bbox 1850 1646 3446 1720">
     <span class='ocr_line' id='line_1_32' title="bbox 1850 1646 3446 1720; baseline -0.006 -13"><span class='ocrx_word' id='word_1_229' title='bbox 1850 1667 1940 1707; x_wconf 87' lang='lat' dir='ltr'><strong>ros</strong></span> <span class='ocrx_word' id='word_1_230' title='bbox 1969 1651 2109 1720; x_wconf 87' lang='lat' dir='ltr'><strong>ejus.</strong></span> <span class='ocrx_word' id='word_1_231' title='bbox 2153 1649 2344 1705; x_wconf 84' lang='lat' dir='ltr'><strong>Estote</strong></span> <span class='ocrx_word' id='word_1_232' title='bbox 2388 1649 2579 1716; x_wconf 89' lang='lat' dir='ltr'><strong>nubes,</strong></span> <span class='ocrx_word' id='word_1_233' title='bbox 2618 1650 2713 1705; x_wconf 87' lang='lat' dir='ltr'><strong>sed</strong></span> <span class='ocrx_word' id='word_1_234' title='bbox 2748 1648 2911 1704; x_wconf 80' lang='lat' dir='ltr'><strong>leves.</strong></span> <span class='ocrx_word' id='word_1_235' title='bbox 2962 1648 3127 1704; x_wconf 83' lang='lat' dir='ltr'><strong>Erilis</strong></span> <span class='ocrx_word' id='word_1_236' title='bbox 3181 1646 3446 1718; x_wconf 82' lang='lat' dir='ltr'><strong>profecto,</strong></span> 
     </span>
    </p>
   </div>
   <div class='ocr_carea' id='block_1_33' title="bbox 192 1736 1763 1813">
    <p class='ocr_par' dir='ltr' id='par_1_33' title="bbox 192 1736 1748 1811">
     <span class='ocr_line' id='line_1_33' title="bbox 192 1736 1748 1811; baseline -0.003 -19"><span class='ocrx_word' id='word_1_237' title='bbox 192 1739 232 1792; x_wconf 91' lang='lat' dir='ltr'><strong>in</strong></span> <span class='ocrx_word' id='word_1_238' title='bbox 252 1737 551 1811; x_wconf 67' lang='lat' dir='ltr'><strong>Egyptum,</strong></span> <span class='ocrx_word' id='word_1_239' title='bbox 584 1738 637 1793; x_wconf 90' lang='lat' dir='ltr'><strong>id</strong></span> <span class='ocrx_word' id='word_1_240' title='bbox 668 1747 771 1802; x_wconf 85' lang='lat' dir='ltr'><strong>est,</strong></span> <span class='ocrx_word' id='word_1_241' title='bbox 801 1738 854 1792; x_wconf 93' lang='lat' dir='ltr'><strong>in</strong></span> <span class='ocrx_word' id='word_1_242' title='bbox 880 1737 1232 1793; x_wconf 81' lang='lat' dir='ltr'><strong>afﬂictionem</strong></span> <span class='ocrx_word' id='word_1_243' title='bbox 1269 1736 1453 1791; x_wconf 79' lang='lat' dir='ltr'><strong>mundi</strong></span> <span class='ocrx_word' id='word_1_244' title='bbox 1479 1737 1639 1805; x_wconf 86' lang='lat' dir='ltr'><strong>hujus</strong></span> <span class='ocrx_word' id='word_1_245' title='bbox 1666 1751 1748 1788; x_wconf 82' lang='lat' dir='ltr'><strong>ve-</strong></span> 
     </span>
    </p>
   </div>
   <div class='ocr_carea' id='block_1_34' title="bbox 1889 1736 3451 1813">
    <p class='ocr_par' dir='ltr' id='par_1_34' title="bbox 1889 1737 3451 1813">
     <span class='ocr_line' id='line_1_34' title="bbox 1889 1737 3451 1813; baseline -0.005 -14"><span class='ocrx_word' id='word_1_246' title='bbox 1889 1745 2139 1799; x_wconf 85' lang='lat' dir='ltr'><strong>iablevct</strong></span> <span class='ocrx_word' id='word_1_247' title='bbox 2170 1742 2454 1813; x_wconf 80' lang='lat' dir='ltr'><strong>virginitas</strong></span> <span class='ocrx_word' id='word_1_248' title='bbox 2499 1757 2665 1797; x_wconf 89' lang='lat' dir='ltr'><strong>onera</strong></span> <span class='ocrx_word' id='word_1_249' title='bbox 2704 1740 3049 1806; x_wconf 87' lang='lat' dir='ltr'><strong>conditionis,</strong></span> <span class='ocrx_word' id='word_1_250' title='bbox 3095 1747 3151 1793; x_wconf 85' lang='lat' dir='ltr'><strong>et</strong></span> <span class='ocrx_word' id='word_1_251' title='bbox 3198 1737 3451 1793; x_wconf 81' lang='lat' dir='ltr'><strong>tenebras</strong></span> 
     </span>
    </p>
   </div>
   <div class='ocr_carea' id='block_1_35' title="bbox 192 1829 1740 1902">
    <p class='ocr_par' dir='ltr' id='par_1_35' title="bbox 192 1829 1740 1902">
     <span class='ocr_line' id='line_1_35' title="bbox 192 1829 1740 1902; baseline -0.003 -16"><span class='ocrx_word' id='word_1_252' title='bbox 192 1832 306 1887; x_wconf 85' lang='lat' dir='ltr'><strong>airet</strong></span> <span class='ocrx_word' id='word_1_253' title='bbox 328 1830 356 1870; x_wconf 70' lang='grc' dir='ltr'><strong>ι’</strong></span> <span class='ocrx_word' id='word_1_254' title='bbox 379 1847 543 1901; x_wconf 87' lang='lat' dir='ltr'><strong>super</strong></span> <span class='ocrx_word' id='word_1_255' title='bbox 563 1832 846 1902; x_wconf 82' lang='lat' dir='ltr'><strong>virginem.</strong></span> <span class='ocrx_word' id='word_1_256' title='bbox 880 1829 1088 1885; x_wconf 79' lang='lat' dir='ltr'><strong>Nubem</strong></span> <span class='ocrx_word' id='word_1_257' title='bbox 1119 1832 1301 1901; x_wconf 78' lang='lat' dir='ltr'><strong>itaque</strong></span> <span class='ocrx_word' id='word_1_258' title='bbox 1340 1830 1558 1883; x_wconf 79' lang='lat' dir='ltr'><strong>Mariam</strong></span> <span class='ocrx_word' id='word_1_259' title='bbox 1587 1830 1740 1894; x_wconf 80' lang='lat' dir='ltr'><strong>dixit,</strong></span> 
     </span>
    </p>
   </div>
   <div class='ocr_carea' id='block_1_36' title="bbox 188 1922 1747 1996">
    <p class='ocr_par' dir='ltr' id='par_1_36' title="bbox 188 1922 1747 1996">
     <span class='ocr_line' id='line_1_36' title="bbox 188 1922 1747 1996; baseline -0.002 -15"><span class='ocrx_word' id='word_1_260' title='bbox 188 1928 286 1996; x_wconf 78' lang='lat' dir='ltr'><strong>quia</strong></span> <span class='ocrx_word' id='word_1_261' title='bbox 311 1942 527 1981; x_wconf 82' lang='lat' dir='ltr'><strong>carnem</strong></span> <span class='ocrx_word' id='word_1_262' title='bbox 568 1925 821 1996; x_wconf 81' lang='lat' dir='ltr'><strong>gerebat;</strong></span> <span class='ocrx_word' id='word_1_263' title='bbox 856 1926 1051 1986; x_wconf 89' lang='lat' dir='ltr'><strong>levem,</strong></span> <span class='ocrx_word' id='word_1_264' title='bbox 1082 1925 1209 1995; x_wconf 84' lang='lat' dir='ltr'><strong>quia</strong></span> <span class='ocrx_word' id='word_1_265' title='bbox 1238 1924 1393 1993; x_wconf 86' lang='lat' dir='ltr'><strong>virgo</strong></span> <span class='ocrx_word' id='word_1_266' title='bbox 1414 1934 1553 1985; x_wconf 85' lang='lat' dir='ltr'><strong>erat,</strong></span> <span class='ocrx_word' id='word_1_267' title='bbox 1588 1922 1747 1978; x_wconf 85' lang='lat' dir='ltr'><strong>nullis</strong></span> 
     </span>
    </p>
   </div>
   <div class='ocr_carea' id='block_1_37' title="bbox 184 2018 1751 2090">
    <p class='ocr_par' dir='ltr' id='par_1_37' title="bbox 184 2018 1751 2090">
     <span class='ocr_line' id='line_1_37' title="bbox 184 2018 1751 2090; baseline -0.001 -17"><span class='ocrx_word' id='word_1_268' title='bbox 184 2022 409 2075; x_wconf 72' lang='lat' dir='ltr'><strong>curribus</strong></span> <span class='ocrx_word' id='word_1_269' title='bbox 447 2031 671 2090; x_wconf 79' lang='lat' dir='ltr'><strong>gravata</strong></span> <span class='ocrx_word' id='word_1_270' title='bbox 694 2019 952 2090; x_wconf 88' lang='lat' dir='ltr'><strong>conjugii.</strong></span> <span class='ocrx_word' id='word_1_271' title='bbox 980 2018 1096 2089; x_wconf 85' lang='lat' dir='ltr'><strong>Ipsa</strong></span> <span class='ocrx_word' id='word_1_272' title='bbox 1137 2029 1222 2073; x_wconf 87' lang='lat' dir='ltr'><strong>est</strong></span> <span class='ocrx_word' id='word_1_273' title='bbox 1255 2018 1404 2087; x_wconf 71' lang='lat' dir='ltr'><strong>virga</strong></span> <span class='ocrx_word' id='word_1_274' title='bbox 1435 2018 1751 2088; x_wconf 87' lang='lat' dir='ltr'><strong>germinans</strong></span> 
     </span>
    </p>
   </div>
   <div class='ocr_carea' id='block_1_38' title="bbox 185 2109 1749 2185">
    <p class='ocr_par' dir='ltr' id='par_1_38' title="bbox 185 2109 1749 2185">
     <span class='ocr_line' id='line_1_38' title="bbox 185 2109 1749 2185; baseline -0.003 -17"><span class='ocrx_word' id='word_1_275' title='bbox 185 2114 369 2177; x_wconf 85' lang='lat' dir='ltr'><strong>llorem,</strong></span> <span class='ocrx_word' id='word_1_276' title='bbox 396 2113 522 2185; x_wconf 84' lang='lat' dir='ltr'><strong>quia</strong></span> <span class='ocrx_word' id='word_1_277' title='bbox 553 2128 684 2184; x_wconf 84' lang='lat' dir='ltr'><strong>pura</strong></span> <span class='ocrx_word' id='word_1_278' title='bbox 732 2124 786 2168; x_wconf 91' lang='lat' dir='ltr'><strong>et</strong></span> <span class='ocrx_word' id='word_1_279' title='bbox 828 2112 894 2167; x_wconf 90' lang='lat' dir='ltr'><strong>ad</strong></span> <span class='ocrx_word' id='word_1_280' title='bbox 928 2113 1213 2167; x_wconf 87' lang='lat' dir='ltr'><strong>Dominum</strong></span> <span class='ocrx_word' id='word_1_281' title='bbox 1256 2112 1431 2166; x_wconf 85' lang='lat' dir='ltr'><strong>libero</strong></span> <span class='ocrx_word' id='word_1_282' title='bbox 1469 2111 1635 2165; x_wconf 91' lang='lat' dir='ltr'><strong>corde</strong></span> <span class='ocrx_word' id='word_1_283' title='bbox 1664 2109 1749 2164; x_wconf 89' lang='lat' dir='ltr'><strong>di-</strong></span> 
     </span>
    </p>
   </div>
   <div class='ocr_carea' id='block_1_39' title="bbox 185 2202 1749 2276">
    <p class='ocr_par' dir='ltr' id='par_1_39' title="bbox 185 2202 1749 2276">
     <span class='ocr_line' id='line_1_39' title="bbox 185 2202 1749 2276; baseline -0.004 -16"><span class='ocrx_word' id='word_1_284' title='bbox 185 2216 307 2260; x_wconf 80' lang='lat' dir='ltr'><strong>recta</strong></span> <span class='ocrx_word' id='word_1_285' title='bbox 328 2206 629 2276; x_wconf 84' lang='lat' dir='ltr'><strong>virginitas,</strong></span> <span class='ocrx_word' id='word_1_286' title='bbox 673 2220 796 2276; x_wconf 67' lang='lat' dir='ltr'><strong>qua:</strong></span> <span class='ocrx_word' id='word_1_287' title='bbox 836 2204 998 2259; x_wconf 89' lang='lat' dir='ltr'><strong>nullis</strong></span> <span class='ocrx_word' id='word_1_288' title='bbox 1027 2205 1083 2259; x_wconf 92' lang='lat' dir='ltr'><strong>in</strong></span> <span class='ocrx_word' id='word_1_289' title='bbox 1122 2205 1225 2258; x_wconf 92' lang='lat' dir='ltr'><strong>hoc</strong></span> <span class='ocrx_word' id='word_1_290' title='bbox 1272 2202 1472 2258; x_wconf 71' lang='lat' dir='ltr'><strong>smcnlo</strong></span> <span class='ocrx_word' id='word_1_291' title='bbox 1495 2217 1749 2257; x_wconf 90' lang='lat' dir='ltr'><strong>curarum</strong></span> 
     </span>
    </p>
   </div>
   <div class='ocr_carea' id='block_1_40' title="bbox 185 2297 1320 2369">
    <p class='ocr_par' dir='ltr' id='par_1_40' title="bbox 185 2297 1320 2369">
     <span class='ocr_line' id='line_1_40' title="bbox 185 2297 1320 2369; baseline -0.002 -17"><span class='ocrx_word' id='word_1_292' title='bbox 185 2298 487 2355; x_wconf 79' lang='lat' dir='ltr'><strong>anfractibus</strong></span> <span class='ocrx_word' id='word_1_293' title='bbox 510 2298 810 2355; x_wconf 77' lang='lat' dir='ltr'><strong>reflectitur</strong></span> <span class='ocrx_word' id='word_1_294' title='bbox 830 2298 847 2369; x_wconf 89' lang='lat'><strong>(</strong></span> <span class='ocrx_word' id='word_1_295' title='bbox 868 2297 1027 2353; x_wconf 71' lang='lat' dir='ltr'><strong>Nam.</strong></span> <span class='ocrx_word' id='word_1_296' title='bbox 1065 2314 1194 2363; x_wconf 77' lang='lat' dir='ltr'><strong>xvn,</strong></span> <span class='ocrx_word' id='word_1_297' title='bbox 1229 2297 1320 2369; x_wconf 87' lang='lat'><strong>8).</strong></span> 
     </span>
    </p>
   </div>
   <div class='ocr_carea' id='block_1_41' title="bbox 247 2391 1756 2459">
    <p class='ocr_par' dir='ltr' id='par_1_41' title="bbox 247 2391 1756 2459">
     <span class='ocr_line' id='line_1_41' title="bbox 247 2391 1756 2459; baseline -0.002 -12"><span class='ocrx_word' id='word_1_298' title='bbox 247 2392 328 2447; x_wconf 73' lang='grc'><strong>52.</strong></span> <span class='ocrx_word' id='word_1_299' title='bbox 366 2392 489 2448; x_wconf 78' lang='lat' dir='ltr'><strong>Ideo</strong></span> <span class='ocrx_word' id='word_1_300' title='bbox 532 2393 678 2448; x_wconf 86' lang='lat' dir='ltr'><strong>illam</strong></span> <span class='ocrx_word' id='word_1_301' title='bbox 734 2392 997 2446; x_wconf 87' lang='lat' dir='ltr'><strong>Dominus</strong></span> <span class='ocrx_word' id='word_1_302' title='bbox 1039 2393 1106 2446; x_wconf 86' lang='lat' dir='ltr'><strong>de</strong></span> <span class='ocrx_word' id='word_1_303' title='bbox 1135 2406 1298 2446; x_wconf 84' lang='lat' dir='ltr'><strong>cruce</strong></span> <span class='ocrx_word' id='word_1_304' title='bbox 1344 2391 1613 2459; x_wconf 77' lang='lat' dir='ltr'><strong>discipulo</strong></span> <span class='ocrx_word' id='word_1_305' title='bbox 1654 2404 1756 2445; x_wconf 90' lang='lat' dir='ltr'><strong>suo</strong></span> 
     </span>
    </p>
   </div>
   <div class='ocr_carea' id='block_1_42' title="bbox 189 2482 1755 2555">
    <p class='ocr_par' dir='ltr' id='par_1_42' title="bbox 189 2482 1755 2555">
     <span class='ocr_line' id='line_1_42' title="bbox 189 2482 1755 2555; baseline -0.002 -16"><span class='ocrx_word' id='word_1_306' title='bbox 189 2484 516 2541; x_wconf 58' lang='lat' dir='ltr'><strong>dilectissimo</strong></span> <span class='ocrx_word' id='word_1_307' title='bbox 562 2486 663 2542; x_wconf 87' lang='lat' dir='ltr'><strong>sibi</strong></span> <span class='ocrx_word' id='word_1_308' title='bbox 695 2484 919 2540; x_wconf 84' lang='lat' dir='ltr'><strong>tradidit</strong></span> <span class='ocrx_word' id='word_1_309' title='bbox 943 2495 1136 2539; x_wconf 89' lang='lat' dir='ltr'><strong>sancto</strong></span> <span class='ocrx_word' id='word_1_310' title='bbox 1173 2483 1369 2539; x_wconf 82' lang='lat' dir='ltr'><strong>Joanni</strong></span> <span class='ocrx_word' id='word_1_311' title='bbox 1414 2482 1606 2555; x_wconf 79' lang='lat' dir='ltr'><strong>(Joan.</strong></span> <span class='ocrx_word' id='word_1_312' title='bbox 1643 2498 1755 2548; x_wconf 71' lang='lat' dir='ltr'><strong>vix,</strong></span> 
     </span>
    </p>
   </div>
   <div class='ocr_carea' id='block_1_43' title="bbox 188 2574 1755 2649">
    <p class='ocr_par' dir='ltr' id='par_1_43' title="bbox 188 2574 1755 2649">
     <span class='ocr_line' id='line_1_43' title="bbox 188 2574 1755 2649; baseline -0.002 -18"><span class='ocrx_word' id='word_1_313' title='bbox 188 2578 247 2631; x_wconf 65' lang='lat'><strong>27</strong></span> <span class='ocrx_word' id='word_1_314' title='bbox 262 2578 298 2649; x_wconf 92' lang='lat'><strong>).</strong></span> <span class='ocrx_word' id='word_1_315' title='bbox 337 2580 418 2647; x_wconf 85' lang='lat' dir='ltr'><strong>qui</strong></span> <span class='ocrx_word' id='word_1_316' title='bbox 443 2579 576 2633; x_wconf 71' lang='lat' dir='ltr'><strong>dixit</strong></span> <span class='ocrx_word' id='word_1_317' title='bbox 620 2577 758 2648; x_wconf 85' lang='lat' dir='ltr'><strong>patri</strong></span> <span class='ocrx_word' id='word_1_318' title='bbox 809 2587 859 2631; x_wconf 87' lang='lat' dir='ltr'><strong>et</strong></span> <span class='ocrx_word' id='word_1_319' title='bbox 906 2578 1057 2630; x_wconf 88' lang='lat' dir='ltr'><strong>matri</strong></span> <span class='ocrx_word' id='word_1_320' title='bbox 1091 2594 1103 2629; x_wconf 92' lang='lat'><strong>:</strong></span> <span class='ocrx_word' id='word_1_321' title='bbox 1134 2574 1259 2630; x_wconf 82' lang='lat' dir='ltr'><strong>Non</strong></span> <span class='ocrx_word' id='word_1_322' title='bbox 1299 2577 1416 2630; x_wconf 78' lang='lat' dir='ltr'><strong>novi</strong></span> <span class='ocrx_word' id='word_1_323' title='bbox 1470 2588 1519 2630; x_wconf 86' lang='lat' dir='ltr'><strong>te</strong></span> <span class='ocrx_word' id='word_1_324' title='bbox 1561 2574 1755 2647; x_wconf 87' lang='lat' dir='ltr'><strong>(Deut.</strong></span> 
     </span>
    </p>
   </div>
   <div class='ocr_carea' id='block_1_44' title="bbox 193 2670 1757 2743">
    <p class='ocr_par' dir='ltr' id='par_1_44' title="bbox 193 2670 1757 2743">
     <span class='ocr_line' id='line_1_44' title="bbox 193 2670 1757 2743; baseline 0.001 -20"><span class='ocrx_word' id='word_1_325' title='bbox 193 2686 355 2731; x_wconf 77' lang='lat' dir='ltr'><strong>sunt.</strong></span> <span class='ocrx_word' id='word_1_326' title='bbox 376 2673 453 2743; x_wconf 81' lang='lat'><strong>9).</strong></span> <span class='ocrx_word' id='word_1_327' title='bbox 484 2672 722 2742; x_wconf 89' lang='lat' dir='ltr'><strong>Denique</strong></span> <span class='ocrx_word' id='word_1_328' title='bbox 744 2683 966 2725; x_wconf 88' lang='lat' dir='ltr'><strong>vocatus</strong></span> <span class='ocrx_word' id='word_1_329' title='bbox 996 2687 1027 2724; x_wconf 87' lang='lat' dir='ltr'><strong>a</strong></span> <span class='ocrx_word' id='word_1_330' title='bbox 1057 2670 1276 2727; x_wconf 57' lang='lat' dir='ltr'><strong>Christo</strong></span> <span class='ocrx_word' id='word_1_331' title='bbox 1304 2671 1521 2742; x_wconf 79' lang='lat' dir='ltr'><strong>reliquit</strong></span> <span class='ocrx_word' id='word_1_332' title='bbox 1549 2678 1757 2740; x_wconf 87' lang='lat' dir='ltr'><strong>patrem</strong></span> 
     </span>
    </p>
   </div>
   <div class='ocr_carea' id='block_1_45' title="bbox 195 2761 1758 2834">
    <p class='ocr_par' dir='ltr' id='par_1_45' title="bbox 195 2761 1758 2834">
     <span class='ocr_line' id='line_1_45' title="bbox 195 2761 1758 2834; baseline 0.001 -18"><span class='ocrx_word' id='word_1_333' title='bbox 195 2761 400 2831; x_wconf 76' lang='lat' dir='ltr'><strong>(.llattlt.</strong></span> <span class='ocrx_word' id='word_1_334' title='bbox 418 2780 489 2830; x_wconf 84' lang='lat' dir='ltr'><strong>tv,</strong></span> <span class='ocrx_word' id='word_1_335' title='bbox 508 2765 571 2821; x_wconf 73' lang='grc'><strong>21</strong></span> <span class='ocrx_word' id='word_1_336' title='bbox 594 2764 634 2834; x_wconf 82' lang='grc'><strong>),</strong></span> <span class='ocrx_word' id='word_1_337' title='bbox 656 2765 883 2819; x_wconf 80' lang='lat' dir='ltr'><strong>verbum</strong></span> <span class='ocrx_word' id='word_1_338' title='bbox 906 2771 1145 2818; x_wconf 88' lang='lat' dir='ltr'><strong>secutus.</strong></span> <span class='ocrx_word' id='word_1_339' title='bbox 1174 2762 1308 2818; x_wconf 82' lang='lat' dir='ltr'><strong>Huic</strong></span> <span class='ocrx_word' id='word_1_340' title='bbox 1335 2764 1563 2818; x_wconf 85' lang='lat' dir='ltr'><strong>traditur</strong></span> <span class='ocrx_word' id='word_1_341' title='bbox 1586 2763 1758 2831; x_wconf 75' lang='lat' dir='ltr'><strong>virgo,</strong></span> 
     </span>
    </p>
   </div>
   <div class='ocr_carea' id='block_1_46' title="bbox 193 2857 1763 2930">
    <p class='ocr_par' dir='ltr' id='par_1_46' title="bbox 193 2857 1763 2930">
     <span class='ocr_line' id='line_1_46' title="bbox 193 2857 1763 2930; baseline 0.001 -19"><span class='ocrx_word' id='word_1_342' title='bbox 193 2857 271 2925; x_wconf 84' lang='lat' dir='ltr'><strong>qui</strong></span> <span class='ocrx_word' id='word_1_343' title='bbox 297 2875 417 2914; x_wconf 89' lang='lat' dir='ltr'><strong>suos</strong></span> <span class='ocrx_word' id='word_1_344' title='bbox 446 2860 651 2915; x_wconf 72' lang='lat' dir='ltr'><strong>nesciat</strong></span> <span class='ocrx_word' id='word_1_345' title='bbox 680 2879 693 2913; x_wconf 87' lang='lat'><strong>:</strong></span> <span class='ocrx_word' id='word_1_346' title='bbox 726 2860 854 2914; x_wconf 89' lang='lat' dir='ltr'><strong>huic</strong></span> <span class='ocrx_word' id='word_1_347' title='bbox 881 2860 1109 2914; x_wconf 80' lang='lat' dir='ltr'><strong>traditur</strong></span> <span class='ocrx_word' id='word_1_348' title='bbox 1135 2860 1309 2930; x_wconf 86' lang='lat' dir='ltr'><strong>virgo,</strong></span> <span class='ocrx_word' id='word_1_349' title='bbox 1339 2860 1427 2926; x_wconf 89' lang='lat' dir='ltr'><strong>qui</strong></span> <span class='ocrx_word' id='word_1_350' title='bbox 1446 2859 1514 2913; x_wconf 91' lang='lat' dir='ltr'><strong>de</strong></span> <span class='ocrx_word' id='word_1_351' title='bbox 1545 2867 1763 2927; x_wconf 80' lang='lat' dir='ltr'><strong>pectore</strong></span> 
     </span>
    </p>
   </div>
   <div class='ocr_carea' id='block_1_47' title="bbox 194 2947 1763 3022">
    <p class='ocr_par' dir='ltr' id='par_1_47' title="bbox 194 2947 1763 3022">
     <span class='ocr_line' id='line_1_47' title="bbox 194 2947 1763 3022; baseline 0.001 -19"><span class='ocrx_word' id='word_1_352' title='bbox 194 2947 369 3006; x_wconf 86' lang='lat' dir='ltr'><strong>Christi</strong></span> <span class='ocrx_word' id='word_1_353' title='bbox 406 2952 616 3007; x_wconf 78' lang='lat' dir='ltr'><strong>hauriat</strong></span> <span class='ocrx_word' id='word_1_354' title='bbox 662 2954 1015 3022; x_wconf 84' lang='lat' dir='ltr'><strong>sapientiam:</strong></span> <span class='ocrx_word' id='word_1_355' title='bbox 1043 2951 1168 3006; x_wconf 85' lang='lat' dir='ltr'><strong>huic</strong></span> <span class='ocrx_word' id='word_1_356' title='bbox 1204 2951 1432 3005; x_wconf 84' lang='lat' dir='ltr'><strong>traditur</strong></span> <span class='ocrx_word' id='word_1_357' title='bbox 1453 2952 1627 3021; x_wconf 85' lang='lat' dir='ltr'><strong>virgo,</strong></span> <span class='ocrx_word' id='word_1_358' title='bbox 1671 2951 1763 3021; x_wconf 92' lang='lat' dir='ltr'><strong>qui</strong></span> 
     </span>
    </p>
   </div>
   <div class='ocr_carea' id='block_1_48' title="bbox 197 3041 1762 3117">
    <p class='ocr_par' dir='ltr' id='par_1_48' title="bbox 197 3041 1762 3117">
     <span class='ocr_line' id='line_1_48' title="bbox 197 3041 1762 3117; baseline 0.001 -22"><span class='ocrx_word' id='word_1_359' title='bbox 197 3041 366 3099; x_wconf 85' lang='lat' dir='ltr'><strong>fratres</strong></span> <span class='ocrx_word' id='word_1_360' title='bbox 387 3063 508 3101; x_wconf 86' lang='lat' dir='ltr'><strong>suos</strong></span> <span class='ocrx_word' id='word_1_361' title='bbox 540 3063 644 3101; x_wconf 89' lang='lat' dir='ltr'><strong>non</strong></span> <span class='ocrx_word' id='word_1_362' title='bbox 690 3049 966 3117; x_wconf 78' lang='lat' dir='ltr'><strong>cognovit,</strong></span> <span class='ocrx_word' id='word_1_363' title='bbox 994 3056 1049 3101; x_wconf 90' lang='lat' dir='ltr'><strong>et</strong></span> <span class='ocrx_word' id='word_1_364' title='bbox 1097 3045 1237 3101; x_wconf 84' lang='lat' dir='ltr'><strong>filios</strong></span> <span class='ocrx_word' id='word_1_365' title='bbox 1285 3060 1415 3099; x_wconf 89' lang='lat' dir='ltr'><strong>suos</strong></span> <span class='ocrx_word' id='word_1_366' title='bbox 1443 3061 1547 3101; x_wconf 90' lang='lat' dir='ltr'><strong>non</strong></span> <span class='ocrx_word' id='word_1_367' title='bbox 1586 3043 1762 3099; x_wconf 61' lang='lat' dir='ltr'><strong>scivit.</strong></span> 
     </span>
    </p>
   </div>
   <div class='ocr_carea' id='block_1_49' title="bbox 200 3126 1837 3213">
    <p class='ocr_par' dir='ltr' id='par_1_49' title="bbox 200 3126 1837 3213">
     <span class='ocr_line' id='line_1_49' title="bbox 200 3126 1837 3213; baseline 0.002 -26"><span class='ocrx_word' id='word_1_368' title='bbox 200 3132 407 3209; x_wconf 76' lang='lat' dir='ltr'><strong>Ideoque</strong></span> <span class='ocrx_word' id='word_1_369' title='bbox 430 3141 590 3213; x_wconf 69' lang='lat'><strong>286</strong></span> <span class='ocrx_word' id='word_1_370' title='bbox 627 3140 899 3196; x_wconf 82' lang='lat' dir='ltr'><strong>benedicit</strong></span> <span class='ocrx_word' id='word_1_371' title='bbox 936 3155 1059 3196; x_wconf 90' lang='lat' dir='ltr'><strong>eum</strong></span> <span class='ocrx_word' id='word_1_372' title='bbox 1091 3139 1199 3196; x_wconf 76' lang='lat' dir='ltr'><strong>Lex</strong></span> <span class='ocrx_word' id='word_1_373' title='bbox 1228 3157 1240 3192; x_wconf 93' lang='lat'><strong>:</strong></span> <span class='ocrx_word' id='word_1_374' title='bbox 1276 3138 1409 3193; x_wconf 84' lang='lat' dir='ltr'><strong>Date</strong></span> <span class='ocrx_word' id='word_1_375' title='bbox 1460 3137 1575 3192; x_wconf 81' lang='lat' dir='ltr'><strong>Levi</strong></span> <span class='ocrx_word' id='word_1_376' title='bbox 1620 3155 1762 3193; x_wconf 82' lang='lat' dir='ltr'><strong>veros</strong></span> <span class='ocrx_word' id='word_1_377' title='bbox 1789 3126 1837 3190; x_wconf 87' lang='lat' dir='ltr'>C</span> 
     </span>
    </p>
   </div>
   <div class='ocr_carea' id='block_1_50' title="bbox 201 3233 1439 3306">
    <p class='ocr_par' dir='ltr' id='par_1_50' title="bbox 201 3233 1439 3306">
     <span class='ocr_line' id='line_1_50' title="bbox 201 3233 1439 3306; baseline 0.006 -25"><span class='ocrx_word' id='word_1_378' title='bbox 201 3233 313 3299; x_wconf 80' lang='lat' dir='ltr'><strong>ejus,</strong></span> <span class='ocrx_word' id='word_1_379' title='bbox 342 3236 447 3289; x_wconf 88' lang='lat' dir='ltr'><strong>date</strong></span> <span class='ocrx_word' id='word_1_380' title='bbox 464 3236 580 3290; x_wconf 79' lang='lat' dir='ltr'><strong>Levi</strong></span> <span class='ocrx_word' id='word_1_381' title='bbox 609 3246 771 3290; x_wconf 84' lang='lat' dir='ltr'><strong>sortes</strong></span> <span class='ocrx_word' id='word_1_382' title='bbox 793 3237 905 3306; x_wconf 83' lang='lat' dir='ltr'><strong>ejus</strong></span> <span class='ocrx_word' id='word_1_383' title='bbox 932 3234 1110 3306; x_wconf 86' lang='lat' dir='ltr'><strong>(Deut.</strong></span> <span class='ocrx_word' id='word_1_384' title='bbox 1141 3250 1327 3301; x_wconf 72' lang='lat' dir='ltr'><strong>sunt,</strong></span> <span class='ocrx_word' id='word_1_385' title='bbox 1360 3233 1439 3304; x_wconf 69' lang='lat'><strong>8).</strong></span> 
     </span>
    </p>
   </div>
   <div class='ocr_carea' id='block_1_51' title="bbox 266 3328 1767 3400">
    <p class='ocr_par' dir='ltr' id='par_1_51' title="bbox 266 3328 1767 3400">
     <span class='ocr_line' id='line_1_51' title="bbox 266 3328 1767 3400; baseline 0.001 -18"><span class='ocrx_word' id='word_1_386' title='bbox 266 3328 345 3382; x_wconf 77' lang='lat'><strong>33.</strong></span> <span class='ocrx_word' id='word_1_387' title='bbox 384 3329 529 3386; x_wconf 87' lang='lat' dir='ltr'><strong>Unde</strong></span> <span class='ocrx_word' id='word_1_388' title='bbox 566 3341 621 3387; x_wconf 90' lang='lat' dir='ltr'><strong>et</strong></span> <span class='ocrx_word' id='word_1_389' title='bbox 650 3342 878 3386; x_wconf 84' lang='lat' dir='ltr'><strong>matrem</strong></span> <span class='ocrx_word' id='word_1_390' title='bbox 917 3330 1122 3385; x_wconf 80' lang='lat' dir='ltr'><strong>Datnini</strong></span> <span class='ocrx_word' id='word_1_391' title='bbox 1156 3332 1270 3399; x_wconf 87' lang='lat' dir='ltr'><strong>ipse</strong></span> <span class='ocrx_word' id='word_1_392' title='bbox 1298 3331 1767 3400; x_wconf 88' lang='lat' dir='ltr'><strong>suscepit;scrip-</strong></span> 
     </span>
    </p>
   </div>
   <div class='ocr_carea' id='block_1_52' title="bbox 209 3423 1767 3494">
    <p class='ocr_par' dir='ltr' id='par_1_52' title="bbox 209 3423 1767 3494">
     <span class='ocr_line' id='line_1_52' title="bbox 209 3423 1767 3494; baseline 0.001 -20"><span class='ocrx_word' id='word_1_393' title='bbox 209 3425 305 3473; x_wconf 82' lang='lat' dir='ltr'><strong>tum</strong></span> <span class='ocrx_word' id='word_1_394' title='bbox 325 3424 456 3477; x_wconf 87' lang='lat' dir='ltr'><strong>enim</strong></span> <span class='ocrx_word' id='word_1_395' title='bbox 497 3425 777 3485; x_wconf 85' lang='lat' dir='ltr'><strong>habemus,</strong></span> <span class='ocrx_word' id='word_1_396' title='bbox 810 3424 935 3494; x_wconf 86' lang='lat' dir='ltr'><strong>quia</strong></span> <span class='ocrx_word' id='word_1_397' title='bbox 975 3440 1038 3477; x_wconf 77' lang='lat' dir='ltr'><strong>ea:</strong></span> <span class='ocrx_word' id='word_1_398' title='bbox 1086 3424 1178 3477; x_wconf 91' lang='lat' dir='ltr'><strong>illa</strong></span> <span class='ocrx_word' id='word_1_399' title='bbox 1211 3423 1340 3476; x_wconf 77' lang='lat' dir='ltr'><strong>liora</strong></span> <span class='ocrx_word' id='word_1_400' title='bbox 1392 3424 1614 3493; x_wconf 82' lang='lat' dir='ltr'><strong>suscepit</strong></span> <span class='ocrx_word' id='word_1_401' title='bbox 1654 3439 1767 3477; x_wconf 86' lang='lat' dir='ltr'><strong>eam</strong></span> 
     </span>
    </p>
   </div>
   <div class='ocr_carea' id='block_1_53' title="bbox 207 3506 1764 3586">
    <p class='ocr_par' dir='ltr' id='par_1_53' title="bbox 207 3506 1764 3586">
     <span class='ocr_line' id='line_1_53' title="bbox 207 3506 1764 3586; baseline 0.001 -20"><span class='ocrx_word' id='word_1_402' title='bbox 207 3506 539 3586; x_wconf 79' lang='lat' dir='ltr'><strong>Discipulusin</strong></span> <span class='ocrx_word' id='word_1_403' title='bbox 572 3534 667 3571; x_wconf 83' lang='lat' dir='ltr'><strong>sua</strong></span> <span class='ocrx_word' id='word_1_404' title='bbox 695 3522 710 3584; x_wconf 94' lang='lat'><strong>(</strong></span> <span class='ocrx_word' id='word_1_405' title='bbox 734 3515 931 3570; x_wconf 84' lang='lat' dir='ltr'><strong>Joonn.</strong></span> <span class='ocrx_word' id='word_1_406' title='bbox 965 3532 1075 3579; x_wconf 78' lang='lat' dir='ltr'><strong>six,</strong></span> <span class='ocrx_word' id='word_1_407' title='bbox 1117 3515 1404 3585; x_wconf 73' lang='lat' dir='ltr'><strong>27).Quid</strong></span> <span class='ocrx_word' id='word_1_408' title='bbox 1446 3524 1531 3569; x_wconf 69' lang='lat' dir='ltr'><strong>est</strong></span> <span class='ocrx_word' id='word_1_409' title='bbox 1568 3515 1621 3568; x_wconf 86' lang='lat' dir='ltr'><strong>in</strong></span> <span class='ocrx_word' id='word_1_410' title='bbox 1649 3531 1764 3581; x_wconf 88' lang='lat' dir='ltr'><strong>sua,</strong></span> 
     </span>
    </p>
   </div>
   <div class='ocr_carea' id='block_1_54' title="bbox 207 3606 1767 3679">
    <p class='ocr_par' dir='ltr' id='par_1_54' title="bbox 207 3606 1767 3679">
     <span class='ocr_line' id='line_1_54' title="bbox 207 3606 1767 3679; baseline 0.003 -25"><span class='ocrx_word' id='word_1_411' title='bbox 207 3617 312 3657; x_wconf 86' lang='lat' dir='ltr'><strong>cum</strong></span> <span class='ocrx_word' id='word_1_412' title='bbox 341 3609 605 3679; x_wconf 86' lang='lat' dir='ltr'><strong>reliquerit</strong></span> <span class='ocrx_word' id='word_1_413' title='bbox 635 3619 842 3679; x_wconf 86' lang='lat' dir='ltr'><strong>patrem</strong></span> <span class='ocrx_word' id='word_1_414' title='bbox 866 3619 920 3663; x_wconf 87' lang='lat' dir='ltr'><strong>et</strong></span> <span class='ocrx_word' id='word_1_415' title='bbox 948 3619 1197 3672; x_wconf 85' lang='lat' dir='ltr'><strong>matrem,</strong></span> <span class='ocrx_word' id='word_1_416' title='bbox 1222 3619 1274 3663; x_wconf 91' lang='lat' dir='ltr'><strong>et</strong></span> <span class='ocrx_word' id='word_1_417' title='bbox 1303 3606 1579 3663; x_wconf 82' lang='lat' dir='ltr'><strong>Christum</strong></span> <span class='ocrx_word' id='word_1_418' title='bbox 1608 3621 1767 3661; x_wconf 89' lang='lat' dir='ltr'><strong>secu-</strong></span> 
     </span>
    </p>
   </div>
   <div class='ocr_carea' id='block_1_55' title="bbox 211 3699 1771 3774">
    <p class='ocr_par' dir='ltr' id='par_1_55' title="bbox 211 3699 1771 3774">
     <span class='ocr_line' id='line_1_55' title="bbox 211 3699 1771 3774; baseline 0.005 -27"><span class='ocrx_word' id='word_1_419' title='bbox 211 3702 287 3749; x_wconf 89' lang='lat' dir='ltr'><strong>tus</strong></span> <span class='ocrx_word' id='word_1_420' title='bbox 331 3699 549 3758; x_wconf 73' lang='lat' dir='ltr'><strong>sit?Attl</strong></span> <span class='ocrx_word' id='word_1_421' title='bbox 596 3702 953 3774; x_wconf 86' lang='lat' dir='ltr'><strong>quomodoin</strong></span> <span class='ocrx_word' id='word_1_422' title='bbox 990 3712 1155 3766; x_wconf 75' lang='lat' dir='ltr'><strong>sua,c</strong></span> <span class='ocrx_word' id='word_1_423' title='bbox 1212 3716 1334 3755; x_wconf 89' lang='lat' dir='ltr'><strong>cum</strong></span> <span class='ocrx_word' id='word_1_424' title='bbox 1390 3702 1489 3771; x_wconf 87' lang='lat' dir='ltr'><strong>ipsi</strong></span> <span class='ocrx_word' id='word_1_425' title='bbox 1539 3700 1771 3770; x_wconf 83' lang='lat' dir='ltr'><strong>apostoli</strong></span> 
     </span>
    </p>
   </div>
   <div class='ocr_carea' id='block_1_56' title="bbox 206 3786 1770 3861">
    <p class='ocr_par' dir='ltr' id='par_1_56' title="bbox 206 3786 1770 3861">
     <span class='ocr_line' id='line_1_56' title="bbox 206 3786 1770 3861; baseline 0.003 -19"><span class='ocrx_word' id='word_1_426' title='bbox 206 3786 420 3847; x_wconf 80' lang='lat' dir='ltr'><strong>dixerint</strong></span> <span class='ocrx_word' id='word_1_427' title='bbox 444 3811 457 3847; x_wconf 91' lang='lat'><strong>:</strong></span> <span class='ocrx_word' id='word_1_428' title='bbox 495 3793 624 3850; x_wconf 75' lang='lat' dir='ltr'><strong>Ecce</strong></span> <span class='ocrx_word' id='word_1_429' title='bbox 654 3812 748 3849; x_wconf 87' lang='lat' dir='ltr'><strong>nos</strong></span> <span class='ocrx_word' id='word_1_430' title='bbox 770 3795 1069 3861; x_wconf 81' lang='lat' dir='ltr'><strong>reliquimus</strong></span> <span class='ocrx_word' id='word_1_431' title='bbox 1099 3795 1294 3860; x_wconf 78' lang='lat' dir='ltr'><strong>omnia,</strong></span> <span class='ocrx_word' id='word_1_432' title='bbox 1323 3803 1369 3846; x_wconf 86' lang='lat' dir='ltr'><strong>et</strong></span> <span class='ocrx_word' id='word_1_433' title='bbox 1396 3795 1555 3847; x_wconf 78' lang='lat' dir='ltr'><strong>secuti</strong></span> <span class='ocrx_word' id='word_1_434' title='bbox 1594 3809 1770 3847; x_wconf 88' lang='lat' dir='ltr'><strong>sumus</strong></span> 
     </span>
    </p>
   </div>
   <div class='ocr_carea' id='block_1_57' title="bbox 209 3883 1771 3960">
    <p class='ocr_par' dir='ltr' id='par_1_57' title="bbox 209 3883 1771 3960">
     <span class='ocr_line' id='line_1_57' title="bbox 209 3883 1771 3960; baseline 0.001 -22"><span class='ocrx_word' id='word_1_435' title='bbox 209 3884 283 3950; x_wconf 69' lang='grc' dir='ltr'><strong>τε(</strong></span> <span class='ocrx_word' id='word_1_436' title='bbox 305 3883 478 3942; x_wconf 69' lang='lat' dir='ltr'><strong>Matth.</strong></span> <span class='ocrx_word' id='word_1_437' title='bbox 504 3905 616 3955; x_wconf 73' lang='grc' dir='ltr'><strong>ιιι,</strong></span> <span class='ocrx_word' id='word_1_438' title='bbox 643 3889 714 3944; x_wconf 71' lang='lat'><strong>27</strong></span> <span class='ocrx_word' id='word_1_439' title='bbox 735 3886 797 3960; x_wconf 71' lang='lat'><strong>)2</strong></span> <span class='ocrx_word' id='word_1_440' title='bbox 822 3887 955 3956; x_wconf 73' lang='lat' dir='ltr'><strong>ane</strong></span> <span class='ocrx_word' id='word_1_441' title='bbox 986 3903 1082 3941; x_wconf 87' lang='lat' dir='ltr'><strong>sua</strong></span> <span class='ocrx_word' id='word_1_442' title='bbox 1135 3886 1361 3939; x_wconf 81' lang='lat' dir='ltr'><strong>habebat</strong></span> <span class='ocrx_word' id='word_1_443' title='bbox 1392 3885 1654 3952; x_wconf 78' lang='lat' dir='ltr'><strong>Joannes,</strong></span> <span class='ocrx_word' id='word_1_444' title='bbox 1679 3885 1771 3955; x_wconf 89' lang='lat' dir='ltr'><strong>qui</strong></span> 
     </span>
    </p>
   </div>
   <div class='ocr_carea' id='block_1_58' title="bbox 213 3977 1772 4047">
    <p class='ocr_par' dir='ltr' id='par_1_58' title="bbox 213 3977 1772 4047">
     <span class='ocr_line' id='line_1_58' title="bbox 213 3977 1772 4047; baseline 0.006 -24"><span class='ocrx_word' id='word_1_445' title='bbox 213 3977 457 4035; x_wconf 84' lang='lat' dir='ltr'><strong>mundana</strong></span> <span class='ocrx_word' id='word_1_446' title='bbox 483 3989 536 4035; x_wconf 87' lang='lat' dir='ltr'><strong>et</strong></span> <span class='ocrx_word' id='word_1_447' title='bbox 562 3981 844 4036; x_wconf 67' lang='lat' dir='ltr'><strong>srecularia</strong></span> <span class='ocrx_word' id='word_1_448' title='bbox 869 3996 974 4033; x_wconf 90' lang='lat' dir='ltr'><strong>non</strong></span> <span class='ocrx_word' id='word_1_449' title='bbox 1003 3978 1256 4043; x_wconf 77' lang='lat' dir='ltr'><strong>habebat,</strong></span> <span class='ocrx_word' id='word_1_450' title='bbox 1289 3980 1376 4047; x_wconf 90' lang='lat' dir='ltr'><strong>qui</strong></span> <span class='ocrx_word' id='word_1_451' title='bbox 1408 3978 1549 4034; x_wconf 87' lang='lat' dir='ltr'><strong>etde</strong></span> <span class='ocrx_word' id='word_1_452' title='bbox 1572 3977 1772 4032; x_wconf 89' lang='lat' dir='ltr'><strong>mundo</strong></span> 
     </span>
    </p>
   </div>
   <div class='ocr_carea' id='block_1_59' title="bbox 215 4072 1773 4144">
    <p class='ocr_par' dir='ltr' id='par_1_59' title="bbox 215 4072 1773 4144">
     <span class='ocr_line' id='line_1_59' title="bbox 215 4072 1773 4144; baseline -0.003 -16"><span class='ocrx_word' id='word_1_453' title='bbox 215 4080 312 4122; x_wconf 60' lang='lat' dir='ltr'><strong>non</strong></span> <span class='ocrx_word' id='word_1_454' title='bbox 364 4074 500 4128; x_wconf 85' lang='lat' dir='ltr'><strong>erat?</strong></span> <span class='ocrx_word' id='word_1_455' title='bbox 536 4075 667 4144; x_wconf 70' lang='lat' dir='ltr'><strong>Quae</strong></span> <span class='ocrx_word' id='word_1_456' title='bbox 714 4089 848 4143; x_wconf 88' lang='lat' dir='ltr'><strong>ergo</strong></span> <span class='ocrx_word' id='word_1_457' title='bbox 890 4072 1122 4127; x_wconf 83' lang='lat' dir='ltr'><strong>habebat</strong></span> <span class='ocrx_word' id='word_1_458' title='bbox 1151 4087 1270 4135; x_wconf 89' lang='lat' dir='ltr'><strong>sua,</strong></span> <span class='ocrx_word' id='word_1_459' title='bbox 1342 4072 1443 4125; x_wconf 76' lang='lat' dir='ltr'><strong>nisi</strong></span> <span class='ocrx_word' id='word_1_460' title='bbox 1488 4088 1549 4126; x_wconf 85' lang='lat' dir='ltr'><strong>ea</strong></span> <span class='ocrx_word' id='word_1_461' title='bbox 1578 4086 1700 4140; x_wconf 63' lang='lat' dir='ltr'><strong>quae</strong></span> <span class='ocrx_word' id='word_1_462' title='bbox 1743 4086 1773 4124; x_wconf 88' lang='lat' dir='ltr'><strong>a</strong></span> 
     </span>
    </p>
   </div>
   <div class='ocr_carea' id='block_1_60' title="bbox 208 4158 1776 4237">
    <p class='ocr_par' dir='ltr' id='par_1_60' title="bbox 208 4158 1776 4237">
     <span class='ocr_line' id='line_1_60' title="bbox 208 4158 1776 4237; baseline 0.004 -25"><span class='ocrx_word' id='word_1_463' title='bbox 208 4158 412 4219; x_wconf 84' lang='lat' dir='ltr'><strong>Christo</strong></span> <span class='ocrx_word' id='word_1_464' title='bbox 436 4168 749 4237; x_wconf 77' lang='lat' dir='ltr'><strong>acceperat?</strong></span> <span class='ocrx_word' id='word_1_465' title='bbox 776 4168 953 4221; x_wconf 64' lang='lat' dir='ltr'><strong>Bonus</strong></span> <span class='ocrx_word' id='word_1_466' title='bbox 975 4165 1123 4219; x_wconf 84' lang='lat' dir='ltr'><strong>verbi</strong></span> <span class='ocrx_word' id='word_1_467' title='bbox 1152 4164 1537 4235; x_wconf 74' lang='lat' dir='ltr'><strong>Sapientia-que</strong></span> <span class='ocrx_word' id='word_1_468' title='bbox 1561 4179 1776 4233; x_wconf 83' lang='lat' dir='ltr'><strong>posses-</strong></span> 
     </span>
    </p>
   </div>
   <div class='ocr_carea' id='block_1_61' title="bbox 206 4256 1776 4330">
    <p class='ocr_par' dir='ltr' id='par_1_61' title="bbox 206 4256 1776 4330">
     <span class='ocr_line' id='line_1_61' title="bbox 206 4256 1776 4330; baseline 0.003 -22"><span class='ocrx_word' id='word_1_469' title='bbox 206 4263 309 4320; x_wconf 80' lang='lat' dir='ltr'><strong>Sor,</strong></span> <span class='ocrx_word' id='word_1_470' title='bbox 340 4256 503 4315; x_wconf 88' lang='lat' dir='ltr'><strong>bonus</strong></span> <span class='ocrx_word' id='word_1_471' title='bbox 537 4270 789 4330; x_wconf 84' lang='lat' dir='ltr'><strong>receptor</strong></span> <span class='ocrx_word' id='word_1_472' title='bbox 834 4258 1042 4328; x_wconf 71' lang='lat' dir='ltr'><strong>gratiae.</strong></span> <span class='ocrx_word' id='word_1_473' title='bbox 1087 4260 1281 4313; x_wconf 68' lang='lat' dir='ltr'><strong>Audite</strong></span> <span class='ocrx_word' id='word_1_474' title='bbox 1320 4276 1438 4327; x_wconf 74' lang='lat' dir='ltr'><strong>qum</strong></span> <span class='ocrx_word' id='word_1_475' title='bbox 1465 4258 1695 4327; x_wconf 72' lang='lat' dir='ltr'><strong>apo~toli</strong></span> <span class='ocrx_word' id='word_1_476' title='bbox 1747 4275 1776 4312; x_wconf 88' lang='lat' dir='ltr'><strong>a</strong></span> 
     </span>
    </p>
   </div>
   <div class='ocr_carea' id='block_1_62' title="bbox 205 4345 1778 4428">
    <p class='ocr_par' dir='ltr' id='par_1_62' title="bbox 205 4345 1778 4428">
     <span class='ocr_line' id='line_1_62' title="bbox 205 4345 1778 4428; baseline 0.006 -29"><span class='ocrx_word' id='word_1_477' title='bbox 205 4345 408 4407; x_wconf 76' lang='lat' dir='ltr'><strong>Christo</strong></span> <span class='ocrx_word' id='word_1_478' title='bbox 436 4361 737 4428; x_wconf 88' lang='lat' dir='ltr'><strong>acceperint</strong></span> <span class='ocrx_word' id='word_1_479' title='bbox 775 4377 788 4410; x_wconf 84' lang='lat'><strong>;</strong></span> <span class='ocrx_word' id='word_1_480' title='bbox 829 4355 1078 4422; x_wconf 69' lang='lat' dir='ltr'><strong>Accipite,</strong></span> <span class='ocrx_word' id='word_1_481' title='bbox 1115 4353 1312 4425; x_wconf 88' lang='lat' dir='ltr'><strong>inquit,</strong></span> <span class='ocrx_word' id='word_1_482' title='bbox 1356 4353 1613 4426; x_wconf 84' lang='lat' dir='ltr'><strong>Spiritum</strong></span> <span class='ocrx_word' id='word_1_483' title='bbox 1658 4371 1778 4408; x_wconf 87' lang='lat' dir='ltr'><strong>san-</strong></span> 
     </span>
    </p>
   </div>
   <div class='ocr_carea' id='block_1_63' title="bbox 210 4447 1780 4518">
    <p class='ocr_par' dir='ltr' id='par_1_63' title="bbox 210 4447 1780 4518">
     <span class='ocr_line' id='line_1_63' title="bbox 210 4447 1780 4518; baseline 0.005 -28"><span class='ocrx_word' id='word_1_484' title='bbox 210 4452 595 4518; x_wconf 83' lang='lat' dir='ltr'><strong>ctum:qnorum</strong></span> <span class='ocrx_word' id='word_1_485' title='bbox 634 4448 939 4504; x_wconf 83' lang='lat' dir='ltr'><strong>remiseritis</strong></span> <span class='ocrx_word' id='word_1_486' title='bbox 974 4457 1201 4512; x_wconf 80' lang='lat' dir='ltr'><strong>peccata,</strong></span> <span class='ocrx_word' id='word_1_487' title='bbox 1252 4447 1464 4500; x_wconf 86' lang='lat' dir='ltr'><strong>remissa</strong></span> <span class='ocrx_word' id='word_1_488' title='bbox 1502 4457 1685 4511; x_wconf 84' lang='lat' dir='ltr'><strong>erunt;</strong></span> <span class='ocrx_word' id='word_1_489' title='bbox 1734 4456 1780 4499; x_wconf 86' lang='lat' dir='ltr'><strong>et</strong></span> 
     </span>
    </p>
   </div>
   <div class='ocr_carea' id='block_1_64' title="bbox 212 4539 1776 4610">
    <p class='ocr_par' dir='ltr' id='par_1_64' title="bbox 212 4539 1776 4610">
     <span class='ocr_line' id='line_1_64' title="bbox 212 4539 1776 4610; baseline 0.004 -24"><span class='ocrx_word' id='word_1_490' title='bbox 212 4549 415 4602; x_wconf 80' lang='lat' dir='ltr'><strong>quorum</strong></span> <span class='ocrx_word' id='word_1_491' title='bbox 436 4543 769 4605; x_wconf 82' lang='lat' dir='ltr'><strong>detinueritis,</strong></span> <span class='ocrx_word' id='word_1_492' title='bbox 796 4543 1000 4595; x_wconf 85' lang='lat' dir='ltr'><strong>detenta</strong></span> <span class='ocrx_word' id='word_1_493' title='bbox 1023 4552 1169 4594; x_wconf 86' lang='lat' dir='ltr'><strong>erunt</strong></span> <span class='ocrx_word' id='word_1_494' title='bbox 1188 4541 1408 4608; x_wconf 81' lang='lat' dir='ltr'><strong>(Joamt.</strong></span> <span class='ocrx_word' id='word_1_495' title='bbox 1436 4540 1637 4603; x_wconf 71' lang='lat' dir='ltr'><strong>xx,22,</strong></span> <span class='ocrx_word' id='word_1_496' title='bbox 1657 4539 1776 4610; x_wconf 68' lang='grc' dir='ltr'><strong>ΞΒ).</strong></span> 
     </span>
    </p>
   </div>
   <div class='ocr_carea' id='block_1_65' title="bbox 216 4623 1780 4702">
    <p class='ocr_par' dir='ltr' id='par_1_65' title="bbox 216 4623 1780 4702">
     <span class='ocr_line' id='line_1_65' title="bbox 216 4623 1780 4702; baseline -0.001 -12"><span class='ocrx_word' id='word_1_497' title='bbox 216 4623 241 4658; x_wconf 65' lang='grc' dir='ltr'><em>δ</em></span> <span class='ocrx_word' id='word_1_498' title='bbox 256 4626 425 4702; x_wconf 59' lang='lat' dir='ltr'><strong>Nerine</strong></span> <span class='ocrx_word' id='word_1_499' title='bbox 443 4640 576 4692; x_wconf 87' lang='lat' dir='ltr'><strong>enim</strong></span> <span class='ocrx_word' id='word_1_500' title='bbox 597 4649 776 4693; x_wconf 84' lang='lat' dir='ltr'><strong>mater</strong></span> <span class='ocrx_word' id='word_1_501' title='bbox 802 4634 1013 4688; x_wconf 80' lang='lat' dir='ltr'><strong>Domini</strong></span> <span class='ocrx_word' id='word_1_502' title='bbox 1036 4632 1163 4688; x_wconf 84' lang='lat' dir='ltr'><strong>Jesu</strong></span> <span class='ocrx_word' id='word_1_503' title='bbox 1183 4634 1284 4688; x_wconf 91' lang='lat' dir='ltr'><strong>nisi</strong></span> <span class='ocrx_word' id='word_1_504' title='bbox 1315 4634 1380 4686; x_wconf 88' lang='lat' dir='ltr'><strong>ad</strong></span> <span class='ocrx_word' id='word_1_505' title='bbox 1408 4648 1780 4697; x_wconf 82' lang='lat' dir='ltr'><strong>possessorem</strong></span> 
     </span>
    </p>
   </div>
   <div class='ocr_carea' id='block_1_66' title="bbox 216 4725 1781 4802">
    <p class='ocr_par' dir='ltr' id='par_1_66' title="bbox 216 4725 1781 4802">
     <span class='ocr_line' id='line_1_66' title="bbox 216 4725 1781 4802; baseline 0.003 -26"><span class='ocrx_word' id='word_1_506' title='bbox 216 4728 743 4802; x_wconf 69' lang='lat' dir='ltr'><strong>gratiaedemigraret,</strong></span> <span class='ocrx_word' id='word_1_507' title='bbox 768 4728 860 4784; x_wconf 92' lang='lat' dir='ltr'><strong>ubi</strong></span> <span class='ocrx_word' id='word_1_508' title='bbox 874 4726 1123 4783; x_wconf 74' lang='lat' dir='ltr'><strong>Christus</strong></span> <span class='ocrx_word' id='word_1_509' title='bbox 1145 4726 1378 4781; x_wconf 88' lang='lat' dir='ltr'><strong>habebat</strong></span> <span class='ocrx_word' id='word_1_510' title='bbox 1392 4725 1781 4781; x_wconf 78' lang='lat' dir='ltr'><strong>habitaculum.</strong></span> 
     </span>
    </p>
   </div>
   <div class='ocr_carea' id='block_1_67' title="bbox 274 4910 1799 4998">
    <p class='ocr_par' dir='ltr' id='par_1_67' title="bbox 274 4910 1799 4998">
     <span class='ocr_line' id='line_1_67' title="bbox 274 4910 1799 4998; baseline -0.004 -28"><span class='ocrx_word' id='word_1_511' title='bbox 274 4914 481 4998; x_wconf 32' lang='lat' dir='ltr'><strong>.‘oEdit.</strong></span> <span class='ocrx_word' id='word_1_512' title='bbox 507 4928 558 4973; x_wconf 90' lang='lat' dir='ltr'><strong>et</strong></span> <span class='ocrx_word' id='word_1_513' title='bbox 587 4916 815 4990; x_wconf 85' lang='lat' dir='ltr'><strong>quidam</strong></span> <span class='ocrx_word' id='word_1_514' title='bbox 854 4927 1014 4981; x_wconf 88' lang='lat' dir='ltr'><strong>mss.,</strong></span> <span class='ocrx_word' id='word_1_515' title='bbox 1052 4922 1109 4968; x_wconf 87' lang='lat' dir='ltr'><strong>ut</strong></span> <span class='ocrx_word' id='word_1_516' title='bbox 1130 4928 1216 4967; x_wconf 81' lang='lat' dir='ltr'><strong>vos</strong></span> <span class='ocrx_word' id='word_1_517' title='bbox 1238 4915 1349 4984; x_wconf 85' lang='lat' dir='ltr'><strong>ejus</strong></span> <span class='ocrx_word' id='word_1_518' title='bbox 1384 4910 1563 4980; x_wconf 86' lang='lat' dir='ltr'><strong>inapia</strong></span> <span class='ocrx_word' id='word_1_519' title='bbox 1605 4910 1799 4964; x_wconf 87' lang='lat' dir='ltr'><strong>ditare-</strong></span> 
     </span>
    </p>
   </div>
   <div class='ocr_carea' id='block_1_68' title="bbox 214 4999 358 5038">
    <p class='ocr_par' dir='ltr' id='par_1_68' title="bbox 214 4999 358 5038">
     <span class='ocr_line' id='line_1_68' title="bbox 214 4999 358 5038; baseline 0.021 -5"><span class='ocrx_word' id='word_1_520' title='bbox 214 4999 358 5038; x_wconf 77' lang='lat' dir='ltr'><strong>utrm.</strong></span> 
     </span>
    </p>
   </div>
   <div class='ocr_carea' id='block_1_69' title="bbox 282 5054 1800 5132">
    <p class='ocr_par' dir='ltr' id='par_1_69' title="bbox 282 5054 1800 5132">
     <span class='ocr_line' id='line_1_69' title="bbox 282 5054 1800 5132; baseline -0.005 -17"><span class='ocrx_word' id='word_1_521' title='bbox 282 5055 309 5094; x_wconf 64' lang='grc' dir='ltr'>δ</span> <span class='ocrx_word' id='word_1_522' title='bbox 352 5059 470 5121; x_wconf 75' lang='lat' dir='ltr'><strong>Mss.</strong></span> <span class='ocrx_word' id='word_1_523' title='bbox 500 5061 744 5132; x_wconf 87' lang='lat' dir='ltr'><strong>quidam,</strong></span> <span class='ocrx_word' id='word_1_524' title='bbox 793 5073 959 5128; x_wconf 80' lang='lat' dir='ltr'><strong>super</strong></span> <span class='ocrx_word' id='word_1_525' title='bbox 997 5055 1290 5126; x_wconf 75' lang='lat' dir='ltr'><strong>virginem;</strong></span> <span class='ocrx_word' id='word_1_526' title='bbox 1316 5054 1475 5121; x_wconf 90' lang='lat' dir='ltr'><strong>edit.,</strong></span> <span class='ocrx_word' id='word_1_527' title='bbox 1508 5067 1602 5124; x_wconf 88' lang='lat' dir='ltr'><strong>per</strong></span> <span class='ocrx_word' id='word_1_528' title='bbox 1644 5054 1800 5124; x_wconf 77' lang='lat' dir='ltr'><strong>virgi-</strong></span> 
     </span>
    </p>
   </div>
   <div class='ocr_carea' id='block_1_70' title="bbox 204 5142 344 5182">
    <p class='ocr_par' dir='ltr' id='par_1_70' title="bbox 204 5142 344 5182">
     <span class='ocr_line' id='line_1_70' title="bbox 204 5142 344 5182; baseline 0.021 -3"><span class='ocrx_word' id='word_1_529' title='bbox 204 5142 344 5182; x_wconf 71' lang='grc' dir='ltr'><strong>ηειιι.</strong></span> 
     </span>
    </p>
   </div>
   <div class='ocr_carea' id='block_1_71' title="bbox 281 5196 1600 5270">
    <p class='ocr_par' dir='ltr' id='par_1_71' title="bbox 281 5196 1600 5270">
     <span class='ocr_line' id='line_1_71' title="bbox 281 5196 1600 5270; baseline -0.005 -14"><span class='ocrx_word' id='word_1_530' title='bbox 281 5210 302 5270; x_wconf 58' lang='grc' dir='ltr'>ἐ</span> <span class='ocrx_word' id='word_1_531' title='bbox 347 5201 594 5259; x_wconf 78' lang='lat' dir='ltr'><strong>Nonnulli</strong></span> <span class='ocrx_word' id='word_1_532' title='bbox 626 5217 787 5263; x_wconf 79' lang='lat' dir='ltr'><strong>mss..</strong></span> <span class='ocrx_word' id='word_1_533' title='bbox 817 5217 933 5255; x_wconf 85' lang='lat' dir='ltr'><strong>cum</strong></span> <span class='ocrx_word' id='word_1_534' title='bbox 961 5199 1058 5270; x_wconf 81' lang='lat' dir='ltr'><strong>ipsi</strong></span> <span class='ocrx_word' id='word_1_535' title='bbox 1080 5199 1324 5267; x_wconf 85' lang='lat' dir='ltr'><strong>discipuli</strong></span> <span class='ocrx_word' id='word_1_536' title='bbox 1353 5196 1600 5270; x_wconf 72' lang='lat' dir='ltr'><strong>dixerint.</strong></span> 
     </span>
    </p>
   </div>
   <div class='ocr_carea' id='block_1_72' title="bbox 280 5265 1797 5336">
    <p class='ocr_par' dir='ltr' id='par_1_72' title="bbox 280 5265 1797 5336">
     <span class='ocr_line' id='line_1_72' title="bbox 280 5265 1797 5336; baseline -0.005 -9"><span class='ocrx_word' id='word_1_537' title='bbox 280 5269 308 5306; x_wconf 70' lang='grc'><strong>(³</strong></span> <span class='ocrx_word' id='word_1_538' title='bbox 350 5273 501 5329; x_wconf 80' lang='lat' dir='ltr'><strong>Rom.</strong></span> <span class='ocrx_word' id='word_1_539' title='bbox 531 5277 664 5331; x_wconf 87' lang='lat' dir='ltr'><strong>edit.</strong></span> <span class='ocrx_word' id='word_1_540' title='bbox 691 5275 831 5336; x_wconf 79' lang='lat' dir='ltr'><strong>sola,</strong></span> <span class='ocrx_word' id='word_1_541' title='bbox 869 5265 1050 5333; x_wconf 35' lang='lat' dir='ltr'><strong>Neo-ue</strong></span> <span class='ocrx_word' id='word_1_542' title='bbox 1078 5265 1222 5324; x_wconf 82' lang='lat' dir='ltr'><strong>enim</strong></span> <span class='ocrx_word' id='word_1_543' title='bbox 1235 5280 1395 5322; x_wconf 78' lang='lat' dir='ltr'><strong>ntater</strong></span> <span class='ocrx_word' id='word_1_544' title='bbox 1422 5267 1633 5320; x_wconf 82' lang='lat' dir='ltr'><strong>Domini</strong></span> <span class='ocrx_word' id='word_1_545' title='bbox 1672 5265 1797 5321; x_wconf 71' lang='lat' dir='ltr'><strong>Iesu</strong></span> 
     </span>
    </p>
   </div>
   <div class='ocr_carea' id='block_1_73' title="bbox 205 5339 1794 5420">
    <p class='ocr_par' dir='ltr' id='par_1_73' title="bbox 205 5339 1794 5420">
     <span class='ocr_line' id='line_1_73' title="bbox 205 5339 1794 5420; baseline -0.007 -19"><span class='ocrx_word' id='word_1_546' title='bbox 205 5341 278 5420; x_wconf 56' lang='lat' dir='ltr'><strong>ﬁt!</strong></span> <span class='ocrx_word' id='word_1_547' title='bbox 312 5362 639 5415; x_wconf 81' lang='lat' dir='ltr'><strong>possessorem</strong></span> <span class='ocrx_word' id='word_1_548' title='bbox 687 5347 873 5420; x_wconf 81' lang='lat' dir='ltr'><strong>gratia:</strong></span> <span class='ocrx_word' id='word_1_549' title='bbox 920 5359 1021 5397; x_wconf 86' lang='lat' dir='ltr'><strong>non</strong></span> <span class='ocrx_word' id='word_1_550' title='bbox 1069 5342 1399 5413; x_wconf 70' lang='lat' dir='ltr'><strong>demigrarat,</strong></span> <span class='ocrx_word' id='word_1_551' title='bbox 1425 5340 1523 5393; x_wconf 80' lang='lat' dir='ltr'><strong>nisi</strong></span> <span class='ocrx_word' id='word_1_552' title='bbox 1549 5339 1657 5404; x_wconf 84' lang='lat' dir='ltr'><strong>ubi,</strong></span> <span class='ocrx_word' id='word_1_553' title='bbox 1687 5345 1794 5393; x_wconf 86' lang='lat' dir='ltr'><strong>etc.</strong></span> 
     </span>
    </p>
   </div>
   <div class='ocr_carea' id='block_1_74' title="bbox 210 5411 684 5488">
    <p class='ocr_par' dir='ltr' id='par_1_74' title="bbox 210 5411 684 5488">
     <span class='ocr_line' id='line_1_74' title="bbox 210 5411 684 5488; baseline 0.023 -25"><span class='ocrx_word' id='word_1_554' title='bbox 210 5411 409 5469; x_wconf 71' lang='lat' dir='ltr'><strong>Parum</strong></span> <span class='ocrx_word' id='word_1_555' title='bbox 434 5432 684 5488; x_wconf 75' lang='lat' dir='ltr'><strong>eongrue.</strong></span> 
     </span>
    </p>
   </div>
   <div class='ocr_carea' id='block_1_75' title="bbox 290 5484 1797 5560">
    <p class='ocr_par' dir='ltr' id='par_1_75' title="bbox 290 5484 1797 5560">
     <span class='ocr_line' id='line_1_75' title="bbox 290 5484 1797 5560; baseline -0.008 -17"><span class='ocrx_word' id='word_1_556' title='bbox 290 5497 314 5521; x_wconf 65' lang='grc' dir='ltr'><strong>θ</strong></span> <span class='ocrx_word' id='word_1_557' title='bbox 360 5488 481 5542; x_wconf 75' lang='lat' dir='ltr'><strong>Mss.</strong></span> <span class='ocrx_word' id='word_1_558' title='bbox 528 5484 722 5560; x_wconf 73' lang='lat' dir='ltr'><strong>ubique</strong></span> <span class='ocrx_word' id='word_1_559' title='bbox 774 5486 1000 5551; x_wconf 84' lang='lat' dir='ltr'><strong>habent,</strong></span> <span class='ocrx_word' id='word_1_560' title='bbox 1028 5484 1162 5538; x_wconf 71' lang='lat' dir='ltr'><strong>viros</strong></span> <span class='ocrx_word' id='word_1_561' title='bbox 1183 5486 1314 5560; x_wconf 26' lang='lat' dir='ltr'><strong>‘ejus</strong></span> <span class='ocrx_word' id='word_1_562' title='bbox 1343 5498 1362 5536; x_wconf 89' lang='lat'><strong><em>:</em></strong></span> <span class='ocrx_word' id='word_1_563' title='bbox 1391 5490 1445 5560; x_wconf 77' lang='lat' dir='ltr'><strong>at</strong></span> <span class='ocrx_word' id='word_1_564' title='bbox 1486 5494 1797 5560; x_wconf 63' lang='lat' dir='ltr'><strong>germanam</strong></span> 
     </span>
    </p>
   </div>
   <div class='ocr_carea' id='block_1_76' title="bbox 208 5553 1803 5631">
    <p class='ocr_par' dir='ltr' id='par_1_76' title="bbox 208 5553 1803 5631">
     <span class='ocr_line' id='line_1_76' title="bbox 208 5553 1803 5631; baseline -0.004 -23"><span class='ocrx_word' id='word_1_565' title='bbox 208 5554 504 5614; x_wconf 87' lang='lat' dir='ltr'><strong>lectionem</strong></span> <span class='ocrx_word' id='word_1_566' title='bbox 526 5553 667 5626; x_wconf 74' lang='lat' dir='ltr'><strong>esse,</strong></span> <span class='ocrx_word' id='word_1_567' title='bbox 700 5575 846 5615; x_wconf 86' lang='lat' dir='ltr'><strong>reros</strong></span> <span class='ocrx_word' id='word_1_568' title='bbox 874 5561 1008 5631; x_wconf 78' lang='lat' dir='ltr'><strong>ejus,</strong></span> <span class='ocrx_word' id='word_1_569' title='bbox 1042 5553 1285 5631; x_wconf 79' lang='lat' dir='ltr'><strong>proxima</strong></span> <span class='ocrx_word' id='word_1_570' title='bbox 1316 5554 1501 5616; x_wconf 83' lang='lat' dir='ltr'><strong>verba,</strong></span> <span class='ocrx_word' id='word_1_571' title='bbox 1533 5553 1671 5631; x_wconf 77' lang='lat' dir='ltr'><strong>Quid</strong></span> <span class='ocrx_word' id='word_1_572' title='bbox 1698 5562 1803 5631; x_wconf 73' lang='lat' dir='ltr'><strong>tam</strong></span> 
     </span>
    </p>
   </div>
   <div class='ocr_carea' id='block_1_77' title="bbox 204 5619 1802 5695">
    <p class='ocr_par' dir='ltr' id='par_1_77' title="bbox 204 5619 1802 5695">
     <span class='ocr_line' id='line_1_77' title="bbox 204 5619 1802 5695; baseline -0.006 -11"><span class='ocrx_word' id='word_1_573' title='bbox 204 5641 489 5695; x_wconf 60' lang='lat' dir='ltr'><strong>veri-1min</strong></span> <span class='ocrx_word' id='word_1_574' title='bbox 514 5634 620 5687; x_wconf 81' lang='lat' dir='ltr'><strong>alia</strong></span> <span class='ocrx_word' id='word_1_575' title='bbox 656 5619 750 5687; x_wconf 75' lang='lat' dir='ltr'><strong>illa</strong></span> <span class='ocrx_word' id='word_1_576' title='bbox 794 5619 914 5687; x_wconf 78' lang='grc' dir='ltr'><strong>ηοιῖ</strong></span> <span class='ocrx_word' id='word_1_577' title='bbox 937 5619 1006 5683; x_wconf 68' lang='lat' dir='ltr'><strong>ita</strong></span> <span class='ocrx_word' id='word_1_578' title='bbox 1042 5619 1208 5681; x_wconf 70' lang='lat' dir='ltr'><strong>inulto</strong></span> <span class='ocrx_word' id='word_1_579' title='bbox 1241 5635 1362 5695; x_wconf 69' lang='lat' dir='ltr'><strong>post</strong></span> <span class='ocrx_word' id='word_1_580' title='bbox 1385 5626 1687 5693; x_wconf 72' lang='lat' dir='ltr'><strong>sequentia,</strong></span> <span class='ocrx_word' id='word_1_581' title='bbox 1724 5619 1802 5677; x_wconf 81' lang='lat' dir='ltr'><strong>H-</strong></span> 
     </span>
    </p>
   </div>
   <div class='ocr_carea' id='block_1_78' title="bbox 202 5697 1802 5771">
    <p class='ocr_par' dir='ltr' id='par_1_78' title="bbox 202 5697 1802 5771">
     <span class='ocr_line' id='line_1_78' title="bbox 202 5697 1802 5771; baseline -0.01 -12"><span class='ocrx_word' id='word_1_582' title='bbox 202 5701 314 5753; x_wconf 76' lang='grc' dir='ltr'><strong>εηιά</strong></span> <span class='ocrx_word' id='word_1_583' title='bbox 346 5703 475 5757; x_wconf 70' lang='lat' dir='ltr'><strong>enim</strong></span> <span class='ocrx_word' id='word_1_584' title='bbox 504 5719 673 5759; x_wconf 73' lang='lat' dir='ltr'><strong>rerum</strong></span> <span class='ocrx_word' id='word_1_585' title='bbox 705 5701 844 5771; x_wconf 84' lang='lat' dir='ltr'><strong>quod</strong></span> <span class='ocrx_word' id='word_1_586' title='bbox 889 5699 1170 5766; x_wconf 73' lang='lat' dir='ltr'><strong>nascimur,</strong></span> <span class='ocrx_word' id='word_1_587' title='bbox 1210 5705 1360 5753; x_wconf 84' lang='lat' dir='ltr'><strong>certo</strong></span> <span class='ocrx_word' id='word_1_588' title='bbox 1409 5697 1802 5752; x_wconf 71' lang='lat' dir='ltr'><strong>detuonsuaut.</strong></span> 
     </span>
    </p>
   </div>
   <div class='ocr_carea' id='block_1_79' title="bbox 1851 1827 3450 1910">
    <p class='ocr_par' dir='ltr' id='par_1_79' title="bbox 1851 1827 3450 1910">
     <span class='ocr_line' id='line_1_79' title="bbox 1851 1827 3450 1910; baseline -0.007 -15"><span class='ocrx_word' id='word_1_589' title='bbox 1851 1842 2013 1910; x_wconf 86' lang='lat' dir='ltr'><strong>hujus</strong></span> <span class='ocrx_word' id='word_1_590' title='bbox 2071 1843 2281 1897; x_wconf 77' lang='lat' dir='ltr'><strong>lituosa:</strong></span> <span class='ocrx_word' id='word_1_591' title='bbox 2338 1840 2519 1896; x_wconf 85' lang='lat' dir='ltr'><strong>carnis</strong></span> <span class='ocrx_word' id='word_1_592' title='bbox 2572 1837 2857 1892; x_wconf 88' lang='lat' dir='ltr'><strong>illuminet.</strong></span> <span class='ocrx_word' id='word_1_593' title='bbox 2926 1832 3053 1888; x_wconf 86' lang='lat' dir='ltr'><strong>Ideo</strong></span> <span class='ocrx_word' id='word_1_594' title='bbox 3106 1830 3241 1886; x_wconf 88' lang='lat' dir='ltr'><strong>dicit</strong></span> <span class='ocrx_word' id='word_1_595' title='bbox 3299 1827 3389 1884; x_wconf 91' lang='lat' dir='ltr'><strong>illa</strong></span> <span class='ocrx_word' id='word_1_596' title='bbox 3434 1845 3450 1884; x_wconf 92' lang='lat'><strong>:</strong></span> 
     </span>
    </p>
   </div>
   <div class='ocr_carea' id='block_1_80' title="bbox 1854 1921 3450 2007">
    <p class='ocr_par' dir='ltr' id='par_1_80' title="bbox 1854 1921 3450 2007">
     <span class='ocr_line' id='line_1_80' title="bbox 1854 1921 3450 2007; baseline -0.007 -19"><span class='ocrx_word' id='word_1_597' title='bbox 1854 1934 2025 2007; x_wconf 82' lang='lat' dir='ltr'><strong>Nigra</strong></span> <span class='ocrx_word' id='word_1_598' title='bbox 2047 1952 2184 2002; x_wconf 77' lang='lat' dir='ltr'><strong>sunt,</strong></span> <span class='ocrx_word' id='word_1_599' title='bbox 2218 1946 2264 1989; x_wconf 79' lang='lat' dir='ltr'><strong>et</strong></span> <span class='ocrx_word' id='word_1_600' title='bbox 2299 1934 2507 1993; x_wconf 83' lang='lat' dir='ltr'><strong>decora,</strong></span> <span class='ocrx_word' id='word_1_601' title='bbox 2540 1931 2665 2002; x_wconf 72' lang='lat' dir='ltr'><strong>filim</strong></span> <span class='ocrx_word' id='word_1_602' title='bbox 2719 1926 3041 1983; x_wconf 75' lang='lat' dir='ltr'><strong>Hierusalem</strong></span> <span class='ocrx_word' id='word_1_603' title='bbox 3068 1922 3255 1997; x_wconf 85' lang='lat' dir='ltr'><strong>(Cant.</strong></span> <span class='ocrx_word' id='word_1_604' title='bbox 3286 1939 3326 1985; x_wconf 85' lang='grc' dir='ltr'><strong>ι.</strong></span> <span class='ocrx_word' id='word_1_605' title='bbox 3354 1923 3387 1977; x_wconf 67' lang='grc'>4</span> <span class='ocrx_word' id='word_1_606' title='bbox 3407 1921 3450 1994; x_wconf 85' lang='lat'><strong>);</strong></span> 
     </span>
    </p>
   </div>
   <div class='ocr_carea' id='block_1_81' title="bbox 1854 2014 3457 2099">
    <p class='ocr_par' dir='ltr' id='par_1_81' title="bbox 1854 2014 3457 2099">
     <span class='ocr_line' id='line_1_81' title="bbox 1854 2014 3457 2099; baseline -0.007 -15"><span class='ocrx_word' id='word_1_607' title='bbox 1854 2032 2002 2099; x_wconf 75' lang='lat' dir='ltr'><strong>nigra</strong></span> <span class='ocrx_word' id='word_1_608' title='bbox 2045 2044 2141 2099; x_wconf 88' lang='lat' dir='ltr'><strong>per</strong></span> <span class='ocrx_word' id='word_1_609' title='bbox 2181 2026 2646 2090; x_wconf 84' lang='lat' dir='ltr'><strong>carnem,decora</strong></span> <span class='ocrx_word' id='word_1_610' title='bbox 2685 2038 2784 2094; x_wconf 89' lang='lat' dir='ltr'><strong>per</strong></span> <span class='ocrx_word' id='word_1_611' title='bbox 2830 2020 3219 2090; x_wconf 75' lang='lat' dir='ltr'><strong>virginitatem.</strong></span> <span class='ocrx_word' id='word_1_612' title='bbox 3273 2014 3457 2072; x_wconf 85' lang='lat' dir='ltr'><strong>Nubes</strong></span> 
     </span>
    </p>
   </div>
   <div class='ocr_carea' id='block_1_82' title="bbox 1857 2111 3459 2188">
    <p class='ocr_par' dir='ltr' id='par_1_82' title="bbox 1857 2111 3459 2188">
     <span class='ocr_line' id='line_1_82' title="bbox 1857 2111 3459 2188; baseline -0.009 -12"><span class='ocrx_word' id='word_1_613' title='bbox 1857 2121 2038 2188; x_wconf 79' lang='lat' dir='ltr'><strong>itaque</strong></span> <span class='ocrx_word' id='word_1_614' title='bbox 2058 2130 2206 2184; x_wconf 90' lang='lat' dir='ltr'><strong>sunt,</strong></span> <span class='ocrx_word' id='word_1_615' title='bbox 2232 2129 2286 2172; x_wconf 90' lang='lat' dir='ltr'><strong>et</strong></span> <span class='ocrx_word' id='word_1_616' title='bbox 2314 2133 2507 2187; x_wconf 78' lang='lat' dir='ltr'><strong>graves</strong></span> <span class='ocrx_word' id='word_1_617' title='bbox 2551 2116 2745 2180; x_wconf 90' lang='lat' dir='ltr'><strong>nubes,</strong></span> <span class='ocrx_word' id='word_1_618' title='bbox 2791 2128 2911 2181; x_wconf 76' lang='lat' dir='ltr'><strong>qua:</strong></span> <span class='ocrx_word' id='word_1_619' title='bbox 2948 2111 3268 2181; x_wconf 84' lang='lat' dir='ltr'><strong>nupserim;</strong></span> <span class='ocrx_word' id='word_1_620' title='bbox 3301 2122 3459 2162; x_wconf 85' lang='lat' dir='ltr'><strong>nam-</strong></span> 
     </span>
    </p>
   </div>
   <div class='ocr_carea' id='block_1_83' title="bbox 1855 2202 3454 2284">
    <p class='ocr_par' dir='ltr' id='par_1_83' title="bbox 1855 2202 3454 2284">
     <span class='ocr_line' id='line_1_83' title="bbox 1855 2202 3454 2284; baseline -0.008 -16"><span class='ocrx_word' id='word_1_621' title='bbox 1855 2231 1960 2284; x_wconf 88' lang='lat' dir='ltr'><strong>que</strong></span> <span class='ocrx_word' id='word_1_622' title='bbox 1986 2230 2016 2268; x_wconf 90' lang='lat' dir='ltr'><strong>a</strong></span> <span class='ocrx_word' id='word_1_623' title='bbox 2050 2213 2285 2267; x_wconf 80' lang='lat' dir='ltr'><strong>nubibus</strong></span> <span class='ocrx_word' id='word_1_624' title='bbox 2317 2211 2539 2266; x_wconf 82' lang='lat' dir='ltr'><strong>verbum</strong></span> <span class='ocrx_word' id='word_1_625' title='bbox 2567 2206 2882 2263; x_wconf 90' lang='lat' dir='ltr'><strong>uuheutium</strong></span> <span class='ocrx_word' id='word_1_626' title='bbox 2928 2214 3158 2260; x_wconf 83' lang='lat' dir='ltr'><strong>tractum</strong></span> <span class='ocrx_word' id='word_1_627' title='bbox 3198 2202 3454 2257; x_wconf 85' lang='lat' dir='ltr'><strong>arbitror.</strong></span> 
     </span>
    </p>
   </div>
   <div class='ocr_carea' id='block_1_84' title="bbox 1860 2296 3461 2378">
    <p class='ocr_par' dir='ltr' id='par_1_84' title="bbox 1860 2296 3461 2378">
     <span class='ocr_line' id='line_1_84' title="bbox 1860 2296 3461 2378; baseline -0.01 -15"><span class='ocrx_word' id='word_1_628' title='bbox 1860 2309 2103 2378; x_wconf 88' lang='lat' dir='ltr'><strong>Denique</strong></span> <span class='ocrx_word' id='word_1_629' title='bbox 2146 2306 2467 2377; x_wconf 90' lang='lat' dir='ltr'><strong>operiuntur</strong></span> <span class='ocrx_word' id='word_1_630' title='bbox 2496 2312 2555 2357; x_wconf 91' lang='lat' dir='ltr'><strong>ut</strong></span> <span class='ocrx_word' id='word_1_631' title='bbox 2592 2302 2787 2368; x_wconf 89' lang='lat' dir='ltr'><strong>nubes,</strong></span> <span class='ocrx_word' id='word_1_632' title='bbox 2827 2316 2951 2356; x_wconf 85' lang='lat' dir='ltr'><strong>cum</strong></span> <span class='ocrx_word' id='word_1_633' title='bbox 2982 2296 3292 2368; x_wconf 85' lang='lat' dir='ltr'><strong>acceperint</strong></span> <span class='ocrx_word' id='word_1_634' title='bbox 3320 2310 3461 2365; x_wconf 81' lang='lat' dir='ltr'><strong>nup-</strong></span> 
     </span>
    </p>
   </div>
   <div class='ocr_carea' id='block_1_85' title="bbox 1861 2388 3463 2467">
    <p class='ocr_par' dir='ltr' id='par_1_85' title="bbox 1861 2388 3463 2467">
     <span class='ocr_line' id='line_1_85' title="bbox 1861 2388 3463 2467; baseline -0.008 -10"><span class='ocrx_word' id='word_1_635' title='bbox 1861 2413 1995 2459; x_wconf 65' lang='lat' dir='ltr'><strong>tura:</strong></span> <span class='ocrx_word' id='word_1_636' title='bbox 2054 2401 2344 2457; x_wconf 82' lang='lat' dir='ltr'><strong>velamina.</strong></span> <span class='ocrx_word' id='word_1_637' title='bbox 2406 2399 2474 2454; x_wconf 81' lang='lat' dir='ltr'><strong>Et</strong></span> <span class='ocrx_word' id='word_1_638' title='bbox 2516 2413 2642 2453; x_wconf 89' lang='lat' dir='ltr'><strong>vere</strong></span> <span class='ocrx_word' id='word_1_639' title='bbox 2679 2410 2875 2467; x_wconf 87' lang='lat' dir='ltr'><strong>graves</strong></span> <span class='ocrx_word' id='word_1_640' title='bbox 2917 2394 3112 2458; x_wconf 73' lang='lat' dir='ltr'><strong>nubes,</strong></span> <span class='ocrx_word' id='word_1_641' title='bbox 3147 2404 3269 2462; x_wconf 71' lang='lat' dir='ltr'><strong>quze</strong></span> <span class='ocrx_word' id='word_1_642' title='bbox 3298 2388 3463 2445; x_wconf 81' lang='lat' dir='ltr'><strong>susti-</strong></span> 
     </span>
    </p>
   </div>
   <div class='ocr_carea' id='block_1_86' title="bbox 1861 2484 3463 2559">
    <p class='ocr_par' dir='ltr' id='par_1_86' title="bbox 1861 2484 3463 2559">
     <span class='ocr_line' id='line_1_86' title="bbox 1861 2484 3463 2559; baseline -0.007 -7"><span class='ocrx_word' id='word_1_643' title='bbox 1861 2506 1992 2552; x_wconf 86' lang='lat' dir='ltr'><strong>nent</strong></span> <span class='ocrx_word' id='word_1_644' title='bbox 2018 2496 2285 2550; x_wconf 87' lang='lat' dir='ltr'><strong>sarcinam</strong></span> <span class='ocrx_word' id='word_1_645' title='bbox 2335 2492 2689 2547; x_wconf 79' lang='lat' dir='ltr'><strong>matrimonii.</strong></span> <span class='ocrx_word' id='word_1_646' title='bbox 2737 2489 2869 2544; x_wconf 83' lang='lat' dir='ltr'><strong>Nam</strong></span> <span class='ocrx_word' id='word_1_647' title='bbox 2896 2491 3058 2544; x_wconf 86' lang='lat' dir='ltr'><strong>etiam</strong></span> <span class='ocrx_word' id='word_1_648' title='bbox 3100 2485 3314 2559; x_wconf 86' lang='lat' dir='ltr'><strong>gravari</strong></span> <span class='ocrx_word' id='word_1_649' title='bbox 3340 2484 3463 2540; x_wconf 88' lang='lat' dir='ltr'><strong>alvo</strong></span> 
     </span>
    </p>
   </div>
   <div class='ocr_carea' id='block_1_87' title="bbox 1863 2581 3276 2655">
    <p class='ocr_par' dir='ltr' id='par_1_87' title="bbox 1863 2581 3276 2655">
     <span class='ocr_line' id='line_1_87' title="bbox 1863 2581 3276 2655; baseline -0.01 -8"><span class='ocrx_word' id='word_1_650' title='bbox 1863 2592 2132 2655; x_wconf 78' lang='lat' dir='ltr'><strong>feruntur,</strong></span> <span class='ocrx_word' id='word_1_651' title='bbox 2164 2605 2286 2644; x_wconf 86' lang='lat' dir='ltr'><strong>cum</strong></span> <span class='ocrx_word' id='word_1_652' title='bbox 2315 2587 2522 2643; x_wconf 87' lang='lat' dir='ltr'><strong>semina</strong></span> <span class='ocrx_word' id='word_1_653' title='bbox 2549 2584 2924 2654; x_wconf 86' lang='lat' dir='ltr'><strong>conceptionis</strong></span> <span class='ocrx_word' id='word_1_654' title='bbox 2944 2581 3276 2650; x_wconf 83' lang='lat' dir='ltr'><strong>acceperint.</strong></span> 
     </span>
    </p>
   </div>
   <div class='ocr_carea' id='block_1_88' title="bbox 1933 2676 3462 2754">
    <p class='ocr_par' dir='ltr' id='par_1_88' title="bbox 1933 2676 3462 2754">
     <span class='ocr_line' id='line_1_88' title="bbox 1933 2676 3462 2754; baseline -0.009 -13"><span class='ocrx_word' id='word_1_655' title='bbox 1933 2687 2024 2743; x_wconf 77' lang='grc'><strong>55.</strong></span> <span class='ocrx_word' id='word_1_656' title='bbox 2055 2684 2195 2740; x_wconf 89' lang='lat' dir='ltr'><strong>Date</strong></span> <span class='ocrx_word' id='word_1_657' title='bbox 2216 2701 2345 2754; x_wconf 81' lang='lat' dir='ltr'><strong>ergo</strong></span> <span class='ocrx_word' id='word_1_658' title='bbox 2372 2682 2490 2736; x_wconf 79' lang='lat' dir='ltr'><strong>Let&#39;i</strong></span> <span class='ocrx_word' id='word_1_659' title='bbox 2515 2691 2538 2718; x_wconf 71' lang='grc' dir='ltr'>θ</span> <span class='ocrx_word' id='word_1_660' title='bbox 2585 2697 2730 2735; x_wconf 83' lang='lat' dir='ltr'><strong>ueros</strong></span> <span class='ocrx_word' id='word_1_661' title='bbox 2753 2682 2887 2753; x_wconf 81' lang='lat' dir='ltr'><strong>ejus.</strong></span> <span class='ocrx_word' id='word_1_662' title='bbox 2934 2676 3075 2745; x_wconf 81' lang='lat' dir='ltr'><strong>Quid</strong></span> <span class='ocrx_word' id='word_1_663' title='bbox 3106 2687 3214 2730; x_wconf 89' lang='lat' dir='ltr'><strong>tam</strong></span> <span class='ocrx_word' id='word_1_664' title='bbox 3248 2688 3462 2741; x_wconf 82' lang='lat' dir='ltr'><strong>verum,</strong></span> 
     </span>
    </p>
   </div>
   <div class='ocr_carea' id='block_1_89' title="bbox 1863 2767 3467 2849">
    <p class='ocr_par' dir='ltr' id='par_1_89' title="bbox 1863 2767 3467 2849">
     <span class='ocr_line' id='line_1_89' title="bbox 1863 2767 3467 2849; baseline -0.006 -15"><span class='ocrx_word' id='word_1_665' title='bbox 1863 2795 2023 2849; x_wconf 86' lang='lat' dir='ltr'><strong>quam</strong></span> <span class='ocrx_word' id='word_1_666' title='bbox 2047 2780 2368 2833; x_wconf 79' lang='lat' dir='ltr'><strong>intemerata</strong></span> <span class='ocrx_word' id='word_1_667' title='bbox 2399 2774 2704 2844; x_wconf 85' lang='lat' dir='ltr'><strong>virginitas,</strong></span> <span class='ocrx_word' id='word_1_668' title='bbox 2733 2789 2855 2844; x_wconf 66' lang='lat' dir='ltr'><strong>quae</strong></span> <span class='ocrx_word' id='word_1_669' title='bbox 2883 2770 3219 2843; x_wconf 81' lang='lat' dir='ltr'><strong>signaculum</strong></span> <span class='ocrx_word' id='word_1_670' title='bbox 3247 2767 3467 2838; x_wconf 80' lang='lat' dir='ltr'><strong>pudoris</strong></span> 
     </span>
    </p>
   </div>
   <div class='ocr_carea' id='block_1_90' title="bbox 1865 2862 3468 2943">
    <p class='ocr_par' dir='ltr' id='par_1_90' title="bbox 1865 2862 3468 2943">
     <span class='ocr_line' id='line_1_90' title="bbox 1865 2862 3468 2943; baseline -0.009 -13"><span class='ocrx_word' id='word_1_671' title='bbox 1865 2883 1919 2931; x_wconf 85' lang='lat' dir='ltr'><strong>et</strong></span> <span class='ocrx_word' id='word_1_672' title='bbox 1958 2874 2254 2928; x_wconf 82' lang='lat' dir='ltr'><strong>clauSIrum</strong></span> <span class='ocrx_word' id='word_1_673' title='bbox 2300 2870 2628 2943; x_wconf 81' lang='lat' dir='ltr'><strong>integritatis</strong></span> <span class='ocrx_word' id='word_1_674' title='bbox 2666 2865 2901 2939; x_wconf 87' lang='lat' dir='ltr'><strong>genitale</strong></span> <span class='ocrx_word' id='word_1_675' title='bbox 2926 2862 3292 2920; x_wconf 80' lang='lat' dir='ltr'><strong>custodit?At</strong></span> <span class='ocrx_word' id='word_1_676' title='bbox 3336 2875 3468 2916; x_wconf 84' lang='lat' dir='ltr'><strong>vero</strong></span> 
     </span>
    </p>
   </div>
   <div class='ocr_carea' id='block_1_91' title="bbox 1867 2952 3469 3036">
    <p class='ocr_par' dir='ltr' id='par_1_91' title="bbox 1867 2952 3469 3036">
     <span class='ocr_line' id='line_1_91' title="bbox 1867 2952 3469 3036; baseline -0.009 -12"><span class='ocrx_word' id='word_1_677' title='bbox 1867 2984 1989 3024; x_wconf 88' lang='lat' dir='ltr'><strong>cum</strong></span> <span class='ocrx_word' id='word_1_678' title='bbox 2024 2984 2121 3022; x_wconf 89' lang='lat' dir='ltr'><strong>usu</strong></span> <span class='ocrx_word' id='word_1_679' title='bbox 2147 2964 2385 3036; x_wconf 74' lang='lat' dir='ltr'><strong>coniugii</strong></span> <span class='ocrx_word' id='word_1_680' title='bbox 2416 2962 2699 3032; x_wconf 84' lang='lat' dir='ltr'><strong>iuvencula</strong></span> <span class='ocrx_word' id='word_1_681' title='bbox 2742 2960 3063 3023; x_wconf 78' lang='lat' dir='ltr'><strong>deuoratur,</strong></span> <span class='ocrx_word' id='word_1_682' title='bbox 3096 2956 3288 3012; x_wconf 90' lang='lat' dir='ltr'><strong>amittit</strong></span> <span class='ocrx_word' id='word_1_683' title='bbox 3321 2952 3469 3024; x_wconf 88' lang='lat' dir='ltr'><strong>quod</strong></span> 
     </span>
    </p>
   </div>
   <div class='ocr_carea' id='block_1_92' title="bbox 1869 3044 3468 3128">
    <p class='ocr_par' dir='ltr' id='par_1_92' title="bbox 1869 3044 3468 3128">
     <span class='ocr_line' id='line_1_92' title="bbox 1869 3044 3468 3128; baseline -0.009 -14"><span class='ocrx_word' id='word_1_684' title='bbox 1869 3075 2025 3114; x_wconf 89' lang='lat' dir='ltr'><strong>suum</strong></span> <span class='ocrx_word' id='word_1_685' title='bbox 2066 3066 2174 3125; x_wconf 83' lang='lat' dir='ltr'><strong>est,</strong></span> <span class='ocrx_word' id='word_1_686' title='bbox 2205 3056 2422 3128; x_wconf 86' lang='lat' dir='ltr'><strong>quando</strong></span> <span class='ocrx_word' id='word_1_687' title='bbox 2463 3056 2512 3109; x_wconf 87' lang='lat' dir='ltr'><strong>ei</strong></span> <span class='ocrx_word' id='word_1_688' title='bbox 2554 3055 2812 3109; x_wconf 88' lang='lat' dir='ltr'><strong>miscetur</strong></span> <span class='ocrx_word' id='word_1_689' title='bbox 2855 3051 3111 3106; x_wconf 89' lang='lat' dir='ltr'><strong>alienum.</strong></span> <span class='ocrx_word' id='word_1_690' title='bbox 3158 3046 3291 3102; x_wconf 86' lang='lat' dir='ltr'><strong>Illud</strong></span> <span class='ocrx_word' id='word_1_691' title='bbox 3323 3044 3468 3100; x_wconf 89' lang='lat' dir='ltr'><strong>enim</strong></span> 
     </span>
    </p>
   </div>
   <div class='ocr_carea' id='block_1_93' title="bbox 1867 3139 3468 3225">
    <p class='ocr_par' dir='ltr' id='par_1_93' title="bbox 1867 3139 3468 3225">
     <span class='ocr_line' id='line_1_93' title="bbox 1867 3139 3468 3225; baseline -0.009 -15"><span class='ocrx_word' id='word_1_692' title='bbox 1867 3170 2055 3210; x_wconf 82' lang='lat' dir='ltr'><strong>verum</strong></span> <span class='ocrx_word' id='word_1_693' title='bbox 2082 3153 2225 3225; x_wconf 88' lang='lat' dir='ltr'><strong>quod</strong></span> <span class='ocrx_word' id='word_1_694' title='bbox 2256 3153 2550 3215; x_wconf 86' lang='lat' dir='ltr'><strong>nascimur,</strong></span> <span class='ocrx_word' id='word_1_695' title='bbox 2581 3167 2686 3204; x_wconf 82' lang='lat' dir='ltr'><strong>non</strong></span> <span class='ocrx_word' id='word_1_696' title='bbox 2716 3149 2767 3203; x_wconf 92' lang='lat' dir='ltr'><strong>in</strong></span> <span class='ocrx_word' id='word_1_697' title='bbox 2797 3147 2938 3218; x_wconf 89' lang='lat' dir='ltr'><strong>quod</strong></span> <span class='ocrx_word' id='word_1_698' title='bbox 2974 3157 3247 3201; x_wconf 87' lang='lat' dir='ltr'><strong>mutamur</strong></span> <span class='ocrx_word' id='word_1_699' title='bbox 3280 3158 3294 3195; x_wconf 92' lang='lat'><strong>:</strong></span> <span class='ocrx_word' id='word_1_700' title='bbox 3323 3139 3468 3212; x_wconf 89' lang='lat' dir='ltr'><strong>quod</strong></span> 
     </span>
    </p>
   </div>
   <div class='ocr_carea' id='block_1_94' title="bbox 1868 3236 3469 3315">
    <p class='ocr_par' dir='ltr' id='par_1_94' title="bbox 1868 3236 3469 3315">
     <span class='ocr_line' id='line_1_94' title="bbox 1868 3236 3469 3315; baseline -0.009 -12"><span class='ocrx_word' id='word_1_701' title='bbox 1868 3267 1895 3303; x_wconf 89' lang='lat' dir='ltr'><strong>a</strong></span> <span class='ocrx_word' id='word_1_702' title='bbox 1929 3250 2188 3305; x_wconf 86' lang='lat' dir='ltr'><strong>Creatore</strong></span> <span class='ocrx_word' id='word_1_703' title='bbox 2212 3247 2545 3315; x_wconf 76' lang='lat' dir='ltr'><strong>accepimus.</strong></span> <span class='ocrx_word' id='word_1_704' title='bbox 2576 3261 2683 3299; x_wconf 90' lang='lat' dir='ltr'><strong>non</strong></span> <span class='ocrx_word' id='word_1_705' title='bbox 2723 3242 2864 3314; x_wconf 83' lang='lat' dir='ltr'><strong>quod</strong></span> <span class='ocrx_word' id='word_1_706' title='bbox 2890 3243 2959 3296; x_wconf 84' lang='lat' dir='ltr'><strong>de.</strong></span> <span class='ocrx_word' id='word_1_707' title='bbox 2988 3236 3349 3295; x_wconf 83' lang='lat' dir='ltr'><strong>contubernio</strong></span> <span class='ocrx_word' id='word_1_708' title='bbox 3381 3248 3469 3289; x_wconf 85' lang='lat' dir='ltr'><strong>as-</strong></span> 
     </span>
    </p>
   </div>
   <div class='ocr_carea' id='block_1_95' title="bbox 1869 3326 3473 3413">
    <p class='ocr_par' dir='ltr' id='par_1_95' title="bbox 1869 3326 3473 3413">
     <span class='ocr_line' id='line_1_95' title="bbox 1869 3326 3473 3413; baseline -0.011 -16"><span class='ocrx_word' id='word_1_709' title='bbox 1869 3345 2221 3413; x_wconf 87' lang='lat' dir='ltr'><strong>sumpsimus.</strong></span> <span class='ocrx_word' id='word_1_710' title='bbox 2243 3342 2373 3395; x_wconf 90' lang='lat' dir='ltr'><strong>Date</strong></span> <span class='ocrx_word' id='word_1_711' title='bbox 2394 3354 2523 3408; x_wconf 83' lang='lat' dir='ltr'><strong>ergo</strong></span> <span class='ocrx_word' id='word_1_712' title='bbox 2540 3350 2669 3390; x_wconf 82' lang='lat' dir='ltr'><strong>vero</strong></span> <span class='ocrx_word' id='word_1_713' title='bbox 2687 3333 2835 3391; x_wconf 82' lang='lat' dir='ltr'><strong>Levi.</strong></span> <span class='ocrx_word' id='word_1_714' title='bbox 2860 3334 2931 3388; x_wconf 93' lang='lat' dir='ltr'><strong>illi</strong></span> <span class='ocrx_word' id='word_1_715' title='bbox 2947 3331 3290 3387; x_wconf 81' lang='lat' dir='ltr'><strong>sacerdotum</strong></span> <span class='ocrx_word' id='word_1_716' title='bbox 3320 3326 3473 3395; x_wconf 78' lang='lat' dir='ltr'><strong>priu-</strong></span> 
     </span>
    </p>
   </div>
   <div class='ocr_carea' id='block_1_96' title="bbox 1870 3419 3470 3505">
    <p class='ocr_par' dir='ltr' id='par_1_96' title="bbox 1870 3419 3470 3505">
     <span class='ocr_line' id='line_1_96' title="bbox 1870 3419 3470 3505; baseline -0.013 -14"><span class='ocrx_word' id='word_1_717' title='bbox 1870 3437 1997 3505; x_wconf 83' lang='lat' dir='ltr'><strong>cipi,</strong></span> <span class='ocrx_word' id='word_1_718' title='bbox 2052 3448 2182 3488; x_wconf 87' lang='lat' dir='ltr'><strong>vero</strong></span> <span class='ocrx_word' id='word_1_719' title='bbox 2229 3435 2432 3493; x_wconf 81' lang='lat' dir='ltr'><strong>Aaron,</strong></span> <span class='ocrx_word' id='word_1_720' title='bbox 2484 3444 2617 3484; x_wconf 87' lang='lat' dir='ltr'><strong>vero</strong></span> <span class='ocrx_word' id='word_1_721' title='bbox 2656 3425 3078 3487; x_wconf 73' lang='lat' dir='ltr'><strong>Melchisedech,</strong></span> <span class='ocrx_word' id='word_1_722' title='bbox 3116 3436 3275 3478; x_wconf 88' lang='lat' dir='ltr'><strong>vcros</strong></span> <span class='ocrx_word' id='word_1_723' title='bbox 3327 3419 3470 3487; x_wconf 84' lang='lat' dir='ltr'><strong>ejus,</strong></span> 
     </span>
    </p>
   </div>
   <div class='ocr_carea' id='block_1_97' title="bbox 1870 3512 3472 3596">
    <p class='ocr_par' dir='ltr' id='par_1_97' title="bbox 1870 3512 3472 3596">
     <span class='ocr_line' id='line_1_97' title="bbox 1870 3512 3472 3596; baseline -0.009 -17"><span class='ocrx_word' id='word_1_724' title='bbox 1870 3526 2064 3596; x_wconf 87' lang='lat' dir='ltr'><strong>quales</strong></span> <span class='ocrx_word' id='word_1_725' title='bbox 2090 3525 2209 3595; x_wconf 84' lang='lat' dir='ltr'><strong>ipse</strong></span> <span class='ocrx_word' id='word_1_726' title='bbox 2237 3521 2509 3586; x_wconf 89' lang='lat' dir='ltr'><strong>condidit,</strong></span> <span class='ocrx_word' id='word_1_727' title='bbox 2542 3536 2647 3575; x_wconf 89' lang='lat' dir='ltr'><strong>non</strong></span> <span class='ocrx_word' id='word_1_728' title='bbox 2690 3518 2879 3589; x_wconf 87' lang='lat' dir='ltr'><strong>quales</strong></span> <span class='ocrx_word' id='word_1_729' title='bbox 2919 3515 3102 3571; x_wconf 40' lang='lat' dir='ltr'><strong>surculi</strong></span> <span class='ocrx_word' id='word_1_730' title='bbox 3135 3512 3296 3583; x_wconf 87' lang='lat' dir='ltr'><strong>hujus</strong></span> <span class='ocrx_word' id='word_1_731' title='bbox 3341 3525 3472 3565; x_wconf 84' lang='lat' dir='ltr'><strong>usus</strong></span> 
     </span>
    </p>
   </div>
   <div class='ocr_carea' id='block_1_98' title="bbox 1871 3603 3473 3684">
    <p class='ocr_par' dir='ltr' id='par_1_98' title="bbox 1871 3603 3473 3684">
     <span class='ocr_line' id='line_1_98' title="bbox 1871 3603 3473 3684; baseline -0.013 -9"><span class='ocrx_word' id='word_1_732' title='bbox 1871 3619 2073 3683; x_wconf 88' lang='lat' dir='ltr'><strong>cflicit;</strong></span> <span class='ocrx_word' id='word_1_733' title='bbox 2108 3626 2165 3671; x_wconf 90' lang='lat' dir='ltr'><strong>ut</strong></span> <span class='ocrx_word' id='word_1_734' title='bbox 2184 3631 2320 3684; x_wconf 89' lang='lat' dir='ltr'><strong>opus</strong></span> <span class='ocrx_word' id='word_1_735' title='bbox 2344 3631 2501 3670; x_wconf 88' lang='lat' dir='ltr'><strong>suum</strong></span> <span class='ocrx_word' id='word_1_736' title='bbox 2528 3615 2580 3667; x_wconf 90' lang='lat' dir='ltr'><strong>in</strong></span> <span class='ocrx_word' id='word_1_737' title='bbox 2605 3615 2757 3666; x_wconf 85' lang='lat' dir='ltr'><strong>vobis</strong></span> <span class='ocrx_word' id='word_1_738' title='bbox 2789 3620 2842 3665; x_wconf 89' lang='lat' dir='ltr'><strong>et</strong></span> <span class='ocrx_word' id='word_1_739' title='bbox 2865 3608 2994 3664; x_wconf 80' lang='lat' dir='ltr'><strong>illud</strong></span> <span class='ocrx_word' id='word_1_740' title='bbox 3023 3604 3263 3678; x_wconf 84' lang='lat' dir='ltr'><strong>genitale</strong></span> <span class='ocrx_word' id='word_1_741' title='bbox 3289 3603 3473 3671; x_wconf 77' lang='lat' dir='ltr'><strong>signa-</strong></span> 
     </span>
    </p>
   </div>
   <div class='ocr_carea' id='block_1_99' title="bbox 1871 3704 3293 3774">
    <p class='ocr_par' dir='ltr' id='par_1_99' title="bbox 1871 3704 3293 3774">
     <span class='ocr_line' id='line_1_99' title="bbox 1871 3704 3293 3774; baseline -0.014 -7"><span class='ocrx_word' id='word_1_742' title='bbox 1871 3713 2051 3767; x_wconf 80' lang='lat' dir='ltr'><strong>citlum</strong></span> <span class='ocrx_word' id='word_1_743' title='bbox 2074 3708 2387 3763; x_wconf 80' lang='lat' dir='ltr'><strong>inviolatum</strong></span> <span class='ocrx_word' id='word_1_744' title='bbox 2420 3715 2584 3774; x_wconf 85' lang='lat' dir='ltr'><strong>atque</strong></span> <span class='ocrx_word' id='word_1_745' title='bbox 2616 3705 2887 3773; x_wconf 74' lang='lat' dir='ltr'><strong>integrum</strong></span> <span class='ocrx_word' id='word_1_746' title='bbox 2919 3704 3293 3769; x_wconf 79' lang='lat' dir='ltr'><strong>recognoscat.</strong></span> 
     </span>
    </p>
   </div>
   <div class='ocr_carea' id='block_1_100' title="bbox 1944 3785 3471 3863">
    <p class='ocr_par' dir='ltr' id='par_1_100' title="bbox 1944 3785 3471 3863">
     <span class='ocr_line' id='line_1_100' title="bbox 1944 3785 3471 3863; baseline -0.014 -4"><span class='ocrx_word' id='word_1_747' title='bbox 1944 3803 2034 3859; x_wconf 80' lang='grc'><strong>56.</strong></span> <span class='ocrx_word' id='word_1_748' title='bbox 2068 3802 2203 3854; x_wconf 86' lang='lat' dir='ltr'><strong>Date</strong></span> <span class='ocrx_word' id='word_1_749' title='bbox 2226 3798 2326 3863; x_wconf 91' lang='lat' dir='ltr'><strong>illi,</strong></span> <span class='ocrx_word' id='word_1_750' title='bbox 2358 3798 2612 3851; x_wconf 75' lang='lat' dir='ltr'><strong>exhibete</strong></span> <span class='ocrx_word' id='word_1_751' title='bbox 2664 3796 2814 3849; x_wconf 90' lang='lat' dir='ltr'><strong>illum</strong></span> <span class='ocrx_word' id='word_1_752' title='bbox 2843 3794 3015 3847; x_wconf 80' lang='lat' dir='ltr'><strong>Adam</strong></span> <span class='ocrx_word' id='word_1_753' title='bbox 3037 3791 3125 3859; x_wconf 90' lang='lat' dir='ltr'><strong>qui</strong></span> <span class='ocrx_word' id='word_1_754' title='bbox 3174 3788 3275 3842; x_wconf 91' lang='lat' dir='ltr'><strong>fttit</strong></span> <span class='ocrx_word' id='word_1_755' title='bbox 3311 3785 3471 3859; x_wconf 71' lang='lat'><strong>287</strong></span> 
     </span>
    </p>
   </div>
   <div class='ocr_carea' id='block_1_101' title="bbox 1875 3881 3477 3967">
    <p class='ocr_par' dir='ltr' id='par_1_101' title="bbox 1875 3881 3477 3967">
     <span class='ocr_line' id='line_1_101' title="bbox 1875 3881 3477 3967; baseline -0.011 -18"><span class='ocrx_word' id='word_1_756' title='bbox 1875 3907 2001 3951; x_wconf 89' lang='lat' dir='ltr'><strong>ante</strong></span> <span class='ocrx_word' id='word_1_757' title='bbox 2022 3904 2325 3967; x_wconf 85' lang='lat' dir='ltr'><strong>peccatum.</strong></span> <span class='ocrx_word' id='word_1_758' title='bbox 2368 3892 2517 3946; x_wconf 86' lang='lat' dir='ltr'><strong>illam</strong></span> <span class='ocrx_word' id='word_1_759' title='bbox 2562 3889 2727 3943; x_wconf 83' lang='lat' dir='ltr'><strong>Evam</strong></span> <span class='ocrx_word' id='word_1_760' title='bbox 2762 3902 2883 3956; x_wconf 74' lang='lat' dir='ltr'><strong>qua:</strong></span> <span class='ocrx_word' id='word_1_761' title='bbox 2929 3885 3030 3939; x_wconf 85' lang='lat' dir='ltr'><strong>fuit</strong></span> <span class='ocrx_word' id='word_1_762' title='bbox 3070 3891 3357 3952; x_wconf 78' lang='lat' dir='ltr'><strong>antequam</strong></span> <span class='ocrx_word' id='word_1_763' title='bbox 3392 3881 3477 3932; x_wconf 90' lang='lat' dir='ltr'><strong>lu-</strong></span> 
     </span>
    </p>
   </div>
   <div class='ocr_carea' id='block_1_102' title="bbox 1877 3970 3478 4056">
    <p class='ocr_par' dir='ltr' id='par_1_102' title="bbox 1877 3970 3478 4056">
     <span class='ocr_line' id='line_1_102' title="bbox 1877 3970 3478 4056; baseline -0.012 -12"><span class='ocrx_word' id='word_1_764' title='bbox 1877 3989 2083 4044; x_wconf 77' lang='lat' dir='ltr'><strong>Irricuttt</strong></span> <span class='ocrx_word' id='word_1_765' title='bbox 2113 3985 2382 4056; x_wconf 81' lang='lat' dir='ltr'><strong>serpentis</strong></span> <span class='ocrx_word' id='word_1_766' title='bbox 2422 3982 2662 4037; x_wconf 82' lang='lat' dir='ltr'><strong>hauriret</strong></span> <span class='ocrx_word' id='word_1_767' title='bbox 2694 3992 2987 4042; x_wconf 82' lang='lat' dir='ltr'><strong>venenum,</strong></span> <span class='ocrx_word' id='word_1_768' title='bbox 3013 3976 3326 4044; x_wconf 83' lang='lat' dir='ltr'><strong>priusquam</strong></span> <span class='ocrx_word' id='word_1_769' title='bbox 3358 3970 3478 4040; x_wconf 84' lang='lat' dir='ltr'><strong>ejus</strong></span> 
     </span>
    </p>
   </div>
   <div class='ocr_carea' id='block_1_103' title="bbox 1877 4066 3481 4151">
    <p class='ocr_par' dir='ltr' id='par_1_103' title="bbox 1877 4066 3481 4151">
     <span class='ocr_line' id='line_1_103' title="bbox 1877 4066 3481 4151; baseline -0.012 -14"><span class='ocrx_word' id='word_1_770' title='bbox 1877 4082 2356 4151; x_wconf 72' lang='lat' dir='ltr'><strong>siqiplantnrentur</strong></span> <span class='ocrx_word' id='word_1_771' title='bbox 2398 4076 2632 4139; x_wconf 85' lang='lat' dir='ltr'><strong>insidiis,</strong></span> <span class='ocrx_word' id='word_1_772' title='bbox 2664 4070 2884 4145; x_wconf 88' lang='lat' dir='ltr'><strong>quando</strong></span> <span class='ocrx_word' id='word_1_773' title='bbox 2919 4084 3024 4123; x_wconf 90' lang='lat' dir='ltr'><strong>non</strong></span> <span class='ocrx_word' id='word_1_774' title='bbox 3069 4066 3342 4121; x_wconf 86' lang='lat' dir='ltr'><strong>habebant</strong></span> <span class='ocrx_word' id='word_1_775' title='bbox 3373 4077 3481 4133; x_wconf 91' lang='lat' dir='ltr'><strong>quo</strong></span> 
     </span>
    </p>
   </div>
   <div class='ocr_carea' id='block_1_104' title="bbox 1879 4155 3480 4235">
    <p class='ocr_par' dir='ltr' id='par_1_104' title="bbox 1879 4155 3480 4235">
     <span class='ocr_line' id='line_1_104' title="bbox 1879 4155 3480 4235; baseline -0.014 -7"><span class='ocrx_word' id='word_1_776' title='bbox 1879 4171 2384 4228; x_wconf 64' lang='lat' dir='ltr'><strong>confundi-rentur?</strong></span> <span class='ocrx_word' id='word_1_777' title='bbox 2412 4169 2543 4225; x_wconf 79' lang='lat' dir='ltr'><strong>Nam</strong></span> <span class='ocrx_word' id='word_1_778' title='bbox 2570 4168 2755 4235; x_wconf 84' lang='lat' dir='ltr'><strong>utique</strong></span> <span class='ocrx_word' id='word_1_779' title='bbox 2784 4178 2945 4227; x_wconf 82' lang='lat' dir='ltr'><strong>nunc,</strong></span> <span class='ocrx_word' id='word_1_780' title='bbox 2977 4163 3100 4215; x_wconf 86' lang='lat' dir='ltr'><strong>licet</strong></span> <span class='ocrx_word' id='word_1_781' title='bbox 3124 4158 3266 4215; x_wconf 81' lang='lat' dir='ltr'><strong>bona</strong></span> <span class='ocrx_word' id='word_1_782' title='bbox 3285 4155 3480 4224; x_wconf 87' lang='lat' dir='ltr'><strong>conju-</strong></span> 
     </span>
    </p>
   </div>
   <div class='ocr_carea' id='block_1_105' title="bbox 1880 4251 3483 4331">
    <p class='ocr_par' dir='ltr' id='par_1_105' title="bbox 1880 4251 3483 4331">
     <span class='ocr_line' id='line_1_105' title="bbox 1880 4251 3483 4331; baseline -0.01 -14"><span class='ocrx_word' id='word_1_783' title='bbox 1880 4268 1989 4331; x_wconf 59' lang='grc' dir='ltr'><strong>πίει,</strong></span> <span class='ocrx_word' id='word_1_784' title='bbox 2019 4275 2195 4319; x_wconf 86' lang='lat' dir='ltr'><strong>tamen</strong></span> <span class='ocrx_word' id='word_1_785' title='bbox 2230 4264 2435 4319; x_wconf 88' lang='lat' dir='ltr'><strong>habent</strong></span> <span class='ocrx_word' id='word_1_786' title='bbox 2471 4261 2612 4331; x_wconf 85' lang='lat' dir='ltr'><strong>quod</strong></span> <span class='ocrx_word' id='word_1_787' title='bbox 2647 4261 2790 4315; x_wconf 87' lang='lat' dir='ltr'><strong>inter</strong></span> <span class='ocrx_word' id='word_1_788' title='bbox 2818 4272 2878 4313; x_wconf 87' lang='lat' dir='ltr'><strong>se</strong></span> <span class='ocrx_word' id='word_1_789' title='bbox 2916 4256 3017 4325; x_wconf 90' lang='lat' dir='ltr'><strong>ipsi</strong></span> <span class='ocrx_word' id='word_1_790' title='bbox 3062 4251 3319 4322; x_wconf 86' lang='lat' dir='ltr'><strong>conjuges</strong></span> <span class='ocrx_word' id='word_1_791' title='bbox 3355 4264 3483 4303; x_wconf 90' lang='lat' dir='ltr'><strong>eru-</strong></span> 
     </span>
    </p>
   </div>
   <div class='ocr_carea' id='block_1_106' title="bbox 1881 4341 3487 4423">
    <p class='ocr_par' dir='ltr' id='par_1_106' title="bbox 1881 4341 3487 4423">
     <span class='ocr_line' id='line_1_106' title="bbox 1881 4341 3487 4423; baseline -0.013 -9"><span class='ocrx_word' id='word_1_792' title='bbox 1881 4359 2126 4414; x_wconf 86' lang='lat' dir='ltr'><strong>bescant.</strong></span> <span class='ocrx_word' id='word_1_793' title='bbox 2159 4354 2324 4413; x_wconf 80' lang='lat' dir='ltr'><strong>Tales</strong></span> <span class='ocrx_word' id='word_1_794' title='bbox 2350 4372 2481 4423; x_wconf 68' lang='lat' dir='ltr'><strong>ergo</strong></span> <span class='ocrx_word' id='word_1_795' title='bbox 2508 4364 2702 4419; x_wconf 67' lang='lat' dir='ltr'><strong>estote,</strong></span> <span class='ocrx_word' id='word_1_796' title='bbox 2728 4352 2846 4418; x_wconf 77' lang='lat' dir='ltr'><strong>filii,</strong></span> <span class='ocrx_word' id='word_1_797' title='bbox 2880 4349 3068 4421; x_wconf 76' lang='lat' dir='ltr'><strong>quales</strong></span> <span class='ocrx_word' id='word_1_798' title='bbox 3090 4347 3262 4402; x_wconf 80' lang='lat' dir='ltr'><strong>Adam</strong></span> <span class='ocrx_word' id='word_1_799' title='bbox 3291 4351 3344 4398; x_wconf 90' lang='lat' dir='ltr'><strong>et</strong></span> <span class='ocrx_word' id='word_1_800' title='bbox 3373 4341 3487 4396; x_wconf 79' lang='lat' dir='ltr'><strong>Eva</strong></span> 
     </span>
    </p>
   </div>
   <div class='ocr_carea' id='block_1_107' title="bbox 1887 4432 3490 4519">
    <p class='ocr_par' dir='ltr' id='par_1_107' title="bbox 1887 4432 3490 4519">
     <span class='ocr_line' id='line_1_107' title="bbox 1887 4432 3490 4519; baseline -0.012 -15"><span class='ocrx_word' id='word_1_801' title='bbox 1887 4451 1939 4505; x_wconf 90' lang='lat' dir='ltr'><strong>in</strong></span> <span class='ocrx_word' id='word_1_802' title='bbox 1974 4453 2223 4519; x_wconf 82' lang='lat' dir='ltr'><strong>paradiso</strong></span> <span class='ocrx_word' id='word_1_803' title='bbox 2261 4451 2476 4505; x_wconf 85' lang='lat' dir='ltr'><strong>fuerunt</strong></span> <span class='ocrx_word' id='word_1_804' title='bbox 2517 4449 2535 4518; x_wconf 86' lang='lat'>(</span> <span class='ocrx_word' id='word_1_805' title='bbox 2569 4446 2698 4503; x_wconf 77' lang='lat' dir='ltr'><strong>Gen.</strong></span> <span class='ocrx_word' id='word_1_806' title='bbox 2742 4461 2815 4511; x_wconf 87' lang='lat' dir='ltr'><strong>tv,</strong></span> <span class='ocrx_word' id='word_1_807' title='bbox 2847 4442 2942 4513; x_wconf 72' lang='lat'><strong>&#39;2).</strong></span> <span class='ocrx_word' id='word_1_808' title='bbox 2988 4442 3062 4496; x_wconf 89' lang='lat' dir='ltr'><strong>De</strong></span> <span class='ocrx_word' id='word_1_809' title='bbox 3103 4438 3301 4508; x_wconf 87' lang='lat' dir='ltr'><strong>quibus</strong></span> <span class='ocrx_word' id='word_1_810' title='bbox 3351 4432 3490 4488; x_wconf 63' lang='lat' dir='ltr'><strong>scrio</strong></span> 
     </span>
    </p>
   </div>
   <div class='ocr_carea' id='block_1_108' title="bbox 1891 4528 3494 4613">
    <p class='ocr_par' dir='ltr' id='par_1_108' title="bbox 1891 4528 3494 4613">
     <span class='ocr_line' id='line_1_108' title="bbox 1891 4528 3494 4613; baseline -0.012 -16"><span class='ocrx_word' id='word_1_811' title='bbox 1891 4554 2037 4613; x_wconf 90' lang='lat' dir='ltr'><strong>ptum</strong></span> <span class='ocrx_word' id='word_1_812' title='bbox 2067 4555 2173 4609; x_wconf 92' lang='lat' dir='ltr'><strong>est,</strong></span> <span class='ocrx_word' id='word_1_813' title='bbox 2206 4545 2347 4613; x_wconf 87' lang='lat' dir='ltr'><strong>quod</strong></span> <span class='ocrx_word' id='word_1_814' title='bbox 2387 4550 2734 4612; x_wconf 79' lang='lat' dir='ltr'><strong>posteaquam</strong></span> <span class='ocrx_word' id='word_1_815' title='bbox 2776 4538 2843 4590; x_wconf 85' lang='lat' dir='ltr'><strong>de</strong></span> <span class='ocrx_word' id='word_1_816' title='bbox 2891 4532 3140 4601; x_wconf 59' lang='lat' dir='ltr'><strong>paradiso</strong></span> <span class='ocrx_word' id='word_1_817' title='bbox 3160 4541 3243 4586; x_wconf 83' lang='lat' dir='ltr'><strong>est</strong></span> <span class='ocrx_word' id='word_1_818' title='bbox 3289 4528 3494 4597; x_wconf 85' lang='lat' dir='ltr'><strong>cjectus</strong></span> 
     </span>
    </p>
   </div>
   <div class='ocr_carea' id='block_1_109' title="bbox 1890 4623 3487 4707">
    <p class='ocr_par' dir='ltr' id='par_1_109' title="bbox 1890 4623 3487 4707">
     <span class='ocr_line' id='line_1_109' title="bbox 1890 4623 3487 4707; baseline -0.013 -16"><span class='ocrx_word' id='word_1_819' title='bbox 1890 4636 2086 4703; x_wconf 81' lang='lat' dir='ltr'><strong>Adam,</strong></span> <span class='ocrx_word' id='word_1_820' title='bbox 2116 4640 2368 4707; x_wconf 87' lang='lat' dir='ltr'><strong>cognovit</strong></span> <span class='ocrx_word' id='word_1_821' title='bbox 2399 4636 2564 4689; x_wconf 77' lang='lat' dir='ltr'><strong>Evam</strong></span> <span class='ocrx_word' id='word_1_822' title='bbox 2594 4646 2819 4688; x_wconf 80' lang='lat' dir='ltr'><strong>uxorem</strong></span> <span class='ocrx_word' id='word_1_823' title='bbox 2849 4643 3025 4691; x_wconf 84' lang='lat' dir='ltr'><strong>suam,</strong></span> <span class='ocrx_word' id='word_1_824' title='bbox 3059 4633 3113 4679; x_wconf 91' lang='lat' dir='ltr'><strong>et</strong></span> <span class='ocrx_word' id='word_1_825' title='bbox 3154 4623 3242 4678; x_wconf 88' lang='lat' dir='ltr'><strong>illa</strong></span> <span class='ocrx_word' id='word_1_826' title='bbox 3289 4632 3487 4676; x_wconf 81' lang='lat' dir='ltr'><strong>conce-</strong></span> 
     </span>
    </p>
   </div>
   <div class='ocr_carea' id='block_1_110' title="bbox 1894 4710 3501 4800">
    <p class='ocr_par' dir='ltr' id='par_1_110' title="bbox 1894 4710 3501 4800">
     <span class='ocr_line' id='line_1_110' title="bbox 1894 4710 3501 4800; baseline -0.015 -13"><span class='ocrx_word' id='word_1_827' title='bbox 1894 4730 1994 4800; x_wconf 88' lang='lat' dir='ltr'><strong>pit,</strong></span> <span class='ocrx_word' id='word_1_828' title='bbox 2022 4727 2039 4767; x_wconf 73' lang='grc' dir='ltr'><strong>ί</strong></span> <span class='ocrx_word' id='word_1_829' title='bbox 2064 4740 2119 4784; x_wconf 90' lang='lat' dir='ltr'><strong>et</strong></span> <span class='ocrx_word' id='word_1_830' title='bbox 2160 4728 2367 4799; x_wconf 89' lang='lat' dir='ltr'><strong>peperit</strong></span> <span class='ocrx_word' id='word_1_831' title='bbox 2402 4728 2595 4791; x_wconf 90' lang='lat' dir='ltr'><strong>lilium,</strong></span> <span class='ocrx_word' id='word_1_832' title='bbox 2638 4740 2799 4795; x_wconf 91' lang='lat' dir='ltr'><strong>quem</strong></span> <span class='ocrx_word' id='word_1_833' title='bbox 2853 4718 3070 4776; x_wconf 86' lang='lat' dir='ltr'><strong>vocavit</strong></span> <span class='ocrx_word' id='word_1_834' title='bbox 3110 4715 3239 4772; x_wconf 86' lang='lat' dir='ltr'><strong>Cain</strong></span> <span class='ocrx_word' id='word_1_835' title='bbox 3275 4731 3288 4768; x_wconf 92' lang='lat'>:</span> <span class='ocrx_word' id='word_1_836' title='bbox 3318 4720 3372 4767; x_wconf 91' lang='lat' dir='ltr'><strong>et</strong></span> <span class='ocrx_word' id='word_1_837' title='bbox 3397 4710 3501 4765; x_wconf 89' lang='lat' dir='ltr'><strong>itc-</strong></span> 
     </span>
    </p>
   </div>
   <div class='ocr_carea' id='block_1_111' title="bbox 1904 4898 3496 4983">
    <p class='ocr_par' dir='ltr' id='par_1_111' title="bbox 1904 4898 3496 4983">
     <span class='ocr_line' id='line_1_111' title="bbox 1904 4898 3496 4983; baseline -0.011 -16"><span class='ocrx_word' id='word_1_838' title='bbox 1904 4912 1975 4969; x_wconf 81' lang='lat' dir='ltr'><strong>Et</strong></span> <span class='ocrx_word' id='word_1_839' title='bbox 2006 4913 2134 4969; x_wconf 91' lang='lat' dir='ltr'><strong>hinc</strong></span> <span class='ocrx_word' id='word_1_840' title='bbox 2166 4912 2520 4983; x_wconf 82' lang='lat' dir='ltr'><strong>corrigendos</strong></span> <span class='ocrx_word' id='word_1_841' title='bbox 2552 4912 2693 4965; x_wconf 76' lang='lat' dir='ltr'><strong>idem</strong></span> <span class='ocrx_word' id='word_1_842' title='bbox 2719 4909 2880 4983; x_wconf 70' lang='lat' dir='ltr'><strong>locus</strong></span> <span class='ocrx_word' id='word_1_843' title='bbox 2905 4918 3070 4974; x_wconf 87' lang='lat' dir='ltr'><strong>supra</strong></span> <span class='ocrx_word' id='word_1_844' title='bbox 3102 4901 3207 4983; x_wconf 79' lang='lat' dir='ltr'><strong>col.</strong></span> <span class='ocrx_word' id='word_1_845' title='bbox 3233 4898 3324 4981; x_wconf 69' lang='lat'><strong>69.</strong></span> <span class='ocrx_word' id='word_1_846' title='bbox 3345 4912 3496 4980; x_wconf 63' lang='lat' dir='ltr'><strong>num.</strong></span> 
     </span>
    </p>
   </div>
   <div class='ocr_carea' id='block_1_112' title="bbox 1901 4968 3503 5053">
    <p class='ocr_par' dir='ltr' id='par_1_112' title="bbox 1901 4968 3503 5053">
     <span class='ocr_line' id='line_1_112' title="bbox 1901 4968 3503 5053; baseline -0.012 -11"><span class='ocrx_word' id='word_1_847' title='bbox 1901 4968 2030 5053; x_wconf 69' lang='grc'><strong>266,</strong></span> <span class='ocrx_word' id='word_1_848' title='bbox 2064 4968 2126 5039; x_wconf 79' lang='lat' dir='ltr'><strong>et</strong></span> <span class='ocrx_word' id='word_1_849' title='bbox 2153 4968 2496 5039; x_wconf 53' lang='lat' dir='ltr'><strong>ettienTlanda</strong></span> <span class='ocrx_word' id='word_1_850' title='bbox 2529 4984 2731 5037; x_wconf 83' lang='lat' dir='ltr'><strong>ibidem</strong></span> <span class='ocrx_word' id='word_1_851' title='bbox 2762 4968 3355 5053; x_wconf 56' lang='lat' dir='ltr'><strong>subjectaantiotztti0;</strong></span> <span class='ocrx_word' id='word_1_852' title='bbox 3397 4968 3503 5053; x_wconf 65' lang='lat' dir='ltr'><strong>nisi</strong></span> 
     </span>
    </p>
   </div>
   <div class='ocr_carea' id='block_1_113' title="bbox 1902 5040 3503 5129">
    <p class='ocr_par' dir='ltr' id='par_1_113' title="bbox 1902 5040 3503 5129">
     <span class='ocr_line' id='line_1_113' title="bbox 1902 5040 3503 5129; baseline -0.012 -17"><span class='ocrx_word' id='word_1_853' title='bbox 1902 5040 2030 5129; x_wconf 67' lang='lat' dir='ltr'><strong>quis</strong></span> <span class='ocrx_word' id='word_1_854' title='bbox 2055 5058 2211 5112; x_wconf 81' lang='lat' dir='ltr'><strong>malit</strong></span> <span class='ocrx_word' id='word_1_855' title='bbox 2259 5056 2604 5129; x_wconf 74' lang='lat' dir='ltr'><strong>Ambrosium</strong></span> <span class='ocrx_word' id='word_1_856' title='bbox 2654 5051 2821 5105; x_wconf 84' lang='lat' dir='ltr'><strong>variis</strong></span> <span class='ocrx_word' id='word_1_857' title='bbox 2849 5040 2898 5101; x_wconf 73' lang='lat' dir='ltr'><strong>iit</strong></span> <span class='ocrx_word' id='word_1_858' title='bbox 2926 5045 3206 5127; x_wconf 78' lang='lat' dir='ltr'><strong>codicibus</strong></span> <span class='ocrx_word' id='word_1_859' title='bbox 3225 5042 3391 5129; x_wconf 37' lang='lat' dir='ltr'><strong>.varine</strong></span> <span class='ocrx_word' id='word_1_860' title='bbox 3416 5040 3503 5129; x_wconf 49' lang='lat' dir='ltr'><strong>Ile.-</strong></span> 
     </span>
    </p>
   </div>
   <div class='ocr_carea' id='block_1_114' title="bbox 1942 5110 3503 5196">
    <p class='ocr_par' dir='ltr' id='par_1_114' title="bbox 1942 5110 3503 5196">
     <span class='ocr_line' id='line_1_114' title="bbox 1942 5110 3503 5196; baseline -0.012 -13"><span class='ocrx_word' id='word_1_861' title='bbox 1942 5110 2234 5196; x_wconf 20' lang='lat' dir='ltr'><strong>isse,vquod</strong></span> <span class='ocrx_word' id='word_1_862' title='bbox 2271 5129 2445 5182; x_wconf 86' lang='lat' dir='ltr'><strong>cidem</strong></span> <span class='ocrx_word' id='word_1_863' title='bbox 2467 5124 2599 5181; x_wconf 78' lang='lat' dir='ltr'><strong>alibi</strong></span> <span class='ocrx_word' id='word_1_864' title='bbox 2639 5137 2850 5194; x_wconf 81' lang='lat' dir='ltr'><strong>quoque</strong></span> <span class='ocrx_word' id='word_1_865' title='bbox 2880 5135 2978 5172; x_wconf 88' lang='lat' dir='ltr'><strong>usu</strong></span> <span class='ocrx_word' id='word_1_866' title='bbox 3008 5118 3197 5171; x_wconf 80' lang='lat' dir='ltr'><strong>Venire</strong></span> <span class='ocrx_word' id='word_1_867' title='bbox 3224 5112 3368 5169; x_wconf 86' lang='lat' dir='ltr'><strong>ltatttl</strong></span> <span class='ocrx_word' id='word_1_868' title='bbox 3398 5110 3503 5166; x_wconf 76' lang='lat' dir='ltr'><strong>dif-</strong></span> 
     </span>
    </p>
   </div>
   <div class='ocr_carea' id='block_1_115' title="bbox 1924 5199 2567 5257">
    <p class='ocr_par' dir='ltr' id='par_1_115' title="bbox 1924 5199 2567 5257">
     <span class='ocr_line' id='line_1_115' title="bbox 1924 5199 2567 5257; baseline -0.012 0"><span class='ocrx_word' id='word_1_869' title='bbox 1924 5202 2121 5257; x_wconf 79' lang='lat' dir='ltr'><strong>iculter</strong></span> <span class='ocrx_word' id='word_1_870' title='bbox 2147 5199 2567 5255; x_wconf 83' lang='lat' dir='ltr'><strong>animadvertas.</strong></span> 
     </span>
    </p>
   </div>
   <div class='ocr_carea' id='block_1_116' title="bbox 1983 5252 3499 5340">
    <p class='ocr_par' dir='ltr' id='par_1_116' title="bbox 1983 5252 3499 5340">
     <span class='ocr_line' id='line_1_116' title="bbox 1983 5252 3499 5340; baseline -0.015 -12"><span class='ocrx_word' id='word_1_871' title='bbox 1983 5271 2002 5310; x_wconf 69' lang='grc' dir='ltr'><em>τ</em></span> <span class='ocrx_word' id='word_1_872' title='bbox 2019 5252 2238 5327; x_wconf 18' lang='grc' dir='ltr'><strong>Ἵοινιιιιέέ</strong></span> <span class='ocrx_word' id='word_1_873' title='bbox 2268 5252 2400 5340; x_wconf 63' lang='lat' dir='ltr'><strong>edit.</strong></span> <span class='ocrx_word' id='word_1_874' title='bbox 2425 5311 2441 5336; x_wconf 94' lang='lat'><strong>,</strong></span> <span class='ocrx_word' id='word_1_875' title='bbox 2476 5280 2522 5322; x_wconf 91' lang='lat' dir='ltr'><strong>et</strong></span> <span class='ocrx_word' id='word_1_876' title='bbox 2553 5266 2750 5338; x_wconf 79' lang='lat' dir='ltr'><strong>peperit</strong></span> <span class='ocrx_word' id='word_1_877' title='bbox 2782 5263 2983 5340; x_wconf 73' lang='lat' dir='ltr'><strong>ﬁlium,</strong></span> <span class='ocrx_word' id='word_1_878' title='bbox 3007 5259 3099 5340; x_wconf 61' lang='lat' dir='ltr'><strong>cui</strong></span> <span class='ocrx_word' id='word_1_879' title='bbox 3135 5271 3316 5311; x_wconf 82' lang='lat' dir='ltr'><strong>nomen</strong></span> <span class='ocrx_word' id='word_1_880' title='bbox 3352 5252 3499 5308; x_wconf 82' lang='lat' dir='ltr'><strong>Abel.</strong></span> 
     </span>
    </p>
   </div>
   <div class='ocr_carea' id='block_1_117' title="bbox 1905 5332 3502 5418">
    <p class='ocr_par' dir='ltr' id='par_1_117' title="bbox 1905 5332 3502 5418">
     <span class='ocr_line' id='line_1_117' title="bbox 1905 5332 3502 5418; baseline -0.016 -16"><span class='ocrx_word' id='word_1_881' title='bbox 1905 5349 2077 5418; x_wconf 80' lang='lat' dir='ltr'><strong>Quem</strong></span> <span class='ocrx_word' id='word_1_882' title='bbox 2106 5332 2528 5418; x_wconf 51' lang='lat' dir='ltr'><strong>quidctn&#39;lucuin</strong></span> <span class='ocrx_word' id='word_1_883' title='bbox 2553 5332 2814 5418; x_wconf 38' lang='lat' dir='ltr'><strong>‘mancum</strong></span> <span class='ocrx_word' id='word_1_884' title='bbox 2841 5348 2905 5386; x_wconf 90' lang='lat' dir='ltr'><strong>ac</strong></span> <span class='ocrx_word' id='word_1_885' title='bbox 2933 5332 3203 5418; x_wconf 62' lang='lat' dir='ltr'><strong>derectust:</strong></span> <span class='ocrx_word' id='word_1_886' title='bbox 3229 5341 3351 5418; x_wconf 61' lang='lat' dir='ltr'><strong>esse.</strong></span> <span class='ocrx_word' id='word_1_887' title='bbox 3365 5340 3502 5418; x_wconf 52' lang='lat' dir='ltr'><strong>Icum</strong></span> 
     </span>
    </p>
   </div>
   <div class='ocr_carea' id='block_1_118' title="bbox 1906 5395 3505 5486">
    <p class='ocr_par' dir='ltr' id='par_1_118' title="bbox 1906 5395 3505 5486">
     <span class='ocr_line' id='line_1_118' title="bbox 1906 5395 3505 5486; baseline -0.016 -12"><span class='ocrx_word' id='word_1_888' title='bbox 1906 5395 2184 5486; x_wconf 49' lang='lat' dir='ltr'><strong>siujiiettt&#39;ia</strong></span> <span class='ocrx_word' id='word_1_889' title='bbox 2214 5395 2403 5485; x_wconf 76' lang='lat' dir='ltr'><strong>aperte</strong></span> <span class='ocrx_word' id='word_1_890' title='bbox 2429 5412 2699 5486; x_wconf 79' lang='lat' dir='ltr'><strong>clament,</strong></span> <span class='ocrx_word' id='word_1_891' title='bbox 2733 5408 2801 5460; x_wconf 86' lang='lat' dir='ltr'><strong>ita</strong></span> <span class='ocrx_word' id='word_1_892' title='bbox 2832 5401 3334 5486; x_wconf 50' lang='grc' dir='ltr'><strong>ειιῃ¹ιιῑιςιιιιιιιιι¹ιιιιδι</strong></span> <span class='ocrx_word' id='word_1_893' title='bbox 3365 5395 3505 5486; x_wconf 45' lang='lat' dir='ltr'><strong>I&#39;i‘au—</strong></span> 
     </span>
    </p>
   </div>
   <div class='ocr_carea' id='block_1_119' title="bbox 1907 5465 3505 5550">
    <p class='ocr_par' dir='ltr' id='par_1_119' title="bbox 1907 5465 3505 5550">
     <span class='ocr_line' id='line_1_119' title="bbox 1907 5465 3505 5550; baseline -0.017 -3"><span class='ocrx_word' id='word_1_894' title='bbox 2323 5465 2568 5542; x_wconf 72' lang='lat' dir='ltr'><strong>Latinitts</strong></span> <span class='ocrx_word' id='word_1_895' title='bbox 2584 5524 2598 5546; x_wconf 95' lang='lat'><strong>,</strong></span> <span class='ocrx_word' id='word_1_896' title='bbox 2630 5465 3053 5550; x_wconf 42' lang='lat' dir='ltr'><strong>et&#39;peperit&#39;Cain</strong></span> <span class='ocrx_word' id='word_1_897' title='bbox 3070 5516 3083 5535; x_wconf 85' lang='lat'><strong>,</strong></span> <span class='ocrx_word' id='word_1_898' title='bbox 3110 5481 3156 5526; x_wconf 89' lang='lat' dir='ltr'><strong>et</strong></span> <span class='ocrx_word' id='word_1_899' title='bbox 3174 5465 3348 5550; x_wconf 67' lang='lat' dir='ltr'><strong>dixit:</strong></span> <span class='ocrx_word' id='word_1_900' title='bbox 3372 5465 3505 5550; x_wconf 48' lang='lat' dir='ltr'><strong>110s:</strong></span> 
     </span>
    </p>
   </div>
   <div class='ocr_carea' id='block_1_120' title="bbox 1906 5540 3502 5626">
    <p class='ocr_par' dir='ltr' id='par_1_120' title="bbox 1906 5540 3502 5626">
     <span class='ocr_line' id='line_1_120' title="bbox 1906 5540 3502 5626; baseline -0.016 -7"><span class='ocrx_word' id='word_1_901' title='bbox 2328 5540 2416 5622; x_wconf 68' lang='lat' dir='ltr'><strong>per</strong></span> <span class='ocrx_word' id='word_1_902' title='bbox 2439 5540 2625 5609; x_wconf 80' lang='lat' dir='ltr'><strong>Deum.</strong></span> <span class='ocrx_word' id='word_1_903' title='bbox 2747 5540 2951 5626; x_wconf 76' lang='lat' dir='ltr'><strong>rursum</strong></span> <span class='ocrx_word' id='word_1_904' title='bbox 2976 5543 3238 5626; x_wconf 72' lang='lat' dir='ltr'><strong>concepit,</strong></span> <span class='ocrx_word' id='word_1_905' title='bbox 3268 5549 3371 5594; x_wconf 89' lang='lat' dir='ltr'><strong>etc.</strong></span> <span class='ocrx_word' id='word_1_906' title='bbox 3396 5540 3502 5594; x_wconf 87' lang='lat' dir='ltr'><strong>Sed</strong></span> 
     </span>
    </p>
   </div>
   <div class='ocr_carea' id='block_1_121' title="bbox 1912 5615 3508 5690">
    <p class='ocr_par' dir='ltr' id='par_1_121' title="bbox 1912 5615 3508 5690">
     <span class='ocr_line' id='line_1_121' title="bbox 1912 5615 3508 5690; baseline -0.015 0"><span class='ocrx_word' id='word_1_907' title='bbox 1912 5615 2545 5690; x_wconf 57' lang='grc' dir='ltr'><strong>ιιιξεξξιιιιιιιίιιιιι’ῐειριιιιιι</strong></span> <span class='ocrx_word' id='word_1_908' title='bbox 2573 5635 2655 5680; x_wconf 86' lang='lat' dir='ltr'><strong>est</strong></span> <span class='ocrx_word' id='word_1_909' title='bbox 2684 5619 2949 5678; x_wconf 84' lang='lat' dir='ltr'><strong>beneficio</strong></span> <span class='ocrx_word' id='word_1_910' title='bbox 2970 5659 2985 5685; x_wconf 94' lang='lat'><strong>,</strong></span> <span class='ocrx_word' id='word_1_911' title='bbox 3013 5631 3084 5672; x_wconf 88' lang='lat' dir='ltr'><strong>ne</strong></span> <span class='ocrx_word' id='word_1_912' title='bbox 3110 5615 3288 5669; x_wconf 82' lang='lat' dir='ltr'><strong>isthac</strong></span> <span class='ocrx_word' id='word_1_913' title='bbox 3313 5625 3508 5667; x_wconf 81' lang='lat' dir='ltr'><strong>eorum</strong></span> 
     </span>
    </p>
   </div>
   <div class='ocr_carea' id='block_1_122' title="bbox 1910 5700 2763 5777">
    <p class='ocr_par' dir='ltr' id='par_1_122' title="bbox 1910 5700 2763 5777">
     <span class='ocr_line' id='line_1_122' title="bbox 1910 5700 2763 5777; baseline -0.014 -15"><span class='ocrx_word' id='word_1_914' title='bbox 1910 5706 2221 5777; x_wconf 80' lang='lat' dir='ltr'><strong>conjectura</strong></span> <span class='ocrx_word' id='word_1_915' title='bbox 2251 5716 2389 5772; x_wconf 87' lang='lat' dir='ltr'><strong>opus</strong></span> <span class='ocrx_word' id='word_1_916' title='bbox 2419 5700 2763 5755; x_wconf 78' lang='lat' dir='ltr'><strong>haberemus.</strong></span> 
     </span>
    </p>
   </div>
  </div>
