3974 6186
459 225 568 284 547

1795 224 2044 285 ΞᾹΝΟΤΙ
2084 225 2414 285 AMBROSII

3657 229 3786 288 518

460 359 580 400 runt
637 339 888 413 concepit
942 348 995 396 et
1046 340 1254 412 peperit
1294 339 1486 408 tilium,
1513 340 1598 398 cui
1654 356 1852 398 nomen
1896 343 2055 397 Abel.
2087 345 2138 407 Α
2234 344 2327 400 40.
2374 346 2464 399 tlla
2501 345 2666 416 igitur
2695 351 2853 401 vetus
2881 352 3094 400 terrena
3126 346 3378 415 sortitio,
3430 347 3551 404 bace
3594 349 3786 418 Spiri-

462 438 656 493 Melior
706 436 883 503 itaque
928 432 1222 496 secundus,
1266 448 1425 503 quam
1461 436 1610 503 prior
1654 435 1894 502 fruetus;
1938 435 2061 506 quia

462 529 569 584 iste
616 524 1016 587 immaculatus,
1081 524 1174 581 ille
1230 526 1555 580 maculosus.
1613 526 1715 583 Iste
1784 526 2068 582 adhaerens

464 620 601 684 Deo,
630 627 684 674 et
709 625 852 672 totus
874 632 901 670 a
933 616 1187 683 Domino,
1212 617 1303 673 ille
1328 619 1605 674 mundana
1626 632 1678 676 et
1702 631 1915 675 terrena
1940 634 2068 692 posa

462 712 659 768 sessio.
704 709 948 781 Denique
970 709 1022 765 in
1055 711 1160 767 isto
1206 713 1395 767 mundi
1431 714 1736 786 redemptio
1783 714 2070 770 annuntia-

463 814 573 874 tur,
605 808 673 863 ab
704 806 798 862 illo
826 807 1015 862 mundi
1044 807 1222 863 ruina.
1260 808 1312 863 In
1348 809 1452 864 hoc
1482 810 1681 865 Cltristi
1717 811 2067 878 sacriﬁcium,

462 904 518 959 in
551 901 645 957 illo
672 900 872 957 diaboli
899 901 1274 974 parricidium.
1300 903 1442 958 Nihil
1471 918 1604 973 ergo
1634 904 1786 959 vobis
1834 905 1923 971 sit,
1955 904 2072 971 ﬁlii,

465 1010 588 1052 cum
622 993 965 1064 possessione
1012 996 1220 1062 smeltli,
1273 1011 1372 1050 nec
1403 1004 1633 1051 terrenae
1676 995 1835 1052 vobis
1878 1006 1935 1053 et
1979 995 2073 1053 Ju-

469 1087 681 1142 dztiese"
715 1086 1079 1156 possessionis
1118 1087 1255 1144 ullos
1284 1087 1641 1144 vindicandos
1684 1104 1810 1147 esse
1851 1093 2077 1146 sortitus

472 1178 834 1235 arbitremini.

542 1270 630 1325 57.
676 1269 937 1339 Legimus
990 1269 1206 1340 quidem
1240 1272 1364 1343 quia
1397 1271 1650 1345 Moyses,
1704 1273 1755 1330 id
1796 1282 1881 1331 est
1930 1275 2075 1341 Lex,

475 1373 653 1418 terras
683 1362 829 1418 bello
874 1373 929 1418 et
956 1362 1107 1419 caede
1138 1367 1420 1435 quaesitas,
1474 1377 1623 1423 sorte
1670 1368 2083 1425 distribuendae

475 1455 832 1512 Hebraeorum
887 1457 1091 1528 populo
1143 1458 1423 1515 censuerit
1468 1460 1667 1532 (Nam.
1723 1478 1888 1530 xxvt,
1943 1462 2079 1534 55),

475 1564 707 1619 quarum
744 1550 1151 1618 possessionem
1175 1552 1278 1606 sibi
1310 1552 1528 1624 Sulpha‘.
1558 1553 1684 1610 ﬁlim
1715 1556 2080 1626 postularunt,

476 1641 604 1712 quia
635 1639 853 1712 Salphre
887 1641 1009 1697 ﬁlia:
1057 1641 1259 1715 (Num.
1292 1661 1477 1712 xxvu,
1515 1646 1541 1700 1
1585 1657 1632 1701 et
1677 1648 1847 1717 seq.).
1878 1648 2082 1704 Tamen

2170 437 2312 491 talis.
2346 436 2399 491 lu
2429 438 2519 493 illa
2570 452 2770 494 census
2820 438 3006 494 seculi
3048 439 3346 494 materialis
3369 480 3383 505 ,
3417 439 3471 495 in
3506 438 3603 496 hac
3635 456 3787 512 per-

2169 529 2375 587 sonalis
2401 532 2563 586 ot'ticii
2592 550 2606 586 :
2640 530 2715 587 ibi
2770 532 3045 602 possessio
3086 547 3381 598 curarum,
3438 532 3525 588 hic
3572 532 3793 587 divisio

2169 610 2467 695 gratiarum
2491 641 2504 679 :
2539 624 2648 679 illic
2670 624 3015 695 possidemus
3041 641 3168 680 arva
3194 627 3350 696 plena
3376 625 3583 680 laboris
3604 634 3795 693 atque

2173 717 2448 773 maestitia:
2465 758 2480 785 ,
2511 717 2600 772 hic
2624 718 2972 789 possidemur
3000 733 3029 772 a
3051 716 3294 773 Christo.
3325 718 3484 776 Unde
3510 728 3536 757 ο
3559 729 3613 774 et
3636 735 3756 775 san
3776 750 3796 762 -

2174 821 2292 868 ctus
2315 812 2485 867 David
2503 811 2666 867 dicit:
2688 811 2976 868 Possedisti
2992 829 3139 868 renes
3157 829 3291 867 meos
3308 812 3483 884 (Psol.
3507 829 3795 877 cxxxvttt,

2177 909 2246 963 15
2277 906 2319 979 ).
2351 907 2477 976 Hic,
2509 906 2637 972 lilii,
2674 908 2945 975 possideat
2977 923 3143 964 renes
3170 918 3383 962 vestros
3407 950 3420 973 ,
3458 916 3517 962 ut
3566 909 3616 962 in
3677 908 3804 963 illis

2176 1000 2468 1057 seminaria
2501 1010 2757 1056 maneant
2803 1000 3106 1067 castitatis,
3161 1000 3437 1055 incentiva
3485 1001 3798 1056 virtutum.

2176 1093 2305 1151 Ideo
2333 1093 2514 1151 dicate
2541 1108 2642 1149 vos
2685 1092 2937 1157 Christo,
2971 1100 3027 1147 et
3055 1091 3393 1148 conﬁtemini
3415 1092 3462 1147 ei
3489 1132 3503 1156 ,
3540 1100 3598 1145 ut
3629 1092 3770 1147 dica
3790 1124 3802 1132 ο

2180 1186 2282 1241 tis:
2313 1185 2496 1242 Portio
2522 1201 2637 1240 mea
2667 1184 2920 1241 Dominus
2944 1184 2963 1259 (
2984 1185 3133 1240 Psal.
3161 1198 3357 1248 cxvttt,
3395 1183 3429 1238 5
3457 1182 3503 1256 ).
3535 1182 3655 1236 Non
3693 1198 3804 1251 po-

2179 1289 2285 1335 test
2314 1281 2418 1335 hoc
2461 1290 2627 1349 nupta
2667 1278 2880 1345 dicere,
2938 1278 3035 1334 sed
3088 1281 3346 1348 innupta;
3398 1286 3569 1347 nupta
3630 1278 3798 1332 enim

2180 1374 2377 1445 qumrit
2421 1374 2539 1428 viro
2581 1389 2681 1429 suo
2729 1374 2981 1444 placere,
3034 1374 3259 1442 innupta
3307 1379 3489 1426 autem
3538 1369 3803 1427 Christo.

2181 1466 2274 1523 Illa
2307 1466 2529 1533 mundi,
2557 1466 2674 1522 luec
2700 1464 2906 1522 Christi
2938 1456 3235 1536 possessu!

2254 1559 2345 1616 bl.
2388 1559 2593 1617 Christi
2622 1560 2897 1631 possessio
2927 1559 3092 1615 levita
3118 1567 3236 1625 est,
3271 1556 3361 1628 qui
3394 1556 3528 1611 nihil
3563 1555 3681 1613 sibi
3728 1556 3807 1612 tle

2187 1655 2419 1713 terrenis
2441 1655 2705 1711 vindicat.
2731 1654 2835 1723 Qui
2860 1655 3056 1725 qumrit
3079 1669 3324 1721 uxorem,
3358 1667 3465 1707 non
3492 1662 3685 1721 potest
3720 1651 3807 1705 di-

476 1736 620 1792 idcm
653 1735 871 1809 Moyses
905 1736 1087 1793 lcvitis
1120 1754 1225 1792 non
1258 1737 1446 1794 divisit
1480 1749 1681 1796 terram
1714 1736 2081 1814 (Deut.{xvtn,
2113 1743 2163 1804 B
2188 1762 2313 1804 cere
2353 1765 2367 1803 τ
2407 1747 2589 1803 Parua
2619 1762 2730 1800 mea
2762 1744 3019 1800 Dominus
3053 1761 3072 1800 :
3100 1744 3344 1815 Denique
3372 1741 3579 1799 Christi
3637 1740 3814 1797 mini-

475 1831 503 1885 1
540 1839 587 1885 et
617 1847 722 1900 seq.
750 1828 802 1901 ),
850 1846 1082 1901 quorum
1117 1847 1225 1886 non
1277 1840 1400 1888 erat
1433 1842 1721 1900 terrenus,
1775 1833 1871 1890 sed
1922 1849 2088 1905 supe-

478 1925 593 1980 rior
624 1924 929 1979 incolatus:
976 1926 1071 1981 sed
1129 1926 1195 1981 iis
1251 1926 1373 1982 sine
1422 1926 1611 1984 labore
1664 1936 1888 1983 terreno
1946 1928 2087 1984 sacri

481 2019 756 2089 Stipendia
788 2018 1079 2074 ministerii
1126 2019 1428 2091 deputavit.
1475 2020 1695 2093 Salphre
1742 2031 1923 2077 autem
1965 2021 2090 2077 ﬁliae

484 2112 611 2184 quid
642 2122 807 2181 sunt,
841 2130 964 2185 quae
988 2123 1190 2169 terram
1221 2124 1447 2187 petunt,
1498 2118 1603 2171 nisi
1626 2159 1642 2185 ,
1677 2125 1738 2173 ut
1763 2118 2090 2189 interpreta-

485 2209 561 2263 tio
590 2208 785 2273 docet,
815 2209 927 2263 oris
955 2208 1348 2266 obumbratio?
1378 2210 1509 2280 Quae
1535 2212 1722 2283 utique
1751 2213 1805 2267 in
1837 2213 1947 2269 illis
1973 2222 2090 2280 est,

486 2302 686 2373 quibus
714 2317 822 2357 non
856 2312 940 2357 est
969 2303 1197 2359 verbum
1230 2304 1282 2360 in
1316 2320 1412 2361 ore
1445 2307 1687 2377 ipsorum
1710 2348 1726 2375 ,
1759 2323 1861 2363 nec
1893 2309 1945 2364 in
1977 2322 2094 2363 ser-

489 2410 650 2451 mone
675 2410 865 2450 eorum
897 2396 1101 2451 veritas
1132 2396 1322 2471 (Psal.
1353 2414 1382 2452 v
1405 2440 1419 2465 ,
1452 2399 1590 2469 10);
1625 2400 1767 2455 sicut
1792 2403 1844 2455 in
1895 2402 2094 2472 populo

491 2486 839 2552 Judmorum,
874 2488 965 2559 qui
1009 2490 1203 2544 nolunt
1243 2488 1518 2545 Christum
1560 2491 1744 2547 Jesum
1781 2493 1949 2549 Deum
1997 2493 2093 2549 Dei

494 2578 694 2635 Filium
725 2580 1000 2635 conﬁteri.
1030 2581 1193 2637 Tales
1234 2582 1400 2652 igitur
1440 2592 1641 2638 terram
1685 2587 1998 2656 requirunt,
2044 2596 2099 2641 et

493 2674 801 2743 huiusmodi
831 2676 1108 2744 postulant
1135 2676 1575 2744 possessionem,
1611 2676 1663 2730 in
1696 2692 1802 2748 qua
1831 2685 1940 2733 tota
1976 2679 2099 2733 vitm

495 2780 611 2820 suae
639 2774 800 2820 actate
828 2766 1135 2831 desudent,
1180 2776 1235 2821 et
1265 2781 1366 2836 pro
1413 2767 1677 2823 fructibus
1716 2768 1903 2840 spinas
1940 2785 2100 2825 cura—

495 2873 615 2913 rum
639 2857 668 2896 b
694 2867 746 2914 et
780 2858 1211 2914 sollicitudinum
1244 2867 1474 2916 metunt.

566 2951 658 3007 '58.
700 2951 893 3022 Fugite
922 2967 1087 3018 ergo,
1124 2952 1282 3018 ﬁlim,
1318 2953 1565 3009 umbram
1596 2955 1745 3023 oris,
1776 2973 1899 3030 quae
1932 2957 1986 3013 in
2016 2958 2098 3014 lu-

496 3061 623 3101 men
656 3054 928 3102 aeternum
962 3046 1216 3113 creditis,
1240 3046 1383 3118 quod
1415 3047 1693 3104 illuminat
1733 3065 1952 3106 omnem
2007 3051 2104 3108 ho-

499 3141 700 3196 minem
729 3157 742 3194 :
769 3154 891 3210 qua:
925 3153 1032 3194 non
1064 3147 1337 3210 tamquam
1368 3141 1421 3196 in
1454 3143 1645 3198 umbra
1669 3141 1972 3212 Christum,
2006 3145 2103 3200 sed
2131 3134 2177 3199 C

499 3235 555 3290 in
588 3234 795 3290 lumine
826 3234 1189 3290 conﬁtemini.
1229 3234 1471 3306 Populus
1502 3236 1591 3305 qui
1635 3236 1845 3293 sedebat
1888 3239 1943 3292 in
1995 3256 2110 3293 um-

500 3329 590 3383 bra
617 3328 795 3382 mortis
817 3369 831 3393 ,
866 3326 958 3382 lus:
987 3335 1103 3381 orta
1135 3336 1209 3382 est
1236 3328 1344 3382 illis
1376 3327 1562 3399 (Esai.
1612 3344 1668 3383 ιχ
1695 3368 1709 3394 ,
1738 3328 1772 3382 2
1794 3330 1833 3402 ).
1883 3329 2108 3386 Fuimus

500 3438 630 3493 ergo
659 3423 710 3477 in
750 3423 938 3477 umbra
959 3464 973 3488 ,
1012 3421 1107 3477 sed
1141 3422 1413 3491 nuncjum
1453 3438 1560 3478 non
1590 3439 1812 3489 sumus,
1838 3424 1928 3497 qui
1951 3424 2109 3480 Chri-

500 3522 613 3569 tttm
650 3513 907 3569 fatemur.
936 3514 1115 3585 Atque
1142 3514 1348 3568 utinam
1376 3514 1622 3571 licuisset
1646 3524 1700 3571 et
1726 3515 1857 3570 mihi
1887 3516 2072 3571 dicere
2091 3559 2104 3582 ,

502 3607 593 3680 qui
641 3606 858 3663 Christo
887 3607 1246 3677 proﬁtemur!
1296 3608 1365 3662 Et
1394 3617 1574 3664 tamen
1610 3610 1983 3677 proﬁteamur,
2008 3625 2109 3680 ego

503 3702 856 3769 viduitatem,
890 3716 988 3756 vos
1023 3701 1417 3773 virginitatem.
1474 3700 1597 3757 Fiat
1635 3702 1689 3757 in
1721 3703 1882 3759 nobis
1912 3718 2010 3758 ore
2042 3703 2108 3757 ad

504 3797 736 3851 salutem
769 3795 1073 3851 confessio.

574 3891 664 3946 59.
695 3890 828 3946 Date
848 3906 980 3961 ergo
1004 3890 1132 3947 Levi
1156 3890 1232 3946 illi
1257 3891 1482 3948 salutari
1508 3902 1695 3948 nostro
1723 3903 1745 3931 ο
1770 3903 1945 3955 sortes
1968 3893 2108 3964 ejus.

507 3983 639 4039 Sors
668 3985 787 4052 ejus
816 3985 1035 4040 levitica
1066 3992 1182 4052 est,
1211 4000 1330 4041 sors
1357 3984 1477 4055 ejus
1524 3985 1811 4057 virginitas
1838 3996 1955 4053 est,
1990 4000 2113 4043 sors

505 4075 624 4144 ejus
655 4076 887 4133 viduitas
933 4086 1050 4144 est;
1098 4078 1354 4150 quoniam
1404 4095 1511 4134 non
1560 4079 1736 4135 solum
1786 4080 1978 4151 virgo,
2017 4081 2113 4138 sed

506 4171 671 4226 etiam
697 4172 893 4229 mulier
918 4172 1141 4242 innupta
1165 4174 1368 4244 cogitat
1397 4188 1520 4243 qua:
1546 4182 1673 4230 sunt
1698 4174 1930 4229 Domini.
1957 4174 2115 4232 Unde

507 4274 563 4320 et
595 4265 886 4335 Apostolus
915 4265 1054 4320 dixit
1081 4283 1092 4318 :
1122 4263 1190 4320 1η
1214 4282 1314 4335 quo
1357 4275 1405 4319 et
1450 4275 1586 4320 sorte
1626 4269 1895 4322 constituti
1936 4284 2116 4324 sumus

508 4356 733 4432 (Ephes.
768 4373 819 4423 ι,
845 4357 958 4428 11).
995 4356 1149 4413 Sicut
1174 4358 1319 4412 enim
1344 4357 1398 4411 in
1423 4358 1594 4413 veteri
1621 4358 1971 4414 Testamento
2000 4367 2109 4415 ter-

511 4465 571 4505 ra
601 4460 752 4505 sorte
780 4448 953 4505 divisa
985 4459 1069 4505 est
1095 4448 1289 4519 (Iosue
1316 4465 1491 4517 xvut,
1526 4449 1661 4523 10),
1687 4452 1758 4506 ita
1786 4452 1838 4507 in
1871 4452 2118 4523 Evange-

2189 1853 2303 1898 ster
2332 1840 2459 1912 quid
2501 1841 2617 1896 ait?
2646 1841 2932 1910 Argentum
2982 1847 3032 1892 et
3075 1854 3263 1892 auriam
3312 1854 3413 1892 non
3469 1837 3684 1902 habeo,-
3717 1836 3813 1890 sed

2189 1935 2327 2006 quod
2354 1935 2514 1989 habeo
2533 1976 2548 2000 ,
2579 1934 2646 1987 do
2669 1933 2759 1987 tibi
2785 1948 2804 1986 :
2830 1933 2885 1986 in
2912 1930 3120 1986 nomine
3145 1928 3273 1984 Jesu
3308 1929 3577 1983 Nazareni
3614 1944 3812 2000 surge,

2190 2039 2241 2085 et
2271 2027 2479 2083 artrbulu
2515 2028 2663 2101 (Act.
2692 2043 2783 2094 ιιι,
2813 2027 2846 2083 6
2878 2026 2926 2099 );
2962 2025 3068 2082 hoc
3097 2025 3242 2080 enim
3287 2034 3617 2094 acceperat,
3677 2039 3817 2094 quc—

2194 2123 2341 2178 niam
2374 2137 2564 2177 aurum
2595 2136 2703 2176 nou
2744 2120 3113 2176 desiderabat.
3149 2120 3391 2188 Denique
3439 2118 3651 2173 missus
3696 2127 3811 2172 erat

2194 2217 2313 2273 siue
2344 2217 2496 2287 virga
2516 2256 2531 2279 ,
2560 2216 2681 2271 sine
2706 2215 2925 2270 sacculo
2944 2256 2959 2281 ,
2986 2212 3107 2269 sine
3134 2214 3361 2283 pecunia
3385 2212 3405 2285 (
3431 2212 3564 2266 Luc.
3593 2228 3648 2266 rx
3669 2255 3684 2277 ,
3718 2209 3810 2282 ὅ).

2198 2307 2269 2363 Ει
2306 2308 2430 2364 ideo
2468 2307 2846 2378 gloriabatur,
2879 2306 3003 2377 quia
3057 2319 3164 2361 non
3212 2306 3447 2361 habebat
3496 2305 3652 2376 quod
3703 2320 3812 2359 non

2197 2411 2524 2472 acceperat;
2577 2416 2686 2456 non
2736 2402 2885 2455 enim
2931 2398 3292 2455 erubescebat
3338 2398 3390 2453 in
3444 2405 3811 2468 paupertate,

2198 2513 2356 2569 quem
2394 2511 2602 2567 pauper
2641 2495 2974 2551 redemerat.
3026 2492 3262 2564 Ideoque
3310 2491 3483 2547 dixit:
3538 2493 3719 2563 Surge
3770 2500 3819 2544 et

2199 2591 2440 2653 ambula.
2476 2590 2597 2660 quia
2628 2589 2868 2661 legerat:
2901 2586 3009 2642 Iste
3036 2603 3235 2659 pauper
3273 2586 3547 2651 clamavit,
3608 2594 3657 2641 et
3714 2584 3817 2637 Do-

2198 2685 2374 2740 minus
2396 2683 2660 2739 exaudivit
2686 2698 2803 2737 eum
2828 2679 3015 2749 (Psal.
3048 2694 3218 2735 χχχιιι
3239 2719 3253 2745 ,
3285 2677 3380 2745 '1).

2803 2813 3039 2873 CAPUT
3076 2813 3195 2871 Vll.

2215 2930 2492 3002 Virginum
2523 2930 2869 2996 sterilitatem,
2921 2927 3144 2982 aliarum
3194 2925 3508 2999 fecunditate
3563 2925 3816 2995 potiorem

2275 3042 2420 3089 esse,
2464 3041 2582 3078 cum
2622 3022 2872 3077 Ecclesiae
2915 3022 3144 3076 imitetur
3183 3020 3418 3090 capiosos
3463 3029 3691 3088 partus,
3733 3020 3818 3088 qui

2281 3127 2448 3184 sorte,
2494 3116 2591 3170 hac
2634 3126 2739 3181 est,
2770 3114 2940 3189 gratia
2990 3122 3036 3167 et
3068 3128 3172 3167 non
3225 3127 3289 3167 ea:
3334 3110 3585 3181 operibus
3631 3109 3815 3183 predu-

2282 3219 2485 3265 cuntur.
2520 3207 2738 3262 Dandas
2760 3211 2933 3279 itaque
2961 3215 3120 3260 sortes
3152 3203 3388 3269 Christo,
3420 3202 3509 3274 qui
3539 3219 3708 3275 supra
3746 3200 3818 3252 la-

2283 3303 2455 3358 borem
2493 3303 2770 3357 mercedem
2815 3301 3006 3355 soluit:
3049 3298 3281 3353 dandam
3324 3298 3476 3351 etiam
3513 3298 3813 3358 veritatem,

2282 3398 2339 3450 id
2384 3406 2490 3463 est,
2539 3395 2902 3467 uirginitatem.
2953 3391 3087 3459 Quot
3110 3400 3156 3445 et
3201 3390 3407 3462 quantis
3451 3386 3818 3443 tentatiouibus

2285 3505 2344 3543 ea
2376 3486 2751 3560 impugnetur!
2782 3484 2890 3541 Sed
2914 3501 3030 3538 cum
3058 3484 3244 3537 bonam
3269 3482 3571 3536 castitatem
3597 3496 3707 3535 esse
3744 3478 3818 3531 di-

2287 3581 2562 3636 dicerimus
2589 3580 2653 3635 ab
2680 3579 2930 3651 Apostolo
2954 3620 2967 3643 ,
2996 3578 3193 3631 indicat
3223 3587 3406 3631 sancta
3441 3574 3617 3631 Vidua
3650 3589 3814 3627 recur-

2286 3674 2502 3727 reudum
2543 3672 2612 3726 ad
2653 3671 2967 3727 remedium:
2998 3670 3139 3739 quod
3180 3668 3407 3741 eleganti
3439 3669 3634 3739 prisca.-
3682 3664 3818 3719 illius

2290 3768 2479 3824 Mariae
2508 3768 2762 3841 allegoria
2781 3810 2794 3833 ,
2827 3768 2883 3820 in
2913 3765 3084 3821 carnis
3115 3764 3522 3834 ntortiﬁcatioue
3552 3780 3617 3817 ac
3645 3760 3816 3817 Domi-

2287 3865 2420 3919 nica:
2448 3862 2705 3933 passionis
2731 3861 2911 3915 merito
2931 3902 2947 3929 ,
2974 3877 3075 3931 quo
3108 3876 3200 3914 nos
3230 3857 3298 3913 ad
3325 3859 3604 3913 uictoriam
3633 3853 3813 3926 perdu-

2288 3957 2455 4012 cimur
2476 4000 2490 4024 ,
2525 3957 2745 4027 positam
2774 3971 2881 4009 esse
2913 3954 3195 4025 signiﬁcat.
3243 3951 3597 4020 Quwrendam
3646 3957 3812 4020 postea

2288 4054 2341 4106 in
2382 4050 2667 4107 caelestibus
2697 4048 3012 4117 sapientiam
3032 4091 3046 4115 ,
3083 4058 3236 4116 atque
3264 4044 3637 4100 attrahendum
3662 4043 3716 4095 in
3744 4038 3815 4092 in-

2291 4144 2483 4197 teriora
2505 4184 2519 4211 ,
2553 4152 2611 4196 ut
2640 4144 2896 4197 vivamus.

2291 4260 2384 4315 42.
2418 4260 2500 4317 Sit
2523 4274 2654 4330 ergo
2682 4257 2838 4312 vobis
2878 4256 3059 4327 portio
3091 4254 3385 4316 Dominus,
3424 4251 3692 4307 Dominus
3731 4241 3813 4313 qui

2221 4356 2468 4412 sterilem
2502 4364 2557 4409 et
2579 4353 2887 4426 parientem
2920 4348 3070 4405 facit.
3107 4348 3408 4417 Utramque
3438 4346 3598 4400 iacit:
3621 4341 3713 4398 sed
3741 4337 3815 4391 al-

2223 4457 2336 4504 tera
2374 4449 2426 4503 in
2463 4446 2683 4501 tristitia
2716 4444 2885 4515 parit,
2916 4443 3090 4497 altera
3130 4442 3184 4496 iu
3230 4439 3527 4496 sterilitate
3575 4437 3811 4494 lat-tatur,

510 4542 586 4597 lio
635 4552 783 4598 sorte
831 4540 1061 4612 quadam
1114 4541 1346 4597 Domino
1395 4541 1745 4613 deputamur.
1788 4541 1817 4580 (1
1863 4546 2016 4602 Unde
2064 4557 2119 4603 et
2148 4530 2197 4592 Ι)
2223 4541 2309 4596 cui
2341 4540 2577 4594 dicitur:
2608 4538 2843 4601 Laetare,
2873 4536 3066 4591 sterilis
3089 4573 3103 4598 ,
3134 4550 3250 4603 qua:
3275 4548 3379 4587 non
3406 4531 3550 4602 paris
3573 4547 3591 4583 :
3619 4533 3814 4590 erumpe

517 4636 782 4708 scriptum
831 4646 917 4692 est
945 4636 1015 4692 de
1062 4636 1450 4709 evangelistis:
1491 4635 1788 4692 Diviserunt
1817 4638 1913 4693 sibi
1961 4640 2115 4695 uesti-

520 4739 694 4784 menta
737 4746 878 4796 mea,
910 4738 957 4783 et
1006 4745 1162 4800 super
1213 4739 1399 4783 restent
1430 4745 1597 4783 meam
1640 4729 1889 4783 miserunt
1932 4739 2118 4785 sortem

521 4821 711 4896 (Joan.
748 4839 835 4878 χιχ
861 4865 874 4888 ,
904 4823 1022 4893 2i).
1068 4822 1136 4877 Et
1167 4823 1435 4892 apostoli,
1480 4836 1604 4877 cum
1649 4822 1938 4893 eligendus
1979 4831 2129 4879 esset

522 4915 690 4987 288
718 4914 1076 4971 duodecimns
1131 4914 1413 4986 apostolus
1448 4913 1499 4968 in
1529 4915 1712 4970 locum
1744 4913 1933 4984 Judaa,
1978 4923 2127 4971 sorte

523 5026 722 5065 munus
751 5011 1095 5082 apostolatus
1126 5009 1479 5066 deferendum
1521 5009 1768 5066 arbitrati
1818 5018 1963 5066 sunt.
2018 5010 2126 5066 Ita-

523 5118 629 5174 que
651 5104 899 5160 oratione
916 5102 1080 5170 facta,
1098 5112 1157 5158 ut
1179 5104 1245 5158 de
1262 5103 1475 5159 duobus
1499 5104 1761 5159 Dominus
1777 5119 1938 5173 quem
1966 5104 2128 5159 vellet

523 5198 782 5269 eligeret,
811 5212 932 5254 sors
962 5198 1161 5253 cecidit
1184 5211 1349 5267 super
1378 5195 1657 5250 Matthiam
1690 5195 1897 5265 (Actor.
1933 5213 1972 5262 t,
1999 5195 2117 5266 26).

600 5327 626 5355 ἰ
656 5317 981 5387 Complures
1018 5332 1148 5372 mss.
1168 5358 1183 5385 ,
1216 5316 1558 5385 possessiones
1583 5355 1597 5379 ,
1628 5312 1749 5387 illos
1775 5313 2124 5387 uindicando,

529 5386 809 5457 nonnulli,
839 5390 1189 5461 iudicandos,
1229 5386 1371 5441 vobis
1400 5402 1510 5441 esse
1536 5386 1744 5440 sortitos
1784 5386 2123 5440 arbitremini.

534 5462 804 5518 Absurde.

606 5536 632 5574 δ
674 5533 927 5603 Plerique
954 5547 1112 5598 tuss.,
1143 5540 1189 5587 et
1215 5528 1861 5603 sollicitudinemmetunt.

612 5621 632 5647 ο
669 5610 797 5663 Mss.
836 5598 1070 5673 aliquot,
1113 5612 1276 5659 sortes
1310 5606 1439 5673 eius.
1479 5601 1706 5656 Leeitica
1733 5608 1807 5654 est
1846 5614 1958 5653 sors
1988 5598 2129 5666 ejus,

532 5680 751 5735 uiduata
773 5687 870 5733 est.
901 5677 1339 5747 Corruptissime.

618 5751 644 5790 ά
678 5751 849 5804 Paris.
877 5742 1122 5817 quadarn
1149 5749 1306 5811 edit.,
1339 5753 1490 5808 Unde
1512 5758 1560 5805 et
1582 5746 1777 5801 dictum
1799 5755 1869 5802 est
1894 5742 1957 5798 ab
1983 5758 2137 5817 ettan-

552 5821 766 5898 gelittii-
808 5814 925 5877 Νοὶι
966 5828 1157 5884 recte;
1199 5818 1334 5881 nihil
1361 5823 1506 5879 enim
1537 5818 1682 5881 aliud
1718 5819 1837 5875 loco
1862 5814 2130 5888 signiﬁca-

2225 4645 2272 4692 et
2299 4636 2531 4691 exclama
2550 4675 2565 4701 ,
2589 4649 2702 4704 quw
2728 4648 2829 4685 non
2860 4628 3088 4702 parturis
3117 4629 3134 4697 (
3161 4627 3308 4682 Esui.
3337 4636 3413 4695 νιν
3432 4666 3450 4691 ,
3481 4623 3608 4693 15).
3654 4615 3817 4673 Ηειὺοι

2228 4728 2372 4784 enim
2399 4726 2539 4782 ﬁlios
2562 4728 2678 4781 sine
2708 4734 2893 4795 partus
2914 4722 3125 4776 dolore.
3152 4718 3304 4776 Unde
3326 4717 3530 4773 dicitur
3550 4715 3617 4770 de
3643 4708 3815 4766 Eccle-

2229 4825 2345 4877 sia:
2381 4818 2399 4858 ί
2435 4820 2565 4885 Quis
2594 4818 2824 4878 audivit,
2872 4817 2916 4871 si
2967 4814 3242 4883 parturieit
3284 4823 3423 4865 terra
3464 4826 3570 4864 uno
3611 4806 3723 4864 die,
3774 4806 3815 4851 et

2229 4930 2356 4987 gens
2394 4921 2520 4967 nota
2564 4921 2637 4966 est
2688 4908 2847 4965 simul
2905 4906 3091 4978 (Esai.
3124 4920 3290 4971 nvi,
3337 4905 3370 4959 8
3397 4903 3450 4972 )?
3482 4901 3602 4957 Uno
3649 4904 3815 4950 autem

2230 5007 2320 5063 die
2368 5019 2513 5062 terra
2551 5019 2658 5061 non
2687 5003 2952 5075 parturit,
3002 4998 3097 5055 sed
3131 4998 3269 5069 parit
3313 4995 3508 5067 gratia.
3545 4990 3699 5047 Venit
3733 4997 3816 5055 pa-

2231 5100 2377 5156 schae
2405 5099 2557 5166 dies,
2602 5100 2655 5154 in
2698 5107 2813 5152 toto
2841 5095 2976 5150 orbe
3017 5092 3276 5162 baptismi
3318 5094 3655 5143 sacramenta
3683 5077 3813 5135 cele-

2235 5193 2465 5251 hrautur
2486 5237 2500 5260 ,
2533 5193 2784 5250 velantur
2814 5205 2985 5245 sacra:
3009 5188 3266 5256 virgines.
3303 5183 3421 5239 Uno
3450 5196 3581 5252 ergo
3607 5177 3692 5233 die
3712 5172 3816 5225 sine

2233 5319 2346 5366 tum
2391 5310 2505 5364 vult
2550 5307 2907 5365 Ambrosius.
2951 5303 3051 5358 nisi
3095 5298 3464 5367 evangelistas
3494 5297 3546 5348 in
3576 5284 3814 5367 militibus

2820 5353 3187 5432 dividentibus
3209 5353 3569 5438 adumbratos
3588 5376 3721 5438 esse.
3749 5353 3808 5408 De

2234 5434 2764 5581 qt'tgir‘iiis‘hxpos.
2796 5451 2849 5504 in
2879 5448 3078 5503 Lucam
3113 5444 3207 5500 lib.
3237 5458 3298 5507 χ,
3331 5440 3439 5495 col.
3477 5434 3613 5495 1528
3635 5473 3648 5497 ,
3676 5440 3805 5484 num-

2283 5525 2346 5635 ίὲ
2373 5534 2582 5651 3:533;
2608 5594 2741 5650 edit.
2775 5600 2983 5648 sanctus
3011 5586 3224 5643 Domini
3267 5600 3286 5639 :
3324 5596 3516 5638 omnes
3546 5590 3677 5635 mss.
3708 5581 3811 5623 δαῖτ’

2242 5679 2323 5725 tus
2365 5667 2552 5722 David.
3024 5732 3053 5735 __
3091 5730 3103 5735 ,
3204 5676 3223 5735 ’,
3343 5729 3354 5735 ,
3495 5733 3501 5735 _
3569 5721 3584 5735 .
3617 5720 3629 5733 .

2321 5739 2342 5779 ί
2365 5717 2552 5795 Doni:
2578 5738 2735 5804 edit.,
2771 5736 2899 5811 Quis
2928 5730 3123 5790 audivit
3147 5727 3251 5784 tale
3269 5770 3282 5794 ,
3310 5729 3354 5782 si
3380 5720 3680 5797 parturioit,
3717 5717 3809 5765 etc.
