3974 6186
498 260 603 319 551

1843 255 2093 315 SANCTI
2131 258 2461 319 AMBROSII

3701 263 3823 320 553

569 388 715 436 terno
745 390 859 435 uoto
888 377 1190 448 obsequium
1215 378 1413 449 refert:
1443 374 1630 431 deinde
1663 374 1731 429 ad
1764 375 1935 443 filium
1974 390 2101 429 con-
2129 381 2184 440 Α
2208 377 2451 448 indigna,
2482 388 2539 434 et
2570 388 2753 435 tamen
2783 381 2938 451 quasi
2964 381 3124 436 Anna
3171 381 3402 453 promisi
3452 389 3514 438 ut
3556 380 3825 438 omnibus

568 488 713 527 uersa
756 471 1024 526 eirevocat
1065 469 1120 524 in
1166 470 1465 524 memoriam
1502 470 1936 539 quemadmodum
1982 483 2104 536 pre-

571 564 715 619 cibus
741 580 773 616 a
806 561 914 616 Deo
952 562 1107 632 fuerit
1153 563 1493 633 impetratus,
1540 561 1623 617 cui
1671 562 1892 632 proinde
1931 560 2107 632 negari

575 673 678 710 non
707 656 869 721 possit
896 655 1006 708 sine
1037 655 1271 709 crimine.
1303 654 1404 710 llis
1429 655 1611 719 dictis,
1645 655 1966 709 alacritatem
2010 655 2110 724 pia:

576 747 769 803 sobolis
794 764 1008 803 cernens
1025 748 1076 801 in
1104 747 1390 821 gratiarum
1415 750 1646 803 actiones
1679 747 1968 815 effunditur
1995 764 2112 802 san-

575 852 657 895 cta
675 841 857 895 mulier
880 843 1070 914 :cujus
1097 842 1392 895 Ambrosius
1414 842 1467 895 in
1492 840 1807 907 Ecclesium,
1837 840 1921 894 ubi
1942 841 2111 911 filium

577 933 784 988 lectoris
829 934 1101 988 obeuntem
1124 951 1312 988 munus
1339 933 1526 1001 reperit
1550 975 1564 998 ,
1592 950 1885 1003 processura
1907 942 2108 986 narrat.

577 1023 668 1080 51.
710 1022 1107 1092 Considerate,
1143 1027 1271 1093 lilii,
1307 1025 1435 1096 quid
1471 1028 1610 1079 votis
1636 1025 1885 1081 debeatis
1912 1040 2112 1095 paren-

509 1129 643 1174 tum.
688 1118 1018 1190 Apenninus
1043 1120 1112 1174 ad
1148 1120 1315 1174 Deum
1344 1136 1407 1174 os
1436 1121 1598 1194 291
1632 1131 1918 1175 nostrum;
1952 1128 1978 1158 α
2012 1134 2112 1171 vo-

513 1222 628 1270 tum
659 1220 745 1269 est
771 1214 1022 1269 voluntas
1053 1226 1362 1286 parentum.
1393 1215 1503 1270 Nos
1534 1217 1810 1270 oravimus
1831 1256 1845 1279 ,
1880 1230 1975 1269 vos
2008 1213 2117 1267 sol-

510 1308 643 1363 vite.
686 1307 899 1375 Quanta
930 1308 1012 1364 vis
1037 1310 1110 1363 sit
1141 1312 1192 1364 in
1221 1312 1362 1365 vetis
1398 1320 1679 1380 parentum
1721 1310 1963 1381 Jepbtbe
2004 1308 2115 1365 Ga-

512 1401 733 1457 laaditis
763 1402 866 1457 ﬁlia
899 1417 996 1457 vos
1026 1403 1188 1458 debet
1214 1403 1414 1459 docere
1435 1445 1450 1470 ,
1482 1420 1603 1473 qum
1647 1420 1715 1459 ne
1759 1406 2117 1460 frustraretur

515 1492 850 1548 oblationem
889 1506 1204 1565 paternam,
1247 1494 1411 1550 etiam
1452 1504 1682 1551 mortem
1714 1511 1868 1551 suam
1897 1498 2115 1555 obtulit.

516 1585 651 1641 Nam
678 1602 802 1642 cum
840 1587 933 1644 ille
967 1589 1234 1645 sollicitos
1276 1591 1345 1645 de
1382 1590 1511 1646 belli
1552 1591 1789 1660 periculo
1813 1633 1828 1658 ,
1879 1593 2121 1649 vovisset

515 1680 646 1735 utsi
678 1680 989 1750 prosperior
1014 1697 1205 1753 pugnae
1233 1692 1464 1739 eventus
1490 1685 1659 1752 foret,
1683 1685 1736 1739 id
1763 1686 1909 1756 quod
1941 1703 2123 1758 regre-

2210 470 2338 527 vituc
2374 483 2479 526 tute
2525 472 2727 529 diebus
2764 488 2828 530 ac
2860 476 3116 530 noctibus
3168 491 3196 530 a
3243 485 3548 545 conspectu
3596 474 3829 530 Domini

2212 582 2319 621 non
2370 568 2596 623 recedas
2641 585 2655 623 :
2699 584 2799 640 ego
2848 569 3112 639 promisi,
3167 580 3224 625 tu
3286 585 3596 643 exsequere
3644 588 3659 624 :
3709 568 3831 625 Βο-

2213 660 2393 714 minus
2425 661 2529 714 sibi
2563 660 2760 716 ltostite
2798 678 2911 716 sua:
2957 679 3156 718 munus
3183 663 3452 733 implebit.

2284 751 2375 806 55.
2421 751 2548 806 Ilaec
2587 763 2640 808 et
2671 753 2777 808 alia
2809 754 2893 823 pia
2925 764 3139 810 mater:
3173 770 3294 825 quae
3353 765 3643 824 postquam
3685 770 3839 811 con-

2213 852 2497 914 gruentem
2534 844 2770 899 ﬁliorum
2820 847 2959 901 vidit
2988 846 3264 912 allectum,
3299 848 3632 902 ablactatutn
3661 863 3834 902 suum

2216 937 2477 992 uberibus
2500 940 2691 1008 gratiae
2720 938 2981 1007 spiritalis
3009 940 3062 994 in
3097 942 3359 1007 templum
3395 939 3617 994 Domini
3650 939 3841 994 dedu—

2215 1045 2367 1095 cens,
2401 1046 2662 1085 Conversa
2682 1042 2768 1085 est
2795 1031 2860 1086 ad
2888 1047 3102 1102 preces,
3137 1041 3192 1086 et
3221 1031 3361 1086 dixit
3391 1048 3404 1086 :
3443 1029 3841 1100 Con/innatum

2218 1132 2292 1177 est
2313 1139 2401 1175 cor
2425 1139 2592 1178 meum
2631 1125 2685 1178 in
2717 1122 2941 1178 Domino
2967 1141 2985 1178 :
3016 1127 3298 1180 exaltatum
3343 1135 3410 1180 est
3442 1141 3605 1178 cornu
3654 1140 3841 1178 meum

2219 1217 2273 1270 in
2319 1215 2431 1271 Deo
2460 1234 2591 1272 ineo.
2634 1217 2917 1272 Dilatatnm
2965 1228 3039 1272 est
3088 1234 3145 1272 os
3175 1235 3344 1272 nteant
3386 1233 3545 1286 super
3588 1218 3845 1271 inimicos

2220 1327 2376 1378 meos,
2408 1311 2609 1365 lectetur
2628 1312 2681 1364 in
2715 1312 2937 1365 salutari
2966 1322 3056 1365 tuo
3078 1328 3095 1376 ;
3117 1311 3363 1382 quoniam
3391 1326 3493 1364 non
3517 1318 3594 1364 est
3614 1319 3847 1365 sanctus

2221 1406 2357 1460 alius
2382 1406 2643 1476 quomodo
2674 1404 2965 1471 Dominus;
2997 1415 3043 1458 et
3074 1421 3176 1459 non
3221 1415 3297 1459 est
3335 1405 3535 1474 justus,
3566 1403 3846 1471 quomodo

2223 1496 2572 1561 Deusnoster,
2600 1505 2645 1551 et
2667 1514 2769 1551 non
2791 1507 2864 1550 est
2885 1508 3297 1582 sanctqsprteter
3319 1508 3367 1549 te
3388 1494 3576 1568 (lReg.
3608 1510 3670 1561 ιι,
3694 1494 3843 1565 1,2).

2296 1591 2388 1645 δι.
2433 1591 2537 1645 Ista
2597 1591 2759 1659 igitur
2804 1590 2871 1644 ad
2923 1590 3065 1646 ﬁlios
3110 1604 3241 1644 suos
3289 1600 3465 1643 mater
3512 1588 3677 1653 dixit,
3713 1604 3848 1655 qua:

2225 1683 2388 1738 simul
2442 1690 2498 1737 et
2536 1682 2818 1736 viduitatis
2860 1682 2913 1736 in
2947 1698 3027 1746 se,
3061 1692 3117 1736 et
3169 1680 3502 1752 integritatis
3556 1679 3610 1734 in
3641 1679 3850 1736 liberis

516 1771 688 1827 dienti
712 1771 934 1827 domum
965 1789 1118 1829 suam
1153 1776 1329 1846 primo
1360 1777 1464 1831 sibi
1494 1788 1850 1843 occurreret,
1884 1778 1993 1834 Deo
2025 1780 2126 1833 im-
2154 1780 2204 1840 B
2232 1776 2420 1831 titulos
2474 1776 2528 1830 in
2583 1775 2802 1830 domum
2852 1789 3006 1828 suam
3036 1774 3240 1838 intulit,
3273 1772 3426 1844 quasi
3456 1771 3727 1842 quosdam
3760 1771 3852 1828 fec

519 1869 787 1934 mutaret;
823 1867 912 1924 ubi
946 1868 1171 1923 victoria
1200 1872 1400 1939 potitus
1429 1880 1551 1936 est,
1581 1871 1818 1926 occurrit
1848 1870 1978 1941 lilia,
2004 1873 2125 1927 laeta

521 1975 633 2032 prae
659 1960 874 2017 ueteris
902 1962 1096 2034 gaudio
1124 1965 1368 2019 victoriae
1393 1975 1451 2020 et
1482 1966 1699 2036 pietatis
1728 1966 1929 2021 ofﬁcio.
1965 1967 2125 2039 lnge-

522 2054 658 2108 muit
699 2064 855 2124 pater
883 2054 908 2093 ι)
941 2071 1049 2111 non
1091 2055 1321 2113 aliectus
1363 2073 1590 2122 memor,
1624 2058 1718 2114 sed
1754 2073 1963 2114 memor
1992 2058 2125 2114 voti.

521 2145 786 2214 ριιιιιείνίι
819 2163 1039 2204 causam
1078 2148 1227 2204 lilia:
1280 2151 1566 2221 respondit
1604 2151 1693 2207 ille
1729 2152 1857 2222 quid
1903 2153 2130 2208 Domino

525 2240 889 2310 promisisset.
919 2241 1056 2298 'l‘um
1083 2242 1174 2299 illa
1207 2243 1420 2299 hortata
1452 2255 1537 2299 est
1568 2254 1627 2299 ut
1656 2245 1983 2316 promissum
2015 2245 2128 2301 Deo

525 2348 727 2388 munus
757 2334 1035 2404 impleret.
1063 2335 1253 2406 Itaque
1285 2338 1557 2392 incautam
1592 2338 1760 2408 patris
1789 2338 2128 2393 oblationem

525 2426 792 2497 sanguine
818 2442 919 2484 suo
943 2429 1106 2484 solvit
1133 2428 1336 2504 (Judic.
1365 2447 1422 2486 ιιι
1440 2474 1453 2496 ,
1480 2432 1544 2488 51
1580 2443 1629 2486 et
1654 2434 1817 2505 seq.).

597 2519 686 2576 52.
724 2521 850 2577 lla-e
881 2526 904 2555 °
931 2525 1084 2579 vobis
1113 2527 1443 2581 Communia.
1484 2525 1565 2581 Tu
1608 2538 1812 2593 autem,
1844 2526 1938 2592 ﬁli,
1970 2542 2130 2598 quem

529 2613 660 2668 mihi
693 2630 856 2670 verus
889 2616 1123 2673 llelcana
1146 2618 1166 2690 (
1193 2618 1213 2673 l
1247 2620 1373 2689 Reg.
1407 2635 1447 2684 ι,
1482 2621 1505 2674 l
1541 2630 1589 2672 et
1619 2636 1727 2691 seq.
1755 2619 1796 2691 ),
1829 2621 1879 2675 id
1903 2633 2007 2684 cst,
2033 2621 2129 2675 Dei

527 2705 678 2760 dedit
707 2712 1007 2776 possessio,
1033 2714 1339 2779 postulatus
1366 2727 1541 2777 meus,
1575 2717 1771 2781 petitus
1799 2729 1952 2768 meus
1975 2715 2134 2785 (inde

523 2800 670 2853 enim
719 2801 884 2855 etiam
927 2804 1148 2858 Samuel
1191 2819 1388 2859 nomen
1417 2805 1707 2875 accepit);
1761 2818 1839 2873 tu,
1887 2807 2130 2875 inquam,

535 2894 861 2963 impetratos
890 2912 1067 2964 meus,
1095 2906 1153 2952 et
1180 2898 1396 2953 votivus
1423 2914 1599 2966 meus,
1647 2902 1741 2970 qui
1781 2902 2054 2971 quomodo
2078 2903 2130 2957 in

531 2999 745 3043 uterum
781 3004 963 3045 meum
1016 2992 1255 3058 veneris,
1288 2994 1475 3049 nescio
1506 2994 1659 3064 (jam
1704 2996 1848 3050 enim
1878 2996 2135 3067 despera-

532 3095 714 3136 veram
744 3081 993 3137 sobolem
1024 3097 1192 3139 sexus
1217 3084 1433 3158 virilis),
1475 3102 1634 3157 quem
1667 3088 1800 3142 mibi
1834 3100 1956 3143 vota
1990 3105 2130 3155 mea,

534 3188 643 3229 non
685 3175 863 3247 aliqua
911 3177 1172 3233 Solemnis
1219 3191 1397 3235 ccetus
1423 3189 1635 3237 secreta
1668 3182 2015 3237 formarunt:
2055 3191 2131 3250 to,
2162 3177 2209 3239 C

532 3268 777 3338 inquam,
811 3269 906 3337 ﬁli,
936 3286 1174 3339 agnosce
1194 3290 1222 3328 a
1249 3290 1358 3344 quo
1383 3275 1617 3331 donatus
1637 3277 1712 3331 sis
1740 3277 1890 3331 milii.
1924 3277 2017 3333 Ille
2046 3287 2135 3333 tua

531 3378 625 3416 ora
642 3364 923 3433 plasmavit
937 3407 952 3431 ,
972 3366 1061 3421 ille
1085 3378 1170 3421 tua
1189 3370 1427 3423 membra
1448 3370 1711 3434 distinxit.
1731 3371 1823 3427 ille
1843 3388 1961 3426 mea
1984 3382 2135 3428 orata

534 3457 797 3525 suscepit,
839 3460 996 3529 cujus
1027 3462 1254 3534 templo,
1280 3464 1435 3533 cujus
1465 3466 1729 3534 obsequio
1762 3475 1815 3521 te
1838 3477 2134 3539 antequam

534 3553 860 3614 nascereris,
917 3556 1153 3610 sacravi.
1200 3555 1317 3611 Non
1351 3559 1689 3627 parentibus,
1744 3576 1850 3613 non
1879 3559 2007 3624 tibi,
2040 3560 2136 3614 sed

537 3644 650 3701 Deo
704 3657 864 3703 natus
907 3664 1008 3715 es;
1063 3650 1220 3720 cujus
1270 3661 1565 3723 antequam
1609 3653 1679 3708 de
1732 3655 1886 3708 vulva
1943 3655 2138 3708 matris

532 3741 736 3806 exires,
769 3757 895 3798 esse
934 3745 1174 3813 ccepisti.
1206 3746 1270 3801 Et
1301 3763 1491 3803 omnes
1514 3749 1734 3819 quidem
1759 3749 1905 3804 illius
1926 3763 2135 3814 sumus,

529 3834 627 3890 sed
658 3846 839 3892 tamen
876 3846 931 3893 tu
988 3840 1305 3908 specialiter
1341 3838 1369 3879 ἀ
1419 3844 1745 3913 promissus,
1783 3845 2012 3899 Domino
2045 3854 2138 3897 tuo

534 3926 819 3994 redderis;
850 3930 974 4002 quia
1006 3933 1270 3999 scriptum
1317 3945 1442 3990 est:
1495 3935 1684 3993 Vovete
1715 3947 1761 3990 et
1802 3937 2005 3991 reddite
2030 3935 2140 3990 Do-

532 4018 671 4073 mino
723 4019 833 4077 Deo
869 4034 1035 4080 vestro
1077 4028 1102 4098 (
1120 4026 1215 4083 Ps.
1248 4044 1407 4098 Lxxv,
1439 4028 1570 4102 12).
1628 4031 1746 4103 Ego
1774 4032 2004 4099 misera,
2033 4046 2137 4101 ego

610 4192 635 4220 ⁸
666 4184 786 4240 Jam
810 4201 970 4257 supra
1012 4186 1387 4249 Laurentium,
1425 4189 1586 4244 trium
1620 4189 1840 4244 illarum
1865 4188 2137 4257 virginum

538 4252 786 4322 fratrem,
811 4256 1043 4329 Julianze
1081 4261 1288 4323 verbis,
1318 4268 1565 4315 votorum
1594 4275 1623 4313 a
1659 4252 1978 4329 parentibus
2002 4275 2141 4312 ιιιιιι-

538 4336 856 4398 enpatorum
887 4327 1267 4390 admonui-rat,
1300 4332 1451 4397 quasi
1484 4327 1779 4384 maxinium
1813 4329 1953 4398 apud
1987 4346 2138 4384 eum-

537 4396 661 4451 dem
698 4397 899 4453 babere
928 4400 1162 4453 debeant
1212 4396 1546 4455 momentum
1576 4419 1589 4454 :
1624 4400 1728 4455 hoc
1776 4396 1958 4455 autem
2017 4400 2141 4454 loco

538 4467 881 4523 manifesﬁus
929 4469 1107 4522 adhuc
1158 4472 1476 4525 earumdem
1517 4482 1769 4525 votorqu
1822 4474 1887 4523 ad
1936 4474 2139 4525 astrin-

535 4538 746 4609 gelidos
773 4541 971 4595 liberos
1024 4542 1280 4595 virtutem
1327 4542 1507 4597 docet.
1549 4544 1696 4598 Sane
1748 4542 1970 4598 dubium
2030 4559 2134 4597 non

537 4620 640 4682 est,
693 4614 820 4680 qttiu
869 4611 1103 4666 infantes
1157 4613 1287 4667 olim
1343 4615 1693 4669 monasteriis
1742 4631 1771 4667 a
1823 4615 2137 4682 parentibus

538 4681 706 4736 oblati
766 4692 1113 4753 cogerentur,
1154 4686 1344 4739 saltem
1399 4685 1450 4739 in
1508 4681 1831 4740 occidentis
1866 4686 2133 4751 Ecclesia,

539 4754 896 4808 monasticam
951 4755 1114 4826 vitam
1175 4766 1439 4826 perpetuo
1478 4772 1721 4812 servare.
1788 4756 1897 4811 lloc
1948 4770 2138 4823 aperte

540 4827 785 4897 prmeipit
815 4827 992 4882 'l‘olet.
1043 4824 1215 4881 Cone.
1250 4824 1373 4884 can.
1407 4828 1496 4897 48,
1553 4830 1641 4883 ubi
1688 4829 1916 4897 legimus
1965 4847 1978 4881 :
2028 4827 2141 4881 Mo-

539 4895 761 4970 nac/inin
810 4906 903 4970 aut
953 4908 1169 4970 paterna
1222 4900 1422 4954 devotio
1480 4895 1570 4955 aut
1618 4895 1830 4969 propria
1882 4900 2138 4970 professio

539 4966 682 5045 [ασὶι.
718 4966 983 5045 Quidquid
1009 4972 1409 5045 lioruntfuei'it,
1458 4966 1733 5045 alligatum
1777 4966 1989 5045 tenebit,
2025 4980 2132 5025 etc.

542 5036 674 5112 Item
705 5054 828 5092 can.
863 5036 932 5094 50
957 5058 970 5094 :
1010 5040 1131 5094 Non
1162 5036 1313 5096 aliter
1342 5052 1390 5096 et
1422 5044 1473 5096 lii
1504 5036 1592 5112 ιιιῖὶ
1621 5044 1822 5097 detonsi
1866 5060 1898 5093 ιι
1951 5059 2138 5111 paren-

540 5108 673 5184 tjbus
717 5112 932 5184 ﬁterint.
966 5123 1070 5166 etc.
1128 5113 1367 5168 Isidorus
1419 5108 1634 5184 quoque
1693 5131 1798 5168 non
1859 5108 2032 5165 solum
2082 5115 2133 5167 in

540 5179 820 5254 Decr.‘2tl.
865 5198 918 5248 q.
955 5184 1078 5248 l,e.
1124 5179 1449 5254 Quicumque
1481 5186 1703 5250 relatus,
1756 5186 1851 5239 sed
1891 5184 2054 5238 etiam
2105 5200 2135 5237 a

535 5262 728 5322 sancto
781 5253 1075 5309 Bettedieto
1126 5253 1423 5309 Anianensi
1458 5254 1511 5308 in
1540 5254 1810 5310 Concord.
1845 5257 1974 5317 "ea.
2010 5270 2133 5322 cap.

535 5319 630 5384 45,
661 5320 690 5394 §
718 5323 773 5395 5.
804 5334 855 5379 et
895 5344 921 5377 a
954 5327 1248 5392 Smaragdo
1300 5328 1349 5380 iu
1403 5327 1622 5395 Regulte
1651 5328 1819 5381 sancti
1860 5319 2133 5382 Benedicti

538 5406 660 5466 cap.
711 5394 779 5449 49
801 5396 1021 5461 citatus,
1048 5397 1189 5451 idem
1223 5397 1434 5452 statuit.
1489 5394 1600 5450 lloc
1648 5399 1823 5466 ipsum
1854 5402 2016 5451 etiam
2040 5399 2131 5462 ju-

541 5463 936 5538 bentsynodus
983 5471 1257 5525 Aurelian.
1294 5486 1345 5530 v,
1370 5484 1494 5524 can.
1532 5468 1620 5528 19,
1655 5463 1787 5521 sicut
1825 5479 1880 5521 et
1911 5484 1925 5521 ι
1958 5468 2135 5522 Matis-

539 5550 665 5611 ceu.
691 5537 813 5592 ean.
850 5539 1178 5611 18._Qui|ms
1200 5540 1358 5611 adjici
1392 5550 1569 5609 potest
1594 5539 1887 5609 Gregorius
1908 5537 1957 5611 ιι
1977 5554 2132 5611 papa,

540 5609 701 5680 epist.
760 5610 815 5668 9.
845 5612 909 5662 ad
944 5609 1121 5666 Banif.
1156 5609 1370 5679 Magno.
1416 5611 1585 5667 relata
1636 5612 1687 5664 in
1748 5614 1903 5665 lieer.
1934 5610 2028 5672 20,
2077 5627 2132 5680 q.

545 5677 597 5749 1,
630 5691 680 5730 c.
716 5680 1026 5736 Addidistis.
1087 5677 1429 5737 COIIiil'lll'Jni
1485 5681 1733 5737 eamdem
1779 5697 1896 5737 rem
1941 5677 2138 5749 prauer

540 5743 774 5823 ᾓὲειιιθέιε
824 5753 1004 5823 sancti
1049 5751 1351 5823 Benedicti,
1384 5749 1630 5823 Magistri
1674 5764 1729 5809 et
1766 5743 2131 5823 ‘aliasretiem

541 5812 791 5873 lorimilm
844 5820 1039 5886 quibus
1093 5824 1144 5876 In
1190 5812 1502 5879 adurendi;
1536 5822 1662 5879 ﬁliis
1711 5812 1966 5893 parentes
2018 5820 2135 5875 utea

2233 1869 2444 1923 mineus
2475 1868 2837 1937 principatus.
2864 1867 3096 1938 Egregia
3143 1880 3276 1920 sane
3308 1866 3532 1933 femina,
3564 1882 3687 1934 qum
3733 1864 3851 1921 sibi

2234 1959 2368 2014 nihil
2414 1959 2677 2030 reliquit:
2708 1960 2904 2014 ‘totum
2959 1957 3101 2029 quod
3162 1956 3372 2025 babnit,
3422 1956 3536 2012 Deo
3593 1955 3845 2023 obtulit;

2233 2056 2396 2129 292
2426 2055 2581 2124 cujus
2605 2055 2712 2107 vita
2744 2052 3011 2108 institutio
3037 2051 3342 2122 disciplina:
3369 2062 3473 2117 est,
3503 2059 3560 2104 et
3584 2049 3849 2120 quaedam

2236 2152 2466 2205 furinula
2519 2148 2792 2204 castitatis
2819 2147 2964 2203 bono
2997 2147 3302 2217 proposito,
3356 2154 3413 2198 et
3444 2142 3673 2198 meliore
3716 2158 3846 2198 ma-

2233 2245 2485 2314 gisterio.
2534 2242 2853 2311 Exemplum
2906 2241 3051 2296 enim
3096 2238 3378 2293 viduitatis
3418 2245 3476 2293 et
3505 2236 3848 2308 virginitatis

2236 2339 2604 2411 magisterium
2635 2347 2738 2392 est.

2308 2434 2399 2489 55.
2443 2430 2697 2487 Procedit
2777 2430 2831 2485 in
2889 2426 3190 2484 Ecclrsiam
3258 2424 3490 2481 ﬁliarum
3560 2424 3848 2495 virginum

2240 2535 2263 2562 ε’
2293 2536 2450 2596 septa
2499 2523 2782 2589 comitatu,
2834 2521 3199 2576 domesticum
3222 2517 3392 2575 decus
3439 2518 3709 2573 invehens
3743 2534 3758 2573 :
3788 2528 3849 2574 et

2237 2618 2444 2675 invenit
2473 2619 2526 2671 in
2575 2617 2812 2673 Ecclesia
2866 2614 3006 2683 quod
3048 2628 3209 2669 suum
3240 2611 3403 2677 dicat,
3451 2612 3624 2666 lilium
3652 2625 3849 2666 sacra-

2236 2730 2354 2768 rum
2385 2713 2681 2769 lectionum
2733 2710 2953 2766 oracula
2988 2718 3409 2779 pet-sonantem;
3456 2715 3515 2760 ut
3549 2706 3847 2761 videantur

2236 2807 2339 2860 sibi
2366 2820 2587 2861 sorores
2614 2803 2765 2859 domi
2787 2803 3024 2867 discere,
3048 2817 3171 2857 cum
3205 2801 3375 2856 frater
3392 2799 3635 2855 auditur.
3665 2799 3846 2854 Mater

2236 2913 2454 2969 quoque
2481 2897 2546 2951 ad
2578 2895 2935 2950 imitationem
2969 2893 3210 2948 caelestis
3240 2890 3476 2960 exempli
3530 2890 3738 2961 gaudet
3781 2903 3847 2947 se

2238 2994 2504 3064 proﬁcere
2530 2991 2598 3048 de
2628 2994 2760 3057 lilio,
2786 2999 2839 3046 et
2868 2991 3050 3045 omnia
3102 2989 3336 3059 legentis
3365 2985 3532 3040 verba
3560 2985 3652 3056 pio
3682 3000 3848 3040 man-

2237 3087 2331 3143 dat
2373 3086 2611 3152 alTectui,
2645 3098 2699 3141 ct
2736 3085 2928 3142 sedulo
2967 3084 3134 3139 corde
3163 3091 3478 3139 conservat.

2849 3179 3079 3237 CAPUT
3127 3179 3223 3234 1X.

2240 3275 2531 3332 Maternum
2561 3275 2965 3329 exhortationem
3007 3284 3063 3327 ut
3092 3289 3186 3327 sua
3221 3287 3420 3344 quoque
3449 3270 3674 3325 cumulet
3718 3286 3847 3324 san—

2312 3378 2422 3423 ctus
2449 3366 2672 3433 Pratsnl,
2704 3368 2927 3440 uirgines
2955 3366 3077 3421 illas
3101 3364 3172 3418 ad
3196 3362 3534 3434 qua'rendum
3573 3364 3625 3416 in
3651 3361 3845 3416 divinis

2314 3462 2601 3534 Scripturis
2629 3461 2887 3515 Christum
2918 3461 3123 3514 excitat.
3171 3458 3280 3513 Sed
3323 3473 3436 3511 eum
3463 3454 3670 3525 quando
3699 3469 3847 3522 qua:-

2312 3556 2467 3619 ritur,
2493 3559 2609 3628 jam
2658 3565 2765 3607 tum
2823 3566 3125 3625 prementem
3162 3567 3270 3606 esse
3320 3563 3639 3613 asseverans,
3691 3547 3847 3600 docet

2316 3649 2733 3722 interrogandum
2766 3647 2854 3701 ubi
2883 3655 3083 3700 maneat
3110 3645 3162 3697 in
3189 3641 3503 3707 meridiano,
3559 3639 3615 3693 id
3655 3649 3756 3703 est,
3793 3638 3844 3691 in

2320 3742 2495 3797 Patris
2521 3744 2757 3795 lninine:
2802 3738 3163 3809 requirendum
3211 3736 3365 3790 etiam
3411 3735 3465 3789 in
3515 3734 3711 3786 lumine
3751 3731 3843 3786 bo-

2315 3852 2499 3889 norum
2548 3850 2782 3904 operum,
2808 3841 2959 3902 atque
2984 3831 3038 3884 in
3066 3828 3334 3883 nocturnis
3362 3823 3686 3881 orationibus
3707 3839 3729 3877 :
3762 3823 3847 3877 ubi

2311 3946 2426 3985 vero
2452 3930 2544 3983 ille
2573 3927 2852 3989 transierit,
2887 3924 3241 3993 sequendam;
3275 3939 3394 3976 cum
3432 3921 3718 3974 delectetur
3747 3933 3845 3972 stv-

2317 4027 2432 4096 pius
2453 4022 2634 4094 quwri,
2660 4030 2712 4074 ut
2739 4018 2961 4091 gratiam
2991 4017 3221 4084 suscitet,
3251 4015 3581 4083 animamque
3615 4010 3845 4065 vulneret

2246 4185 2466 4246 bantur,
2522 4193 2658 4250 quas
2704 4174 2999 4250 Menardns
3047 4183 3245 4250 noster
3283 4169 3675 4250 in__Concord._
3703 4168 3840 4250 Reg.

2243 4271 2364 4324 cap.
2393 4240 2516 4324 66,
2543 4240 2606 4324 ac
2633 4261 2862 4324 __praeter
2907 4247 3199 4324 Aelii-riunt
3233 4244 3287 4324 i_n
3326 4243 3483 4324 N_otis
3534 4243 3601 4295 ad
3656 4240 3843 4324 Lairllr.

2243 4311 2711 4394 et'alibi,'Mal_iii|.
2745 4330 2929 4373 uoster
2972 4316 3208 4394 tom._lll_
3235 4315 3511 4394 Attali-ch,
3542 4328 3668 4394 pag.
3712 4311 3842 4394 ξφ,

2244 4383 2525 4453 exhibent.
2580 4392 2712 4447 Vide
2743 4406 2956 4459 quoque
2984 4387 3286 4443 doczissimi
3327 4383 3670 4459 'l‘liomassini
3727 4383 3847 4459 llis:-

2244 4472 2372 4537 eipl.
2410 4467 2557 4522 Eccl.
2592 4480 2644 4532 p.
2678 4453 2810 4537 2,:c.
2844 4453 2937 4528 4'5,
2978 4464 3069 4537 qui
3113 4458 3566 4537 coasuetntlinen.
3599 4454 3750 4537 illam
3776 4453 3843 4537 ad

2248 4523 2469 4606 HiSpau.
2501 4523 2656 4592 conc.
2682 4523 2867 4593 refert.
2901 4523 3021 4600 «imi»
3051 4531 3193 4606 (orte
3223 4530 3419 4585 melius
3451 4523 3845 4606 referreturnad

2165 4577 2219 4638 D
2244 4577 3267 4666 ἶᾶἒιῖἷιιὶέιὶῖιηἰιᾌηιῖιη,
3300 4577 3395 4654 aut
3425 4601 3618 4655 saltem
3646 4599 3712 4649 ad
3742 4594 3846 4651 Re-

2242 4685 2422 4752 gulam
2456 4680 2517 4735 D.
2554 4677 2831 4752 Benedicti
2885 4673 3312 4752 synodt_i__ToIet.
3343 4687 3422 4752 tv,
3478 4683 3585 4723 uno
3639 4668 3846 4749 saeculo

2242 4742 2626 4822 antiquiorem.
2678 4749 2819 4802 Idem
2859 4742 3041 4822 autem
3070 4745 3467 4822 'l‘bumassiuus
3503 4742 3841 4822 contrarium

2246 4810 2401 4879 usum
2433 4822 2574 4892 apud
2641 4821 2956 4880 orientales,
3007 4819 3174 4892 inuno
3203 4816 3368 4892 etiam
3416 4810 3847 4892 apud‘oeeid‘en-

2246 4896 2383 4951 tales
2436 4882 2531 4959 per
2568 4893 2741 4963 pritua
2762 4899 2994 4959 quatuor
3023 4886 3284 4943 Ecclesia:
3311 4882 3514 4941 sarcula
3536 4882 3845 4940 obtinuisse

2243 4966 2776 5097 cogt‘é'dliltl..omnes,
2806 5046 2870 5085 ac
2917 5030 3071 5099 pauci
3123 5044 3285 5095 mss.,
3333 5043 3435 5082 non
3486 5024 3712 5099 affectus
3748 5025 3841 5077 im-

2241 5124 2475 5173 memor;
2505 5105 2594 5160 alii
2624 5094 2797 5158 multo
2827 5094 3009 5171 plures
3039 5115 3106 5175 ac
3128 5094 3439 5175 pauciores,
3478 5114 3585 5151 non
3627 5094 3840 5175 aﬂ'ectus

2242 5196 2456 5234 memor.
2504 5179 2567 5233 Et
2611 5181 2712 5230 bac
2741 5181 2917 5243 potior
2958 5172 3119 5227 lectio
3149 5172 3386 5234 videtur,
3415 5178 3477 5225 ut
3522 5183 3721 5243 sensus
3771 5172 3840 5219 sit

2238 5266 2363 5306 eum
2395 5253 2643 5316 erupisse
2675 5238 3016 5316 in‘gemitns,
3057 5258 3164 5316 non
3201 5254 3307 5297 tam
3350 5240 3561 5311 paterni
3590 5238 3837 5300 allectus,

2237 5337 2398 5395 quam
2429 5313 2638 5375 cruenti
2684 5313 2791 5395 voti
2825 5313 3278 5395 l'BCUI‘d‘Ni‘lIICLu
3480 5392 3487 5395 Α
3759 5381 3774 5395 .

2317 5404 2337 5431 ο
2370 5393 2446 5447 lla
2471 5406 2635 5454 mss;
2666 5390 2797 5442 edit.
2831 5403 2984 5449 vero,
3012 5386 3174 5446 vobis,
3200 5385 3347 5455 ﬁlim,
3368 5392 3488 5439 sunt
3513 5385 3836 5455 communia;

2240 5465 2430 5527 Rom.,
2483 5464 2583 5518 sint
2632 5460 3011 5514 commendata.
3066 5455 3126 5510 Et
3161 5457 3299 5511 infra
3340 5458 3431 5512 ubi
3486 5455 3620 5510 edit.
3652 5454 3833 5515 coitus.

2240 5537 2428 5603 legunt
2459 5548 2590 5589 mss.
2634 5542 2814 5597 cretus,
2844 5530 3034 5603 eodem
3075 5543 3265 5603 sens_u.

2311 5595 2339 5643 δ
2367 5610 2570 5661 Utnnes
2616 5604 2774 5663 edit.,
2802 5595 2808 5597 ’
2831 5600 3128 5672 pra'missus
3176 5598 3426 5654 Domino.
3450 5596 3496 5652 Τ
3502 5615 3533 5652 ιι
3563 5595 3791 5663 recideris
3816 5610 3833 5673 ς

2239 5692 2432 5735 omnes
2477 5691 2609 5731 mss.
2645 5685 2703 5729 ιιι
2735 5677 2790 5729 iu
2831 5684 3082 5741 corpore.

2241 5756 2283 5873 ι*
2312 5756 2337 5786 δ
2370 5750 2499 5806 Mss.
2543 5762 2649 5803 non
2699 5744 2873 5818 patrui,
2901 5734 3043 5811 septa
3074 5738 3651 5819 eontitatttdoinettlco,
3683 5734 3833 5793 doctis

2264 5828 2441 5873 naeus.

2264 5828 2441 5877 ﬁdens,
