3946 6180
51 565 72 810 l

47 193 72 554 ι

994 234 1448 294 EXHORTATIU
1490 233 1974 295 VIRCINITATIS.
2018 238 2220 295 LIBER
2265 238 2467 297 UNUS.

3306 246 3411 304 534

211 353 402 406 tlutrilate
437 369 454 407 :
489 356 658 426 cujus
687 353 891 424 quidem
919 354 1099 421 qualia
1126 356 1230 421 sint
1281 355 1512 418 vulnera,
1556 355 1710 406 variis
1740 356 1786 416 Λ
1817 355 1964 408 rcrbo
1992 365 2078 408 tuo
2113 356 2302 424 (Cant.
2333 373 2383 419 v,
2409 355 2494 422 6),
2529 353 2579 410 id
2607 364 2684 410 est
2709 356 3091 426 peregrinetur
3111 374 3140 412 a
3165 376 3416 430 corpore,

214 459 454 500 smtctorurn
504 448 767 513 extmplis
812 447 1013 514 probat.

217 540 278 596 56.
309 541 405 596 Sed
443 541 703 611 quamvis
760 541 888 593 nihil
939 540 1196 594 maternis
1245 540 1480 596 defuerit
1529 541 1710 594 horta-

174 633 362 698 tionibus,
390 648 494 702 ego
528 647 751 701 quoque
779 647 895 693 vos,
927 630 1042 695 lilii,
1086 633 1173 685 vel
1225 634 1409 700 paucis
1439 633 1708 699 alloquar.

170 726 343 793 Quarite
390 725 682 778 hominum
735 723 942 788 Jesuin,
976 725 1194 794 quinos
1244 735 1427 780 monet
1460 734 1518 779 ut
1565 742 1713 794 qua:-

167 835 296 876 runus
331 836 556 890 regnum
607 819 704 873 Dei
751 837 766 872 :
801 817 868 871 Et
913 835 1024 871 ecce
1070 819 1267 882 omnia,
1293 818 1488 887 inquit,
1520 835 1713 887 suppe-

164 925 234 968 tent
269 915 392 967 vobis
425 911 658 982 (Matth.
697 928 771 976 vt,
803 911 936 980 55).
965 911 1072 966 Sed
1105 912 1244 965 malo
1278 925 1381 980 ego
1437 926 1533 965 vos
1588 922 1715 964 ante

161 1007 362 1062 tltetiltttn
409 1005 648 1070 deferre,
703 1015 753 1058 et
803 1003 880 1057 sic
931 1004 1151 1072 exigere
1200 1002 1531 1056 tiiereedem.
1568 1002 1714 1056 Bona

159 1117 348 1163 merces,
377 1099 472 1154 sed
502 1098 738 1152 divinior
768 1098 1109 1166 ὼερριιειιιυτ
1133 1096 1423 1160 mercedis,
1452 1107 1506 1148 et
1526 1106 1717 1149 auctor

155 1195 373 1248 muneris.
407 1192 466 1247 In
494 1207 661 1263 regno
694 1205 922 1255 merces,
979 1189 1033 1242 in
1083 1187 1303 1244 Christo
1335 1186 1715 1242 reinunerandi

153 1299 376 1359 potestas.
424 1286 663 1352 Quini-ite
709 1285 855 1338 illam
912 1282 964 1335 in
1017 1281 1321 1352 Scripturis
1370 1280 1593 1344 divinis,
1628 1279 1716 1332 tibi

150 1380 364 1435 Christus
391 1380 691 1441 invenitur,
725 1389 779 1433 et
825 1377 987 1431 dicite
1018 1379 1156 1430 sicut
1191 1377 1276 1429 illa
1302 1374 1520 1430 dicebat
1565 1392 1576 1427 :
1613 1374 1720 1427 An-

151 1480 300 1533 auntia
321 1478 444 1531 mihi
464 1494 611 1542 quem
640 1475 822 1530 dilexit
851 1482 1025 1527 anima
1052 1490 1159 1526 mea
1185 1473 1204 1542 (
1231 1472 1379 1526 Cant.
1427 1487 1474 1537 ι,
1503 1470 1578 1540 6).
1610 1469 1719 1526 Sed

150 1585 193 1628 et
219 1574 487 1645 Synagoga
515 1570 787 1640 quzerebat
819 1584 980 1637 quem
1011 1567 1288 1631 amiserat,
1341 1579 1438 1616 vos
1490 1563 1719 1633 qua'rite

153 1683 282 1736 quem
333 1682 436 1718 non
464 1662 744 1718 amittatis.
774 1658 878 1715 Sed
917 1675 1039 1723 cur,
1069 1660 1379 1726 Synagoga,
1415 1655 1550 1709 dicis
1575 1671 1723 1724 quem

1815 461 1866 501 ut
1900 448 2008 502 Deo
2037 448 2216 512 adsit;
2251 449 2508 518 quoniam
2537 466 2656 503 cum
2683 461 2761 503 est
2791 451 2842 502 in
2870 466 3124 521 Corpore,
3175 455 3418 523 peregri-

1814 551 1974 594 natur
2023 556 2051 592 a
2097 540 2338 594 CliriSto.
2394 541 2548 595 l‘nde
2600 553 2652 595 et
2682 543 2977 610 Apostolus
3020 543 3148 597 dicit
3198 546 3421 600 :Aude~

1815 648 1926 685 mus
1957 649 2078 703 ergo
2105 630 2130 668 ιι
2159 643 2204 684 et
2235 634 2582 687 consentimus
2622 634 2787 704 magis
2836 635 3154 704 peregrinari
3197 637 3261 690 de
3302 654 3420 691 cor-

1815 745 1958 798 pore,
1990 740 2037 783 et
2066 731 2251 783 adesse
2278 731 2346 783 ad
2378 727 2680 783 Dominum.
2716 729 2783 784 Et
2830 732 2945 784 ideo
2993 748 3269 794 conantur,
3317 734 3422 787 sive

1815 821 2068 882 absentes,
2099 825 2204 875 sive
2226 833 2527 887 prtesentes,
2562 824 2767 893 placere
2795 824 2893 877 illi.
2924 823 3114 878 Omnes
3153 825 3286 878 enim
3315 842 3424 878 ma-

1816 916 2051 983 ttlfeeldll
2107 925 2308 985 oportet
2366 926 2489 970 ante
2546 918 2780 970 tribunal
2835 915 3049 980 Christi,
3099 928 3157 990 ut
3199 928 3426 988 reportet

1817 1008 2167 1074 unusquisque
2193 1009 2409 1076 propria
2432 1010 2685 1080 carparis,
2718 1010 2850 1063 sicut
2879 1014 3056 1081 gessit,
3081 1013 3185 1065 sive
3210 1011 3422 1076 bonum,

1817 1098 1920 1150 sive
1947 1102 2139 1152 malum
2172 1102 2187 1167 (
2221 1101 2235 1154 I
2266 1098 2387 1154 Cor.
2419 1117 2470 1165 ν,
2500 1101 2534 1156 8
2561 1112 2606 1155 et
2638 1120 2742 1171 seq.
2773 1102 2815 1172 ).
2846 1103 3015 1171 Quam
3049 1107 3159 1160 cito
3201 1121 3421 1161 causam

1820 1192 2086 1259 probavit,
2113 1207 2216 1259 qua
2241 1207 2441 1262 corpus
2469 1207 2714 1264 resurget
2741 1195 2754 1246 !
2780 1196 3003 1264 Oportet
3026 1195 3170 1250 enim
3203 1211 3423 1251 carnem

1821 1297 2133 1352 resurgere,
2162 1299 2282 1352 quae
2314 1292 2812 1341 remunerationem
2855 1303 3076 1342 suorum
3136 1300 3217 1342 est
3249 1289 3419 1358 adep-

1821 1380 1941 1427 tura
1986 1387 2306 1444 gcsmrum;
2357 1386 2562 1447 utqna:
2623 1379 2676 1431 in
2732 1393 2965 1447 corpore
3012 1381 3315 1450 gessimus,
3372 1381 3428 1436 in

1823 1480 2054 1534 cei-pore
2087 1467 2434 1536 recipiamus.

1892 1561 1980 1614 60.
2031 1559 2152 1613 Vult
2178 1563 2339 1629 igitur
2376 1576 2436 1614 se
2483 1561 2747 1617 Dominus
2772 1563 2976 1632 saepius
3004 1566 3214 1634 qttzeri:
3264 1575 3284 1602 ο
3317 1567 3430 1622 dis-

1823 1653 1988 1717 cedit,
2021 1655 2211 1715 currit,
2244 1664 2300 1706 ut
2322 1657 2616 1708 resuscitet
2639 1657 2897 1726 gratiam,
2942 1673 3105 1727 quam
3153 1661 3267 1713 vult
3311 1675 3341 1713 a
3379 1669 3430 1717 te

152 1761 302 1818 dilexi,
327 1767 510 1811 etnon
542 1754 678 1808 dicis
697 1768 856 1823 quem
882 1752 1087 1818 diligo?
1111 1751 1234 1804 Ideo
1255 1765 1360 1802 non
1389 1757 1567 1806 tenes.
1596 1750 1720 1818 quia
1752 1747 1800 1808 B
1827 1745 1988 1799 etiam
2047 1746 2097 1799 in
2149 1755 2200 1799 te
2237 1748 2575 1812 resnscitari,
2637 1750 2780 1802 sicut
2837 1748 3099 1804 habemus
3130 1750 3198 1806 ad
3246 1750 3428 1805 Timo-

152 1849 379 1904 dih-xisse
407 1861 458 1904 te
509 1847 648 1900 dicis
691 1863 703 1899 :

153 1947 301 2015 possis
330 1942 562 1999 tenere?

209 2040 287 2095 57.
326 2039 523 2095 Verum
589 2037 740 2092 illam
817 2035 1154 2091 omittamus.
1205 2035 1315 2099 Tu,
1369 2034 1546 2102 virgo,
1599 2047 1722 2087 cum

152 2134 358 2204 coep-ris
399 2147 670 2204 qna-rere,
709 2129 901 2193 adest;
959 2144 1133 2196 neque
1175 2127 1321 2182 enim
1373 2127 1489 2182 ﬁeri
1549 2134 1729 2195 potest

156 2237 200 2280 ut
228 2227 357 2280 desit
383 2223 759 2292 qna-rentibus
808 2236 900 2283 se,
928 2221 1018 2291 qui
1054 2220 1231 2289 palam
1283 2219 1458 2274 factus
1501 2231 1582 2273 est
1619 2234 1726 2271 non

158 2320 521 2390 qua-rentibus,
577 2328 632 2373 et
675 2318 928 2370 inventus
987 2324 1072 2368 est
1119 2330 1227 2368 non
1267 2314 1729 2384 interrogantibus

156 2413 322 2484 (Esai.
353 2429 482 2476 ων,
527 2413 552 2468 1
587 2411 630 2483 ).
670 2419 697 2448 τι
747 2411 880 2464 Dutn
918 2419 1121 2462 tractas
1160 2418 1217 2464 et
1256 2410 1482 2476 cogitas,
1533 2415 1730 2477 pra-sto

157 2517 245 2561 est.
278 2507 428 2560 Disce
451 2506 793 2572 interrogare
829 2516 950 2554 cum
983 2502 1219 2563 venerit,
1255 2500 1342 2553 ubi
1381 2511 1584 2568 pascat,
1635 2499 1725 2552 tibi

159 2610 388 2662 maneat;
441 2599 580 2652 sicut
613 2597 700 2650 illa
748 2595 996 2649 dicebat:
1055 2593 1153 2648 Ubi
1188 2595 1373 2662 pascis,
1418 2594 1504 2646 ubi
1549 2610 1723 2646 manes

161 2690 301 2760 293
327 2690 375 2744 in
411 2687 735 2759 meridiano(
759 2685 906 2742 Cant.
941 2703 979 2752 ι,
1015 2687 1088 2756 6)
1116 2686 1138 2737 ?
1169 2686 1267 2742 Ubi
1301 2686 1446 2740 enini
1479 2685 1732 2741 Christus

163 2798 343 2843 manet.
368 2788 464 2838 nisi
513 2784 602 2837 tibi
629 2783 857 2853 justitiae
909 2783 1171 2838 meridies
1200 2782 1404 2851 litiget?
1455 2783 1620 2852 quue
1651 2798 1736 2834 sa.

166 2889 307 2931 erata:
335 2875 628 2948 Scriptura:
659 2875 887 2929 docetur
929 2873 1273 2941 testimonio,
1316 2889 1436 2944 quae
1463 2875 1589 2930 dicit
1627 2892 1638 2928 :
1670 2874 1736 2927 In

168 2970 259 3022 sole
283 2973 443 3037 posuit
463 2970 853 3024 tabernaculum
875 2985 1022 3023 suum
1047 2968 1065 3039 (
1092 2967 1236 3022 Psal.
1271 2985 1426 3034 xvttt,
1456 2968 1547 3039 6).
1587 2968 1737 3024 Uade

171 3069 218 3114 et
241 3061 363 3117 alibi
386 3061 529 3116 idem
559 3062 688 3116 dicit
710 3060 984 3130 Pronheta
1013 3077 1024 3111 :
1054 3059 1119 3112 In
1141 3060 1331 3113 lumine
1351 3071 1436 3114 tuo
1458 3061 1738 3114 videbimus

754 1861 850 1900 cur
881 1861 987 1900 non
1020 1852 1200 1914 potius
1227 1843 1403 1896 adhuc
1433 1842 1636 1912 diligis,
1667 1851 1724 1894 ut

1831 1837 2014 1892 tliettin
2072 1839 2376 1908 scriptum:
2434 1839 2659 1911 PrOpter
2704 1858 2857 1910 quam
2911 1859 3124 1897 causam
3177 1844 3431 1898 admoneo

1828 1942 1894 1997 te,
1929 1947 1985 1986 ut
2010 1935 2277 1988 resuscites
2307 1937 2527 2004 gratiam
2561 1935 2687 2000 Dei,
2720 1953 2838 2008 qua:
2864 1948 2937 1990 est
2967 1938 3020 1991 in
3067 1948 3114 1992 te
3148 1955 3239 2008 per
3269 1942 3437 2008 ἰητρο-

1828 2026 2062 2080 sitionem
2095 2044 2338 2080 manuum
2393 2043 2621 2080 mearum
2653 2029 2673 2098 (
2711 2027 2749 2082 Il
2780 2027 2914 2084 Tim.
2949 2045 2987 2092 ι,
3019 2030 3052 2084 6
3082 2030 3123 2099 ).
3148 2030 3281 2096 Qua:
3331 2047 3428 2086 au—

1832 2126 1937 2172 tem
1969 2121 2378 2173 resmcitaverit
2404 2120 2657 2189 gratiam,
2703 2119 2760 2174 lit
2809 2121 3090 2175 vulnerata
3119 2121 3426 2188 charitatis,

1831 2215 1971 2267 sicut
2005 2215 2094 2267 illa
2121 2215 2284 2267 dixit:
2323 2214 2455 2278 Quia
2478 2215 2748 2268 vulnerata
2776 2214 3045 2270 cltaritatis
3089 2233 3184 2288 ego
3205 2234 3316 2272 sum
3346 2234 3365 2272 .·
3393 2218 3436 2271 si

1833 2308 2209 2361 suscitaveritis
2239 2319 2285 2361 et
2317 2309 2660 2362 eacitareritis
2703 2309 3005 2361 charitatem
3037 2312 3055 2382 (
3082 2310 3229 2366 Cant.
3265 2327 3315 2377 ν,
3345 2317 3376 2366 8
3398 2312 3441 2382 ).

1834 2400 1972 2467 Quid
2010 2401 2150 2454 istud
2181 2401 2270 2464 sit,
2325 2403 2622 2470 poterimus
2673 2399 2999 2470 intelligere,
3036 2404 3080 2455 si
3129 2412 3444 2473 repetamus

1833 2497 1960 2566 quia
1990 2495 2188 2566 sagitta
2231 2505 2312 2549 est
2371 2495 2630 2548 Dominus
2683 2493 2865 2559 Jesus,
2913 2494 3001 2548 cui
3048 2495 3182 2550 dicit
3230 2495 3439 2551 Pater:

1835 2587 1999 2642 Posui
2055 2597 2101 2641 te
2132 2589 2262 2640 sicut
2292 2588 2532 2658 sagittam
2582 2589 2794 2642 electam
2826 2587 2844 2659 (
2873 2586 3019 2641 l-Isai.
3060 2603 3212 2654 χιιι,
3234 2588 3270 2642 2
3292 2587 3334 2659 ).
3376 2587 3445 2644 Et

1834 2684 1959 2753 quia
1990 2681 2105 2749 ipse
2135 2691 2218 2734 est
2248 2679 2512 2745 Charitas,
2546 2688 2673 2733 sunt
2699 2679 2885 2746 utique
2909 2679 3088 2749 jacula
3132 2681 3441 2748 cliariiatis,

1835 2778 2031 2848 quibus
2061 2777 2310 2830 vulnerat
2332 2790 2452 2829 sese
2475 2783 2807 2845 quaerentes.
2844 2773 3090 2845 Denique
3120 2784 3174 2830 et
3203 2776 3437 2847 alligata:

1837 2871 2071 2926 vinculis
2100 2871 2273 2938 ipsum
2299 2856 2647 2939 sequuntur;
2680 2870 2804 2938 quia
2850 2883 2988 2938 quos
3015 2867 3266 2922 vulnerat
3297 2869 3445 2936 ligat.

1839 2965 1985 3036 Ergo
2037 2976 2158 3018 sunt
2209 2967 2372 3017 etiam
2420 2962 2635 3016 vincula
2674 2961 2980 3022 eharitatis.
3033 2961 3229 3032 quibus
3280 2959 3446 3033 294

1840 3059 2038 3128 ligatus
2086 3065 2169 3111 est
2221 3057 2439 3121 Paulus,
2487 3054 2578 3125 qui
2633 3056 2711 3109 ait
2761 3071 2773 3107 :
2822 3051 3023 3110 Paulus
3071 3056 3271 3109 uinctus
3323 3053 3451 3109 Jesu

174 3152 324 3207 lvmrn
358 3154 545 3227 (Psal.
577 3170 741 3221 xxxv,
795 3152 917 3224 10).
951 3153 1154 3208 Lumen
1190 3153 1360 3207 Filius
1416 3162 1520 3219 est,
1554 3155 1734 3209 lumen
1765 3133 1811 3197 (ἶ
1844 3153 2033 3208 Christi
2060 3154 2076 3220 (
2107 3151 2334 3205 Philem.
2384 3151 2406 3203 Ι
2435 3152 2475 3220 ).

177 3253 222 3298 et
265 3246 417 3302 Pater
465 3249 557 3318 qui
612 3248 823 3303 videtur
878 3248 929 3301 in
994 3245 1177 3313 Filio;
1253 3248 1510 3317 quoniam
1572 3247 1742 3303 Filius

175 3340 398 3407 splendor
432 3341 614 3413 gloria:
663 3340 860 3408 Patris,
892 3349 939 3395 et
963 3341 1134 3411 imago
1181 3341 1486 3396 substantite
1513 3342 1622 3413 ejus
1671 3350 1743 3395 est

181 3430 354 3501 (thr.
386 3451 424 3501 ι,
454 3437 488 3492 5

362 3527 461 3584 Sed
492 3529 655 3582 etiam
711 3527 763 3582 in
816 3536 910 3581 tuo
966 3527 1189 3593 lumine,
1253 3527 1425 3597 virgo,
1471 3526 1743 3582 Christum

183 3619 396 3689 require,
421 3622 470 3674 in
501 3621 660 3676 bonis
687 3619 1128 3690 cogitationibus,
1181 3621 1232 3672 in
1267 3621 1421 3673 bonis
1466 3622 1745 3689 oneribus,

184 3727 289 3780 qua:
317 3714 720 3769 lnceantcoram
752 3714 910 3767 Patre
943 3724 1033 3766 tuo
1057 3712 1149 3783 qui
1173 3714 1224 3766 in
1248 3714 1402 3768 ccelis
1425 3723 1528 3767 est.
1557 3713 1750 3780 Qua-re

184 3802 231 3860 in
251 3808 506 3872 noctibus,
537 3807 563 3846 δ
607 3823 792 3877 qua-re
821 3808 874 3861 in
901 3807 1154 3861 cubiculo
1197 3814 1323 3871 tuo;
1389 3809 1643 3876 quoniam
1697 3816 1752 3861 et

187 3912 331 3956 nocte
356 3905 520 3969 venit,
553 3912 609 3958 et
629 3903 805 3971 pulsat
831 3901 895 3955 ad
920 3901 1140 3970 jannam
1167 3911 1333 3955 tuam.
1367 3901 1496 3955 Vult
1522 3901 1666 3956 enim
1700 3909 1754 3955 te

189 3993 414 4050 omnibus
441 3995 724 4066 invigilare
754 3994 1069 4060 momentis,
1093 3995 1444 4064 vultjanuam
1475 4003 1580 4048 tua:
1605 4011 1757 4049 men-

191 4087 250 4140 tis
274 4098 530 4157 patentem
564 4089 831 4144 invenire.
874 4087 970 4142 Est
998 4096 1052 4142 et
1083 4087 1172 4142 illa
1216 4087 1380 4158 janua
1432 4072 1595 4158 quam
1644 4088 1759 4142 vult

193 4186 379 4244 patere,
425 4189 480 4235 ut
530 4179 812 4250 aperiatur
858 4187 916 4233 et
962 4187 1182 4234 resonet
1231 4195 1294 4234 os
1333 4188 1481 4235 tuum
1544 4181 1756 4235 laudem

195 4266 406 4336 Domini,
432 4274 656 4344 gratiam
681 4271 902 4342 Sponsi,
930 4271 1111 4326 crucis
1155 4271 1558 4327 confessionem
1594 4291 1605 4326 :
1636 4290 1758 4328 eum

195 4365 475 4432 symbolum
507 4380 788 4431 recenses,
823 4365 1060 4434 psalmos
1094 4365 1145 4418 in
1192 4365 1444 4420 cubiculo
1489 4375 1581 4420 tuo
1628 4382 1761 4421 c0n-

197 4455 338 4510 cinis.
367 4458 499 4531 Ergo
528 4476 650 4514 eum
690 4459 925 4524 venerit,
959 4459 1270 4527 vigilantem
1323 4469 1374 4514 te
1407 4460 1671 4528 inveniat,
1707 4469 1764 4514 ut

1919 3247 2008 3300 (il.
2053 3245 2291 3299 Vulnera
2345 3253 2530 3298 autem
2584 3243 2875 3299 cliaritatis
2921 3260 3046 3300 esse
3099 3244 3262 3300 docet
3317 3243 3444 3312 Job,

1846 3356 1955 3411 quo
1983 3357 2143 3396 nemo
2171 3339 2408 3409 amplius
2459 3337 2737 3394 Christum
2788 3341 2998 3406 dilexit,
3048 3341 3140 3411 qui
3192 3340 3459 3412 diligebat

1847 3434 2010 3491 etiam
2055 3435 2108 3487 in
2150 3434 2320 3502 ipsius
2367 3433 2447 3488 sui
2481 3433 2728 3503 corporis
2753 3434 3106 3489 cruciatibus.
3165 3435 3323 3491 Unde
3374 3436 3457 3490 di-

1849 3527 2049 3583 eebat:
2097 3525 2317 3596 Sagitta:
2342 3535 2513 3579 autem
2541 3524 2753 3579 Domini
2792 3525 2844 3578 in
2899 3541 3012 3580 meo
3061 3541 3279 3597 corpore
3315 3534 3456 3595 sunt,

1851 3636 2073 3691 quarum
2121 3620 2270 3688 furor
2298 3619 2450 3671 ebibit
2481 3621 2783 3692 sanguinem
2816 3636 2985 3672 meum
3015 3636 3030 3685 ;
3085 3635 3200 3672 cum
3257 3635 3456 3688 coepero

1851 3715 2018 3782 loqui,
2050 3724 2399 3785 compungunt
2435 3731 2513 3768 me
2557 3714 2678 3783 (Job
2709 3730 2782 3777 Vt,
2811 3713 2892 3783 4).
2923 3714 3063 3770 Sunt
3107 3730 3238 3784 ergo
3275 3716 3456 3769 chari-

1857 3808 1982 3863 tatis
2011 3808 2260 3872 vulnera,
2295 3818 2347 3860 et
2374 3807 2512 3862 bona
2554 3808 2776 3862 vulnera
2803 3825 2813 3859 :
2845 3807 3080 3874 denique
3109 3808 3323 3861 meliora
3345 3809 3458 3862 ttul-

1858 3917 1981 3954 nera
2029 3900 2204 3963 amici,
2260 3916 2414 3966 quam
2466 3899 2760 3952 voluntaria
2811 3899 2994 3952 oscula
3023 3900 3218 3954 inimici
3263 3898 3461 3974 (Prov.

1860 4009 2039 4060 xxvii,
2069 3995 2166 4062 6).
2229 3991 2533 4048 Hieremias
2577 4006 2793 4062 quaque
2841 3997 3126 4057 aestuabat,
3179 4005 3232 4050 et
3283 3994 3462 4064 ignem

1860 4089 2154 4144 cliaritatis
2202 4102 2314 4158 quo
2371 4086 2812 4141 inﬂammabatur
2844 4085 2912 4140 ad
2959 4088 3196 4141 ollieiitm
3232 4089 3471 4157 prothe-

1864 4182 2038 4246 tandi,
2087 4180 2234 4236 ferre
2292 4196 2400 4235 non
2445 4177 2926 4252 poterat(Jerem.
2974 4195 3064 4242 xx,
3097 4178 3191 4251 9).
3225 4179 3470 4251 Denique

1866 4277 2293 4347 deniergeliatnr
2328 4276 2378 4329 in
2409 4274 2582 4329 lacum
2610 4275 2628 4346 (
2659 4272 2853 4329 Jerem.
2906 4290 3128 4335 xxxviii.
3160 4273 3234 4346 6)
3266 4291 3280 4341 ;
3346 4275 3473 4345 quia

1865 4371 2069 4427 Jttdmis
2094 4369 2273 4425 futura
2301 4369 2512 4425 excidia
2538 4371 2922 4434 annuntiabat,
2955 4380 3007 4424 et
3029 4379 3214 4426 tacere
3244 4385 3350 4425 non
3383 4386 3472 4441 po-

1870 4474 2028 4520 terat.
2064 4463 2438 4534 Lapidabatnr
2464 4463 2773 4534 Stephanus
2807 4464 2962 4534 (Act.
2989 4481 3087 4527 vn.
3113 4465 3220 4532 58)
3247 4507 3261 4531 ,
3294 4477 3347 4522 et
3381 4465 3473 4523 illa

197 4559 364 4616 parata
409 4554 500 4608 sis.
556 4554 804 4608 Dormiat
834 4567 965 4607 earo
1019 4561 1127 4616 tua,
1188 4553 1372 4622 vigilet
1430 4554 1600 4610 lides:
1633 4553 1757 4608 dor-
1791 4537 1845 4597 Ῑ)
1870 4573 1969 4628 pro
2013 4556 2234 4612 Christo
2277 4558 2500 4611 vulnera
2552 4557 2704 4626 quasi
2757 4557 2990 4611 vulnera
3043 4556 3324 4612 cbaritatis
3382 4558 3471 4628 pio

201 4639 355 4696 miant
378 4643 642 4701 illecebrte
667 4648 937 4714 corporis,
993 4644 1178 4711 vigilet
1227 4645 1407 4699 Cttrdis
1433 4647 1715 4716 prudentia
1746 4664 1757 4698 :

201 4737 418 4791 membra
458 4749 541 4792 tua
573 4737 864 4793 redoleant
890 4752 1109 4792 crucem
1139 4737 1364 4803 Christi,
1396 4749 1446 4791 et
1471 4739 1800 4808 sepultum,

201 4822 431 4892 Odorem;
455 4842 510 4885 tit
533 4832 668 4886 nihil
693 4830 763 4885 iis
777 4845 1002 4885 somnus
1030 4831 1226 4885 caloris
1256 4831 1520 4896 infundat,
1549 4845 1569 4870 ο
1591 4834 1766 4886 nullos

201 4923 380 4978 excitet
407 4939 596 4982 motus.
625 4926 744 4995 lpSa
775 4932 861 4980 est
886 4925 1066 4980 anima
1092 4941 1211 4996 qua:
1243 4941 1304 4981 se
1331 4927 1550 4981 Christo
1573 4927 1765 4997 aperit,

200 5025 352 5081 quam
377 5020 502 5074 nulli
536 5033 771 5090 vapores
794 5019 976 5074 carnis
1020 5022 1315 5090 exagitant.

270 5108 355 5164 59.
373 5111 493 5169 Cum
525 5115 640 5170 haec
670 5115 940 5168 invenerit
967 5113 1230 5182 Sponsus,
1273 5113 1520 5169 transibit
1549 5131 1562 5166 :
1593 5112 1775 5169 anima

201 5205 287 5254 tua
344 5206 429 5258 illo
475 5216 757 5278 sequatur,
801 5206 1045 5261 discedat
1093 5222 1122 5260 a
1175 5206 1338 5261 cubili
1368 5223 1488 5269 suo,
1520 5217 1678 5262 exeat
1725 5208 1776 5260 in

201 5295 366 5352 verbo
389 5304 518 5371 ejus,
561 5303 704 5358 sicut
731 5302 991 5371 sei-iptttm
1022 5309 1106 5356 est
1138 5318 1150 5352 :
1183 5300 1355 5356 Exibit
1382 5301 1554 5355 anima
1592 5318 1702 5355 mea
1727 5302 1781 5356 in

274 5419 298 5486 ξ
327 5414 447 5469 Mss.
493 5417 764 5486 plerique,
797 5416 919 5469 dum
961 5426 1206 5470 tractasse
1242 5416 1452 5483 cogitat.

275 5481 300 5518 h
353 5481 513 5559 _Edi'.',
555 5481 726 5559 (μίαέτι
755 5490 807 5542 in
835 5491 997 5542 cubili
1027 5500 1136 5542 tuo.

277 5565 300 5592 ε
352 5557 590 5631 P.erique
619 5576 777 5623 mss...
812 5562 991 5614 nullus
1014 5562 1195 5614 excitet
1236 5570 1492 5612 metus....
1520 5557 1649 5613 Cum
1679 5559 1786 5612 [nec

202 5640 412 5688 υεηθΐιι.
453 5631 687 5701 Sponsus
738 5633 997 5690 transibit.
1054 5645 1109 5685 ut
1156 5633 1355 5696 anima,
1399 5637 1542 5696 etc.;
1591 5631 1789 5685 melius

207 5707 387 5768 tamen
413 5706 523 5768 alii,
553 5716 608 5760 et
637 5707 768 5760 edit.
812 5715 869 5758 ut
917 5708 966 5757 in
1009 5713 1178 5758 textu.

279 5764 306 5808 δ
343 5771 426 5830 Sic
451 5764 580 5833 mss.
614 5775 765 5832 nullo
792 5782 1051 5848 excepto:
1097 5789 1289 5833 omnes
1340 5781 1520 5830 autem
1562 5772 1690 5830 edit.
1743 5781 1789 5824 et

1869 4651 2175 4718 excipiebat
2222 4651 2440 4706 acht-tu.
2475 4651 2820 4720 Vapulabant
2849 4653 3103 4720 apostoli,
3159 4662 3212 4708 et
3241 4668 3474 4723 congra-

1870 4745 2185 4799 tulabantnr
2208 4743 2226 4813 (
2249 4744 2360 4796 Act.
2394 4759 2448 4810 v,
2492 4743 2559 4796 40
2582 4743 2621 4813 ).
2659 4743 2829 4811 Quam
2863 4743 3036 4797 bonus
3062 4752 3147 4798 est
3190 4744 3475 4816 Dominus,

1875 4855 1972 4908 pro
2003 4853 2113 4906 quo
2171 4836 2362 4890 dulces
2411 4847 2463 4890 et
2515 4836 2728 4904 injuriae
2767 4847 2917 4900 sunt,
2973 4846 3125 4908 grata
3176 4841 3360 4896 mors!
3411 4836 3480 4897 Et

1877 4929 2016 4984 bene
2044 4938 2213 4998 grata,
2244 4941 2364 4997 qua:
2387 4927 2619 4995 acquirit
2651 4927 3140 4984 immortalitatem.

2515 5016 2744 5073 CAPUT
2796 5018 2865 5072 Χ.

1894 5111 2192 5187 Virginitati
2222 5121 2508 5178 competere
2537 5109 2866 5166 Ecclesiastt's
2913 5112 3082 5168 locum
3136 5115 3200 5171 de
3239 5118 3486 5189 vestibus,

1957 5207 2094 5278 quod
2127 5217 2295 5260 autent
2337 5205 2481 5258 addit
2505 5207 2567 5260 de
2596 5207 2706 5260 oleo
2743 5207 2953 5276 ferenda
2983 5209 3034 5261 in
3085 5211 3270 5279 capite,
3315 5213 3412 5268 hoc
3441 5224 3490 5270 et

1962 5301 2024 5354 de
2056 5301 2238 5354 mentis
2261 5299 2555 5354 humilitate
2577 5309 2624 5354 et
2650 5300 2714 5353 de
2736 5300 2966 5354 modesta
2994 5304 3229 5370 corporis
3279 5322 3490 5375 compo-

1888 5413 2244 5468 contendimus
2273 5420 2437 5486 magis
2467 5412 2714 5488 :Grmre.
2746 5413 3032 5488 Θαρροῦμεν
3059 5412 3133 5478 δὲ,
3159 5420 3245 5472 καὶ
3264 5418 3494 5476 εὐδοκοῦη

1890 5509 2001 5558 μεν,
2047 5485 2422 5549 contendimus,
2456 5495 2502 5537 et
2542 5485 2873 5558 probamur;
2933 5485 3112 5555 V'ttlg.,
3156 5489 3406 5545 audemus
3445 5503 3492 5548 et

1892 5555 2086 5634 bonum
2123 5559 2432 5610 voluntatem
2462 5555 2704 5608 habemus
2732 5557 2894 5620 milia:
2926 5559 3211 5614 Versiones
3235 5561 3492 5634 denique,

1892 5629 2202 5696 conﬁdimus
2234 5641 2281 5682 et
2313 5637 2634 5696 exoptumus.

1969 5712 1991 5735 υ
2044 5700 2172 5778 ;_\_lss.
2212 5715 2334 5778 _non
2373 5701 2548 5767 pauci.
2604 5697 2845 5754 discedit.
2891 5698 3043 5756 Cur?
3094 5700 3162 5758 lJt
3211 5707 3495 5778 resuscitet,

1897 5780 2001 5827 etc.
2045 5770 2160 5826 Non
2211 5771 2528 5842 incongrue.
