3974 6186
507 254 616 314 555

1848 242 2096 303 SANCTI
2136 233 2465 302 AMBROSH

3710 238 3821 301 358

575 372 762 427 sitione
801 368 1057 437 intelligi;
1084 381 1201 420 cum
1248 369 1550 418 ornamenta
1597 359 1855 415 interiora
1889 358 2110 414 maxime
2136 360 2190 420 Α
2214 356 2306 413 ille
2328 357 2415 413 cui
2443 370 2552 412 non
2579 364 2666 412 est
2692 368 2859 427 grave
2884 364 3165 424 peccatum
3199 357 3251 411 in
3279 356 3666 413 conscientia?
3714 356 3822 411 Bo-

571 467 624 519 in
664 464 808 519 nobis
834 462 1189 531 requirantur,
1219 467 1267 512 et
1297 472 1588 529 pauperum
1610 454 1807 509 divitia:
1829 454 1933 507 sint
1960 454 2112 505 inno-

573 559 756 613 centia:
777 554 1108 625 simplicitas.
1141 550 1417 621 Quomodo
1474 548 1726 604 Ecclesia:
1751 548 1890 601 dicat
1934 545 2109 616 Syna-

570 666 705 721 goga
730 664 748 702 :
772 646 878 703 Ubi
907 646 1107 715 pascis,
1139 655 1249 702 etc.
1269 645 1293 698 ‘l
1314 646 1422 699 haec
1454 659 1572 697 vero
1609 658 1695 695 eas
1727 639 1925 695 Christi
1966 652 2112 692 voces

571 742 792 813 accipiat
826 755 844 793 :
891 739 1005 793 Nisi
1028 738 1174 793 scias
1205 749 1279 801 te,
1305 736 1453 791 ctc.?
1484 731 1621 787 llinc
1648 729 1940 803 signiﬁcari
1979 727 2113 781 divi—

573 852 698 890 nam
742 834 1021 905 imaginem
1051 832 1273 886 residere
1308 831 1363 884 in
1394 830 1569 884 anima
1596 835 1792 890 nostra,
1824 833 1871 877 et
1900 821 2114 894 proinde

572 931 853 1004 maximpm
872 931 983 1001 ejus
1005 942 1181 981 curam
1204 922 1482 997 gerendant
1501 936 1630 975 esse.
1656 920 1986 989 Quapropter
2003 929 2116 968 mo-

572 1034 656 1079 net
669 1027 938 1097 juvenem,
966 1030 1021 1073 ut
1042 1017 1215 1073 cordis
1237 1015 1532 1072 innocentia
1555 1013 1833 1067 delectetur
1856 1007 2114 1078 :virgines

570 1126 767 1180 autem,
800 1124 853 1168 ut
867 1113 1046 1168 oculos
1067 1111 1334 1165 hominum
1348 1106 1581 1177 exetnplo
1605 1102 1793 1157 Mariae
1819 1101 2111 1174 defugiant,

570 1218 721 1276 atque
741 1221 943 1259 omnem
982 1203 1241 1258 declinent
1287 1200 1585 1272 fabularum
1623 1195 1967 1251 occasionem.

576 1300 666 1355 62.
706 1299 761 1354 In
787 1299 946 1363 omni,
978 1297 1175 1367 inquit,
1242 1303 1478 1364 tempore
1527 1292 1629 1346 sint
1675 1290 1976 1345 vestimenta
2022 1296 2114 1339 tua

502 1395 727 1447 candida
767 1390 1013 1464 (Eccles.
1044 1405 1123 1455 ιι,
1162 1388 1243 1458 8).
1280 1386 1420 1454 Quid
1450 1384 1735 1441 candidius
1763 1381 2110 1451 virginitate:

506 1498 531 1524 ει
560 1488 691 1557 quid
722 1486 1007 1542 candidius
1040 1485 1245 1538 intacto
1273 1480 1609 1536 vestimento
1640 1475 1865 1547 pudoris
1894 1475 1918 1528 ἳ
1965 1474 2112 1529 Bona

500 1583 718 1653 quidem
774 1580 1000 1634 castitas
1057 1575 1361 1646 conjogalis
1412 1582 1468 1628 et
1516 1574 1743 1627 castitas
1791 1567 2110 1625 viduitatis:

502 1673 703 1729 munda
732 1674 914 1726 omnis
939 1670 1185 1736 castitas,
1217 1668 1312 1723 sed
1342 1665 1483 1721 forte
1514 1681 1621 1721 non
1654 1665 1832 1719 omnis
1858 1660 2113 1727 candida,

2216 465 2282 503 na
2303 458 2375 503 est
2398 450 2554 511 enim,
2582 449 2780 519 inquit,
2810 447 3120 515 substantia,
3148 450 3230 503 cui
3251 465 3352 503 non
3369 460 3442 504 est
3476 459 3742 518 peccatum
3765 450 3821 503 in

2214 543 2527 597 conscientia
2556 540 2729 612 (Eccl.
2758 554 2875 607 xm,
2902 541 3015 613 50).
3045 540 3313 609 Audistis,
3344 542 3592 611 inquam,
3630 542 3681 595 in
3711 555 3824 611 quo

2215 635 2435 704 possitis
2452 634 2594 705 apud
2620 635 2788 689 Deum
2812 649 2934 689 esse
2961 633 3304 704 locupletes;
3342 642 3397 687 ut
3429 633 3502 688 sit
3529 633 3583 688 in
3618 633 3777 687 vobis
3808 675 3823 695 ,

2214 725 2407 796 inquit,
2441 726 2868 797 ineorruptihilis
2914 733 2969 781 et
3016 725 3293 781 modestus
3326 724 3553 796 spiritus
3584 722 3822 794 (lPetr.

2216 820 2390 892 nni).
2412 821 2572 876 Bona:
2599 823 2743 877 enim
2768 820 2977 876 divitia:
2998 829 3124 875 sunt
3151 819 3476 875 innocentia:
3498 827 3671 890 atque
3691 818 3825 873 sim-

2215 912 2503 982 plicitatis,
2554 913 2750 983 quibus
2799 920 3088 983 peccatum
3148 926 3255 965 non
3306 911 3639 980 imputatur,
3692 911 3824 980 quia

2216 1004 2365 1060 trulla
2391 1005 2446 1059 iu
2480 1004 2543 1060 iis
2569 1004 2679 1061 doli
2710 1004 3024 1076 fraudisque
3050 1007 3288 1060 versutia
3316 1013 3398 1058 est
3423 1019 3438 1068 ;
3471 1003 3659 1058 omnis
3678 1003 3828 1058 enim

2214 1098 2448 1167 simplex
2474 1098 2786 1154 obtrectare
2817 1110 2924 1152 non
2954 1101 3131 1161 novit,
3180 1097 3355 1152 nescit
3391 1095 3646 1151 invidere
3681 1112 3694 1148 :
3725 1111 3831 1150 suo

2214 1202 2507 1248 contentus
2534 1204 2641 1261 est,
2666 1193 2844 1249 aliena
2873 1208 2982 1248 non
3005 1194 3229 1264 quaerit;
3263 1192 3364 1248 etsi
3394 1205 3577 1264 egeat,
3610 1192 3714 1247 sibi
3745 1192 3806 1247 di

2214 1298 2308 1340 ves
2334 1284 2573 1351 videtur,
2600 1286 2645 1340 si
2677 1295 2929 1355 suppetat
2958 1284 3103 1354 quod
3132 1284 3399 1339 alimento
3427 1292 3510 1339 est
3534 1286 3692 1338 satis.
3723 1284 3833 1340 Dr-

2214 1378 2381 1446 nique
2404 1375 2628 1446 pulchre
2655 1377 2934 1447 apeslolus
2963 1375 3195 1451 Paulus:
3225 1375 3289 1430 Et
3305 1375 3596 1447 profunda,
3624 1377 3827 1447 inquit,

2214 1485 2496 1544 paupertas
2524 1491 2703 1529 eorum
2731 1474 3011 1530 abundavit
3048 1476 3101 1530 in
3128 1475 3322 1531 divitiis
3351 1476 3715 1547 simplicitatis
3738 1491 3831 1530 eo-

2213 1580 2329 1621 rum
2352 1566 2574 1639 (llCor.
2608 1583 2723 1634 vnt,
2759 1568 2837 1638 2).

2287 1668 2376 1724 66.
2410 1667 2479 1724 Ει
2505 1669 2632 1741 quia
2655 1668 2900 1724 Ecclesia
2926 1664 3184 1739 congruis
3209 1677 3327 1725 erat
3354 1669 3646 1725 ornatibus
3674 1685 3829 1726 com-

504 1776 593 1819 aut
630 1779 739 1819 non
767 1762 999 1818 candida
1030 1762 1082 1815 in
1106 1760 1253 1813 omni
1281 1769 1524 1828 tempore
1557 1755 1760 1829 (lCor.
1794 1768 1889 1820 vn,
1937 1755 1991 1818 4,
2021 1750 2112 1824 5).
2147 1748 2195 1814 B
2223 1772 2335 1834 pta,
2367 1769 2419 1817 et
2462 1762 2531 1818 de
2558 1762 2779 1819 Christo
2802 1763 2982 1818 lumen
3015 1763 3289 1833 accipiens
3322 1762 3629 1835 refulgebat
3658 1781 3673 1831 ;
3736 1781 3833 1837 po-

503 1859 621 1915 Non
650 1857 904 1923 candida,
937 1856 1156 1926 quando
1208 1870 1312 1909 non
1363 1853 1525 1909 habet
1554 1852 1678 1923 quis
1735 1850 1819 1905 sui
1867 1847 2113 1920 corporis

505 1963 861 2026 potestatem,
895 1951 1112 2023 quando
1156 1950 1221 2006 ad
1266 1958 1482 2020 tempus
1511 1954 1891 2018 sequestratur
1915 1944 2109 1999 oratio.

502 2048 579 2103 De
609 2047 917 2117 virginitate
945 2060 1075 2114 ergo
1105 2043 1334 2114 pulchre
1361 2042 1557 2098 dicitur
1586 2057 1598 2094 :
1630 2038 1697 2094 In
1720 2040 1861 2093 omni
1891 2047 2115 2109 tempore

498 2142 599 2195 sint
618 2140 917 2194 vestimenta
936 2147 1024 2191 tua
1046 2135 1291 2201 candida,
1313 2144 1361 2189 et
1375 2134 1607 2189 oleumin
1626 2133 1894 2203 capitetuo
1912 2128 2109 2202 (Eccle.

502 2248 592 2302 rx,
627 2233 732 2304 8);
779 2243 838 2288 ut
869 2230 1014 2286 faces
1048 2240 1154 2284 tute
1205 2242 1426 2299 semper
1483 2226 1692 2297 possint
1747 2224 1949 2291 lucere,
2012 2236 2115 2278 nec

500 2330 915 2400 extinguantur,
940 2341 1065 2382 cum
1094 2324 1324 2395 ceperit
1356 2322 1602 2393 Sponsus
1625 2320 1718 2376 ille
1750 2318 1991 2376 cwlcstis
2015 2330 2111 2372 ve-

501 2422 621 2478 nire
652 2421 886 2485 (Matth.
923 2435 1048 2487 xxv,
1105 2418 1140 2474 6
1166 2428 1215 2474 et
1259 2434 1366 2488 seq.
1391 2415 1429 2487 ).

572 2517 661 2569 (i3.
693 2513 720 2554 1³
744 2515 863 2582 Qua
894 2521 1077 2569 autem
1105 2513 1319 2567 ratione
1344 2510 1397 2563 in
1431 2507 1600 2579 capite
1626 2516 1717 2561 tuo
1746 2505 2112 2562 Ecclesiastes

504 2609 734 2673 dixerit,
775 2609 842 2661 de
873 2605 1186 2660 Proverbiis
1235 2602 1591 2671 colligemus;
1632 2599 1760 2669 quia
1819 2598 1973 2652 Oculi
2018 2599 2111 2651 lto-

502 2708 656 2760 minis
698 2708 751 2758 in
798 2708 966 2776 capite
1006 2708 1119 2775 ejus
1151 2701 1396 2771 (Eccles.
1444 2714 1504 2766 tt,
1554 2700 1621 2754 Η
1650 2700 1705 2767 ),
1760 2699 1811 2752 id
1868 2706 1970 2761 est,
2024 2712 2112 2753 sa-

508 2800 732 2870 pientiae
766 2807 873 2852 tua:
903 2808 1120 2852 sensus.
1152 2794 1278 2849 Ideo
1311 2792 1450 2847 forte
1477 2803 1531 2846 et
1565 2793 1886 2861 evangelica
1918 2791 2113 2846 mulier

506 2893 598 2947 illa
628 2890 902 2956 laudatur,
944 2902 1066 2957 qua:
1105 2886 1272 2955 pedes
1322 2883 1541 2938 Domini
1592 2883 1805 2953 capillis
1851 2884 1965 2938 suis
2014 2898 2111 2938 ex-

496 2962 655 3038 torsit
684 2981 703 3054 (
730 2980 853 3035 Luc.
895 2994 993 3043 vn,
1027 2980 1096 3033 58
1123 2987 1167 3032 et
1209 2978 1350 3046 seq.)
1375 3018 1387 3038 ,
1425 2976 1568 3047 quod
1602 2975 1706 3031 lide
1753 2991 1813 3031 se
1855 2976 2111 3030 humilia-

493 3077 661 3141 νοτίῃ
683 3088 751 3129 ue
766 3089 860 3144 per
878 3072 1060 3128 carnis
1072 3071 1216 3126 elata
1230 3070 1553 3139 sapientiam
1578 3068 1876 3135 videretur,
1898 3080 1920 3108 ε
1943 3085 2105 3139 quam

494 3166 623 3237 Legi
671 3165 945 3220 subditam
1008 3178 1173 3216 verus
1222 3161 1559 3216 oecultorum
1606 3159 1878 3230 interpres
1906 3160 2105 3216 Paulus

491 3262 708 3332 negavit
732 3258 909 3332 (Rom.
945 3272 1059 3322 vni,
1083 3257 1139 3328 7)
1161 3299 1174 3321 ,
1204 3270 1274 3310 eo
1300 3255 1443 3325 quod
1470 3254 1687 3310 Christo
1718 3255 2102 3325 subjiceretur.

559 3350 723 3426 295
742 3352 832 3407 64.
860 3350 1164 3422 Etpulchre
1181 3352 1283 3404 hoc
1302 3365 1592 3418 possumus
1610 3348 1921 3419 intelligere
1940 3350 2104 3404 etiam

490 3449 875 3517 corporaliter,
892 3446 1153 3515 quoniam
1186 3444 1230 3498 si
1255 3445 1305 3496 in
1331 3442 1669 3512 prOpheticis
1682 3443 1902 3512 scriptis
1919 3457 2103 3512 repre-

502 3542 819 3599 [tenduntur
845 3540 971 3594 tiliae
1000 3538 1157 3603 Sion,
1176 3536 1319 3608 quod
1338 3537 1445 3590 alta
1476 3536 1690 3591 cervice
1720 3536 2103 3605 procederent,

491 3637 715 3692 nutibus
744 3634 1059 3697 oculorum,
1093 3639 1148 3684 et
1189 3631 1386 3683 itinere
1419 3628 1615 3698 pedum
1637 3628 1916 3683 trahentes
1942 3629 2102 3683 simul

490 3732 732 3794 tunicas,
773 3738 829 3782 et
854 3725 1105 3780 ludentes
1154 3720 1670 3794 pedibus(Esai.nt,
1699 3721 1765 3776 16
1790 3733 1836 3776 et
1867 3721 2022 3794 δρψ),
2048 3730 2103 3777 et

490 3822 611 3879 ideo
627 3823 854 3893 gloriam
877 3819 1043 3874 vestis
1068 3832 1276 3882 earum,
1293 3826 1346 3871 et
1375 3824 1601 3871 ornatus
1623 3831 1829 3878 earunt,
1849 3817 2030 3871 crines
2048 3824 2102 3872 et

489 3917 780 3971 cincinnos
803 3915 1064 3969 Dominus
1077 3913 1384 3968 ablaturum
1406 3924 1528 3966 esse
1553 3925 1614 3966 se
1630 3910 1789 3965 dicit:
1817 3921 1963 3966 recte
1994 3911 2095 3965 ista

488 4006 1142 4078 mulicrsparsitcapillos
1156 4020 1285 4060 suos
1313 4002 1464 4076 (Luc.
1486 4003 1699 4075 vu,58);
1715 4013 1773 4059 ut
1801 4004 1971 4059 nodos
1988 4004 2096 4059 cri-

490 4101 639 4157 nium
658 4101 989 4170 Evangelica
1021 4100 1266 4155 solveret
1285 4098 1596 4168 disciplina.
1616 4096 1767 4153 Unde
1790 4107 1843 4151 et
1862 4097 2097 4167 apostoli

494 4195 548 4249 di
561 4204 772 4247 serunt:
786 4193 909 4245 Non
927 4191 1194 4261 implicata
1209 4188 1900 4259 capillorum,sicutPetrus
1915 4189 2097 4246 decuit

488 4288 685 4362 (IPetr.
708 4286 1113 4357 ttt,3),nequein
1140 4286 1287 4341 tortis
1303 4285 1553 4350 crinibus,
1582 4294 1811 4338 antauro
1831 4295 1878 4338 et
1893 4300 2088 4356 mergas

484 4383 705 4449 ritis,vel
718 4392 851 4437 veste
863 4383 1111 4450 pretiosa,
1126 4390 1184 4435 ut
1200 4380 1269 4434 Pa
1280 4380 1401 4435 nlus
1431 4378 1669 4435 asseruit
1697 4377 1740 4450 (ι
1758 4378 1890 4433 Tim.
1908 4393 1966 4443 ιι,
1995 4377 2052 4449 9)
2078 4396 2089 4431 :

2218 1864 2327 1912 test
2351 1856 2515 1912 etiam
2571 1856 2652 1912 sic
2680 1857 2833 1913 locus
2866 1857 2959 1911 ille
2988 1857 3201 1927 aecipi,
3244 1871 3312 1911 eo
3333 1858 3479 1927 quod
3527 1857 3830 1931 Synagoga

2216 1948 2281 2003 ad
2298 1949 2599 2004 Ecclesiam
2616 1949 2790 2005 dicat:
2812 1948 2911 2004 Ubi
2925 1951 3116 2021 pascis,
3138 1949 3221 2003 ubi
3235 1966 3409 2004 manes
3431 1948 3484 2003 in
3499 1951 3833 2006 meridiano!

2217 2041 2302 2098 Ne
2323 2046 2456 2114 forte
2475 2042 2597 2113 ﬁam
2625 2043 3011 2098 circumamicta
3026 2059 3182 2113 super
3203 2058 3381 2116 greges
3402 2043 3673 2098 sodalium
3707 2054 3828 2099 tuo-

2214 2154 2333 2193 rum
2373 2135 2566 2211 (Cant.
2598 2154 2636 2205 ι,
2665 2137 2765 2208 6).
2806 2136 3140 2194 Mercenaria
3173 2152 3297 2193 esse
3344 2136 3660 2205 desiderat,
3706 2154 3831 2211 quae

2214 2232 2318 2287 sibi
2347 2232 2657 2287 vindicabat
2677 2241 2808 2289 ante
2829 2231 3191 2288 dominatum.
3215 2230 3389 2300 Quam
3410 2231 3681 2289 damnosa
3707 2248 3831 2304 per-

2218 2324 2345 2379 iidia
2376 2335 2460 2381 est
2489 2326 2503 2379 ι

2287 2418 2376 2472 67.
2408 2416 2515 2473 Sed
2546 2417 2674 2488 quia
2708 2415 3012 2482 incredula,
3044 2416 3272 2472 immitis
3292 2458 3307 2484 ,
3339 2415 3645 2487 sacrilega;
3700 2418 3825 2474 ideo

2214 2526 2332 2567 eam
2386 2526 2414 2564 a
2442 2509 3009 2580 gregibus’Ecclesiae
3048 2524 3163 2564 sum
3202 2519 3420 2580 separat
3445 2510 3712 2565 Christus
3739 2510 3830 2567 di-

2213 2618 2344 2658 cens
2372 2619 2386 2655 :
2417 2601 2539 2658 Nisi
2557 2604 2692 2657 scias
2722 2612 2789 2669 te,
2819 2618 2848 2655 ο
2869 2602 3058 2656 decora
3074 2601 3128 2655 in
3154 2600 3454 2655 mulieribus
3484 2599 3685 2668 (Ibid.,
3725 2600 3781 2672 7)
3812 2645 3825 2668 ,

2213 2694 2318 2750 hoc
2348 2704 2450 2761 est,
2484 2703 2536 2750 te
2568 2696 2712 2764 prius
2741 2708 2863 2764 qua:
2884 2694 2959 2747 sis
2988 2693 3106 2763 ipsa
3133 2706 3428 2764 cognosce,
3453 2702 3509 2748 et
3538 2702 3677 2749 tunc
3701 2704 3825 2765 pete

2212 2799 2271 2843 ut
2322 2789 2458 2843 meis
2508 2787 2763 2859 gregibus
2817 2788 3241 2857 appropinques.
3286 2785 3352 2840 Et
3403 2785 3545 2841 bene
3585 2787 3645 2839 in
3706 2801 3826 2840 mu-

2211 2881 2439 2937 lieribus
2464 2881 2663 2936 decora
2687 2880 2888 2934 dicitur
2916 2878 3224 2950 Synagoga,
3267 2892 3375 2932 non
3405 2877 3461 2931 in
3489 2877 3828 2947 virginibus;

2209 2974 2336 3042 quia
2369 2973 2535 3026 Evam
2569 2970 2852 3028 mulierem
2884 2970 3216 3040 sequebatur
3242 3011 3256 3036 ,
3292 2983 3391 3038 per
3420 2982 3584 3039 quam
3642 2970 3828 3040 lapsus

2210 3066 2431 3121 advenit
2458 3083 2470 3119 :
2506 3065 2749 3121 Ecclesia
2773 3074 2956 3120 autem
2981 3075 3005 3102 θ
3033 3064 3232 3120 decora
3265 3063 3320 3119 in
3352 3063 3676 3135 virginibus
3708 3073 3823 3132 est,

2211 3163 2338 3232 quia
2368 3163 2522 3233 virgo
2543 3162 2663 3217 sine
2686 3176 2815 3232 ruga
2837 3171 2941 3216 est.

2279 3261 2369 3317 68.
2401 3260 2559 3318 Scire
2579 3275 2710 3333 ergo
2734 3277 2794 3316 se
2811 3259 2981 3316 debet
3006 3260 3119 3315 sive
3152 3260 3261 3328 vir,
3286 3258 3408 3315 sive
3433 3259 3634 3315 mulier
3654 3301 3671 3329 ,
3701 3260 3822 3330 quia

2205 3355 2274 3411 ad
2299 3356 2588 3427 imaginem
2620 3354 2715 3410 Dei
2748 3364 2833 3410 est
2854 3362 2912 3409 et
2933 3352 3374 3418 similitudinem;
3412 3361 3469 3407 ιιι
3499 3352 3709 3409 anima:
3737 3368 3824 3408 sc-

2206 3459 2423 3521 quatur,
2476 3466 2580 3505 non
2614 3447 2892 3519 corporis,
2933 3446 3414 3518 pulchritudinem.
3450 3445 3507 3500 In
3536 3458 3651 3517 quo
3677 3445 3821 3502 enim

2205 3545 2431 3598 sumus?
2455 3541 2511 3598 lu
2540 3543 2738 3597 animm
2767 3541 3071 3597 subStantia
3106 3548 3159 3594 et
3188 3542 3390 3595 mentis
3417 3540 3632 3608 vigore.
3699 3538 3822 3593 llaec

2205 3644 2390 3689 nostra
2413 3635 2591 3689 omnis
2625 3635 2825 3704 portio.
2861 3633 3108 3703 Denique
3132 3631 3304 3686 David
3338 3631 3547 3703 inquit:
3576 3629 3649 3685 In
3706 3631 3813 3685 Deo

2203 3727 2444 3797 sperabo,
2476 3743 2577 3781 natt
2596 3726 2782 3779 timebo
2811 3725 2977 3798 296
2999 3723 3125 3795 quid
3145 3724 3309 3794 faciat
3336 3722 3461 3778 mihi
3491 3722 3811 3796 caro(Psal.

2206 3833 2295 3887 LV,
2325 3820 2406 3890 5).
2436 3819 2556 3875 Non
2584 3834 2715 3890 ergo
2748 3834 2881 3874 caro
2904 3833 3114 3885 sumus,
3146 3818 3246 3875 sed
3285 3817 3528 3888 spiritus.
3588 3817 3669 3873 De
3719 3817 3813 3873 Ju-

2201 3913 2335 3968 tlteis
2364 3925 2548 3971 autem
2577 3912 2786 3969 dictum
2815 3923 2899 3969 est
2926 3931 2938 3967 :
2972 3912 3093 3968 Non
3124 3912 3447 3982 permanebit
3480 3912 3533 3965 in
3563 3911 3631 3965 iis
3662 3912 3820 3983 spiri-

2203 4021 2284 4064 tus
2335 4026 2476 4067 meus
2502 4052 2516 4079 ,
2567 4010 2689 4080 quia
2718 4026 2840 4064 caro
2893 4018 3016 4065 sunt
3058 4006 3214 4081 (Gen.
3250 4024 3323 4075 vr,
3355 4007 3433 4081 5).
3463 4008 3580 4063 Non
3614 4023 3815 4064 aurum

2201 4104 2924 4175 sutnus,nonpecunia,tton
2955 4103 3263 4159 divitiarum
3289 4105 3447 4174 c0pia
3480 4120 3494 4170 ;
3529 4103 3621 4159 illa
3674 4104 3813 4161 enim

2203 4203 2414 4251 nostra.
2477 4196 2547 4252 Et
2615 4196 2738 4251 ideo
2792 4198 2889 4254 tibi
2943 4197 3075 4252 dicit
3125 4192 3341 4268 Moyses
3389 4214 3401 4250 :
3458 4196 3685 4253 Attende
3730 4197 3817 4252 tibi

2199 4284 2385 4360 (Deut.
2411 4304 2503 4355 xv,
2528 4287 2609 4359 9),
2631 4288 2735 4343 hoc
2761 4300 2866 4357 est,
2887 4290 3081 4343 animm
3105 4296 3243 4355 tua);
3266 4304 3333 4345 nc
3358 4303 3572 4359 pereas,
3596 4306 3669 4345 ne
3695 4304 3814 4345 car-

2200 4380 2340 4435 nalis
2396 4382 2517 4438 llas.
2567 4378 2785 4436 Attende
2831 4382 2941 4448 tibi,
2997 4380 3100 4437 hoc
3139 4392 3264 4448 est,
3319 4382 3538 4453 imagini
3587 4398 3754 4453 quam
3784 4397 3814 4435 a

482 4478 577 4534 sed
613 4478 783 4547 mang
828 4476 1104 4530 interioris
1130 4467 1365 4529 hominis
1399 4482 1720 4527 ornamenta
1754 4471 1972 4528 leininis
2002 4488 2088 4528 re-
2125 4511 2180 4572 Β
2205 4475 2424 4530 Christo
2466 4476 2723 4544 accepisti
2752 4516 2767 4543 ,
2826 4475 3172 4530 similitudini
3206 4475 3273 4529 ad
3325 4490 3486 4546 quam
3518 4473 3702 4531 factus
3732 4490 3809 4531 es.

483 4571 783 4642 quirenda;
816 4571 1074 4640 quoniam
1105 4568 1199 4624 ille
1226 4565 1579 4623 absconditus
1595 4565 1776 4621 cordis
1800 4564 1986 4634 homo,
2007 4565 2099 4636 qui

482 4672 567 4719 est
581 4679 784 4734 pauper
806 4662 1030 4729 saeculo,
1054 4661 1174 4730 ipsc
1196 4669 1281 4716 est
1304 4659 1546 4729 locuples
1569 4658 1702 4714 Deo.

552 4756 643 4811 65.
679 4755 926 4810 Audistis
947 4795 961 4820 ,
985 4750 1013 4789 ιι
1039 4753 1155 4821 lilii,
1181 4753 1273 4822 qui
1300 4764 1569 4823 pauperes
1597 4763 1692 4804 vos
1723 4763 1842 4806 esse
1863 4748 2087 4820 putatis.

478 4855 612 4925 Quis
642 4862 826 4909 autem
856 4859 941 4908 est
970 4850 1136 4907 homo
1166 4849 1321 4906 dives
1341 4890 1355 4918 ,
1386 4863 1512 4904 cum
1556 4846 1743 4903 multis
1772 4855 1949 4919 egeat,
1984 4844 2089 4901 nisi

549 5007 574 5069 ξι
608 4998 774 5065 Edit.,
803 4997 928 5069 quid
957 4996 1174 5051 nitidius
1204 4996 1402 5048 intacto
1433 4993 1755 5069 vestimento.

547 5068 574 5107 δ
606 5069 678 5123 ltu
705 5059 837 5124 mss.
863 5083 1087 5133 omnes;
1111 5074 1166 5123 at
1190 5083 1220 5121 e
1246 5066 1523 5120 contrario
1553 5078 1745 5117 onmes
1769 5061 1884 5123 ed.,
1916 5059 2084 5126 Quam

470 5150 642 5196 autem
674 5143 967 5195 unetionem
989 5140 1042 5193 in
1092 5140 1261 5209 capite
1304 5146 1415 5209 tuo,
1448 5134 1795 5209 Ecclesiastes
1842 5133 2033 5209 dixgrit
2063 5147 2082 5187 :

474 5214 537 5267 de
566 5211 894 5279 Proverbiis;
928 5215 1113 5275 liom.,
1158 5204 1219 5263 de
1251 5210 1369 5262 aliis
1402 5208 1552 5279 locis,
1584 5205 1900 5279 colligimus.
1921 5204 2083 5279 “Sane

471 5285 634 5339 citatu
668 5286 737 5339 ab
785 5275 1079 5339 Ambrosio
1106 5284 1269 5335 verba
1292 5278 1646 5348 reperiuntur
1688 5277 1812 5330 loco
1843 5275 2089 5329 indicato

473 5358 539 5410 ad
573 5357 910 5427 marginem;
941 5355 1060 5409 fieri
1093 5364 1277 5427 tamen
1324 5360 1501 5418 potest
1552 5357 1609 5427 ut
1657 5348 1753 5427 ille
1785 5348 2089 5427 respexerit

472 5429 543 5482 ad
601 5416 761 5481 Prtrv.
812 5416 1066 5503 ιηἰβι,
1095 5416 1373 5503 «pedamine
1402 5420 1611 5503 σννετρν
1663 5416 1847 5493 ἀνδρὸς
1901 5426 2082 5498 caput},

473 5514 633 5567 quam
659 5493 1007 5563 sententiain,
1061 5493 1455 5551 ut'interdum
1494 5493 1658 5556 solet,
1706 5504 1772 5544 ex
1815 5493 2085 5544 ntenioria

478 5579 686 5625 tantum
714 5570 1022 5637 protulerit.

551 5653 571 5677 ο
625 5629 826 5696 omnes
878 5640 1011 5693 edit.
1063 5647 1121 5693 ut
1152 5638 1203 5692 in
1249 5647 1399 5692 textu
1443 5652 1456 5687 :
1509 5646 1643 5688 mss.
1692 5629 1979 5695 nonnulli,
2034 5643 2088 5687 ut

476 5711 695 5774 homini,
722 5726 880 5779 quam
929 5708 1057 5778 Legi
1106 5708 1367 5762 subditam
1418 5720 1661 5779 verum...
1706 5704 1996 5779 _negaverit_,
2028 5720 2088 5758 et.-

477 5772 690 5839 Christo
734 5772 1074 5850 'subjiceret'ur
1122 5794 1139 5835 :
1181 5792 1319 5835 unus
1350 5818 1366 5848 ,
1417 5786 1475 5832 ut
1522 5775 1741 5844 homini,
1772 5772 1927 5845 quam
1952 5772 2086 5846 Lege

2209 4569 2382 4638 Ipsam
2416 4582 2573 4622 serva
2625 4569 2939 4638 imaginem,
2971 4583 3132 4639 quam
3160 4568 3413 4624 Christus
3437 4572 3486 4621 in
3520 4572 3576 4623 te
3629 4571 3811 4637 operi-

2200 4659 2302 4715 bus
2332 4660 2446 4715 suis
2477 4661 2673 4729 pinxit,
2703 4660 2846 4716 sicut
2869 4662 2984 4732 ipse
3009 4660 3085 4715 ait
3107 4660 3175 4716 ad
3201 4659 3567 4728 Hierusalem,
3599 4659 3655 4716 id
3685 4666 3804 4724 est,

2194 4753 2262 4807 ad
2288 4756 2524 4809 animam
2556 4755 2835 4825 paciﬁcum
2865 4773 2877 4810 :
2916 4754 3047 4810 Ecce
3072 4771 3189 4829 ego,
3226 4754 3556 4812 Hierusalem
3587 4797 3601 4824 ,
3662 4753 3811 4827 pinxi

2191 4864 2365 4903 muros
2388 4846 2845 4921 tuos(Esai.xux,
2866 4847 2979 4919 16).

2184 4989 2446 5045 subditam
2468 4992 2675 5048 viro....
2699 4991 2967 5062 allegavit,
2989 5007 3051 5047 ea
3066 5010 3085 5060 ;
3108 4998 3217 5046 etc.
3246 5007 3262 5057 ;
3288 4991 3345 5046 in
3375 4988 3605 5060 reliquis
3627 4998 3808 5062 autem

2189 5063 2329 5117 nihil
2377 5064 2518 5118 sani.
2554 5063 2624 5119 At
2670 5058 2824 5118 inl'ra'
2859 5062 2997 5118 edit.
3056 5058 3251 5118 otnnes
3294 5058 3507 5116 omissa
3551 5071 3677 5128 post
3725 5058 3807 5113 di-

2188 5136 2427 5189 ctionem
2461 5135 2704 5206 quoniatn
2736 5135 2999 5204 particula
3024 5134 3097 5199 si,
3131 5149 3293 5203 quam
3339 5136 3391 5187 in
3419 5130 3799 5206 cunctismss.

2189 5205 2437 5274 reperire
2468 5203 2573 5268 est,
2616 5222 2717 5261 nec
2747 5222 2855 5259 non
2881 5220 3045 5275 Prava
3078 5214 3407 5274 punctorum
3464 5203 3807 5275 oppositione

2192 5287 2363 5346 totam
2394 5278 2606 5346 periodi
2635 5277 2839 5333 seriem
2873 5276 3261 5332 dissolverant.

2262 5345 2287 5384 ἀ
2330 5345 2537 5403 Oinnes
2566 5348 2721 5411 edit.,
2758 5348 3018 5405 Audistis.
3048 5347 3178 5416 filia:
3201 5389 3213 5411 ,
3248 5349 3372 5419 quia
3404 5362 3661 5417 pauperes
3720 5358 3805 5397 vos

2188 5421 2427 5483 vocatis;
2461 5437 2653 5475 omnes
2686 5435 2821 5474 mss.
2853 5430 2909 5473 ut
2935 5425 3223 5474 coittextu.

2269 5502 2290 5527 υ
2335 5491 2480 5545 Edit.
2527 5489 2809 5546 nonnullte
2838 5491 3037 5555 Paris.,
3075 5492 3267 5543 decora
3299 5490 3351 5543 in
3379 5488 3672 5543 nominibus
3703 5495 3797 5539 est.

2197 5561 2339 5616 Infra
2371 5577 2502 5617 vero
2526 5564 2616 5619 ubi
2645 5577 2839 5617 omnes
2870 5562 3008 5617 edit.
3041 5575 3103 5613 ac
3130 5559 3245 5615 duo
3274 5574 3433 5625 mss.,
3467 5572 3516 5615 et
3557 5559 3798 5614 similitu-

2194 5633 2387 5689 dinem.
2422 5631 2489 5687 In
2515 5651 2619 5705 quo
2667 5635 2805 5687 enim
2830 5633 2899 5687 ad
2932 5632 3209 5703 imaginem
3234 5631 3334 5705 Dei
3377 5648 3577 5705 sumus,
3601 5632 3703 5705 nisi
3749 5628 3799 5680 in

2197 5701 2540 5773 animineth
2558 5706 2751 5777 reliqui
2771 5716 2904 5762 mss.
2918 5701 3158 5760 nostram
3176 5701 3473 5774 praeferunt
3488 5704 3794 5759 lectionem.
