3946 6180
44 214 47 279 l
129 222 194 279 ibi

966 221 1412 280 EXHORTATIO
1455 216 1935 281 VIRGINITATIS.
1983 218 2187 281 LIBER
2226 222 2432 282 UNUS.

3265 227 3373 283 558

176 336 234 392 69.
252 336 456 392 Attende
485 350 637 409 ergo
665 346 727 392 et
750 344 808 390 tu
834 336 1223 407 prtecipueJlli
1249 379 1263 403 ,
1296 337 1503 392 attende
1529 337 1656 403 tibi,
1690 344 1737 406 Α
1767 357 1884 396 rum
1908 348 1991 395 est
2019 340 2255 410 virgines
2289 338 2457 409 loqui,
2484 346 2539 393 et
2570 339 2751 394 Varios
2801 352 2997 394 serere
3041 353 3334 397 sermones
3366 344 3381 398 !

142 444 174 487 ut
189 433 321 488 lateris
341 432 391 486 in
411 432 737 502 iuventute
762 440 888 497 tua;
916 431 999 487 cui
1026 430 1161 486 dicit
1184 430 1470 502 Scriptura
1494 449 1508 485 :
1542 430 1656 487 ιω.

148 529 527 591 tue,sdolsscens,
561 528 622 580 in
637 530 919 599 juventute
940 534 1027 579 tua
1053 524 1222 598 (Eccl.
1251 541 1326 592 st,
1359 525 1439 597 9).
1476 535 1502 563 ι
1546 526 1661 580 Non

149 620 246 674 nuitts
266 619 335 672 tibi
356 618 499 673 dicit
522 630 753 688 tempus
779 618 977 673 aetatis.
1010 619 1104 673 Est
1130 617 1287 690 quasi
1310 616 1530 689 quidam
1563 617 1666 673 lius

148 714 253 775 vita,
275 711 643 780 Maurumque
680 720 820 765 artus
847 724 1069 781 cperam
1094 750 1109 775 ,
1159 711 1228 765 de
1255 727 1358 782 qua
1402 713 1665 782 scriptum

144 814 217 860 eat:
238 802 556 858 Renovabitur
583 804 725 857 sicut
756 803 945 872 aquilte
954 805 1201 876 juventus
1224 812 1315 857 tua
1345 801 1518 875 (Psal.
1556 818 1627 859 cn
1648 846 1664 870 ,

140 898 193 963 5).
216 896 266 952 Et
288 897 517 961 oblectet,
556 895 774 967 inquit,
819 904 868 949 te
888 911 979 949 cor
1008 906 1150 950 tuum
1179 896 1231 949 in
1257 896 1439 950 diebus
1485 896 1665 950 adole.

135 991 281 1044 uestitu
313 999 433 1057 tua,
464 998 513 1043 et
540 990 756 1044 ambula
783 991 837 1043 in
860 989 955 1043 viis
991 987 1162 1044 cordis
1208 990 1284 1043 tui
1306 989 1417 1044 sine
1441 989 1667 1053 macula,

133 1094 164 1136 rt
180 1088 219 1137 is
237 1093 425 1155 aspectu
452 1083 725 1136 oculorum
749 1092 979 1147 tuorum,
1002 1091 1051 1135 et
1078 1098 1182 1136 non
1208 1080 1264 1135 in
1287 1081 1507 1136 audacia
1544 1097 1671 1137 ocu-

130 1178 251 1232 larunt
275 1187 476 1230 tuorum
502 1175 678 1248 (Eccl.
711 1191 788 1241 ιι,
822 1174 921 1245 9);
956 1174 1009 1230 in
1043 1185 1266 1245 aspectu
1296 1175 1482 1247 utique
1507 1173 1671 1245 spiri-

130 1271 211 1333 tali,
230 1286 320 1323 non
345 1271 397 1322 in
426 1269 657 1323 audacia
684 1268 958 1323 molari.
994 1266 1058 1320 Et
1080 1268 1209 1322 scito
1229 1267 1367 1338 quod
1386 1282 1541 1339 super
1564 1265 1674 1321 lttec

127 1362 256 1415 omnia
268 1362 442 1415 educet
461 1370 512 1414 te
527 1359 671 1417 Deus
691 1362 743 1413 in
756 1360 1043 1433 judicium.
1072 1358 1137 1413 Et
1151 1360 1345 1428 repelle
1360 1360 1494 1413 iram
1517 1376 1547 1411 a
1562 1372 1676 1413 coro

127 1461 276 1523 dem.
296 1471 340 1515 et
365 1475 548 1513 amove
571 1460 849 1528 nequitiam
870 1474 902 1511 a
928 1466 1183 1513 curnetua
1215 1455 1442 1529 (Eccles.
1459 1454 1675 1526 ωλι).

177 1555 248 1607 “ill.
268 1552 482 1607 Attende
506 1552 618 1618 tibi,
649 1552 818 1623 virgo,
854 1559 911 1607 et
942 1561 1019 1616 tu,
1051 1560 1111 1604 ut
1145 1550 1370 1604 insistas
1416 1548 1676 1617 orationi,

125 1656 163 1699 et
199 1646 359 1700 vultus
400 1656 530 1699 tuus
566 1644 784 1700 assidua
825 1644 1206 1700 obsecratione
1255 1642 1542 1713 pallescat.
1571 1640 1679 1698 Sed

1838 433 1925 490 75.
1960 431 2089 486 Esto
2113 440 2170 485 ut
2193 435 2432 502 imperes
2462 430 2555 485 tibi
2588 429 2864 486 silentium
2886 472 2903 496 ,
2930 432 3193 501 numquid
3222 444 3380 503 potes

1764 524 1889 580 aliis
1903 526 2193 595 imperare,
2209 540 2277 579 ne
2294 523 2517 579 audias?
2535 525 2718 579 l‘otcst
2733 524 2854 595 quis
2870 523 3163 596 aliquando
3188 523 3372 580 frenos

1766 617 1848 674 ori
1880 633 1980 673 suo
2010 619 2312 688 imponere,
2362 626 2416 673 et
2465 618 2648 672 verbis
2676 630 2935 673 stateram
2965 635 2977 671 :
3011 619 3238 673 auribus
3266 634 3374 674 non

1768 723 1967 783 potest.
2020 710 2191 784 Loqui
2226 712 2450 768 euimin
2480 713 2640 768 nobis
2664 722 2782 776 est.
2836 712 3028 768 audire
3074 728 3139 767 ex
3184 713 3369 767 aliena

1771 804 1969 875 pendet
1990 810 2260 876 potestate
2280 820 2295 870 ;
2317 821 2463 874 saepe
2487 804 2633 859 enim
2657 804 2910 859 audimus
2930 804 3078 874 quod
3097 804 3376 860 nolumus.

2390 895 2621 953 CAPUT
2663 897 2756 952 XI.

1770 989 1956 1061 Jungit
1987 1007 2118 1046 nova
2150 992 2345 1046 monita
2389 990 2749 1062 superioribus
2774 1032 2791 1059 ,
2835 1007 3018 1061 nempe
3075 1001 3130 1044 ut
3151 993 3382 1065 jurandi

1844 1084 2144 1156 facilitatem
2196 1085 2378 1150 vitem,
2434 1085 2628 1140 latitia:
2658 1086 2915 1156 laeryntas
2939 1095 3310 1157 anteponant:
3351 1105 3385 1142 a

1848 1177 1977 1243 risu,
1993 1188 2085 1246 per
2103 1192 2253 1248 quem
2274 1176 2555 1252 Synagoga
2579 1178 2753 1249 periit,
2770 1179 3057 1233 abstineant
3073 1196 3091 1233 :
3104 1181 3236 1234 iram
3258 1191 3386 1235 teut-

1849 1281 2046 1341 parent,
2069 1269 2151 1324 sin
2192 1270 2360 1325 minus
2388 1288 2501 1325 eam
2546 1273 2752 1325 valeant
2782 1273 2987 1342 penitus
3016 1274 3385 1346 exstinguere:

1851 1372 2109 1434 postremo
2136 1365 2181 1419 si
2214 1367 2408 1430 iustum
2439 1364 2556 1419 istic
2596 1364 2930 1418 moderamen
2958 1380 3060 1418 non
3087 1368 3343 1420 tenuerint
3370 1408 3384 1432 ,

1853 1469 2284 1529 compungantur.

1853 1551 1944 1607 7t.
1999 1551 2139 1622 Quid
2188 1552 2388 1609 deinde
2417 1550 2568 1608 aliud
2612 1569 2710 1608 nos
2763 1553 3044 1623 Scriptura
3085 1555 3387 1627 admoneat

1783 1646 2215 1703 consideremus.
2249 1647 2368 1705 Non
2388 1648 2682 1720 jurandum
2718 1650 2873 1704 facile
2907 1647 3080 1721 (Eccl.
3103 1666 3259 1715 χχιιι.
3284 1647 3384 1721 9),

125 1748 221 1794 ante
244 1738 540 1794 orationem
580 1752 825 1808 prarpara
858 1737 1101 1791 animum
1132 1744 1278 1791 tuam
1309 1732 1481 1806 (Eccl.
1510 1749 1642 1790 svnt
1663 1774 1678 1799 ,
1711 1736 1759 1807 Β
1786 1738 1911 1813 quia
1947 1741 2268 1814 plerumque
2292 1745 2449 1800 multi
2478 1761 2642 1803 casus
2667 1745 2943 1811 accidunt,
2970 1756 3030 1800 ut
3073 1761 3182 1800 non
3209 1745 3387 1815 possi-

124 1828 213 1899 ὓ),
233 1840 284 1885 ut
307 1846 411 1886 non
448 1829 691 1885 videaris
717 1836 929 1885 tentare
950 1827 1145 1893 Deum,
1178 1842 1301 1882 cum
1321 1826 1637 1898 deprecaris
1663 1843 1677 1893 ;

127 1937 170 1979 ut
187 1926 230 1980 id
251 1926 393 1997 quod
419 1940 569 1991 oras,
596 1940 781 1980 mores
809 1925 886 1979 tui
916 1924 1230 1995 loquantur,
1256 1922 1392 1977 fides
1419 1920 1638 1992 adjuvet
1664 1963 1679 1987 ,

127 2033 255 2087 opera
273 2017 677 2074 conuneudent.
707 2016 932 2071 Attende
978 2016 1111 2070 tibi:
1162 2013 1190 2053 ι’
1243 2014 1390 2084 quod
1422 2014 1544 2069 dico
1587 2014 1681 2069 tibi

126 2111 407 2183 cuicumque
435 2111 653 2182 virgini.
684 2109 820 2166 Nam
868 2109 959 2166 tibi
985 2110 1087 2180 pia:
1114 2123 1224 2165 non
1259 2109 1417 2165 deest
1457 2107 1682 2163 institu-

127 2204 255 2261 tionis
275 2208 554 2276 magistra.

182 2300 256 2354 71.
302 2300 573 2365 Attende,
628 2301 888 2368 inquam,
951 2299 1103 2368 virgo
1151 2308 1322 2353 sacra:
1379 2295 1684 2368 praesertim

128 2390 463 2459 prolessittnis,
496 2401 555 2447 et
579 2391 643 2446 ab
671 2391 815 2445 omni
839 2390 1134 2445 incurrenti
1163 2389 1328 2445 oculis
1354 2402 1493 2443 case.
1536 2387 1602 2442 Et
1641 2387 1686 2442 si

124 2489 177 2540 ad
183 2500 364 2560 tempus
374 2488 680 2561 praterierit
695 2489 843 2556 quasi
861 2489 1050 2554 uiator,
1072 2495 1238 2540 tamen
1256 2500 1313 2539 os
1332 2500 1481 2539 suum
1492 2482 1684 2553 aperit,

124 2593 159 2635 α
179 2584 234 2637 ob
254 2586 389 2638 omni
408 2594 429 2622 ε
454 2599 591 2654 aqua
619 2583 862 2653 proximo
892 2580 1043 2647 bibet,
1077 2588 1135 2635 ut
1168 2589 1222 2636 te
1250 2579 1480 2634 inebriet
1512 2574 1684 2646 (Eccl.

124 2690 245 2742 nn,
268 2674 330 2731 t4
354 2687 400 2731 et
424 2677 582 2747 seq.).
613 2674 809 2731 Nullus
836 2675 907 2729 sit
935 2683 1057 2729 tuus
1084 2675 1205 2728 sine
1254 2683 1432 2727 matre
1462 2686 1685 2742 proces-

124 2784 199 2823 sus
218 2810 232 2833 ,
258 2785 373 2840 qua:
423 2773 494 2825 sit
534 2770 695 2825 anxia
724 2775 908 2825 custos
934 2766 1182 2838 pudoris.
1212 2766 1329 2836 Ipsa
1357 2779 1575 2837 quoque
1621 2763 1687 2820 ad

126 2858 385 2918 Ecclesiam
418 2861 736 2934 progressio
761 2862 942 2916 rarior
972 2863 1042 2915 sit
1068 2858 1513 2915 adolescentulis.
1545 2856 1687 2913 Con-

122 2953 268 3009 sidera
297 2966 491 3026 quanta
523 2954 690 3010 fuerit
716 2954 910 3021 Maria,
933 2963 989 3009 et
1018 2963 1199 3008 tamen
1231 2966 1495 3021 nusquam
1534 2949 1686 3015 alibi,

124 3046 208 3099 nisi
224 3048 276 3102 in
300 3048 553 3103 cubiculo
574 3048 870 3118 reperitur,
900 3061 1023 3101 cum
1054 3045 1314 3115 qtueritur
1336 3042 1487 3112 (Luc.
1511 3059 1549 3109 ι,
1568 3042 1687 3113 28).

1786 1852 1907 1891 mus
1930 1834 2159 1906 implere
2191 1837 2334 1908 quod
2359 1838 2747 1908 juraverimus.
2764 1838 2866 1905 Qui
2886 1847 3070 1894 autem
3094 1854 3202 1893 nou
3221 1838 3390 1906 jurat,

1786 1930 1971 2000 utique
2001 1946 2108 1985 non
2143 1931 2383 2001 pejerat:
2413 1932 2502 2003 qui
2525 1933 2913 2002 autemjurat,
2970 1931 3267 2001 aliquando
3299 1945 3394 1986 ne—

1786 2036 1944 2077 cesse
2000 2031 2083 2077 est
2130 2022 2331 2079 incidat
2370 2024 2425 2078 in
2473 2026 2815 2095 periurium;
2848 2026 2974 2096 quia
3015 2026 3194 2081 onmis
3230 2025 3398 2081 homo

1787 2114 2020 2170 mendax
2052 2108 2227 2187 (Psal.
2260 2131 2390 2182 cxv,
2423 2116 2533 2189 ll).
2562 2116 2684 2173 ani
2715 2133 2850 2190 ergo
2876 2118 3105 2189 jurare,
3138 2134 3206 2174 ne
3256 2118 3395 2173 inci-

1789 2223 1905 2277 pias
1938 2223 2206 2278 peierare.

1861 2303 1948 2357 75.
1974 2298 2052 2357 Ne
2075 2302 2246 2372 ipsam
2278 2302 2497 2373 quidem
2524 2302 2835 2359 liberiorem
2869 2303 3112 2358 laetitiam
3136 2304 3190 2359 in
3226 2305 3392 2375 virgi-

1791 2395 1951 2452 nibus
1983 2395 2142 2451 decet
2170 2410 2312 2451 esse.
2344 2395 2476 2465 Quae
2520 2396 2564 2451 si
2617 2412 2725 2452 non
2775 2396 2974 2453 habent
3022 2397 3166 2469 quod
3197 2397 3397 2465 beant,

1796 2487 1816 2525 ί
1853 2489 2019 2544 ﬂeant
2048 2489 2329 2556 saeculum,
2366 2489 2529 2544 tleant
2552 2496 2737 2561 lapsus
2783 2492 3162 2561 peccantium;
3193 2490 3396 2546 etenim

1790 2597 1912 2653 qua:
1951 2580 2184 2636 aliorum
2217 2581 2399 2651 lapsus
2426 2579 2682 2646 ﬂeverit,
2734 2598 2863 2639 suos
2918 2582 3152 2639 cavebit.
3204 2582 3401 2640 Fleant

1794 2684 2073 2742 postremo
2101 2672 2186 2729 vel
2220 2673 2310 2728 illa
2336 2673 2818 2744 cnntemplatione,
2845 2683 2903 2730 ut
2934 2675 3020 2729 hic
3042 2673 3260 2740 ﬂentes,
3284 2674 3400 2730 illic

1791 2768 2063 2837 accipiant
2089 2764 2554 2833 consolationem;
2600 2785 2667 2824 ne
2694 2768 2835 2824 sicut
2863 2768 3017 2824 dives
3048 2768 3145 2824 ille
3177 2768 3269 2840 qui
3307 2767 3394 2824 hic

1793 2862 2100 2917 luxuriatus
2126 2871 2232 2930 est,
2267 2861 2381 2918 illic
2411 2878 2602 2934 pinnas
2630 2878 2824 2934 graves
2846 2861 3034 2919 subire
3061 2862 3276 2918 Domini
3304 2863 3399 2919 de-

1794 2957 2034 3012 claratur
2063 2954 2308 3024 oraculo,
2344 2968 2396 3012 et
2422 2965 2476 3011 tu
2502 2955 2729 3012 audias:
2760 2955 3023 3028 Recepisti
3052 2956 3184 3011 bona
3214 2956 3267 3010 in
3299 2956 3401 3011 vita

1797 3058 1883 3102 tua
1912 3046 2065 3122 (Luc.
2094 3064 2183 3104 xvt
2207 3090 2222 3115 ,
2254 3047 2327 3104 ‘25
2359 3059 2406 3102 et
2436 3050 2601 3119 seq.).
2651 3048 2866 3117 Quanto
2899 3050 3111 3106 beatior
3161 3048 3400 3105 Lazarus

124 3136 200 3192 Illa
224 3149 271 3196 te
298 3141 495 3197 doceat
520 3142 651 3213 quid
678 3141 945 3212 sequaris.
978 3141 1241 3211 Angelutn
1278 3141 1331 3193 in
1363 3137 1547 3209 specie
1589 3138 1688 3193 viri
1717 3143 1762 3207 C
1797 3140 1885 3211 qui
1912 3139 1998 3195 hic
2024 3138 2173 3195 licvit
2194 3181 2210 3208 ,
2248 3151 2303 3196 et
2332 3139 2443 3195 illic
2468 3139 2706 3196 exsultat
2739 3158 2751 3194 :
2786 3139 2875 3196 hic
2908 3141 3171 3204 esurivit,
3199 3150 3254 3195 et
3292 3140 3406 3195 illic

123 3230 249 3299 vidit,
275 3245 330 3290 et
358 3235 588 3305 pavebat
616 3235 810 3301 corde,
838 3236 1290 3305 peregrinabatur
1311 3243 1553 3304 aspectu.
1585 3232 1696 3288 Un-

125 3325 176 3380 de
196 3327 319 3383 dicit
358 3330 423 3384 ad
450 3346 571 3386 eam
598 3330 829 3401 angelus
853 3347 869 3383 :
905 3327 988 3383 Ne
1019 3330 1218 3393 timeas,
1255 3325 1450 3383 Maria.
1471 3323 1498 3363 δ
1523 3327 1696 3384 Docet

122 3418 338 3477 solitudo
355 3422 782 3479 verecundiam:
814 3430 871 3477 et
890 3421 1234 3493 gymnasium
1265 3419 1489 3491 pudoris
1515 3434 1697 3475 secre-

126 3518 222 3566 tum
242 3524 345 3569 εει.

183 3604 264 3659 72.
286 3604 421 3673 Quid
444 3607 588 3663 enim
619 3607 716 3662 tibi
739 3621 876 3676 opus
898 3616 981 3661 est
1004 3606 1084 3662 vel
1108 3604 1173 3659 ad
1198 3604 1504 3676 proximam
1536 3603 1698 3659 facile

124 3697 401 3755 accedere?
420 3699 527 3756 Pes
558 3702 694 3755 enim
732 3700 869 3773 fatui
894 3701 949 3753 in
989 3699 1162 3769 facilis
1189 3700 1398 3753 domum
1426 3699 1650 3770 proximi
1682 3712 1701 3751 :

123 3790 193 3853 (ἶιιί
216 3803 383 3849 autem
407 3796 616 3865 sapiens
643 3803 723 3849 est
748 3834 763 3860 ,
799 3792 1179 3848 verecundatur
1225 3792 1396 3863 (Eccl.
1442 3807 1553 3859 ut,
1582 3790 1697 3862 25).

123 3877 237 3940 lude
258 3899 550 3944 nascuntur
581 3888 795 3951 tabulae,
829 3888 897 3943 de
916 3888 1114 3958 quibus
1136 3888 1364 3958 pulchre
1385 3887 1704 3942 admoneris

123 3983 173 4028 ut
194 3991 409 4047 caveas,
433 3998 557 4037 cum
584 3982 716 4037 dicit
745 3974 951 4036 vir'tibi
980 3982 1235 4051 sapiens:
1272 3981 1402 4049 Quis
1423 3979 1565 4034 dabit
1599 3979 1705 4034 dis-

124 4070 317 4135 dplinta
349 4091 469 4129 mete
494 4074 844 4145 custodiant_,
876 4084 924 4129 et
952 4089 1111 4144 supra
1137 4073 1277 4128 labia
1303 4090 1419 4128 mea
1446 4072 1606 4146 297
1635 4072 1708 4127 si-

120 4166 388 4225 ςησηιιωιι
417 4179 617 4223 certum
642 4184 665 4234 ;
694 4176 718 4204 ο
749 4183 813 4221 ne
833 4166 1015 4220 cadam
1040 4166 1103 4220 ub
1133 4167 1261 4234 illis,
1284 4174 1333 4221 et
1370 4167 1551 4238 lingua
1596 4181 1711 4219 mea

120 4257 292 4320 Perdat
315 4278 395 4315 me
434 4260 606 4335 (Eccl.
638 4277 775 4326 xm,
809 4260 923 4333 55).
982 4261 1043 4319 Si
1070 4262 1247 4317 virilis
1298 4276 1463 4316 sexus
1490 4260 1715 4331 iubetur

122 4355 294 4409 lacere
320 4370 499 4413 eorum
518 4356 832 4414 senioribus
865 4355 1039 4427 (Eccl.
1072 4370 1151 4423 ιι,
1176 4355 1255 4425 8),
1288 4369 1453 4426 quam
1492 4355 1713 4411 indeco-

1799 3233 2083 3305 cpnlatur!
2134 3232 2189 3289 Si
2220 3234 2303 3290 vis
2335 3249 2466 3306 ergo
2495 3245 2549 3290 ct
2583 3244 2638 3290 tu
2689 3234 2883 3290 bonam
2931 3236 3174 3291 Izetitiam
3208 3237 3400 3308 sequi,

1800 3326 2141 3382 demonstrat
2161 3327 2253 3382 tibi
2288 3327 2652 3383 Ecclesiastes
2669 3328 2807 3384 liber
2825 3345 2986 3401 quam
3001 3331 3155 3400 sequi
3179 3330 3404 3395 debeas,

1800 3419 2012 3490 quiait:
2040 3417 2191 3483 Veni,
2226 3419 2484 3473 manduca
2537 3420 2593 3473 in
2629 3420 2808 3475 lwtitia
2836 3438 3018 3492 panem
3051 3431 3198 3474 tuum
3225 3438 3241 3482 ;
3270 3438 3400 3491 quo—

1802 3513 1942 3566 niam
1958 3514 2076 3584 jam
2102 3511 2406 3583 placuerunt
2437 3502 2549 3567 Deo
2578 3517 2716 3582 facta
2744 3524 2833 3567 tua
2862 3512 3089 3584 (Eccles.
3125 3530 3201 3581 ts,
3235 3515 3312 3584 7).

1878 3603 1967 3658 76.
2012 3602 2150 3671 Quid
2185 3616 2364 3660 autem
2397 3604 2542 3660 idem
2594 3604 2959 3662 Ecclesiastes
2988 3606 3261 3660 monuerit
3312 3619 3413 3661 nos

1806 3711 1998 3753 omnes
2015 3696 2083 3751 de
2106 3695 2559 3752 immoderatione
2581 3697 2816 3763 ridendi,
2835 3697 3272 3753 consideremus.
3297 3698 3414 3752 Sic-

1808 3800 1863 3846 ut
1886 3807 2004 3857 vox,
2039 3789 2233 3860 inquit,
2267 3790 2535 3861 spinarum
2562 3790 2656 3844 sub
2688 3792 2814 3858 olla,
2849 3792 2921 3845 ita
2960 3793 3098 3846 risus
3136 3792 3415 3846 stultorum

1810 3880 2041 3957 (Eccles.
2067 3899 2163 3946 vn,
2184 3882 2266 3954 7).
2290 3880 2499 3952 Nempe
2522 3884 2694 3953 Spith
2719 3899 2841 3938 cum
2871 3883 3087 3949 ardent,
3113 3896 3339 3951 sonant,
3358 3896 3413 3942 et

1811 3976 1919 4033 cito
1942 3982 2280 4043 exuruntur;
2317 3984 2373 4031 ut
2402 3974 2583 4031 nullus
2613 3977 2817 4032 caloris
2844 3978 2918 4032 sit
2964 3976 3227 4045 rli‘cctns,
3260 3978 3419 4035 Unde

1815 4080 1869 4126 et
1919 4067 1988 4125 de
2016 4066 2222 4125 Iudicis
2269 4068 2474 4124 dictum
2506 4078 2625 4125 est:
2660 4068 2981 4124 Ea‘arserunt
3004 4071 3138 4124 sicut
3170 4070 3304 4141 ignis
3360 4072 3417 4125 iu

1812 4163 1978 4234 spinis
2011 4161 2184 4235 (Psal.
2220 4179 2389 4232 cxvu,
2421 4162 2535 4235 12).
2571 4162 2764 4218 Exnsti
2787 4163 2929 4218 enim
2963 4179 3064 4219 suo
3094 4163 3207 4219 risu
3233 4203 3247 4228 .
3290 4178 3422 4219 cou-

1816 4257 2117 4328 ﬂagrarunt
2170 4259 2225 4314 in
2280 4257 2497 4313 Domini
2544 4258 2829 4329 passione,
2863 4258 3083 4329 quando
3134 4258 3184 4312 in
3217 4257 3415 4311 animae

1819 4370 1933 4411 suae
1957 4353 2283 4424 iocabantur
2309 4350 2647 4419 incendium,
2669 4350 2953 4408 dicentes:
2979 4351 3225 4422 Speravit
3249 4352 3301 4406 in
3318 4348 3426 4405 Do-

184 4538 211 4567 “
265 4533 396 4591 llas.
419 4547 673 4605 quenter,
707 4535 831 4591 Non
858 4552 993 4591 unus
1017 4536 1112 4590 tibi
1138 4536 1265 4590 dicit
1289 4553 1302 4590 :
1339 4534 1561 4608 Tempus
1586 4545 1713 4592 tcta—
1736 4543 1790 4605 Ι)
1816 4550 1972 4592 sacro
1986 4534 2215 4591 codicea
2232 4534 2433 4591 noStris
2456 4533 2598 4589 haud
2614 4534 2829 4604 paulum
2858 4535 3082 4608 diverso
3106 4550 3261 4608 usum
3278 4549 3422 4592 esse.

117 4600 280 4676 tis_est
307 4600 472 4676 quasi,
500 4619 608 4664 etc.

178 4671 210 4710 δ
248 4671 641 4747 omnesedit.,
690 4679 830 4750 quod
878 4679 995 4733 dico
1026 4677 1151 4751 tibi,
1180 4679 1484 4751 cuicumque
1521 4680 1715 4750 virgini

112 4742 443 4813 loquor-med
471 4742 858 4806 mss.verhum
910 4752 1032 4807 sine
1084 4742 1194 4804 ulla
1262 4742 1456 4805 sensus
1497 4742 1710 4819 jactura

108 4824 555 4882 pratenuittunt.
589 4823 786 4879 lterum
814 4822 907 4876 ubi
935 4833 1041 4878 vet.
1097 4823 1231 4877 edit.
1262 4830 1315 4877 et
1337 4825 1517 4877 cuncti
1552 4838 1705 4890 mss.,

1895 4617 1917 4646 ο
1961 4608 2076 4661 Non
2113 4608 2270 4677 pauci
2323 4621 2481 4674 mss.,
2513 4623 2649 4675 aqua
2674 4610 2911 4677 proxima
2939 4604 3082 4673 bibe;
3114 4607 3306 4660 melius
3334 4607 3425 4663 alii

1815 4687 1978 4748 atque
2000 4679 2160 4734 edit..
2309 4679 2462 4733 bibet.
2504 4679 2745 4734 Adverte
2784 4688 2963 4732 autem
3001 4690 3265 4747 quatitum
3298 4680 3429 4735 soli-

1816 4750 2024 4805 tudinis
2045 4765 2289 4805 amorem
2313 4759 2537 4804 sanctus
2570 4751 2771 4805 Ductor
2804 4751 2989 4819 exigat
3017 4766 3043 4800 a
3079 4750 3385 4818 virginibus
3407 4792 3423 4817 ,

1813 4821 2031 4893 quando
2056 4822 2277 4893 quidem
2324 4819 2456 4889 ipsis
2484 4823 2649 4893 etiam
2680 4821 2953 4880 crebriori
3002 4819 3271 4877 Ecclesia:
3314 4821 3426 4879 frc-

1812 4892 2164 4963 qucntatione
2191 4892 2306 4946 vult
2336 4892 2708 4963 interdictum.

1885 4962 1913 5001 ά
1953 4963 2027 5017 Ita
2055 4978 2188 5018 mss.
2218 4977 2410 5016 omnes
2439 4961 2654 5018 duobus
2690 4964 2935 5032 exceptis
2968 4979 2980 5015 :
3015 4962 3070 5017 hi
3118 4976 3252 5018 vero
3291 4976 3424 5019 cun-

1818 5046 2031 5104 ctaeque
2059 5034 2192 5089 edit.
2222 5032 2385 5088 Decet
2408 5034 2655 5088 solitudo.
2683 5034 2860 5089 Minus
2887 5036 3182 5099 concinne,
3207 5047 3262 5089 ut
3291 5038 3425 5092 Satis

1819 5106 2060 5163 ostendit
2087 5106 2138 5159 id
2161 5106 2305 5177 quod
2336 5105 2604 5176 sequitur,
2634 5117 2681 5159 et
2702 5108 3028 5177 gymnasium
3049 5148 3063 5171 ,
3095 5118 3206 5160 etc.

1897 5188 1921 5217 θ
1962 5178 2121 5233 Rom.
2151 5176 2309 5240 edit.,
2344 5192 2407 5231 ne
2430 5177 2614 5231 cadam
2642 5179 2701 5231 ab
2723 5179 2839 5243 illa,
2870 5176 3156 5245 dlSClpiitlﬂ
3183 5179 3423 5244 scilicet;

1824 5265 1932 5323 non
1965 5265 2122 5323 secus
2148 5265 2211 5304 ac
2234 5249 2372 5323 apud
2404 5248 2578 5316 LXX,
2608 5252 2692 5307 ἵνα
2717 5254 2788 5323 μὴ
2813 5252 2960 5323 πέσω
2985 5250 3076 5305 ἀπ’
3106 5251 3303 5323 αὐτῆς,
3336 5267 3424 5304 re-

1825 5321 1999 5394 fertur
2043 5320 2110 5375 ad
2139 5320 2480 5389 superiorem
2531 5320 2754 5383 vocem,
2805 5322 3149 5394 φυλᾷκηνξ-εᾳ
3203 5322 3427 5391 reliqua:

1825 5393 1958 5449 edit.
1993 5407 2115 5448 cum
2149 5409 2278 5448 mss.
2312 5394 2592 5454 omnibus.
2619 5391 2821 5459 quibus
2844 5392 3008 5448 etiam
3042 5391 3199 5459 Vulg.
3252 5394 3430 5447 versio

1837 5464 2193 5535 suﬂ‘ragatur,
2220 5482 2283 5519 ne
2306 5466 2489 5521 cadam
2516 5465 2578 5519 ab
2620 5466 2758 5525 illis.
2789 5464 2945 5519 labiis
2994 5463 3283 5529 nimirum,
3330 5463 3434 5519 huc

1840 5546 1945 5607 est,
1970 5552 2037 5607 ne
2063 5535 2131 5592 ab
2161 5537 2269 5591 illis
2302 5538 2554 5607 impellar
2594 5538 2645 5591 in
2687 5536 2923 5591 ruinam.

1918 5605 1940 5646 ί
1986 5603 2178 5663 Fleant
2206 5603 2456 5663 steculum
2481 5651 2495 5675 ,
2526 5607 2714 5662 aberat
2746 5606 2814 5662 ab
2843 5607 3102 5661 omnibus
3147 5603 3305 5672 edit.,
3340 5607 3443 5663 sed

1848 5687 2046 5751 nostra‘
2079 5679 2425 5751 Citplttnibus
2456 5680 2675 5751 scriptis
2702 5678 2851 5747 cod.,
2881 5678 3086 5736 siduos
3112 5685 3321 5733 tantum
3344 5693 3443 5734 es-

1849 5748 2039 5823 cities,
2064 5748 2306 5807 additum
2336 5761 2441 5811 est.

104 4894 397 4978 prtesertim
413 4896 779 4978 prafessionis.
814 4894 975 4949 Rom.
1003 4893 1132 4977 edit,
1165 4893 1409 4978 reposuit
1424 4896 1712 4978 praesertim

102 4964 443 5033 professioni.
471 4964 591 5021 Non
624 4966 801 5032 belle;
832 4982 1006 5033 neque
1032 4967 1177 5019 enim
1210 4966 1444 5021 refertur
1482 4966 1549 5020 ad
1590 4981 1712 5021 ver-

100 5028 233 5111 bum
264 5038 601 5111 attende,sed
619 5028 1051 5109 sacrtcvirg'ines
1075 5037 1161 5091 hic
1176 5050 1526 5111 opponuntur
1548 5038 1713 5110 virgi-

100 5102 271 5179 nibus
303 5108 433 5163 aliis
455 5111 525 5165 de
546 5112 751 5178 quibus
767 5102 929 5179 paulo
947 5102 1226 5175 superius;
1250 5102 1496 5179 Denique
1522 5126 1618 5179 pro
1632 5102 1712 5165 'eo

97 5176 249 5238 Quod
282 5178 517 5239 habetur
544 5176 598 5236 in
625 5176 880 5236 omnibus
908 5181 1042 5236 edit.
1073 5181 1138 5235 ab
1166 5176 1715 5236 hontinis'irreveren-

99 5248 169 5298 tis
194 5264 216 5313 ;
250 5266 393 5303 mss.
444 5248 550 5307 dun
570 5294 585 5315 ,
607 5252 671 5306 ab
699 5255 840 5307 omni
864 5254 1223 5315 irreverentia,
1254 5253 1346 5306 alii
1380 5254 1625 5318 totidem,
1651 5256 1714 5308 ab

99 5321 279 5398 omnis
302 5322 628 5380 irreverentia
643 5324 876 5398 ,(reliqui
905 5324 1150 5389 tandem,
1181 5324 1411 5398 abomni
1432 5326 1719 5380 irreveren-

104 5389 161 5439 ιὶ.
209 5389 422 5467 Totum
451 5389 648 5451 autem
669 5389 847 5449 locum
880 5398 931 5451 in
964 5410 1143 5459 arctoo
1186 5396 1444 5451 idiomate
1475 5398 1552 5451 sic
1581 5398 1719 5467 legi-

102 5474 276 5542 mus_:_
300 5464 498 5542 Ὀπίσω
527 5466 767 5542 ἀναιδοῦς
798 5469 1055 5542 ὀφθαλμοῆ
1087 5468 1421 5542 puriﬁcandi
1446 5475 1515 5542 μή
1529 5464 1725 5542 Bautis}:

102 5490 265 5516 uiua;
313 5490 498 5523 υπισω
527 5490 767 5528 manu;
798 5490 1051 5541 οφυαλμου
1121 5490 1421 5532 νΑαςαι.και
1446 5492 1515 5542 μη
1529 5490 1725 5541 ναυμα-

102 5536 327 5618 σῃςῇἐὰη
354 5541 429 5600 εὶς
454 5542 515 5595 σὲ
532 5541 932 5618 ἐπλημμελήᾳῃὶ
943 5544 1013 5618 ᾡς
1032 5490 1193 5612 διῖιῶν
1224 5538 1493 5618 ὁδᾳίπορος
1520 5536 1735 5618 τὸ-στό-

102 5626 175 5672 μα
192 5609 429 5686 ἀνοξγει,
458 5616 544 5667 καὶ
566 5609 673 5686 ἀπᾷ
687 5609 889 5686 necari;
903 5609 1105 5672 ὕδατοέ
1123 5618 1214 5667 τοῦ
1237 5609 1506 5686 -ᾳύγεζγλγυς
1540 5614 1737 5686 τι-πίετοᾳ2

101 5693 207 5735 nec
269 5680 355 5733 ab
404 5695 470 5736 eo
499 5683 701 5738 recedit
741 5683 962 5751 Vulgata
997 5685 1200 5739 versio.
1236 5683 1300 5736 Et
1331 5680 1457 5737 lii'n'e
1485 5692 1665 5751 potest
1688 5680 1743 5734 id

100 5752 471 5819 conﬁrmari,
492 5755 636 5826 quod
670 5754 874 5810 alicubi
896 5754 1007 5826 jam
1034 5754 1370 5825 monuimus,
1394 5752 1746 5814 Ambrosium
