3946 6180
508 244 616 303 359

1866 230 2118 291 SANCTI
2158 230 2486 289 AMBROSII

3709 234 3814 293 560

513 359 658 415 mino
681 399 696 424 ,
720 356 905 428 eripiat
934 369 1081 419 eum;
1110 352 1309 407 saluum
1339 350 1497 423 faciat
1524 363 1643 403 eum
1665 388 1679 411 ,
1714 346 1957 417 quoniam
2000 344 2107 398 uult
2136 348 2189 408 Α
2215 355 2296 398 est
2318 344 2463 398 enim
2498 343 2906 413 patrimonium,
2937 355 2959 385 ο
2992 345 3093 401 nisi
3118 344 3260 402 bona
3301 346 3391 403 illa
3435 347 3705 420 gubernet
3762 364 3818 408 et

514 469 629 508 eum
663 449 834 522 (Psal.
865 463 975 512 xxi,
1008 445 1087 510 9).
1125 445 1191 499 Et
1216 443 1531 498 deridentes
1566 439 1939 512 percutiebant
1967 437 2110 491 cala-

516 561 609 603 mo
638 552 803 613 caput
827 540 966 610 ejus,
1001 548 1027 576 ⁸
1048 547 1105 594 et
1126 537 1382 609 quoniam
1408 534 1583 606 spinis
1608 549 1731 590 eum
1750 530 2111 593 eorouabant,

517 650 682 710 atque
706 645 920 692 acetum
970 631 1020 689 ei
1065 643 1124 687 ut
1154 631 1400 697 biberet,
1432 627 1778 693 offerebant;
1832 626 1926 680 ille
1976 625 2116 679 risus

516 730 856 803 Synagogam
871 724 1181 782 incenditin
1202 732 1470 779 internum
1488 720 1684 791 (Marc.
1700 734 1792 785 xv,
1812 718 1876 772 ΓΙ
1895 725 1941 770 et
1956 714 2114 786 seq.).

521 822 613 880 Sic
642 837 776 886 ergo
804 831 887 875 est
914 818 1058 875 risus
1084 818 1372 872 stultorum
1402 856 1418 881 ,
1447 813 1539 881 qui
1567 813 1687 868 sine
1716 810 1886 881 gratia
1915 817 2075 863 sonat
2103 849 2116 874 ,

519 927 578 975 et
592 918 757 973 ollam
787 917 868 971 sui
885 915 1133 983 corporis
1170 914 1297 967 urit.
1330 910 1525 965 Merito
1568 907 1802 977 negabat
1829 904 1963 958 Sara
1994 902 2119 972 quia

522 1012 721 1070 riserat
749 1008 902 1079 (Gen.
928 1022 1058 1063 xvnr
1083 1003 1199 1075 15),
1232 1020 1299 1058 ne
1328 1002 1612 1058 videretur
1651 996 1882 1054 ridendo
1899 995 1968 1050 de
1989 992 2115 1048 trife-

525 1115 617 1162 ctu
644 1103 1037 1174 promissorum
1067 1096 1346 1152 dubitasse
1374 1094 1719 1156 C(Blealillm;
1752 1099 1805 1145 et
1829 1099 2005 1142 tamen
2032 1086 2124 1141 ille

524 1197 873 1266 risuSpIenus
898 1192 1180 1264 gravitatis
1208 1183 1385 1244 fuerat
1414 1198 1467 1242 et
1501 1183 1745 1256 pudoris,
1780 1182 2123 1254 mquam

524 1309 688 1352 nemo
713 1292 854 1346 alius
887 1288 1061 1353 testis,
1079 1285 1179 1341 nisi
1227 1284 1372 1339 Deus
1400 1281 1551 1337 Solus
1571 1288 2123 1350 cognosceret,quetn

527 1388 743 1444 occulta
772 1399 878 1438 non
905 1382 1124 1437 fallunt.

599 1481 689 1536 77.
738 1481 914 1546 Quam
972 1475 1257 1545 pulchrum
1289 1480 1345 1528 et
1388 1468 1563 1527 illud!
1623 1464 1752 1520 Noli
1786 1463 2035 1534 festinare
2074 1460 2129 1514 in

526 1573 716 1646 spiritu
739 1581 829 1625 tuo
850 1569 1038 1636 irasci;
1068 1567 1192 1636 quia
1210 1567 1292 1620 ira
1320 1566 1375 1618 in
1406 1562 1527 1618 sinu
1552 1562 1827 1616 stultorum
1858 1556 2130 1629 requiescit

526 1667 701 1740 (Eccl.
734 1681 808 1722 vn
831 1706 846 1729 ,
882 1664 992 1733 l0),
1021 1662 1125 1719 hoc
1145 1671 1228 1716 est
1258 1679 1273 1716 :
1306 1662 1408 1716 etsi
1438 1673 1598 1714 causa
1648 1657 1716 1711 sit
1755 1670 1876 1726 quae
1917 1660 2135 1708 moveat

2216 439 2512 510 Operatio?
2538 440 2692 497 L'nde
2712 452 2935 496 sanctus
2957 441 3061 497 Job
3083 442 3242 498 dicit:
3272 441 3573 499 Benedictio
3598 447 3818 500 maritu-

2216 535 2263 589 ri
2288 551 2441 605 super
2472 552 2551 589 me
2601 536 2791 601 ueniat,
2825 545 2873 590 et
2898 552 2954 591 os
2980 535 3152 591 uidua:
3171 552 3253 591 me
3276 536 3565 592 benedicat.
3612 537 3817 596 Oculus

2218 645 2358 683 erant
2382 645 2659 695 cazcorum,
2688 640 2737 684 et
2763 646 2852 697 res
2881 631 3190 686 claudomm
3214 671 3229 695 ,
3280 630 3632 686 inualidorum
3676 643 3818 705 pater

2221 720 2368 792 (Job.
2401 738 2549 787 xxix,
2572 724 2638 779 15
2651 734 2698 777 et
2719 724 2875 795 seq.).
2902 725 2964 780 Si
2988 725 3097 779 ridi
3116 724 3745 798 nudumprwtereuntem,
3774 739 3818 783 et

2223 834 2325 871 non
2348 818 2556 882 uestiui;
2581 819 2627 872 si
2652 834 2733 873 me
2759 834 2860 872 non
2886 819 3251 874 benedixernnt
3278 829 3479 890 egentes
3507 830 3554 874 et
3578 819 3647 875 de
3667 821 3821 876 uelle-

2222 911 2365 965 ribus
2395 912 2567 966 ouium
2604 928 2836 966 mearum
2864 911 3109 967 humeros
3149 929 3327 967 eorum
3355 929 3457 967 non
3492 913 3710 983 calefeci
3732 930 3752 969 :
3778 915 3821 969 si

2224 1003 2468 1059 abscondi
2482 1005 2760 1075 aliquando
2773 1016 3042 1077 peccatum
3066 1022 3253 1075 meum,
3278 1006 3415 1076 quod
3432 1007 3511 1061 uel
3525 1007 3821 1077 imprudens

2226 1114 2419 1153 nonem
2460 1096 2722 1152 uoluntate
2772 1098 3160 1152 commiserim:
3206 1099 3252 1152 si
3289 1098 3570 1167 aliquando
3616 1100 3824 1172 permisi

2228 1205 2389 1244 uacao
2421 1192 2535 1244 sinu
2565 1191 2707 1244 exire
2732 1191 2939 1260 inopem
2957 1194 3185 1263 januam
3205 1206 3371 1246 meam
3399 1188 3541 1264 (Job.
3573 1207 3731 1259 uxr,
3760 1192 3822 1247 19

2230 1294 2279 1339 et
2306 1280 2470 1356 seq.)‘t
2499 1284 2591 1338 llis
2616 1282 2761 1340 enim
2791 1300 2989 1338 notnen
3020 1284 3221 1340 bonum
3251 1296 3495 1356 paratur.

2302 1380 2394 1435 8i.
2418 1380 2531 1433 l’r:e
2558 1381 2772 1434 caeteris
2792 1388 2971 1434 tamen
2996 1380 3047 1435 in
3073 1379 3283 1451 virgine
3305 1379 3569 1448 prtecellit
3592 1380 3823 1437 studimn

2233 1472 2571 1529 sobrietatis.
2600 1472 2966 1531 Sobrietatem
2997 1474 3121 1530 dico
3143 1491 3250 1530 non
3273 1475 3382 1530 vini
3415 1477 3823 1547 abstinentiam,

2234 1567 2329 1622 sed
2358 1567 2657 1636 corporalis
2686 1568 2919 1623 lasciviae
2939 1564 2966 1605 ιι
2991 1578 3047 1623 et
3074 1568 3825 1641 smcularismj'actautite,

2235 1673 2338 1729 qua
2368 1659 2584 1729 gravius
2615 1673 2775 1726 quam
2810 1659 2935 1713 vino
2967 1658 3336 1725 inebriamur;
3384 1665 3477 1713 dat
3506 1660 3653 1717 enim
3699 1661 3826 1717 cali-

527 1761 980 1831 indignationem,
1013 1772 1122 1812 non
1153 1756 1225 1812 sit
1251 1753 1449 1810 festina
1498 1750 1734 1806 vindicta
1760 1765 1775 1815 ;
1810 1765 1878 1802 ne
1929 1748 2129 1800 immo-
2160 1743 2209 1803 B
2237 1764 2356 1805 cem
2381 1749 2573 1813 ruitur,
2599 1756 2656 1804 et
2686 1750 2782 1804 ira:
2809 1750 3081 1817 poculum.
3114 1750 3269 1806 unde
3308 1758 3366 1805 ει
3388 1749 3527 1807 dicit
3575 1750 3827 1807 Dominus

528 1855 771 1913 deratius
813 1852 964 1909 calor
1008 1849 1397 1921 indignationis
1436 1853 1724 1901 exaestuet.
1780 1840 1898 1897 Non
1947 1841 2127 1909 potest

527 1946 696 2020 igitur
721 1945 938 2002 auferre
967 1944 1109 2012 quod
1142 1940 1402 1997 naturalis
1433 1945 1519 1994 est
1545 1947 1725 1993 motus
1751 1977 1767 2002 ,
1796 1933 1892 1990 sed
1918 1946 2126 1987 moram

526 2041 750 2107 inserit,
784 2049 842 2094 ut
890 2036 1155 2093 medicina
1186 2032 1403 2090 consilii
1440 2039 1707 2100 temperet
1761 2026 2124 2083 iracundiam.

531 2135 623 2195 Sic
650 2136 797 2192 enim
829 2132 995 2188 David
1025 2141 1151 2188 ante
1176 2132 1288 2201 jam
1319 2129 1570 2185 dixerat:
1607 2123 1931 2188 Irascimini,
1955 2132 2004 2176 et
2035 2138 2128 2175 no-

532 2228 621 2283 lite
648 2242 859 2298 peecare
882 2224 1057 2299 (Psal.
1084 2240 1159 2290 tv,
1191 2222 1281 2296 5);
1307 2238 1416 2277 non
1439 2221 1581 2293 quod
1604 2220 1897 2289 imperaret
1915 2216 2131 2271 iracun-

531 2319 708 2387 diam,
738 2320 832 2376 sed
860 2319 1004 2391 quod
1034 2318 1087 2373 id
1116 2316 1262 2387 quod
1308 2314 1725 2380 naturaesset,
1779 2310 1994 2366 auferre
2022 2322 2130 2363 non

530 2421 758 2487 posset:
787 2423 840 2467 et
867 2413 1017 2484 quasi
1049 2411 1225 2466 bonus
1246 2407 1491 2465 medicus
1518 2404 1826 2463 remedium
1857 2404 2043 2469 daret,
2075 2408 2135 2455 ut

531 2508 652 2580 ipsa
684 2508 962 2563 iracundia
990 2520 1101 2561 non
1135 2513 1385 2561 noceret.

607 2600 698 2657 73.
728 2599 974 2671 Denique
1004 2598 1168 2653 etiam
1198 2596 1243 2651 si
1270 2597 1393 2666 quis
1417 2594 1707 2666 prolapsus
1752 2598 1901 2648 esset
1928 2589 2094 2647 corde
2116 2629 2133 2656 ,

536 2694 794 2765 quoniam
842 2692 920 2745 ira
948 2690 1127 2746 nescit
1155 2700 1344 2743 tenere
1385 2687 1779 2750 moderamen;
1832 2682 2026 2737 suadet
2080 2689 2141 2735 ut

537 2794 933 2854 compungatur
964 2782 1016 2836 in
1040 2781 1310 2837 cubilibus
1335 2779 1474 2846 suis,
1504 2790 1558 2835 et
1586 2794 1742 2834 suum
1768 2776 2140 2847 unusquisque

538 2878 871 2936 condemnet
897 2891 1168 2933 errorem.
1224 2874 1315 2931 Sic
1339 2874 1488 2930 enim
1514 2874 1778 2944 scriptum
1834 2880 1964 2926 est:
2008 2870 2141 2938 Quae

541 2972 714 3028 dicitis
738 2972 794 3025 in
819 2970 1064 3026 cordibus
1093 2968 1295 3034 uestris,
1324 2976 1372 3022 et
1402 2969 1457 3022 in
1490 2966 1745 3021 cubilibus
1769 2964 1951 3019 uestris
2001 2980 2140 3017 com-

543 3064 832 3139 pungimini
863 3062 1075 3136 (lbid.).
1110 3062 1293 3118 Voluit
1318 3062 1501 3132 itaque
1531 3075 1721 3114 omnes
1745 3059 1996 3113 homines
2013 3072 2144 3112 suo-

2227 1843 2295 1897 ad
2314 1843 2652 1899 llierusalem
2675 1860 2688 1898 :
2708 1843 2849 1898 Audi
2863 1844 3139 1898 humiliata
3155 1856 3204 1898 et
3218 1844 3470 1901 ebrianon
3494 1864 3527 1900 a
3550 1848 3687 1902 vino.
3704 1845 3832 1903 Ecce

2230 1937 2405 2005 accepi
2421 1939 2484 1991 de
2510 1952 2665 1992 manu
2693 1947 2782 1992 tua
2801 1939 3015 1994 calicem
3042 1940 3280 2005 ruinaget
3292 1942 3540 2010 poculum
3558 1943 3651 1998 ira
3679 1940 3825 2010 (lsai.

2234 2048 2281 2088 LI
2302 2074 2317 2099 ,
2348 2031 2463 2104 17).
2492 2031 2598 2086 Sed
2626 2031 2770 2088 hunc
2823 2042 2846 2071 ε
2878 2033 3103 2088 calicem
3132 2035 3501 2090 exinaniverit
3530 2036 3823 2108 Syuagoga,

2235 2143 2341 2183 non
2367 2127 2556 2181 bibant
2571 2127 2694 2182 ﬁlia:
2725 2126 3007 2182 Ecclesiae.
3024 2127 3101 2183 De
3115 2126 3322 2183 Judteis
3337 2127 3479 2183 enim
3495 2128 3697 2184 dictum
3714 2140 3792 2185 est
3814 2146 3826 2181 :

2235 2222 2393 2278 Filia:
2422 2240 2600 2278 eorum
2631 2223 2953 2292 compositae,
2985 2223 3375 2278 circunmrnatte
3402 2223 3664 2291 quomoda
3688 2224 3827 2278 simi-

2237 2316 2405 2372 litudo
2429 2316 2613 2386 templi
2634 2314 2809 2391 (Psal.
2840 2331 3028 2385 σηιιι,
3059 2317 3150 2388 12)
3176 2336 3190 2374 ς
3227 2332 3331 2373 vos
3362 2328 3548 2373 autem
3583 2318 3826 2389 templum

2239 2411 2334 2468 Dei
2381 2413 2537 2477 estis,
2570 2410 2695 2466 filiae
2725 2412 2843 2481 ejus
2869 2413 2960 2482 qui
2990 2427 3097 2466 non
3128 2411 3554 2482 transliguratur
3598 2411 3651 2467 in
3681 2426 3828 2481 ange-

2239 2505 2350 2560 lum
2381 2507 2539 2573 lucis,
2571 2506 2667 2562 sed
2701 2522 2889 2562 verum
2918 2507 3104 2563 lumen
3131 2507 3225 2578 qui
3257 2506 3325 2562 de
3352 2521 3486 2561 vero
3515 2518 3597 2562 est
3617 2507 3823 2562 lumine.

2240 2598 2371 2655 Ideo
2398 2600 2452 2654 in
2480 2598 2637 2655 vobis
2662 2614 2767 2655 n0u
2801 2598 3126 2666 similitudo,
3156 2598 3253 2654 sed
3293 2599 3496 2655 veritas
3539 2598 3630 2654 sit.
3662 2598 3828 2655 Multa:

2239 2705 2424 2748 autem
2454 2708 2575 2747 cum
2617 2691 2853 2748 studium
2880 2692 3152 2747 castitatis
3175 2691 3561 2761 proﬁteantur,
3591 2690 3828 2747 affectant

2244 2785 2577 2841 adminicula
2598 2784 3058 2857 pulchritudinis;
3096 2795 3154 2841 ut
3175 2789 3510 2856 comptiores
3542 2786 3827 2856 prodeant,

2251 2878 2510 2934 nitidiore
2541 2881 2690 2934 vultu
2734 2895 2897 2951 quam
2943 2894 3132 2936 sacras
3179 2880 3393 2937 Domini
3419 2880 3601 2947 decet,
3652 2879 3829 2945 quibus

2242 2971 2559 3042 Apostolico
2587 2972 2681 3026 illo
2703 2987 2958 3028 sermone
2986 2973 3336 3044 respondeo:
3364 2972 3495 3038 Qua:
3518 2981 3708 3027 mortue
3724 2971 3829 3025 estis

2247 3082 2365 3119 cum
2410 3064 2617 3121 Christo
2662 3066 2725 3119 ab
2763 3067 3032 3122 elementis
3070 3069 3228 3138 hujus
3271 3066 3486 3131 mundi,
3520 3068 3645 3137 quid
3678 3065 3830 3119 adhuc

542 3174 663 3216 rum
694 3158 1015 3213 delictorum
1043 3170 1166 3210 esse
1185 3169 1475 3218 censores;
1508 3164 1565 3207 ut
1595 3152 1686 3223 qui
1715 3150 1935 3222 publico
1981 3150 2140 3206 testi-
2169 3139 2216 3203 C
2248 3159 2382 3213 υριιιι
2408 3160 2659 3227 niveum,
2687 3158 2751 3214 de
2776 3159 2875 3225 [me
2901 3160 3093 3214 mundo
3111 3160 3426 3215 dearum-3?
3451 3159 3539 3215 Ne
3560 3159 3826 3234 “liga-im.

547 3252 737 3309 monio
763 3265 871 3305 non
906 3257 1142 3315 tenetur,
1168 3262 1229 3304 se
1254 3247 1430 3317 ipsum
1456 3245 1695 3315 judicem
1726 3245 1817 3315 qui
1848 3245 1899 3298 in
1924 3243 2143 3299 occulto

547 3346 735 3417 lapsus
775 3352 880 3411 est,
913 3343 1238 3408 erubescat,
1285 3347 1340 3396 et
1369 3338 1556 3395 aculeo
1602 3336 1838 3410 quodam
1894 3344 2147 3393 coerceat

547 3434 923 3494 amaritudinis
953 3442 1010 3491 et
1031 3432 1280 3505 pudoris.

1152 3526 1239 3584 CA
1250 3525 1384 3585 PUT
1422 3524 1539 3582 XII.

548 3625 632 3683 Ad
664 3624 1037 3697 parcimoniam
1063 3623 1252 3676 transit
1275 3664 1289 3685 ,
1318 3638 1424 3693 qua
1448 3635 1638 3690 corpus
1678 3626 1938 3672 atteratur
1964 3633 1982 3672 :
2001 3617 2149 3691 jubet

624 3721 814 3775 bonam
837 3718 1017 3790 parari
1036 3716 1477 3772 existimationem
1503 3731 1521 3768 :
1545 3712 1768 3767 maxime
1796 3727 1912 3765 uero
1941 3709 2154 3780 requirit

617 3816 672 3869 in
692 3814 889 3887 uirgine
911 3812 1240 3868 sobrietatem
1262 3826 1281 3865 :
1311 3809 1366 3863 id
1392 3819 1467 3865 est
1485 3850 1501 3873 ,
1532 3805 1896 3862 abstinentiam
1928 3821 1961 3858 a
1990 3804 2154 3858 lasci-

626 3907 712 3962 uia
730 3918 775 3960 et
803 3905 948 3961 uanis
969 3904 1203 3976 corporis
1228 3902 1571 3967 ornamentis,
1599 3917 1716 3972 qua:
1741 3897 1975 3966 affectari
1995 3899 2154 3954 etiam

620 4018 652 4055 a
680 4000 841 4056 sacris
881 3999 1189 4072 quibusdam
1232 3997 1522 4071 uerginibus
1551 3995 1707 4051 dolet.
1738 3995 1843 4051 His
1871 3996 2156 4067 opponitur

623 4091 915 4170 exetnplum
941 4105 1137 4149 sanctis
1166 4090 1423 4151 Sotlteris.
1456 4105 1575 4159 qua:
1602 4092 1826 4160 formam
1852 4104 2003 4142 suam
2027 4088 2156 4141 adeo

631 4201 736 4242 non
764 4185 1049 4251 excolebat,
1084 4194 1137 4238 ut
1167 4183 1357 4254 {aciem
1403 4183 1708 4253 carniﬁcum
1748 4182 1936 4253 pugnis
1979 4181 2157 4235 lubens

627 4279 869 4337 obtulerit
918 4280 1316 4348 deturpandam.
1349 4275 1486 4345 Ejus
1532 4292 1650 4328 cum
1692 4273 1915 4329 Etrusco
1948 4274 2154 4344 juvene,

626 4388 774 4445 quem
802 4370 902 4425 sibi
927 4368 1127 4426 uultum
1169 4368 1391 4441 [sedasse
1420 4368 1747 4440 stigmatibus
1771 4370 1983 4438 ferunt,
2016 4383 2157 4422 com-

629 4465 853 4538 paratio.

2249 3252 2455 3324 inquit,
2485 3254 2934 3319 attaminaueritis,
2963 3270 3029 3308 ne
3062 3255 3415 3328 gustaveritis,
3446 3270 3567 3326 quce
3586 3263 3699 3308 sunt
3736 3268 3832 3307 om-

2250 3349 2337 3403 nia
2357 3348 2427 3421 ad
2452 3347 2802 3418 corruptelam
2824 3345 3048 3421 (Coloss.
3082 3364 3155 3414 ιι,
3182 3348 3253 3403 ευ
3281 3357 3330 3402 et
3355 3346 3520 3420 seq.).

2320 3438 2410 3495 82.
2462 3439 2531 3495 At
2558 3454 2666 3495 non
2701 3454 2891 3495 sancta
2928 3438 3200 3509 Solberis,
3247 3448 3306 3494 ut
3351 3439 3711 3495 domesticum
3740 3437 3828 3509 piae

2253 3532 2493 3604 parentis
2532 3532 2873 3602 proferamus
2903 3533 3214 3604 exemplum
3254 3532 3546 3605 (habemus
3582 3532 3719 3587 enim
3745 3543 3831 3584 nos

2252 3624 2570 3680 sacerdotes
2601 3635 2844 3679 nostram
2892 3623 3231 3679 nobilitatem
3266 3623 3605 3694 pra-ferturis
3632 3631 3685 3679 et
3710 3636 3829 3676 cou-

2253 3718 2522 3775 sulatibus
2550 3718 2974 3789 pnefereudam;
3006 3717 3273 3774 habemus
3294 3760 3310 3786 ,
3341 3718 3581 3790 inquam,
3616 3715 3732 3772 ﬁdei
3760 3713 3829 3769 di-

2252 3816 2508 3885 gnitates,
2557 3829 2678 3885 qua:
2706 3814 2883 3884 perire
2915 3828 3021 3867 non
3054 3812 3279 3884 norunt)
3308 3828 3323 3878 ;
3372 3822 3428 3866 at
3459 3827 3590 3879 non,
3617 3820 3673 3865 ιιι
3699 3806 3823 3871 disi,

2255 3908 2504 3966 Sotberis
2542 3910 2720 3963 vultus
2760 3907 2845 3963 sui
2873 3923 3058 3962 curam
3095 3908 3314 3979 gerebat
3351 3925 3364 3962 :
3396 3921 3521 3977 qua:
3559 3920 3676 3961 cum
3702 3908 3828 3958 esset

2257 4004 2455 4060 decora
2495 4001 2632 4057 facie
2666 4000 2847 4067 valde,
2878 4012 2933 4056 et
2963 4000 3165 4057 nobilis
3190 4001 3343 4071 virgo
3369 3999 3633 4072 majorum
3663 4008 3827 4067 prosa-

2258 4100 2368 4170 pia,
2401 4095 2715 4153 consulatus
2743 4104 2800 4150 et
2833 4091 3187 4166 praefecturas
3211 4102 3493 4165 parentum
3523 4104 3673 4147 sacra
3699 4091 3826 4159 post-

2260 4192 2453 4248 habuit
2481 4192 2608 4257 lide,
2640 4199 2695 4245 et
2725 4188 3011 4244 immolare
3036 4187 3186 4258 jussa
3218 4201 3325 4241 non
3352 4184 3621 4256 acquievit
3647 4198 3660 4235 :
3687 4192 3826 4248 quam

2260 4296 2583 4359 persecutor
2609 4284 2864 4339 immanis
2886 4282 3081 4355 palmis
3103 4281 3239 4336 caedi
3264 4280 3520 4350 prtecepit
3541 4293 3557 4342 ;
3581 4286 3638 4332 ut
3667 4283 3827 4331 tenera

2261 4381 2417 4451 virgo
2445 4378 2621 4434 dolori
2658 4376 2915 4441 cederet,
2944 4384 3038 4430 aut
3081 4373 3294 4444 pudori.
3322 4370 3395 4428 At
3433 4372 3529 4426 illa
3568 4368 3654 4424 ubi
3691 4362 3826 4419 anili-

2262 4475 2341 4529 vit
2367 4474 2506 4529 hanc
2530 4487 2748 4538 vocem,
2776 4471 2980 4525 vultum
3007 4470 3247 4539 aperuit,
3289 4467 3389 4521 soli
3419 4465 3650 4520 iuvelata
3688 4470 3828 4526 atque

630 4527 720 4614 ίιθ.
754 4554 895 4626 Quid
925 4554 993 4611 de
1034 4553 1367 4625 parcimonia
1420 4553 1631 4622 loquar,
1662 4567 1787 4609 cum
1811 4552 2042 4625 Sapiens
2071 4552 2138 4607 di-

2262 4566 2462 4623 intecta
2491 4565 2755 4636 martyrio
2785 4581 2799 4618 :
2830 4570 2889 4618 et
2914 4561 3106 4617 volens
3135 4559 3345 4629 injuria:
3363 4559 3619 4622 occurrit,
3642 4555 3829 4609 vultum

554 4663 645 4713 cat
665 4673 681 4710 :
710 4654 875 4728 Aufer
900 4668 931 4705 a
962 4668 1040 4705 me
1056 4650 1244 4706 uentris
1264 4646 1772 4721 concupiscentiamh
1790 4660 1837 4703 et
1858 4647 2155 4703 concubitus

557 4748 855 4821 cupiditatis
882 4762 946 4800 ne
971 4744 1324 4816 apprehendat
1344 4758 1426 4797 me
1455 4741 1683 4814 (Eccles.
1715 4758 1868 4807 χχιιι,
1900 4744 2002 4811 6)?
2044 4743 2156 4799 Nec

555 4842 931 4900 inﬁrmitatem
987 4853 1052 4895 ex
1078 4838 1287 4909 jejunio
1316 4847 1369 4892 et
1420 4838 1748 4892 abstinentia
1798 4838 2150 4905 reformides;

557 4935 849 4992 inﬁrmitas
875 4934 1020 4990 enim
1051 4931 1235 5004 gravis
1262 4930 1501 4987 sobriam
1531 4930 1660 4986 facit
1688 4932 1951 4987 animam.

629 5028 721 5086 80.
752 5025 1038 5096 Quomodo
1068 5025 1230 5082 etiam
1257 5024 1460 5081 docent
1509 5024 1824 5081 Salomonis
1856 5006 2150 5080 Proverbia

556 5122 716 5181 honre
745 5122 988 5193 opinioni
1016 5119 1342 5177 studendum
1365 5161 1381 5187 ,
1409 5119 1640 5175 dicendo
1667 5139 1680 5175 :
1739 5118 1924 5174 Potius
1954 5130 2030 5175 est
2069 5135 2158 5174 no-

558 5238 675 5277 men
699 5221 908 5287 bonum,
931 5238 1087 5293 quam
1106 5220 1303 5275 divitia:
1325 5222 1499 5273 multa:
1528 5216 1713 5290 (Prov.
1743 5235 1878 5283 xm,
1906 5218 1998 5288 l)?
2018 5216 2158 5288 Quid

633 5346 660 5376 ⁸³
701 5336 828 5394 Mss.
860 5338 1087 5408 aliquot.
1121 5345 1168 5391 et
1194 5336 1259 5390 de
1285 5335 1455 5408 spinis
1478 5331 1816 5387 coronabant.

632 5408 661 5449 δ
703 5411 871 5476 I'Jtlit.,
901 5406 966 5465 et
982 5410 1276 5463 concubitus
1298 5406 1578 5475 cupiditas.

635 5492 659 5521 ε
698 5475 903 5537 Unities
928 5482 1061 5536 edit.
1094 5495 1217 5536 cum
1248 5482 1433 5547 paucis
1461 5490 1617 5540 tnss.,
1644 5477 1743 5530 nisi
1768 5475 1901 5529 bona
1923 5476 2015 5530 illa
2051 5496 2149 5548 gu-

562 5553 825 5619 bernatio;
855 5553 1041 5609 Cameri
1070 5565 1201 5607 mss.
1223 5566 1417 5618 tttagtto
1436 5564 1681 5610 numero,
1710 5559 1770 5601 ut
1792 5551 1842 5600 iu
1869 5560 2148 5605 eculeum.

631 5624 658 5664 ἀ
704 5625 768 5680 Et
794 5624 1063 5680 stscuturis
1084 5622 1353 5695 iactantur
1373 5636 1390 5674 :
1412 5620 1645 5695 deerant
1673 5620 1757 5673 lue
1778 5634 1939 5673 voces
1958 5619 2010 5695 in
2039 5636 2156 5676 om-

567 5696 725 5752 nibus
747 5701 881 5751 emt.
913 5711 1034 5763 qua:
1065 5691 1117 5748 in
1143 5703 1326 5748 nostra
1351 5691 1743 5763 propemodum
1784 5708 1847 5748 cs
1884 5692 2156 5749 universis

570 5781 703 5825 mss.
736 5767 1111 5823 restituuntur.

2262 4659 2529 4725 offerens;
2563 4667 2621 4711 ut
2649 4658 2721 4712 ibi
2754 4656 2999 4728 martyrii
3039 4655 3194 4711 ﬂeret
3221 4652 3569 4715 sacriﬁcium,
3600 4648 3683 4703 ubi
3707 4643 3831 4699 solet

2262 4768 2387 4809 esse
2419 4760 2810 4807 teutameutum
2837 4748 3079 4820 pudoris.
3112 4747 3393 4805 Gaudebat
3414 4745 3558 4802 enim
3591 4740 3832 4810 'dispen-

2264 4846 2356 4903 dio
2378 4844 2793 4916 pulchritudinis
2822 4845 3120 4914 perieulum
3153 4842 3475 4913 integritatis
3504 4827 3831 4893 auferri.Sed

2261 4941 2338 4998 illi
2390 4951 2677 5011 potuerunt
2723 4940 2940 5011 quidem
2968 4941 3175 4994 vultum
3205 4938 3322 5009 ejus
3348 4937 3627 4991 vulnerum
3666 4925 3833 4984 vibici-

2263 5035 2362 5091 bus
2386 5050 2638 5102 exarare,
2676 5032 2868 5089 faciem
2911 5044 3091 5089 tamen
3134 5031 3347 5087 virtutis
3387 5030 3503 5100 ejus
3540 5035 3595 5081 et
3622 5019 3830 5096 gratiam

2263 5129 2480 5185 decoris
2511 5126 2711 5183 interni
2742 5142 3085 5197 nequaquam
3107 5139 3339 5181 exarare
3362 5127 3671 5194 potuerunt.

2338 5222 2431 5278 85.
2473 5231 2498 5270 8
2531 5222 2816 5277 Etruscum
2860 5220 3116 5290 juvenem
3149 5226 3364 5273 veteres
3412 5212 3605 5270 fabula:
3650 5208 3827 5265 ferunt.

2334 5344 2356 5374 θ
2400 5335 2557 5389 Rom.
2607 5334 2775 5400 etlit.,
2808 5335 3023 5388 calicem
3067 5348 3216 5401 quem
3266 5326 3580 5401 exinanirit;
3626 5324 3738 5401 alite
3784 5326 3830 5371 et

2259 5417 2436 5463 CllllCll
2464 5421 2593 5459 mss.
2624 5397 2925 5475 elegantius
2947 5422 3044 5477 per
3064 5397 3474 5460 coitccssionom
3506 5397 3827 5453 rhetoricam,

2261 5478 2470 5534 calicem
2493 5477 2869 5544 exiuaniverit,
2900 5490 3007 5532 etc.
3322 5543 3327 5544 ν
3514 5539 3525 5544 _
3567 5539 3578 5544 ,
3625 5539 3636 5544 _
3713 5534 3741 5544 ,,
3777 5531 3787 5541 .

2338 5546 2357 5587 ί
2396 5548 2571 5603 Paris.
2606 5534 2868 5617 quadam'
2903 5549 3069 5616 edit.,
3124 5543 3385 5619 stipendio
3432 5534 3826 5615 pulchritudinis.

2262 5620 2588 5690 lucongrue.
3544 5680 3583 5690 ﬂ
3623 5681 3636 5690 .
3688 5678 3727 5690 η
3794 5673 3805 5684 ,

2335 5673 2361 5738 ις
2406 5673 2559 5746 lianc
2588 5691 2992 5748 adolescentem
3037 5690 3325 5761 Spurinam
3357 5692 3515 5743 vocat
3544 5680 3659 5737 Val.
3685 5673 3829 5738 laxi-

2259 5778 2381 5821 mus
2404 5762 2497 5821 lib.
2530 5779 2602 5833 tv,
2634 5778 2755 5838 cap.
2783 5765 2838 5834 5,
2866 5766 2930 5819 de
2967 5761 3304 5820 Vcrecundia.
