3974 6186
186 215 276 271 561

1110 217 1557 276 EXHORTATIO
1600 218 2076 281 VIRGINITATIS.
2125 224 2323 283 LIBER
2352 226 2556 285 UNUS.

3347 233 3452 290 562

181 345 286 385 cum
325 337 542 401 propter
571 329 940 387 admirandam
972 333 1081 388 oris
1123 336 1331 405 preprii
1382 336 1743 406 pttlchriludi-
1772 342 1820 400 A
1848 338 1973 412 55);
2007 350 2064 394 ut
2094 341 2288 396 melius
2314 343 2476 398 tacito
2499 341 2707 412 pudore
2735 343 3070 414 loqueretur.
3097 345 3346 420 Denique
3371 352 3456 405 in-

181 442 284 479 nem
331 427 380 479 in
435 440 676 481 amorem
739 427 1053 483 incenderet
1101 427 1350 494 feminas,
1406 431 1749 501 stigmatibus

177 522 396 577 inarasse
425 522 636 578 vultum
685 538 844 578 suum
867 563 881 589 ,
915 539 980 578 ne
1019 539 1123 594 qua
1155 540 1278 579 eum
1311 535 1494 594 posset
1539 541 1743 581 amare.

175 615 348 670 \‘idero
375 621 566 672 utrum
603 628 787 673 castus
827 618 985 673 fuerit
1033 619 1180 675 illius
1223 621 1472 687 animus;
1519 622 1747 677 aﬂ‘ectus

174 717 327 764 tuneo
361 724 468 764 non
500 710 784 777 innocens,
820 722 1043 782 propter
1072 729 1232 782 quem
1284 713 1336 768 in
1382 729 1442 768 se
1474 715 1588 784 ipse
1627 715 1746 768 ani-

172 802 523 858 tnadverlerit.
555 803 652 860 Ille
685 815 864 861 tamen
884 806 998 862 sola
1025 807 1241 878 excepit
1264 809 1515 874 vulnera,
1548 825 1618 866 ne
1648 826 1746 865 no-

169 907 324 951 ceret:
359 899 475 954 haec
520 899 877 971 triumphales
907 902 1098 956 retulit
1130 903 1377 975 martyrii
1423 905 1741 972 cicatrices,

165 997 209 1042 ut
234 991 522 1062 imaginem
550 993 640 1048 Dei
674 1008 834 1065 quam
865 1005 1170 1065 acceperat,
1203 1007 1532 1054 reservaret.

731 1105 962 1163 CAPUT
1001 1107 1139 1162 XIII.

170 1191 384 1266 Virgines
413 1197 480 1252 de
508 1199 758 1253 serrauda
788 1200 844 1253 in
872 1218 926 1256 se
968 1202 1192 1273 imagine
1229 1203 1409 1258 divina
1453 1214 1656 1272 monet;
1685 1216 1739 1259 ut

219 1307 244 1339 η
265 1286 368 1342 Deo
391 1289 506 1358 ipso
532 1292 753 1358 eruditi,
775 1294 958 1348 aliena:
987 1295 1180 1368 lingua:
1210 1297 1476 1366 ﬂagellum
1508 1314 1609 1351 non
1634 1313 1740 1351 nte-

214 1395 366 1440 tuant.
400 1385 519 1442 Hoc
557 1404 675 1444 vero
719 1390 976 1460 quomodo
1023 1401 1070 1445 et
1113 1403 1366 1463 quatenus
1413 1409 1514 1447 non
1557 1395 1740 1448 timen-

213 1477 367 1543 dum;
405 1497 510 1549 qua
558 1483 712 1536 etiam
763 1483 968 1537 ratione
1017 1483 1113 1537 sibi
1160 1485 1445 1539 cauendum
1488 1503 1520 1539 a
1558 1486 1738 1558 lingua

214 1573 461 1641 propria?
506 1573 622 1641 Quo
652 1575 766 1630 loco
796 1577 851 1630 in
877 1593 989 1630 eam
1019 1594 1127 1632 rem
1175 1577 1454 1645 Susannte,
1483 1578 1698 1650 Joseplu'
1718 1622 1732 1647 ,

212 1662 437 1722 Danielis
469 1677 516 1720 et
539 1666 662 1722 Ιοὺὶ
687 1669 925 1738 exempla
953 1670 1272 1739 referuntur.

210 1824 289 1878 84.
330 1825 562 1882 Servate
601 1836 656 1882 et
685 1842 784 1884 vos
812 1827 951 1883 hanc
994 1829 1308 1901 imaginem,
1340 1829 1487 1897 lilia),
1518 1842 1736 1888 servate

153 1915 424 1986 Scriptura:
447 1929 722 1991 prmcepta
739 1922 972 1989 divinae;
1001 1923 1069 1978 Ut
1087 1935 1236 1978 omne
1248 1925 1412 1996 300
1433 1942 1508 1990 as,
1535 1926 1731 1997 inquit,

151 2013 423 2066 obstruatur
454 2012 638 2086 (Rom.
673 2029 733 2068 ιιι
755 2057 769 2080 ,
801 2014 914 2086 19).
960 2015 1239 2086 Scriptum
1271 2030 1356 2072 est
1387 2020 1568 2073 enim:
1602 2019 1734 2073 Bea-

152 2112 218 2155 lus
261 2104 409 2160 homo
439 2124 593 2178 quem
628 2119 681 2161 tu
718 2109 992 2177 erudieris,
1037 2109 1281 2177 Domine,
1315 2123 1362 2165 et
1397 2112 1460 2167 de
1508 2113 1615 2186 lege
1644 2125 1734 2169 tua

152 2196 363 2253 docueris
383 2217 504 2255 eum
537 2200 716 2274 (Psal.
752 2219 912 2269 xcur,
958 2204 1066 2276 19.).
1105 2206 1285 2261 Bonus
1313 2206 1575 2263 Dominus
1603 2224 1730 2264 eru-

151 2289 213 2344 dit
235 2301 285 2345 et
322 2292 506 2361 docet,
549 2305 620 2372 et
646 2295 968 2367 plerumque
991 2299 1169 2369 arguit
1201 2317 1214 2351 :
1247 2298 1344 2354 sed
1372 2300 1536 2355 etiam
1569 2315 1728 2372 quem

151 2391 320 2459 arguit,
347 2391 570 2448 beatum
597 2391 757 2458 facit;
790 2395 981 2450 beatus
1010 2397 1156 2451 enim
1179 2396 1342 2452 homo
1363 2413 1522 2468 quem
1553 2399 1733 2469 arguit

153 2479 392 2540 Dominus
431 2484 606 2555 (Psal.
662 2502 827 2553 xcm,
879 2486 992 2559 12).
1047 2487 1111 2542 Et
1156 2487 1280 2544 ideo
1328 2489 1729 2560 increpationes

150 2578 248 2645 ejus
276 2594 382 2634 non
413 2581 676 2652 refugias,
725 2582 850 2652 quia
898 2581 1181 2638 charitatis
1226 2592 1282 2638 et
1323 2584 1514 2654 gratiae
1569 2592 1724 2649 sunt;

152 2667 247 2737 ipse
274 2673 414 2728 enim
439 2673 699 2744 percutit,
726 2683 783 2730 et
811 2674 935 2745 quia
970 2675 1143 2730 bonus
1174 2676 1441 2742 medicus,
1476 2677 1728 2734 manibus

151 2764 245 2817 suis
269 2777 422 2821 sanat
453 2766 640 2838 (Deut.
676 2783 850 2834 χχιιι,
883 2767 998 2839 59).
1029 2777 1054 2806 ⁸
1087 2768 1291 2839 Septies
1321 2769 1384 2824 de
1405 2771 1730 2825 necessitati-

151 2856 229 2912 bus
256 2871 299 2915 te
319 2861 526 2928 liberat,
559 2862 614 2916 in
641 2863 864 2932 septimo
901 2871 1075 2917 autem
1113 2879 1216 2916 non
1247 2873 1295 2916 te
1321 2863 1578 2934 continget
1615 2879 1726 2917 nta-

153 2952 256 3007 lum.
297 2955 362 3010 In
403 2958 541 3025 fame
580 2957 738 3027 eripit
787 2967 836 3011 te
862 2974 893 3010 a
929 2966 1116 3024 morte,
1160 2959 1215 3012 in
1245 2974 1425 3030 pugna
1461 2966 1630 3012 autem
1661 2958 1726 3012 de

152 3060 283 3102 manu
307 3049 438 3118 ferri
475 3060 522 3105 te
567 3052 729 3118 exuit,
770 3068 802 3105 a
827 3049 1039 3121 ﬂagello
1071 3051 1264 3122 lingua:
1305 3049 1333 3088 b
1376 3060 1422 3105 te
1452 3051 1722 3105 abscondit

151 3138 250 3204 (Job
268 3159 319 3210 v,
356 3145 424 3202 19
448 3155 496 3200 et
525 3144 688 3218 seq.).
709 3145 767 3202 Si
791 3145 938 3202 enim
969 3155 1025 3200 tu
1052 3146 1219 3201 nullis
1259 3149 1536 3216 putaveris
1565 3146 1725 3203 dero-

148 3237 376 3306 gandum,
409 3239 604 3294 alienae
632 3239 832 3310 linguae
864 3238 1076 3310 ﬂagella
1112 3254 1218 3294 non
1246 3247 1478 3294 metues.

203 3327 280 3383 85.
322 3331 455 3388 Mire
486 3341 669 3387 autem
711 3345 998 3388 sermones
1028 3330 1418 3388 maledicorum
1453 3332 1727 3403 expressit

147 3419 351 3479 dicendo
379 3425 581 3496 linguae
616 3425 913 3496 ﬂagellum,
943 3425 1101 3494 cujus
1131 3441 1299 3483 sonus
1331 3426 1437 3482 late
1467 3427 1719 3484 resultat.

148 3515 184 3571 Α
205 3535 296 3588 quo
320 3536 416 3576 nos
444 3535 706 3592 separare
727 3520 955 3591 cupiens
977 3520 1172 3577 Petrus
1201 3522 1504 3592 apostolus,
1537 3533 1722 3578 monet

147 3620 194 3663 ut
223 3629 320 3667 non
368 3613 661 3670 reddamus
704 3614 907 3670 malum
958 3628 1056 3684 pro
1087 3614 1252 3681 malo,
1284 3623 1339 3670 et
1369 3615 1719 3671 maledictum

146 3716 226 3770 pro
263 3705 545 3762 maledicto
571 3707 617 3777 (l
647 3705 791 3761 Petr.
825 3722 915 3772 ut,
937 3707 994 3778 9)
1033 3705 1166 3761 :sed
1195 3706 1367 3778 magis
1402 3721 1524 3761 cum
1555 3706 1721 3762 male-

147 3791 317 3852 dicitur
354 3799 531 3864 nobis,
580 3797 984 3854 benedictionis
1025 3796 1331 3854 referamus
1371 3799 1622 3868 gratiam.
1657 3799 1718 3852 Et

149 3882 246 3941 ideo
267 3889 391 3945 dicit
415 3907 427 3944 :
453 3889 646 3945 Cohibe
666 3890 898 3961 linguam
922 3898 1062 3944 tuam
1085 3906 1116 3942 a
1139 3890 1278 3945 malo
1308 3888 1485 3961 (Psal.
1522 3904 1714 3956 χχχιιι,

148 3977 238 4047 Η),
265 3991 526 4055 tamquam
552 3983 752 4054 lingua:
783 3982 1035 4054 ﬂagello;
1066 3997 1166 4038 nec
1196 3983 1392 4038 timeas
1421 3982 1716 4038 verborum

148 4081 332 4140 sonum,
351 4076 392 4130 si
416 4076 616 4131 munda
641 4085 726 4131 est
747 4075 1084 4131 conscientia
1114 4083 1225 4131 tua.
1253 4074 1462 4129 Bonum
1489 4083 1572 4130 est
1592 4074 1714 4145 qui-

148 4161 268 4230 dem,
300 4169 521 4237 nullum,
551 4170 597 4224 si
633 4169 750 4224 fieri
773 4167 1174 4239 potest,locum
1208 4167 1596 4224 obtrectationi
1622 4167 1717 4223 da-

146 4269 226 4311 re:
269 4261 352 4315 sed
381 4262 503 4334 quia
536 4263 785 4333 plerique
816 4276 923 4317 non
954 4261 1122 4327 vitiis,
1165 4261 1260 4317 sed
1291 4261 1587 4317 virtutibus
1613 4261 1712 4317 de-

149 4364 341 4422 rogant;
381 4355 799 4426 reprehendant
842 4354 990 4426 quod
1037 4354 1211 4411 laudis
1258 4362 1366 4423 est,
1402 4370 1508 4410 non
1556 4355 1712 4410 inve-

147 4443 273 4498 aiant
297 4450 429 4516 quod
461 4449 672 4504 erroris
702 4458 808 4504 εει.

205 4535 282 4590 86.
321 4540 417 4596 Sed
449 4541 594 4612 quod
620 4541 774 4611 pejus
807 4549 912 4607 est,
946 4555 1052 4596 non
1077 4538 1254 4596 solum
1277 4539 1456 4595 aliena
1487 4540 1704 4611 lingua,

149 4628 227 4682 sed
258 4630 403 4687 etiam
432 4645 616 4689 nostra
661 4632 1024 4703 ﬂagellamur.
1056 4631 1126 4685 Et
1161 4631 1278 4686 haec
1301 4640 1426 4686 sunt
1453 4631 1708 4703 graviora

150 4720 359 4789 verbera,
400 4741 520 4780 cum
550 4740 618 4781 ex
649 4723 999 4793 multiloquio
1046 4733 1326 4792 peccatum
1360 4724 1703 4780 incurrimus.

151 4809 323 4872 Etideo
345 4819 575 4882 custodi,
596 4817 774 4889 virgo,
796 4817 911 4871 vias
938 4825 1093 4881 tuas;
1124 4825 1184 4872 ut
1203 4833 1311 4872 non
1340 4817 1627 4890 delinquas
1653 4821 1704 4874 in

147 4900 298 4975 lingua
324 4919 404 4964 tua
431 4909 609 4981 (Psal.
643 4925 874 4976 xxxvtn,
901 4909 986 4980 2).
1020 4911 1085 4964 Et
1121 4910 1262 4966 bona
1291 4910 1434 4980 loqui
1465 4911 1706 4981 plerum-

145 5013 234 5068 que
259 5006 447 5062 crimen
478 5017 564 5063 est
596 5006 846 5077 virginis.
891 5004 997 5061 Sed
1037 5005 1168 5073 quid
1211 5005 1426 5060 miraris
1451 5004 1520 5060 de
1547 5005 1706 5077 virgi-

145 5105 358 5157 ne,cum
389 5099 584 5155 mulier
617 5100 670 5154 in
703 5099 924 5154 silentio
961 5096 1216 5168 iubeatur
1251 5096 1466 5152 discere
1491 5097 1537 5166 (Ι
1571 5095 1701 5151 Tim.

145 5196 198 5250 ιι,
223 5187 338 5258 ll)?
362 5189 536 5246 Bonus
561 5200 648 5246 est
668 5190 845 5261 pudor
869 5205 1032 5260 quem
1056 5188 1441 5244 commendant
1463 5189 1702 5245 silentia.

200 5277 277 5333 87.
313 5281 552 5339 Susanna
588 5283 1023 5354 periclitabatur,
1058 5290 1114 5338 et
1145 5281 1358 5337 tacebat
1387 5279 1550 5353 (Dan.
1587 5296 1701 5348 xm,

199 5403 219 5430 "
257 5394 403 5452 Rom.
441 5400 574 5454 edit.
595 5440 610 5461 ,
643 5398 847 5454 Sexties
881 5399 946 5453 de
975 5397 1380 5454 necessitatibus.

198 5463 308 5540 “in
335 5486 460 5525 mss.
496 5471 668 5524 multo
701 5471 948 5540 pluribus
985 5470 1268 5538 sequentia
1300 5469 1697 5535 desiderantur.

140 5537 468 5615 tc‘abscondet.
501 5537 735 5615 Si_en_im
757 5551 812 5594 tu
841 5543 1002 5595 nullis
1032 5537 1291 5615 putaveris
1309 5541 1698 5615 derogandum,

140 5607 301 5690 cliente
316 5610 525 5683 lingm.
557 5612 666 5669 Sed
692 5614 942 5669 lacunam
960 5607 1088 5668 esse
1109 5612 1290 5681 quivis
1303 5607 1700 5670 laciléconcesL

141 5688 277 5732 serit.

203 5763 218 5790 ε
256 5749 326 5806 Ita
356 5768 480 5810 mss.
515 5769 729 5820 omnes,
759 5771 866 5811 uno
912 5763 1182 5828 excepto:
1226 5769 1346 5810 eum
1379 5754 1482 5813 hoc
1522 5763 1704 5812 autem

469 5846 744 5910 Ριτιοι..
792 5846 966 5910 XVI.

1852 437 2001 492 venit
2029 437 2350 492 verecundia
2384 439 2760 505 defensorem,
2792 441 2881 510 qui
2925 440 3248 500 defenderet
3287 447 3450 500 casti-

1853 539 2036 585 tatem.
2070 530 2143 584 De
2169 546 2274 601 qua
2305 534 2441 586 bene
2467 531 2691 597 dicitur,
2721 533 2864 604 quod
2893 548 3012 589 earn
3045 550 3074 588 a
3101 535 3319 607 ﬂagello
3347 539 3446 592 litt-

1847 640 1967 695 guze
2001 625 2262 680 Dominus
2290 626 2596 683 abscondit.

1919 718 2008 774 88.
2049 718 2190 786 Quid
2219 718 2286 774 de
2314 717 2534 773 feminis
2565 719 3055 793 dicimusuoseph
3086 725 3256 780 tacuit
3283 740 3442 782 aecu-

1845 821 1996 866 satus
2031 810 2186 883 (Gen.
2220 827 2421 879 xxxtx,
2469 813 2598 884 ΞΟ),
2633 822 2688 868 ιιι
2721 816 2914 869 melius
2968 833 3090 872 eum
3137 821 3445 878 innocentia

1845 921 2007 977 quam
2051 906 2234 976 lingua
2258 906 2596 964 defenderet.
2627 908 2820 965 Tacuit
2853 912 3038 968 Daniel
3064 916 3318 972 omnibus
3347 932 3438 972 sa-

1844 999 2099 1068 pientior.
2125 1007 2181 1054 et
2207 1015 2301 1055 ora
2327 1000 2523 1056 clausit
2549 1001 2770 1056 leonum
2798 1003 2959 1074 (Bon.
2987 1022 3097 1071 xw,
3123 1007 3192 1064 29
3221 1021 3268 1063 et
3287 1011 3442 1082 δρψ).

1848 1089 1998 1145 Unde
2043 1091 2266 1160 pulchre
2297 1104 2518 1147 sanctus
2568 1093 2734 1148 David
2780 1094 2957 1149 dicit:
3011 1096 3203 1164 Posui,
3239 1103 3442 1171 inquit,

1841 1184 1920 1238 ori
1951 1201 2062 1239 meo
2086 1186 2376 1239 custodiam
2395 1227 2406 1248 ,
2436 1186 2562 1240 dum
2592 1187 2829 1241 consistit
2859 1188 3134 1244 adversum
3160 1209 3239 1247 me
3265 1211 3446 1261 pecca-

1842 1289 1921 1332 tor
1952 1276 2128 1349 (Psal.
2156 1294 2393 1345 xxxvm,
2423 1279 2503 1349 2).

1911 1371 2000 1425 89.
2044 1371 2184 1439 Quid
2216 1372 2361 1426 enim
2403 1373 2483 1427 vis
2523 1373 2707 1443 loqui?
2742 1374 2962 1430 Vereris
2993 1391 3082 1443 ne,
3117 1386 3167 1432 te
3195 1387 3440 1444 tacente,

1840 1464 2054 1534 objecta
2083 1465 2398 1519 credantur.
2441 1465 2548 1520 Sed
2588 1467 2713 1519 audi
2749 1468 2947 1521 bonum
2999 1471 3313 1540 magistrum
3361 1472 3444 1526 di-

1839 1566 2052 1612 centem
2094 1552 2341 1611 sauétum
2386 1557 2524 1612 Job:
2559 1555 2694 1611 Ecce
2726 1559 2870 1613 rideo
2902 1561 3206 1628 opprobria,
3249 1572 3298 1616 et
3339 1579 3444 1617 non

1837 1650 2018 1719 loquor
2042 1667 2060 1704 :
2091 1652 2348 1715 clamabo,
2381 1661 2426 1705 et
2472 1652 3009 1723 nnsquamjudicium
3048 1651 3169 1725 (Job
3195 1670 3285 1709 Xlx
3310 1696 3323 1721 ,
3356 1655 3437 1726 7),

1765 1725 1814 1785 Β
1843 1741 1895 1796 id
1933 1753 2038 1809 cst,
2090 1743 2410 1800 criminator
2455 1746 2652 1816 aliquis
2699 1749 2996 1818 Opprobria
3051 1747 3215 1818 jacit?
3266 1725 3444 1806 Habes

1839 1836 1985 1906 quod
2007 1837 2146 1890 intra
2177 1847 2228 1891 te
2257 1838 2459 1901 rideas,
2487 1839 2530 1892 si
2561 1839 2766 1894 crimen
2796 1841 3131 1896 conscientia
3157 1857 3265 1896 non
3287 1856 3443 1898 reco-

1837 1930 2068 1997 gnoscit.
2097 1930 2236 1997 Quid
2267 1931 2412 1985 enim
2446 1930 2650 1985 referas
2696 1933 2861 1987 verba
2911 1933 3133 1989 verbis?
3178 1934 3432 1990 Nondum

1836 2031 1918 2073 est
1942 2020 2240 2089 judicium:
2287 2033 2340 2077 et
2390 2022 2435 2077 si
2465 2024 2702 2091 clames,
2737 2040 2843 2080 non
2873 2027 3292 2098 appropinquat.
3336 2029 3443 2086 De-

1835 2111 2034 2168 bentur
2065 2114 2158 2169 tibi
2189 2115 2241 2169 in
2276 2116 2378 2170 hoc
2407 2118 2608 2172 saeculo
2631 2119 2795 2172 multa
2827 2123 3150 2177 certamina.

1906 2207 1996 2264 90.
2043 2207 2260 2263 Vicerat
2292 2219 2520 2264 sanctus
2549 2209 2652 2265 Job
2673 2212 2855 2267 damni
2886 2214 3132 2269 dolorem
3161 2234 3174 2270 :
3207 2218 3434 2290 vicerat,

1833 2301 2000 2355 immo
2040 2301 2348 2356 excluserat
2372 2302 2548 2357 luctus
2571 2305 2924 2359 acerbitatem
2953 2306 3006 2360 in
3048 2310 3437 2364 amissionibus

1832 2393 2090 2457 liliorum,
2133 2393 2344 2450 vicerat
2371 2396 2658 2451 vulnerum
2711 2410 2734 2439 ο
2778 2401 3135 2467 asperitates:
3162 2401 3432 2457 vibicibus

1830 2487 2081 2558 corporis
2109 2487 2437 2543 adhibentur
2485 2490 2730 2545 mulieris
2759 2491 2918 2564 301
2976 2501 3332 2563 tentamenta,
3380 2507 3434 2550 et

1831 2579 1945 2650 ipsa
1979 2595 2086 2635 non
2117 2581 2312 2636 sensit.
2347 2580 2544 2638 Adhuc
2580 2584 2881 2638 amicorum
2915 2585 3320 2655 increpationes
3362 2590 3429 2643 ad

1828 2684 2107 2730 certamen
2144 2677 2195 2732 ei
2237 2677 2487 2733 ultimum
2535 2690 2907 2734 reservantur.
2958 2681 3218 2736 Luctatus
3261 2681 3438 2738 fuerat

1827 2781 1950 2822 cum
1980 2767 2178 2825 aﬂ'ectu
2206 2771 2383 2839 patrio
2411 2769 2536 2840 (Job
2565 2788 2604 2839 ι,
2641 2770 2750 2843 18),
2801 2772 3039 2828 luctatus
3083 2789 3207 2830 cum
3233 2775 3427 2834 dolore

1826 2863 2074 2932 corporis
2129 2873 2183 2918 et
2213 2863 2536 2934 aegritudine
2566 2863 2687 2936 (Job
2732 2881 2803 2932 ιι,
2847 2866 2933 2937 7);
2976 2870 3261 2939 oportebat
3301 2887 3426 2927 eum

1825 2953 2010 3009 subire
2036 2955 2199 3010 etiam
2231 2971 2545 3014 sermonum
2579 2960 2928 3018 tentationes.

2419 3071 2649 3129 CAPUT
2691 3073 2832 3129 XIV.

1831 3158 1916 3214 Ea:
1940 3163 2283 3218 incommodis
2304 3166 2480 3220 seaculi
2517 3166 2582 3220 de
2607 3171 2910 3241 cujusquam
2942 3171 3121 3226 merito
3153 3189 3255 3228 non
3278 3175 3432 3247 judi-

1900 3257 2143 3320 candum,
2174 3273 2288 3311 cum
2325 3257 2408 3312 hic
2454 3257 2601 3313 locus
2644 3261 2713 3314 sit
2763 3264 3082 3327 certaminis,
3113 3282 3215 3320 non
3254 3277 3424 3320 autem

1897 3364 2121 3404 coronae.
2166 3349 2319 3406 Hanc
2366 3350 2594 3405 Paulum
2640 3369 2955 3410 asseverasse
3004 3373 3120 3412 cum
3171 3360 3268 3414 sibi
3319 3371 3425 3414 tum

1897 3441 2090 3498 Christi
2131 3445 2406 3499 adventum
2453 3444 2786 3518 diligentibus
2825 3451 3077 3502 reservari
3110 3466 3127 3504 :
3177 3468 3430 3508 annume-

1897 3537 2116 3590 randum
2146 3553 2262 3590 vero
2293 3538 2402 3591 illis
2438 3554 2549 3593 eam
2588 3538 2796 3594 uiduam
2835 3557 2950 3610 qua:
2988 3543 3113 3611 ﬁliis
3157 3544 3425 3613 omnibus,

1894 3645 2020 3699 quos
2056 3630 2169 3696 ipsa
2222 3632 2546 3698 instituerat,
2592 3631 2702 3687 Deo
2759 3636 3104 3696 consecratis,
3156 3639 3419 3707 geminum

1892 3725 2158 3778 viduitatis
2188 3739 2295 3778 sum
2324 3740 2385 3778 ac
2429 3725 2740 3796 virginitatis
2762 3728 2992 3796 ﬁliorum
3033 3730 3216 3782 obtulit
3243 3731 3410 3784 sacri-

1892 3816 2094 3885 ﬁcium.
2126 3815 2326 3880 Quibus
2363 3819 2658 3872 coronidcm
2685 3818 2965 3873 admodum
2994 3821 3082 3892 pia
3114 3822 3409 3889 precatione

1890 3909 2033 3979 ponit
2057 3908 2380 3964 Ambrosius.

1890 4064 1978 4118 9L
2023 4064 2167 4135 Ergo
2192 4065 2408 4136 quando
2434 4064 2586 4120 vides
2629 4064 2850 4120 viduam
2894 4066 3196 4138 dispendiis
3227 4073 3422 4145 aliqui-

1816 4155 1917 4212 bus
1965 4156 2251 4225 laborare,
2295 4167 2390 4213 aut
2441 4159 2671 4214 liliorum
2719 4156 2747 4196 ἀ
2799 4159 3242 4221 incommoditate
3288 4171 3422 4224 :vel

1815 4259 1993 4305 morte
2015 4249 2244 4320 justum,
2277 4249 2362 4305 vel
2394 4250 2612 4322 injuriis
2658 4251 2837 4320 allici;
2870 4253 2980 4309 noli
3019 4271 3084 4311 ex
3117 4257 3273 4314 istius
3312 4273 3416 4314 sce-

1814 4340 1922 4397 culi
1978 4340 2344 4398 incommodis
2395 4343 2586 4398 merita
2639 4343 2755 4415 ejus
2803 4361 3062 4416 pensare,
3095 4359 3190 4405 aut
3230 4352 3416 4408 mirari

1812 4434 1956 4505 quod
1978 4433 2271 4490 derelictus
2297 4450 2326 4489 a
2355 4435 2587 4491 Domino
2619 4437 2708 4493 sit.
2742 4437 2836 4493 Hic
2868 4440 3084 4510 quidem
3118 4444 3410 4511 luctamur,

1815 4527 1912 4584 sed
1934 4528 2060 4583 alibi
2087 4543 2438 4584 coronamur.
2461 4529 2577 4584 Non
2606 4530 2675 4586 de
2697 4546 2784 4586 me
2817 4541 3046 4600 tantum,
3072 4537 3169 4591 sed
3192 4537 3261 4592 de
3290 4554 3411 4592 om-

1813 4621 1975 4676 nibus
2002 4620 2310 4677 bominibus
2337 4623 2700 4678 communiter
2727 4640 2844 4680 sum
2875 4625 3110 4681 locutus.
3141 4627 3275 4684 Nam
3312 4645 3412 4685 un-

1814 4715 1882 4771 de
1910 4717 2044 4771 mihi
2077 4725 2282 4772 tantum
2323 4717 2526 4783 meriti,
2568 4719 2652 4772 cui
2694 4718 3028 4790 indulgentia
3061 4737 3160 4790 pro
3203 4738 3410 4780 corona

1813 4812 1934 4867 est?
1960 4810 2060 4866 llic
2086 4811 2250 4878 lucta,
2282 4811 2392 4866 illic
2420 4810 2671 4866 bravium
2703 4827 2717 4864 :
2769 4811 2859 4868 hic
2903 4814 3121 4882 militia,
3161 4815 3276 4872 illic
3308 4819 3407 4872 sti-

1815 4904 2068 4974 pendium
2097 4913 2200 4958 est.
2237 4904 2382 4972 Ergo
2417 4902 2544 4957 dum
2585 4903 2637 4956 in
2684 4903 2787 4959 hoc
2811 4905 3015 4961 mundo
3047 4923 3198 4975 sum,
3231 4909 3408 4965 adlmc

1811 4997 2011 5062 luctor,
2043 5005 2066 5032 ο
2097 4995 2272 5050 adhuc
2313 4994 2584 5061 decerno,
2641 4995 2818 5050 adhuc
2855 4998 3110 5068 impellor
3151 5009 3209 5055 ut
3260 5002 3410 5058 deei-

1811 5090 1933 5144 dam
1967 5104 1982 5153 ;
2030 5087 2125 5142 sed
2158 5097 2354 5156 potens
2382 5096 2468 5143 est
2500 5087 2761 5142 Dominus
2782 5129 2796 5154 ,
2840 5089 2932 5159 qui
2964 5091 3256 5161 impulsum
3289 5110 3410 5151 sus-

1809 5182 1993 5253 cipiat,
2028 5181 2299 5236 labentem
2333 5188 2555 5248 statuat,
2581 5187 2862 5235 nutantem
2891 5182 3084 5253 erigat.
3115 5185 3251 5251 Quid
3279 5202 3410 5258 ergo

1809 5273 2028 5333 miraris
2054 5273 2292 5344 aliquem
2349 5271 2634 5328 laborare?
2681 5272 2868 5327 Donec
2914 5273 2969 5328 in
3015 5276 3115 5330 hac
3145 5275 3251 5332 vita
3300 5288 3404 5347 est,

1807 5407 2000 5451 omnes
2040 5392 2171 5448 edit.
2220 5393 2544 5463 asperitates,
2589 5392 2775 5446 vibices
2814 5394 3050 5464 corporis
3083 5410 3102 5449 :
3156 5398 3406 5456 adhiben-

1805 5478 1908 5574 ωνίῖ
1944 5475 2149 5593 εὂιῗιιιεξε
2176 5534 2308 5591 edit.
2339 5551 2462 5592 cum
2510 5549 2618 5589 uno
2648 5547 2815 5598 mss.,
2863 5536 3280 5597 incommoditate
3320 5548 3402 5601 vel

1806 5611 2200 5681 morteijustum
2225 5607 2446 5681 injuriis
2484 5607 2662 5676 affici;
2701 5605 2983 5681 reliquiut
3010 5625 3108 5663 nos
3141 5611 3192 5665 in
3229 5624 3395 5674 textu.

1885 5693 1907 5719 ε
1949 5678 2094 5736 Edit.
2119 5720 2133 5745 ,
2164 5678 2334 5733 adhuc
2361 5679 2603 5743 decerto;
2630 5692 2761 5732 mss.
2782 5719 2796 5743 ,
2828 5678 3000 5733 adhuc
3022 5681 3260 5740 decerno.

2891 5844 2966 5909 12
