3974 6186
536 273 643 331 5ϋῦ

1902 257 2151 316 SANCTI
2191 250 2515 315 AMBROSII

3726 245 3836 302 δί

526 396 805 444 certamen
832 395 940 435 non
968 377 1168 441 deerit,
1199 389 1307 429 non
1328 373 1431 430 erit
1456 386 1685 429 corona.
1713 370 1905 427 Nullus
1931 370 2131 443 proba-
2158 375 2212 438 Α
2236 366 2413 421 ulcera
2443 371 2665 421 curaret
2693 361 2840 417 illius
2871 375 2898 414 τι
2940 358 3245 415 latronibus
3274 357 3540 413 vulnerati
3572 355 3723 430 (Luc.
3767 374 3797 412 χ
3820 404 3834 425 ,

534 488 642 541 tur,
666 475 767 532 nisi
792 473 881 544 qui
906 469 1343 545 perseveraverit
1371 483 1541 538 usque
1570 468 1621 522 in
1656 467 1817 523 ﬁnem
1845 485 1860 533 ;
1894 476 1950 521 ut
1980 475 2132 538 post-

533 590 597 631 ca
624 568 798 642 possit
826 567 916 636 qui
948 565 1186 637 legitime
1212 564 1529 640 certaverit,
1557 559 1829 617 coronari.

610 662 699 720 92.
742 660 874 727 Quis
906 657 1100 713 fortior
1150 656 1340 722 Paulo,
1384 654 1505 727 quis
1530 652 1777 709 beatior?
1808 652 1904 709 ille
1950 661 2133 707 tamen

537 772 637 814 vas
685 750 972 812 electionis
1020 747 1323 807 Dominica
1378 763 1485 804 non
1535 758 1661 804 ante
1716 746 1817 803 sibi
1871 752 2134 802 Coronam

538 847 874 913 vindicavit,
933 859 1093 917 quam
1150 854 1423 899 certamen
1488 855 1652 897 omne
1705 846 2132 895 consummaret.

537 940 773 1013 Ideoque
795 938 870 996 ait
903 956 916 991 :
949 932 1218 992 Certamen
1249 920 1437 988 bonum
1475 932 1671 988 certavi
1692 974 1705 995 ,
1752 948 1963 985 cursum
2006 945 2134 983 con-

536 1034 787 1092 summavi
806 1074 821 1099 ,
848 1028 1004 1102 ﬁdem
1031 1027 1229 1084 servari
1262 1043 1278 1081 :
1308 1025 1448 1096 quod
1477 1022 1770 1096 reliquum,
1798 1022 2029 1094 reposita
2063 1031 2138 1077 est

538 1127 667 1182 mihi
694 1140 885 1180 corona
904 1121 1129 1196 justitia:
1158 1119 1224 1193 (ll
1247 1117 1384 1173 Tim.
1408 1134 1487 1185 tv,
1515 1118 1570 1181 7,
1604 1116 1702 1188 8);
1734 1132 1895 1186 quam
1924 1130 2031 1170 non
2056 1130 2137 1171 so-

531 1222 645 1277 lum
674 1212 836 1292 302
867 1216 1003 1283 sibi,
1038 1212 1134 1270 sed
1165 1212 1327 1269 etiam
1362 1208 1615 1265 omnibus
1655 1208 2009 1279 diligentibus
2037 1206 2136 1262 ad-

538 1321 766 1369 ventum
791 1308 1003 1365 Domini
1033 1305 1163 1362 dicit
1188 1320 1313 1362 esse
1339 1302 1695 1360 reddendam.
1729 1300 1961 1357 Pulchre
1979 1299 2134 1367 dixit,

535 1405 825 1463 adventum
870 1401 1073 1458 Christi
1114 1396 1497 1471 diligentibus;
1534 1412 1693 1452 nemo
1739 1396 1883 1451 enim
1917 1393 2140 1450 festinat

538 1498 604 1556 ad
634 1496 923 1571 judicium,
955 1495 1056 1550 nisi
1098 1494 1188 1565 qui
1216 1492 1285 1548 de
1317 1491 1624 1548 innocentia
1658 1505 1883 1547 securus
1915 1497 2019 1556 est,
2046 1497 2139 1544 aut

536 1593 627 1665 qui
668 1584 735 1648 de
765 1590 951 1644 labore
981 1587 1281 1660 praesumit,
1309 1588 1396 1641 cui
1440 1595 1533 1641 aut
1558 1587 1731 1658 gratia
1760 1583 2001 1653 Domini,
2046 1593 2139 1638 aut

535 1686 622 1757 pia
656 1699 753 1757 pro
779 1672 997 1737 ChriSto
1024 1680 1323 1736 certamina
1352 1679 1741 1750 suffragantur.

2237 457 2353 531 '55).
2382 458 2526 528 Ergo
2554 456 2677 528 quia
2708 464 2762 511 et
2785 453 3086 510 secundum
3114 462 3267 507 vetns
3297 449 3702 508 Testamentum
3729 451 3842 505 Ma-

2237 554 2334 608 riae
2366 550 2578 607 sororis
2627 550 2810 605 Aaron
2843 548 3207 619 virginitatem
3256 545 3458 617 (Exod.
3498 562 3589 613 xv,
3619 544 3739 618 ΞΟ),
3790 554 3844 602 et

2237 646 2538 704 secundum
2564 660 2767 700 novum
2796 653 2997 699 sancta:
3022 641 3211 697 Mariae
3242 640 3431 696 matris
3464 638 3675 695 Domini
3704 640 3847 695 inte-

2237 743 2489 812 gritatem
2534 738 2753 814 (Matth.
2783 755 2836 806 ι,
2865 737 2963 808 25)
3005 737 3060 793 in
3095 735 3276 792 studio
3303 750 3416 790 suae
3444 735 3613 806 prolis
3638 734 3845 791 imitata

2240 845 2346 904 est,
2396 834 2895 891 remunerationem
2936 822 3062 887 ﬁdei
3095 828 3278 888 divino
3305 824 3514 901 judicio
3549 843 3849 900 conseque-

2240 936 2361 995 tur;
2387 944 2512 999 qua:
2555 922 2687 982 nihil
2721 924 2825 981 sibi
2855 925 2920 980 ad
2963 922 3149 981 szeculi
3191 920 3497 980 subsidium
3530 923 3847 987 reservavit,

2240 1022 2335 1079 sed
2368 1032 2538 1078 totum
2564 1018 2795 1078 Domino
2822 1020 3028 1077 sobolis
3056 1021 3158 1092 pite
3187 1032 3388 1076 munus
3414 1018 3699 1091 impendit.

2313 1115 2405 1172 94.
2437 1115 2514 1172 Te
2545 1129 2709 1181 nunc,
2731 1114 2983 1181 Domine,
3011 1110 3279 1184 deprecor
3304 1120 3364 1167 ut
3388 1127 3551 1182 supra
3584 1113 3721 1166 hanc
3751 1111 3849 1166 do-

2242 1229 2387 1269 mum
2421 1221 2567 1269 tuam
2592 1256 2606 1280 ,
2639 1222 2801 1284 Supra
2831 1213 2948 1269 hinc
2981 1213 3199 1280 altaria,
3232 1229 3354 1285 qua:
3395 1210 3560 1268 hodie
3588 1211 3850 1267 dedican-

2240 1315 2349 1376 tur,
2387 1324 2547 1380 supra
2582 1309 2682 1364 hos
2730 1306 2941 1379 lapides
2989 1306 3288 1377 Spiritales,
3341 1305 3543 1378 quibus
3594 1305 3854 1361 sensibile

2242 1403 2337 1460 tibi
2362 1404 2415 1460 in
2444 1402 2673 1474 singulis
2704 1403 2966 1473 templum
3009 1398 3290 1468 sacratur;
3325 1398 3676 1472 quotidianus
3714 1414 3853 1472 pra:-

2240 1494 2325 1551 sul
2356 1495 2627 1562 intendas,
2655 1494 3043 1565 orationesque
3068 1508 3353 1548 servorum
3383 1501 3624 1556 tuorum,
3654 1507 3776 1562 quae
3803 1491 3852 1545 in

2244 1590 2347 1644 hoc
2387 1589 2510 1645 loco
2554 1586 2877 1655 tunduntur,
2906 1586 3094 1644 divina
3126 1588 3214 1641 tua
3249 1585 3519 1656 Suscipias
3547 1584 3854 1639 misericor-

2243 1682 2353 1738 dia.
2419 1682 2541 1737 Fiat
2597 1682 2692 1738 tibi
2749 1690 2774 1719 η
2812 1682 2864 1736 in
2916 1682 3143 1737 odorem
3187 1676 3640 1735 sanctiﬁcationis
3693 1691 3853 1731 omne

604 1772 695 1832 9'5.
738 1776 911 1842 Quam
947 1773 1131 1844 utique
1156 1771 1381 1828 habebit
1419 1770 1832 1842 praerogativam
1876 1780 1931 1825 et
1966 1784 2028 1827 ea
2058 1769 2137 1825 vi-

2245 1776 2572 1833 sacriﬁcium
2593 1777 2740 1848 quod
2768 1776 2822 1832 in
2856 1775 2959 1831 hoc
2998 1774 3205 1846 templo
3241 1772 3349 1830 ﬁde
3378 1774 3622 1844 integra,
3654 1771 3739 1841 pia
3766 1786 3849 1825 se-

536 1856 643 1927 dua
667 1885 788 1942 qua:
817 1868 957 1925 bene
985 1865 1125 1922 ﬁlios
1146 1866 1479 1932 educaverit,
1513 1873 1570 1921 et
1596 1864 1650 1919 in
1688 1864 1874 1921 liberis
1898 1863 2138 1936 gratula-

536 1960 703 2029 bitur,
728 1970 786 2018 et
814 1959 1049 2016 maxime
1076 1975 1198 2032 quae
1228 1974 1419 2015 omnes
1449 1974 1583 2030 quos
1613 1956 1875 2031 suscepit,
1907 1950 2139 2014 Domino

533 2052 704 2111 dedit.
741 2050 896 2110 Unde
918 2062 973 2109 et
1002 2052 1093 2108 illa
1135 2052 1456 2124 Evangelica
1494 2050 1653 2107 vidua
1679 2050 1941 2107 divitibus
1984 2062 2138 2106 ante-

534 2148 708 2205 fertur
735 2148 886 2221 (Luc.
921 2164 1044 2215 ut,
1070 2148 1125 2214 5,
1154 2147 1250 2219 4);
1279 2162 1388 2203 non
1416 2148 1593 2203 solum
1636 2146 1782 2203 enim
1812 2147 1940 2218 quia
1965 2153 2137 2201 totum

535 2242 681 2314 quod
710 2242 922 2312 habuit,
963 2242 1029 2298 ad
1061 2243 1262 2299 victum
1291 2257 1589 2314 pauperum
1620 2241 1804 2308 misit;
1837 2240 1932 2298 sed
1973 2242 2140 2296 etiam

534 2335 681 2407 quod
710 2334 817 2393 duo
846 2353 955 2394 tera
1007 2336 1223 2405 detulit,
1270 2337 1551 2393 Dominica
1584 2351 1718 2392 voce
1763 2335 2038 2403 laudatur,
2089 2334 2141 2392 id

534 2439 640 2496 est,
674 2430 892 2502 plenam
924 2427 1108 2486 ﬁdem.
1145 2429 1389 2501 Denique
1410 2430 1475 2485 ad
1504 2428 1743 2485 hominis
1770 2429 2056 2485 sanitatem
2088 2436 2144 2485 et

536 2522 627 2579 ille
678 2522 1057 2581 Samaritanus
1089 2521 1201 2578 duo
1243 2537 1352 2578 aera
1398 2518 1699 2578 stabulario
1736 2520 1909 2588 dedit,
1938 2518 2140 2594 quibus

2245 1869 2476 1925 dulitate
2522 1868 2789 1927 defertur.
2823 1868 2892 1925 Et
2932 1883 3056 1924 cum
3085 1867 3152 1924 ad
3183 1868 3327 1923 illam
3360 1865 3596 1937 respicis
3624 1864 3852 1920 hostiam

2246 1961 2563 2029 salutarem,
2584 1976 2681 2033 per
2697 1976 2859 2033 quam
2880 1969 3162 2032 peccatum
3187 1957 3376 2014 mundi
3395 1958 3557 2029 hujus
3575 1956 3849 2021 aboletur;

2247 2054 2511 2125 respicias
2537 2055 2703 2111 etiam
2739 2053 2810 2111 ad
2837 2054 2936 2111 has
2961 2056 3061 2124 piae
3089 2050 3298 2110 hostias
3329 2050 3623 2115 castitatis,
3659 2056 3718 2105 et
3741 2047 3854 2103 diu-

2248 2156 2409 2203 turno
2440 2162 2535 2204 eas
2565 2148 2768 2203 tuearis
2813 2146 3053 2213 auxilio;
3104 2155 3163 2201 ut
3216 2145 3348 2200 ﬁant
3400 2142 3500 2198 tibi
3528 2140 3585 2198 in
3632 2140 3848 2197 odorem

2246 2241 2533 2297 suavitatis
2562 2240 2757 2297 hostia:
2785 2238 3178 2311 acceptabiles,
3227 2235 3456 2294 Christo
3487 2235 3716 2293 domino
3738 2234 3851 2307 pla-

2248 2346 2459 2404 centes,
2487 2342 2546 2390 et
2578 2335 2848 2406 integrum
2895 2334 3146 2406 spiritum
3194 2347 3410 2397 eorum,
3444 2339 3499 2386 et
3530 2330 3769 2385 animam
3798 2335 3850 2383 et

2247 2444 2452 2502 corpus
2483 2430 2604 2485 sine
2626 2428 2845 2500 querela
2879 2442 3054 2499 usque
3076 2428 3128 2482 in
3160 2426 3308 2482 diem
3332 2425 3551 2482 Domini
3575 2422 3750 2480 nostri
3769 2419 3851 2479 Je-

2247 2538 2311 2579 su
2342 2521 2547 2579 Christi
2571 2521 2665 2577 lilii
2690 2521 2768 2577 tui
2798 2534 3023 2577 servare
3050 2518 3311 2591 digneris.

610 2673 636 2702 ι
676 2663 754 2719 Ita
778 2673 888 2720 vet.
929 2664 1063 2720 edlt.
1095 2676 1157 2717 sc
1185 2662 1342 2732 pauci
1371 2675 1530 2725 mss.;
1561 2659 1654 2715 alii
1682 2672 1816 2714 vero
1848 2658 2008 2729 longe
2042 2658 2291 2728 plurimi,
2335 2660 2390 2714 in
2437 2662 2684 2714 Mum"!
2731 2659 3202 2728 sanctiﬁcationis;
3232 2664 3289 2712 at
3334 2652 3497 2712 Rom.
3548 2652 3688 2710 edit.
3717 2653 3846 2717 sols,

535 2736 591 2789 in
618 2736 826 2791 odorem
846 2734 1140 2793 suavitatis.

781 2961 904 3046 ΙΝ
977 2956 1436 3046 LIBRUM
1508 2958 1670 3044 DE
1743 2956 2121 3175 LiPSU

1916 3093 2137 3177 DM(

2245 2961 2276 3176 ξ
2268 2952 2731 3178 11%(31NIS
2809 2950 3612 3050 CONSECRAT/E

2314 3096 2547 3180 TIO.

611 3369 918 3426 Continetur
945 3368 1043 3423 hoc
1071 3368 1128 3423 in
1156 3384 1308 3440 apere
1331 3367 1775 3424 vehementissima
1807 3368 2121 3441 increpatio,
2144 3385 2247 3440 qua
2286 3371 2516 3443 puellam
2546 3388 2661 3441 qua:
2692 3383 2809 3445 post
2832 3374 3146 3445 promissam
3174 3371 3245 3427 ad
3274 3388 3393 3428 aras
3417 3372 3765 3446 virginitatem
3786 3371 3851 3426 vi.

541 3468 662 3524 tiari
688 3485 742 3523 se
769 3466 832 3521 ab
857 3465 1121 3539 impudico
1150 3462 1475 3519 adolescente
1495 3464 1687 3537 stepius
1720 3481 1875 3535 passa
1914 3462 2070 3537 (Cap.
2104 3466 2157 3531 4,
2193 3481 2339 3519 num.
2377 3464 2490 3536 11),
2515 3466 2667 3520 etiam
2697 3476 3003 3540 conceptum
3026 3483 3089 3523 ea:
3107 3482 3164 3521 eo
3186 3467 3441 3540 infantem
3473 3483 3683 3522 necasse
3711 3465 3848 3539 (Cap.

541 3560 598 3628 8,
621 3566 766 3616 num.
795 3556 888 3630 5'5)
916 3556 1205 3624 dicebatur,
1238 3572 1440 3611 summa
1471 3573 1587 3610 cum
1613 3558 1778 3611 animi
1804 3556 1986 3612 dolore
2013 3556 2256 3631 objurgat
2281 3558 2513 3632 ejusdem
2542 3557 2835 3630 episcopus.
2868 3557 3060 3633 Ingens
3085 3567 3193 3613 erat
3220 3570 3404 3629 suapte
3429 3572 3620 3614 natura
3646 3558 3739 3613 hoc
3761 3558 3851 3628 fla-

540 3656 750 3727 gitium,
778 3653 867 3710 sed
895 3651 1034 3709 illud
1060 3651 1220 3706 multo
1247 3652 1453 3725 gravius
1474 3669 1592 3707 cum
1623 3653 1731 3709 alia
1760 3652 1947 3718 multa,
1985 3664 2092 3708 tum
2121 3664 2297 3709 secuta
2324 3654 2446 3709 inde
2479 3655 2749 3711 hominum
2784 3654 3004 3725 offensio
3026 3655 3328 3714 reddiderat
3356 3652 3510 3729 (Cap.
3540 3656 3592 3723 1,
3620 3672 3757 3710 num.
3782 3650 3849 3722 5).

544 3751 814 3815 Susanna,
847 3749 921 3803 sic
948 3747 1083 3802 enim
1115 3745 1209 3801 illa
1235 3743 1511 3800 vocabatur
1544 3746 1697 3819 (Cap.
1727 3746 1781 3812 1,
1808 3764 1953 3801 num.
1988 3746 2069 3819 3).
2100 3764 2127 3803 e
2146 3744 2313 3803 nobili
2338 3749 2541 3820 familia
2564 3748 2786 3804 ducebat
2813 3765 2985 3805 ortum
3012 3731 3165 3821 (Cap.
3189 3748 3246 3812 2,
3278 3764 3421 3802 num.
3447 3749 3528 3819 4).
3551 3748 3683 3805 Cum
3704 3756 3852 3802 autem

541 3854 842 3915 perpetuam
867 3846 1069 3896 servare
1106 3838 1415 3910 pudicitiam
1444 3839 1540 3894 sibi
1581 3840 1958 3911 praposuisset,
1991 3842 2280 3896 contrarias
2308 3856 2609 3913 expugnare
2648 3843 2876 3913 nequivit
2910 3852 3185 3913 parentum
3223 3841 3541 3908 voluntates,
3580 3843 3683 3896 nisi
3722 3846 3848 3911 posto

540 3953 699 4007 quam
725 3936 963 4005 terrificis
990 3932 1299 4005 quibusdam
1330 3932 1451 3986 visis
1478 3932 1546 3985 ad
1572 3930 1628 3986 id
1652 3949 1705 3987 se
1742 3932 1934 3987 moveri
1973 3944 2150 3988 sancte
2175 3933 2459 4004 afﬁrmavit
2488 3933 2645 4010 (Cap.
2674 3936 2709 3991 4
2729 3975 2746 4003 ,
2777 3953 2920 3991 num.
2969 3935 3082 4007 16).
3115 3933 3243 4005 Ipso
3280 3932 3497 3989 Domini
3526 3932 3851 3990 reviviscentis

544 4033 676 4101 festo
714 4030 769 4084 in
817 4029 1083 4100 praecipua
1121 4026 1361 4093 basilica,
1399 4043 1562 4097 prope
1588 4028 1759 4084 altare
1789 4044 1889 4099 quo
1917 4043 2030 4082 eam
2059 4033 2440 4101 neaphytorum
2469 4048 2650 4103 greges
2680 4048 2798 4087 cum
2829 4034 2986 4088 cereis
3016 4032 3246 4087 accensis
3278 4031 3607 4087 deduxerant
3632 4029 3779 4107 (Cap.
3803 4026 3849 4091 Β.

547 4140 689 4180 num.
726 4120 840 4195 l8),
865 4132 983 4177 vota
1010 4137 1129 4187 sua,
1164 4120 1401 4174 universo
1429 4119 1624 4191 populo
1648 4121 2015 4189 respondente,
2045 4135 2229 4186 amen,
2274 4123 2625 4193 pronuntiavit
2655 4121 2820 4196 (Ibid.
2855 4139 2995 4177 num.
3034 4122 3149 4194 19).
3196 4120 3326 4177 Mos:
3352 4122 3453 4191 ipsi
3480 4122 3722 4189 imposito
3750 4124 3852 4190 post

550 4227 852 4275 consuetam
879 4215 1292 4271 exhortationem
1320 4213 1431 4267 velo
1471 4212 1617 4270 illam
1653 4214 1772 4268 aliis
1809 4213 2291 4270 sanctimonialibus
2311 4219 2553 4290 junctam
2592 4215 2733 4272 idem
2768 4217 2964 4289 praesul
2989 4216 3201 4271 admisit
3226 4215 3279 4269 in
3304 4216 3616 4270 asceterium
3638 4212 3781 4288 (Cap.
3805 4213 3853 4277 7,

550 4328 695 4369 num.
723 4310 793 4365 27
812 4318 861 4364 et
878 4308 1037 4378 seq.),
1056 4307 1143 4361 ubi
1160 4305 1395 4361 eamdem
1414 4307 1615 4363 idoneis
1635 4308 1906 4379 prteccptis
1923 4308 2166 4378 frequens
2193 4310 2424 4366 imbuere
2448 4327 2550 4365 non
2576 4310 2864 4383 negligebat
2895 4308 3109 4382 (Ibid.).
3139 4307 3307 4364 Vitam
3338 4307 3448 4363 illic
3474 4308 3854 4379 haudquaquam

547 4401 697 4458 duxit
714 4399 778 4454 ab
792 4398 933 4455 omni
950 4397 1181 4451 criminis
1203 4398 1370 4467 specie
1395 4415 1457 4452 ac
1475 4398 1818 4454 similitudine
1842 4399 1913 4454 ita
1938 4410 2188 4457 remotum
2215 4404 2339 4474 quin
2363 4420 2465 4458 non
2492 4403 2653 4458 multo
2685 4413 2799 4475 post
2835 4405 2947 4475 ejus
2973 4403 3182 4457 castitas
3200 4401 3431 4456 adversis
3457 4402 3743 4457 rumoribus
3759 4410 3855 4454 tra-

549 4491 825 4547 duceretur
846 4486 1001 4561 (Cap.
1025 4486 1081 4554 6,
1110 4502 1254 4541 num.
1274 4486 1390 4558 24).
1426 4487 1542 4543 Hoc
1571 4488 2018 4559 impatientissime
2048 4492 2168 4548 tulit
2201 4493 2450 4551 Susanna
2468 4511 2487 4550 :
2518 4496 2791 4567 episcopus
2817 4511 2933 4550 vero
2950 4496 3241 4567 conjunctis
3261 4512 3379 4549 cum
3409 4498 3642 4569 ejusdem
3665 4501 3854 4566 parente

552 4585 722 4654 curis,
750 4580 951 4653 frustra
982 4590 1039 4635 ut
1077 4588 1313 4635 auctores
1355 4579 1514 4655 hujus
1548 4582 1823 4640 calumniae
1850 4584 2033 4640 detecti
2062 4589 2346 4645 canonicos
2373 4591 2571 4646 luerent
2592 4607 2789 4660 poenas,
2822 4590 3109 4645 desudavit.
3137 4590 3220 4644 Ea
3257 4606 3378 4645 cum
3402 4591 3516 4660 fieri
3544 4592 3735 4647 cautior
3754 4588 3859 4641 hinc

548 4678 833 4742 debuisset,
876 4675 1071 4747 elapsis
1093 4682 1264 4730 tamen
1304 4675 1467 4730 tribus
1499 4680 1653 4733 annis
1689 4675 1843 4749 (Cap.
1874 4679 1929 4745 7,
1956 4697 2103 4736 num.
2123 4679 2242 4754 29),
2269 4683 2465 4739 crimen
2487 4668 2645 4756 cujus
2664 4684 2803 4755 falsa
2838 4684 3059 4754 infamia
3086 4683 3232 4757 prius
3261 4682 3607 4750 laboraverat,
3642 4699 3740 4739 non
3764 4680 3857 4736 sine

555 4787 743 4847 magno
769 4769 1078 4826 Judteorum
1108 4785 1168 4825 ac
1193 4770 1461 4841 gentilium
1483 4772 1732 4827 scandala
1755 4787 1871 4826 vere
1898 4775 2174 4831 commisit.
2221 4774 2459 4845 Omnem,
2493 4788 2545 4831 ut
2572 4777 2707 4832 illud
2736 4777 2948 4844 celaret,
2983 4778 3209 4848 lapidem
3238 4779 3396 4833 movit
3424 4795 3443 4834 :
3480 4796 3641 4850 neque
3666 4776 3769 4832 ulla
3784 4785 3860 4826 ra-

560 4870 699 4924 tione
717 4870 783 4924 ad
802 4869 968 4939 ipsius
988 4870 1364 4941 confessionem
1393 4872 1584 4926 adduci
1606 4875 1799 4943 potuit.
1824 4872 2072 4930 Convicta
2097 4876 2302 4931 demum
2324 4880 2469 4946 apud
2489 4878 2792 4944 antistitem,
2809 4876 3029 4948 publica:
3052 4877 3263 4933 addicta
3284 4887 3359 4932 est
3382 4878 3693 4945 paenitentiae
3720 4871 3855 4947 (Cap.

560 4964 615 5032 6,
648 4980 790 5018 num.
819 4963 1123 5034 25).Quam
1167 4979 1283 5019 cum
1315 4966 1407 5020 illa
1418 4967 1537 5036 jam
1563 4968 1801 5036 coepisset
1822 4985 1977 5039 agere
2000 4968 2156 5042 (Cap.
2190 4969 2247 5037 8,
2278 4987 2420 5024 num.
2447 4970 2540 5042 ⁸57)
2559 5013 2573 5036 ,
2606 4972 2775 5043 ipsam
2808 4972 3064 5026 acerrim
3084 4971 3320 5026 oratione
3345 4987 3410 5027 ea:
3435 4988 3539 5043 qua
3564 4977 3754 5027 constat
3771 4967 3858 5020 ista

557 5060 793 5128 scriptio,
816 5060 953 5114 idem
974 5061 1168 5130 prmsul
1190 5062 1404 5133 aggredi
1432 5062 1676 5118 instituit.
1701 5061 1802 5118 Ubi
1835 5064 2097 5118 diritatem
2124 5065 2332 5120 sceleris
2356 5075 2464 5122 tum
2497 5066 2865 5137 adjunctorum
2894 5066 3299 5131 enumeratione,
3331 5075 3440 5120 tum
3460 5066 3753 5135 depulsione
3776 5072 3854 5111 w-

555 5149 885 5204 cusationum
911 5150 1076 5205 oculis
1106 5150 1356 5223 subjecit,
1386 5151 1534 5206 docet
1567 5151 1853 5206 remedium
1882 5155 2095 5208 unicum
2126 5154 2172 5209 ei
2212 5171 2504 5225 superesse,
2533 5157 2783 5228 (aqualem
2812 5166 3018 5227 peccato
3045 5158 3397 5229 ptenitentiam
3443 5155 3599 5228 (Cap.
3632 5155 3684 5222 8,
3727 5163 3853 5207 mim-

559 5243 630 5298 55
648 5254 696 5298 et
726 5242 842 5314 55).
861 5242 1021 5317 Cujus
1046 5245 1251 5314 quidem
1276 5245 1476 5299 labores
1496 5256 1656 5315 atque
1678 5245 1902 5302 dedecus
1924 5248 1968 5300 si
1990 5259 2236 5318 generose
2257 5249 2325 5303 ad
2362 5259 2648 5305 extrentum
2667 5262 2827 5322 usque
2847 5252 3087 5323 spiritum
3125 5250 3453 5317 toleraverit,
3494 5247 3736 5321 promittit
3762 5245 3853 5309 f0"

562 5346 614 5388 ut
641 5336 836 5405 inferni
856 5337 951 5391 sibi
974 5338 1134 5392 debiti
1161 5354 1261 5391 non
1287 5336 1516 5392 desitum
1540 5337 1725 5390 evadat
1750 5339 2014 5408 supplicia
2045 5338 2199 5414 (Cap.
2227 5342 2283 5410 8,
2317 5359 2457 5396 num.
2488 5341 2605 5412 '55).
2640 5338 2931 5413 Compellat
2951 5344 3105 5398 etiam
3132 5340 3367 5415 ejusdem
3399 5331 3856 5410 pseudonymevif-

564 5428 698 5499 ginis
721 5442 1072 5501 corruptorem
1103 5429 1267 5503 (Cap.
1289 5431 1345 5496 9,
1380 5446 1524 5485 num.
1549 5428 1666 5500 '58),
1702 5431 1846 5500 eique
1874 5430 2202 5489 Baltaasaris
2229 5451 2322 5489 nec
2344 5451 2445 5489 non
2480 5434 2873 5491 Sodomitarum
2894 5448 2941 5491 et
2970 5435 3427 5491 Gomorrhteorum
3453 5432 3682 5503 exemplo
3701 5423 3853 5482 decla-

563 5533 644 5575 Νι
668 5522 833 5592 (nam.
862 5523 981 5595 40),
1006 5540 1125 5595 quae
1160 5525 1327 5595 ipsum
1370 5537 1534 5591 panic
1560 5532 1835 5590 maneant,
1874 5526 1976 5579 nisi
2000 5526 2195 5582 similes
2222 5529 2594 5598 resipiscentite
2633 5534 2742 5584 stite
2772 5533 3010 5585 ostendat
3033 5530 3256 5601 fructus,
3284 5529 3354 5583 ad
3383 5543 3513 5600 quos
3542 5524 3764 5583 eumdem
3781 5529 3856 5571 αδ

561 5615 796 5669 stimulat
823 5617 1011 5689 (Num.
1044 5608 1159 5687 λιι),
1189 5616 1458 5688 prapostta
1489 5616 1707 5670 extremi
1755 5614 1939 5685 iudicii
1980 5619 2176 5673 nemini
2210 5620 2452 5675 evitanda
2486 5621 2811 5676 necessitate.
2850 5618 3082 5677 Tandem
3126 5634 3358 5676 reversus
3389 5619 3459 5673 (id
3487 5612 3793 5676 Susannam,
3818 5602 3858 5659 εί

572 5708 925 5772 quotidianum
949 5708 1135 5781 psalmi
1177 5706 1247 5766 50
1292 5708 1645 5763 recitationem
1687 5709 1869 5763 indicit
1894 5706 2049 5783 (Cap.
2083 5712 2170 5778 10,
2218 5729 2362 5767 num.
2390 5711 2509 5784 42),
2558 5729 2620 5768 ac
2662 5724 2915 5782 prtcterea
2943 5716 3112 5770 varios
3139 5712 3367 5784 suggerit
3399 5711 3568 5782 (num.
3590 5710 3661 5768 43
3679 5714 3723 5765 st
3744 5690 3856 5768 εισι)

570 5796 753 5867 quibus
784 5810 831 5853 et
856 5818 910 5855 se
936 5801 1003 5855 ad
1040 5801 1272 5856 dolorem
1301 5813 1346 5856 et
1376 5800 1543 5858 Deum
1570 5801 1640 5859 ad
1671 5803 2085 5863 misericordiam
2111 5815 2331 5876 moveat,
2363 5813 2546 5863 mentis
2577 5805 2811 5874 affectus.
