3974 6186
112 295 209 351 ³⁸5
646 301 735 361 DE
770 302 996 365 LAPSU
1034 304 1337 364 VIRGINIS
1374 298 1859 364 CONSECRATA!
1894 300 2105 366 LIBER
2148 306 2350 367 UNUS.
2394 305 2792 367 ADMONITIO.
3295 292 3397 349 5(ιο

172 408 305 467 Citat
332 414 589 484 hoccpus
632 419 861 473 secunda
889 412 1117 491 synodus
1150 419 1366 475 Duziac.
1401 422 1496 476 sub
1525 419 1815 475 nominibus
1847 414 2103 476 Ambrosii
2144 434 2294 493 atque
2326 422 2659 495 Hieronymi,
2697 430 2744 476 et
2771 435 2949 475 revera
2973 422 3105 474 inter
3136 420 3402 489 utriusque

113 514 255 573 opera
278 504 412 557 illud
435 507 706 575 reperitur.
741 508 987 565 Erasmus
1014 512 1070 566 in
1090 512 1199 566 suis
1228 514 1524 568 earumdem
1553 512 1776 568 Patrum
1804 514 2114 569 editionibus
2143 532 2358 571 censura
2393 518 2616 570 maxime
2640 515 2844 570 diuersa
2865 514 3040 587 ipsum
3066 514 3238 584 afficit.
3270 511 3401 567 Cum

114 596 234 649 enim
257 597 309 650 in
348 596 752 671 Hieronyniiane
774 601 1006 658 editione
1037 605 1422 673 pronuntiasset
1449 605 1636 677 stylum
1666 605 1841 678 palam
1867 621 2088 678 arguere
2118 623 2221 662 non
2255 624 2363 662 esse
2392 604 2703 678 Hieronymi
2725 648 2751 670 ,.
2771 614 2979 679 gustum
3007 621 3124 660 vero
3159 603 3407 676 phraseos

114 691 343 744 accedere
372 692 437 745 ad
469 690 744 764 Augustini
767 695 1063 750 oralionem
1080 713 1099 763 ;
1130 707 1310 750 contra
1338 696 1391 750 in
1441 696 1786 751 Ambrosiana
1815 700 2000 753 asserit
2033 696 2185 770 (Cum
2213 697 2482 753 Perkinsio
2508 709 2554 753 et
2584 694 2931 769 Hospiniano)
2953 695 3407 752 declamationem

117 801 246 854 esse,
276 789 445 858 qualis
472 800 553 845 est
582 790 674 845 illa
709 790 767 847 S.
801 791 1117 865 Hieronymi
1150 793 1217 849 de
1250 801 1422 849 matre
1458 803 1511 849 et
1542 793 1654 849 ﬁlia
1685 795 2127 850 reCOnciliandis.
2163 794 2334 861 Quam
2367 794 2760 849 similitudinem
2792 796 2837 851 si
2872 794 3172 850 elocutionis
3212 789 3408 846 intelli-

119 893 214 951 gat,
243 882 374 936 nihil
400 892 616 953 utroque
639 884 734 938 illo
749 884 954 958 judicio
985 894 1149 958 potest
1176 896 1284 941 esse
1310 887 1714 957 discrepantium
1747 882 1815 941 At
1844 886 2087 956 fortassis
2110 900 2224 942 eam
2260 889 2313 941 in
2347 888 2444 941 hoc
2471 888 2582 942 solo
2603 887 2824 955 positam
2846 885 3030 947 voluit,
3062 882 3199 955 quod
3225 883 3404 936 ambas

118 975 230 1028 istas
258 975 710 1028 commentationes
740 975 1145 1030 declamationes
1174 977 1373 1044 putarit
1398 993 1524 1040 esse,
1557 978 1653 1030 hoc
1681 987 1786 1041 est,
1815 978 1867 1031 in
1899 978 2021 1045 [icto
2046 986 2350 1048 argumento
2380 977 2502 1047 styli
2528 975 2797 1031 exercendi
2827 974 2999 1047 gratia
3025 974 3267 1045 scriptas.
3297 970 3413 1026 lla-

121 1079 206 1131 que
235 1062 366 1117 nihil
392 1073 559 1117 motus
591 1063 687 1117 hac
704 1063 1050 1119 similitudine
1082 1064 1358 1120 Marianus
1388 1065 1572 1121 Victor
1603 1067 1734 1121 hanc
1760 1084 1862 1139 qua
1895 1066 1962 1121 de
1988 1070 2193 1141 agimus
2217 1108 2233 1133 ,
2264 1070 2319 1123 in
2360 1068 2605 1123 editionis
2637 1084 2746 1124 sua:
2785 1067 3208 1139 Hieronymianaz
3235 1068 3417 1138 rejecit

121 1154 460 1225 appendicem.
521 1156 889 1211 Verumtamen
920 1154 1129 1211 Erasmi
1158 1158 1223 1212 de
1258 1159 1426 1224 ipsius
1449 1176 1565 1214 cum
1592 1160 1815 1216 dictione
1846 1161 2123 1233 Augustini
2155 1163 2396 1233 ttﬁinitate
2417 1163 2683 1235 judicium
2710 1162 3075 1234 perstrinxisse
3103 1169 3374 1215 contentus
3402 1199 3417 1223 ,

123 1262 203 1298 cur
228 1247 458 1300 eamdem
491 1245 809 1319 Hieronymo
839 1248 1121 1304 crediderit
1146 1246 1549 1321 abjudicandam
1571 1295 1583 1317 ,
1619 1270 1831 1324 prorsus
1864 1255 2057 1308 reticet.
2092 1254 2248 1326 Atqui
2274 1257 2328 1309 in
2360 1265 2606 1326 promptu
2638 1266 2748 1311 erat
2777 1272 2841 1310 ex
2862 1255 3094 1325 ejusdem
3116 1253 3291 1323 operis
3317 1252 3422 1306 lec-

123 1337 247 1392 tione
268 1340 521 1393 rationem
540 1340 684 1395 illius
703 1342 779 1395 rei
798 1358 981 1397 eruere
1006 1343 1148 1396 omni
1175 1344 1472 1413 exceptione
1492 1349 1765 1418 majorem.
1796 1345 1993 1401 Auctor
2018 1346 2270 1418 siquidem
2298 1349 2597 1420 episcOpum
2624 1366 2736 1405 esse
2758 1366 2812 1404 se
2832 1349 3028 1418 passim
3048 1347 3265 1413 indicat,
3286 1344 3424 1417 quod

130 1429 432 1503 Hieronymo
454 1450 559 1488 non
588 1451 875 1506 congruere
900 1436 1107 1509 ignorat
1137 1454 1308 1493 nemo.

191 1520 436 1587 Quamvis
466 1534 641 1578 autem
669 1540 774 1578 non
804 1534 948 1579 tanta
971 1526 1203 1581 uideatur
1223 1530 1586 1600 repugnantia.
1620 1531 1666 1584 si
1688 1530 1960 1585 Ambrosio
1982 1530 2122 1586 idem
2150 1540 2402 1588 tractatus
2430 1533 2761 1596 attribuatur,
2797 1549 2900 1588 non
2926 1533 3110 1588 desunt
3139 1540 3307 1585 tamen
3337 1530 3427 1599 qui

131 1613 355 1667 eundum
385 1629 413 1668 e
442 1614 793 1685 legitimorum
822 1617 986 1671 sancti
1016 1616 1259 1672 Doctoris
1283 1620 1481 1688 fetuum
1506 1620 1748 1693 cataloyo
1778 1629 2024 1676 censeant
2050 1622 2401 1676 eximendum.
2434 1621 2569 1677 Rob.
2609 1621 2776 1677 Cocus
2822 1620 3062 1693 (Censur.
3098 1620 3281 1692 script.
3304 1617 3430 1689 etc.)

134 1719 387 1779 propterea
422 1719 575 1783 negat
604 1710 1007 1767 Ambrosianum
1034 1728 1167 1779 esse,
1196 1715 1332 1785 quod
1358 1724 1542 1769 auctor
1566 1716 1755 1770 scribat
1780 1717 1932 1771 istaut
1969 1718 2217 1787 puellam,
2247 1718 2293 1771 si
2317 1716 2614 1787 uirginitate
2643 1716 2847 1788 integra
2873 1725 3091 1769 mortem
3116 1713 3394 1785 oppetisset
3416 1754 3431 1771 .

136 1802 345 1869 [auram
373 1804 539 1876 fuisse
563 1820 661 1876 pro
683 1815 951 1877 parentum
977 1808 1199 1877 peccatis
1227 1806 1463 1863 hostiam
1489 1808 1692 1875 vivam,
1716 1809 1949 1867 Domino
1978 1810 2405 1881 pmpitiatricem
2436 1808 2588 1882 (Cap.
2614 1810 2671 1875 4,
2701 1824 2846 1863 num.
2873 1806 2986 1879 15).
3016 1806 3123 1863 Sed
3140 1806 3266 1877 quid
3286 1804 3436 1860 aliud

138 1896 309 1967 tegitur
356 1897 451 1953 lib.
497 1896 613 1954 ede
641 1897 850 1971 Virgin.
888 1901 977 1955 ubi
1010 1900 1311 1957 Ambrosius
1346 1912 1585 1974 parentes
1610 1903 1869 1977 uirginum
1914 1906 1985 1959 sic
2023 1906 2311 1974 alloquitur
2340 1921 2357 1959 :
2386 1901 2460 1961 Ut
2482 1892 2689 1959 habere
2712 1901 2935 1973 possit-is
2956 1916 3194 1971 quarum
3226 1898 3440 1955 meritis

139 1998 300 2045 vestra
327 1991 531 2047 delicta
577 1991 1044 2050 redimantur.....
1078 1996 1232 2065 virgo
1253 1997 1447 2052 matris
1480 1995 1660 2053 hostia
1690 2039 1706 2065 ,
1754 1997 1911 2068 cujus
1946 1997 2273 2069 quotidiana
2298 1996 2571 2052 sacriﬁcio
2598 1994 2682 2051 vis
2706 1994 2895 2050 divina
2924 1993 3173 2065 placatur
3197 1991 3349 2064 (Cap.
3381 1984 3437 2055 7,

142 2100 267 2137 num.
296 2084 409 2155 32).
441 2082 631 2153 Itaque
663 2085 874 2142 Rivetus
916 2085 1072 2161 (Crit.
1123 2088 1249 2145 Sac.
1295 2090 1384 2145 lib.
1417 2105 1501 2159 ιιι,
1526 2107 1641 2163 cap.
1686 2090 1799 2163 16),
1832 2093 1930 2146 hac
1958 2092 2155 2146 sodalis
2193 2093 2274 2146 sui
2308 2092 2516 2145 ratione
2542 2088 2934 2162 insuperltabita
2961 2129 2975 2153 ,
3020 2087 3158 2141 nihil
3194 2085 3447 2140 adversus

146 2178 522 2234 Ambrosianum
565 2179 804 2251 ejusdem
843 2184 1015 2250 operis
1064 2182 1454 2254 inscriptionem
1494 2184 1713 2253 opponit
1737 2224 1753 2249 ,
1789 2198 1942 2254 quant
1982 2183 2123 2254 quod
2164 2183 2416 2257 objiciunt
2462 2180 2703 2237 nonnulii
2750 2184 3023 2235 auctorum
3053 2178 3447 2234 Catholicorum

149 2268 417 2339 (Bellarm.
446 2279 493 2326 et
518 2269 791 2326 Possevin.
818 2269 865 2343 ),
901 2272 1137 2327 uidelicet
1172 2289 1287 2343 cap.
1322 2273 1378 2339 8,
1405 2291 1459 2329 n.
1483 2274 1578 2342 40,
1608 2273 1918 2329 sententiam
1949 2274 2128 2329 haberi
2157 2291 2367 2346 prorsus
2399 2272 2951 2344 Novatianam,qaam
2972 2270 3169 2326 duobus
3193 2269 3339 2324 libris
3379 2268 3449 2325 de

152 2362 453 2420 Pmuitcmia
485 2366 758 2437 impugnet
783 2366 1086 2421 Ambrosius
1116 2365 1307 2441 (Nam.
1340 2366 1663 2440 217).me
1690 2369 1735 2423 si
1761 2379 1944 2423 auctor
1975 2370 2194 2442 hujusce
2230 2368 2526 2440 scriptionis
2553 2368 2655 2422 ista
2682 2368 2866 2421 haeresi
2894 2367 3113 2437 infectus
3141 2373 3273 2419 esset
3299 2404 3313 2430 ,
3345 2379 3451 2433 qua

153 2459 338 2514 ratione
375 2460 577 2531 lapsam
606 2462 677 2514 ad
702 2460 1059 2532 penitentiam
1093 2460 1353 2529 publicam
1382 2461 1458 2517 ita
1484 2462 1823 2528 stimulasset,
1859 2471 1912 2515 ut
1943 2461 2097 2515 simul
2124 2471 2345 2516 celeritas
2375 2475 2551 2530 poenas
2587 2472 2704 2529 qua
2736 2457 2919 2512 sceleri
2955 2472 3050 2510 suo
3094 2452 3413 2508 debebantur
3436 2494 3452 2520 ,

156 2550 365 2605 evitandi
391 2567 479 2623 spe
505 2552 845 2608 sublevaret?
875 2553 1019 2607 Adde
1048 2554 1126 2608 his
1154 2554 1416 2624 quondam
1439 2553 1693 2610 Ewlesia:
1718 2571 1912 2611 morem
1955 2555 2116 2626 fuisse
2140 2597 2154 2621 ,
2202 2563 2255 2609 ut
2294 2554 2552 2608 atrocium
2579 2552 2920 2624 quorumdam
2950 2550 3226 2605 criminum
3252 2548 3352 2604 rcis
3389 2564 3454 2602 ne

158 2643 203 2696 in
228 2655 381 2700 morte
402 2646 613 2718 quidem
638 2647 787 2701 uenia
814 2657 862 2702 et
884 2649 1238 2703 reconciliatio
1276 2650 1663 2712 concederetur,
1696 2651 2012 2721 proindeque
2043 2650 2317 2704 Auctorem
2343 2650 2475 2704 inter
2504 2649 2679 2704 eadem
2711 2648 2930 2705 crimina
2972 2656 3021 2701 et
3058 2646 3156 2701 hoc
3198 2644 3455 2701 Susanna:

160 2739 402 2811 ﬂagitium
428 2746 627 2813 referre
654 2743 765 2797 sine
794 2743 905 2797 ulla
931 2745 1124 2797 erroris
1155 2755 1280 2797 nota
1311 2744 1558 2813 potuisse.
1588 2743 1923 2817 QuaprOpter
1952 2759 2066 2815 qua:
2096 2742 2381 2798 locutiones
2402 2742 2511 2797 illic
2548 2752 2824 2797 occurrunt
2858 2741 3013 2811 paulo
3044 2738 3281 2794 duriores
3307 2780 3321 2805 ,
3371 2753 3456 2792 eas

164 2844 252 2883 non
275 2832 378 2887 alio
404 2833 630 2889 consilio
657 2833 916 2889 adhibitae
938 2845 1205 2905 putamus,
1237 2851 1392 2902 quam
1424 2846 1478 2888 ut
1505 2838 1756 2907 majorem
1787 2835 2050 2889 commissi
2078 2834 2324 2906 propudii
2353 2835 2622 2889 horrorem
2642 2834 2968 2898 incutientes,
2999 2832 3173 2888 acrius
3198 2831 3266 2885 ad
3295 2829 3460 2902 paeni-

166 2927 318 2980 tentia
344 2944 501 2998 opera
522 2938 723 2983 sontem
750 2930 1058 2992 excitarent,
1092 2929 1438 2999 efﬁcerentque
1467 2945 1532 2983 ne
1552 2930 1632 2983 uel
1649 2929 1862 3000 prapria
1884 2927 2103 2983 mollitie
2122 2930 2204 2983 vel
2231 2926 2536 2984 remissioris
2565 2928 2862 3002 cujuspiam
2889 2926 3115 2983 doctoris
3139 2924 3464 2997 indulgentia

169 3020 452 3090 quandoque
476 3023 542 3076 ab
573 3023 873 3077 austeritate
897 3022 1055 3077 semel
1081 3031 1318 3092 suscepta
1350 3030 1700 3077 revocaretur.

232 3111 352 3180 Qui:
376 3131 490 3169 cum
510 3114 585 3169 ita
609 3115 738 3181 sint,
768 3115 900 3170 nihil
918 3119 1035 3188 jam
1062 3126 1241 3170 contra
1270 3115 1598 3169 Ambrosium
1622 3132 1855 3187 pugnare
1873 3123 2038 3185 potest
2065 3122 2274 3188 excepto
2295 3116 2449 3187 stylo.
2476 3113 2619 3170 Licet
2649 3115 2784 3169 enim
2815 3114 3033 3186 hujusce
3056 3115 3225 3187 aperis
3246 3114 3468 3169 elocutio

172 3206 455 3272 quibusdam
484 3226 590 3264 non
619 3209 837 3264 multum
862 3211 1099 3264 videatur
1130 3207 1347 3277 diﬂ'erre
1374 3208 1441 3263 ab
1470 3207 1843 3275 Ambrosiana;
1875 3208 2144 3280 fatendum
2174 3217 2344 3263 tamen
2378 3218 2450 3263 est
2485 3219 2717 3263 sanctam
2750 3198 3036 3263 Prtesulem
3059 3210 3214 3262 etiam
3241 3207 3329 3261 ubi
3349 3221 3472 3261 ora-

177 3299 342 3355 tionem
363 3302 572 3359 adhibet
600 3303 827 3357 maxime
853 3303 1161 3358 concitatam
1180 3342 1198 3367 ,
1227 3302 1399 3355 minus
1426 3300 1600 3355 densis
1627 3316 1689 3354 ac
1717 3300 1949 3355 brevibus
1976 3301 2154 3354 incisis
2186 3301 2278 3355 uti.
2318 3298 2473 3368 Quod
2501 3300 2655 3355 etiam
2681 3296 2842 3371 adjici
2875 3309 3039 3371 potest
3077 3299 3131 3353 in
3169 3302 3264 3353 hac
3295 3296 3471 3366 opella

178 3397 399 3462 quasdam
435 3398 720 3452 sententias
744 3407 895 3468 atque
937 3398 1172 3466 exentpla
1196 3397 1410 3469 reperiri
1438 3395 1710 3452 Ambrosio
1745 3396 1871 3451 satis
1910 3390 2195 3467 familiaria
2223 3438 2237 3463 ,
2275 3395 2328 3450 in
2352 3396 2448 3450 hoc
2474 3395 2683 3467 quidem
2713 3402 3022 3449 momentum
3058 3392 3273 3463 aliquod
3304 3393 3470 3447 inesse

182 3505 269 3544 non
295 3492 613 3562 inﬁciamur,
635 3494 725 3547 sed
746 3493 880 3548 illud
907 3492 1050 3547 haud
1083 3503 1356 3563 propterea
1385 3490 1627 3546 Achillazi
1648 3532 1663 3558 ,
1698 3500 1752 3545 ut
1777 3501 1983 3558 uocant,
2015 3492 2307 3563 argumenti
2335 3491 2447 3546 loco
2482 3490 2775 3567 habendum
2804 3498 2909 3556 est,
2940 3506 3056 3543 cum
3085 3490 3312 3542 diversos
3346 3503 3478 3541 auc-

185 3586 363 3640 (cresin
384 3586 647 3641 similibus
666 3587 941 3642 convenire
956 3602 1059 3640 non
1086 3587 1153 3640 sit
1168 3587 1418 3641 insolens.
1445 3584 1603 3656 Atqui
1623 3595 1678 3639 ut
1701 3583 1922 3639 maxime
1940 3595 2195 3641 constaret
2219 3595 2476 3640 auctorem
2500 3584 2659 3658 hujus
2682 3584 2852 3655 operis
2876 3599 2976 3636 non
3000 3599 3109 3637 esse
3126 3580 3472 3645 Ambrosium,

190 3678 335 3734 nihils
363 3681 514 3736 etiam
544 3683 719 3737 nsinus
744 3681 801 3736 id
827 3691 1027 3736 certum
1062 3690 1192 3735 esset
1218 3721 1232 3745 ,
1276 3680 1440 3734 eidem
1480 3680 1607 3751 fetui
1634 3688 1833 3751 patrem
1862 3674 2076 3732 Doctori
2099 3687 2275 3732 nostro
2306 3686 2457 3732 celate
2486 3678 2695 3732 minime
2734 3675 3032 3742 inferiorem
3059 3670 3478 3735 attribuendum;

192 3775 583 3848 qundoquidem
612 3777 770 3833 etiam
800 3786 907 3831 tum
941 3778 1030 3847 qui
1068 3774 1260 3830 cultura
1301 3775 1457 3831 idolis
1482 3775 1799 3839 exhiberent,
1824 3772 2003 3842 plures
2037 3771 2216 3843 fuisse,
2254 3787 2344 3825 nec
2376 3786 2569 3841 paucos
2594 3771 2743 3825 etiam
2772 3768 2860 3838 qui
2882 3782 3029 3821 sacro
3052 3763 3315 3834 paschatis
3349 3766 3479 3833 festo

194 3867 515 3941 initiarentur,
540 3888 607 3926 ac
648 3871 855 3926 tandem
899 3887 1074 3925 eorum
1104 3884 1137 3923 a
1163 3867 1348 3940 quibus
1378 3867 1511 3923 inter
1531 3879 1751 3923 teternas
1777 3882 1955 3936 poenas
1990 3875 2144 3936 atque
2170 3864 2391 3937 gloriam
2420 3872 2585 3918 status
2620 3863 2828 3934 quidam
2856 3859 3059 3915 medius
3084 3855 3479 3926 admittebatur,

198 3970 396 4015 errorem
421 3964 647 4036 viguisse
668 3964 1006 4036 manifestum
1028 3972 1101 4017 est
1132 3960 1285 4035 (Cap.
1316 3959 1371 4027 8,
1396 3974 1539 4014 num.
1571 3958 1689 4030 '55).

259 4051 369 4111 Non
395 4056 697 4128 ignoramus
729 4056 966 4111 Nicetam
992 4055 1271 4110 Daciarum
1298 4056 1595 4128 episcopum
1615 4094 1630 4118 .
1664 4050 1931 4108 Gennadio
1963 4049 2052 4123 (In
2082 4048 2279 4121 Catal.)
2310 4059 2461 4117 teste,
2507 4048 2711 4106 dedisse
2738 4048 2804 4104 ad
2858 4046 3064 4118 lapsam
3107 4048 3373 4119 virginem
3421 4047 3487 4102 li—

204 4142 401 4217 bellum,
428 4151 686 4207 omnibus
716 4152 1024 4207 labentibus
1050 4149 1461 4206 emendationis
1490 4149 1854 4214 incentivum;
1896 4157 2049 4218 atque
2076 4148 2209 4200 adeo
2238 4163 2340 4200 non
2370 4146 2545 4201 deesse
2572 4147 2710 4199 uiros
2738 4145 2969 4199 eruditos
2989 4184 3004 4210 ,
3031 4143 3122 4214 qui
3152 4144 3289 4197 hunc
3317 4143 3487 4214 ipsum

211 4236 370 4298 librum
393 4247 441 4301 ei
466 4256 729 4317 tamquam
756 4262 873 4301 vero
896 4245 1105 4300 domino
1129 4244 1500 4300 restituendum
1532 4242 1777 4298 scribant.
1805 4242 1869 4296 At
1892 4241 2029 4296 enim
2052 4240 2181 4313 quid
2210 4249 2340 4295 uetat
2366 4239 2632 4294 Ambrosio
2662 4255 2858 4310 quoque
2885 4240 3228 4297 occasionem,
3258 4235 3394 4289 unde
3419 4234 3487 4286 ad

209 4338 509 4393 leuandum
538 4339 682 4395 idem
709 4344 1071 4409 argumentum
1094 4336 1450 4402 induceretur,
1482 4335 1672 4389 nasci?
1697 4333 1843 4389 Certe
1871 4328 2052 4387 Basilii
2084 4341 2249 4386 exstat
2279 4332 2494 4403 epistola
2534 4329 2637 4402 (Ad
2688 4327 2835 4401 Virg.
2866 4326 3058 4400 Laps.)
3093 4327 3323 4398 ejusdem
3374 4340 3488 4377 ma-

216 4426 500 4502 teriemque
520 4430 856 4503 epigraphes.
890 4426 958 4485 Et
983 4430 1125 4501 apud
1163 4428 1487 4482 Ambrosium
1514 4428 1684 4496 ipsum
1716 4427 1762 4481 si
1791 4428 1931 4497 virgo
1957 4425 2164 4480 Indicia
2190 4427 2312 4497 falsi
2340 4426 2572 4480 criminis
2600 4425 2765 4499 potuit
2796 4425 3067 4488 accusari,
3101 4422 3265 4493 potuit
3294 4428 3338 4474 et
3383 4416 3494 4472 alia

217 4519 501 4592 Mi(£pist.
526 4524 598 4578 ad
620 4523 951 4596 Syagrium).
969 4523 1226 4591 Quocirca
1252 4522 1447 4576 rationi
1471 4523 1633 4593 magis
1662 4537 1940 4575 consonum
1968 4521 2100 4575 nihil
2130 4520 2361 4588 videtur,
2395 4537 2550 4592 quam
2581 4530 2633 4574 ut
2665 4521 2863 4574 huncce
2887 4527 3162 4572 tractatum
3187 4512 3498 4569 auctoritate

218 4611 321 4667 ait.
348 4633 407 4671 ac
421 4628 552 4674 mss.
575 4619 831 4684 omnium,
862 4618 906 4673 si
933 4618 1266 4674 recentiorem
1292 4634 1454 4672 unum
1477 4618 1727 4686 excipias,
1753 4633 1783 4671 a
1803 4633 1902 4686 quo
1930 4634 2194 4689 perperam
2227 4615 2469 4672 tribuitur
2488 4615 2686 4671 Joanni
2707 4614 3095 4686 Chrysostomo,
3124 4615 3256 4664 inter
3277 4607 3501 4662 Ambro—

224 4702 367 4762 δίαιται
385 4710 516 4766 alias
542 4712 751 4782 mod
774 4711 1119 4786 virginitate»:
1144 4722 1397 4784 spectant,
1426 4712 1881 4766 commentationes
1901 4713 2256 4767 retineremus.
2288 4706 2583 4782 Et'quidem
2604 4709 2783 4765 nullus
2810 4719 2883 4763 est
2909 4709 3033 4777 quin
3059 4706 3284 4776 fateatur
3311 4720 3427 4758 cum
3454 4711 3503 4759 et

228 4797 462 4860 Antbrosio
482 4808 709 4878 dignum
736 4822 868 4870 esse,
891 4817 939 4863 et
964 4808 1247 4880 multiplici
1279 4809 1460 4864 veteris
1486 4804 1735 4864 Ecclesia:
1761 4809 2041 4880 disciplina
2072 4811 2315 4878 refertum
2340 4820 2357 4860 :
2382 4806 2472 4860 sed
2505 4805 2643 4876 quod
2675 4806 2908 4858 eumdem
2944 4817 3041 4872 pro
3074 4799 3296 4871 epistola
3332 4797 3504 4851 cuncti

230 4890 315 4957 lere
335 4898 564 4969 habeant,
598 4900 690 4971 qui
712 4897 777 4954 de
798 4900 892 4955 illo
917 4901 1115 4970 aliquid
1134 4901 1413 4969 tradidere,
1443 4902 1496 4955 in
1518 4916 1577 4956 eo
1598 4901 1881 4956 certissime
1900 4910 2130 4954 erratum
2149 4906 2245 4952 est.
2274 4894 2413 4951 Nam
2434 4913 2461 4951 e
2487 4896 2734 4951 concione
2754 4895 2925 4966 ipsum
2948 4899 3184 4947 constare
3204 4888 3283 4943 uel
3301 4888 3415 4944 sola
3435 4887 3506 4943 ad

230 4998 548 5062 corruptorem
578 4994 896 5066 apostrOphe
921 4992 1134 5066 planum
1160 4995 1287 5067 facit
1314 4993 1469 5068 (Cap.
1502 4995 1559 5063 9,
1584 5009 1723 5049 num.
1747 4993 1819 5051 58
1845 5002 1894 5050 et
1922 4991 2076 5064 seq.).
