3946 6180
166 262 249 319 369
885 256 976 313 DE
1017 256 1239 315 LAPSU
1288 256 1587 315 VIRGINIS
1622 255 2103 317 CONSECRAT/E
2146 261 2352 319 LIBER
2396 264 2600 324 UNUS.
3306 277 3415 335 37o

164 395 210 435 es
238 377 357 450 quod
394 377 556 433 fuisti.
603 376 899 433 lnccdebas
944 379 997 433 in
1031 379 1272 436 Ecclesia
1311 389 1571 451 tanquam
1604 394 1695 435 co.
1725 381 1774 439 Α
2418 383 2654 441 CAPUT
2694 386 2785 445 IV.

166 472 304 527 lumba
336 471 413 525 illa
440 514 456 539 ,
499 472 564 525 de
602 486 712 541 qua
751 472 1011 541 scriptum
1054 486 1175 527 cSI:
1211 470 1407 527 Pennas
1433 471 1685 528 columbi:

1799 492 2115 566 Confutatis,
2129 512 2258 566 quas
2275 507 2535 568 corruptae
2547 500 2911 557 excusationes
2922 502 3090 557 solent
3106 514 3409 574 prateatere,

162 565 444 669 diﬁcatum
464 606 478 628 ,
512 562 1062 669 ὶρῖηξνίοςαβοτδε
1104 565 1214 635 ⁶Ῐ²¹⁸
1239 573 1264 600 ³
1287 564 1340 618 ίη
1384 564 1554 669 Spfch
1578 566 1696 669 af".
1869 586 1940 642 ad
1967 587 2159 642 crimen
2193 589 2428 656 rediens,
2461 600 2732 662 parentum
2764 593 2876 664 ejus
2906 610 2968 649 ac
3008 562 3164 650 totius
3194 562 3411 669 familiai

163 654 294 725 (Psal.
318 671 469 721 vatt,
510 654 621 727 l4).
645 655 984 725 Splendebas
1014 667 1069 712 ut
1098 669 1385 729 argentum
1405 701 1419 719 .
1447 659 1691 730 fulgebas

1871 683 2030 736 vicem
2072 683 2347 738 miseratur
2376 704 2394 738 :
2420 685 2666 755 docetque
2700 688 2827 759 ipsis
2858 689 3144 758 aplabilius
3172 654 3410 763 futurum

158 747 281 820 307
300 755 367 851 fl“
402 762 587 851 “iam
614 787 631 810 ν
678 748 900 818 quando
947 750 1314 851 θ¹¹¹¹¹ξί¹¹θθ¹¹ξξ
1352 750 1684 851 οοπξδθίεηίίθ
1872 776 2034 846 fuisse
2064 784 2118 829 ut
2153 777 2303 842 prius
2337 788 2622 831 moreretur
2648 793 2668 833 :
2708 747 2802 832 nec
2832 747 2939 834 illis
2966 747 3236 851 superesse
3259 784 3409 838 aliud

158 842 457 912 precedebas.
504 840 645 897 Eras
674 850 947 913 tamquam
994 842 1153 898 stella
1198 842 1414 899 radians
1447 844 1500 899 in
1531 859 1691 899 manu

1872 868 2135 930 solatium,
2161 884 2315 937 quam
2335 870 2474 939 quod
2503 869 2549 924 ei
2578 871 2889 943 virginitatis
2918 840 3289 945 professionem
3312 876 3410 930 eli-

157 936 353 1036 Domin-i,
378 935 580 991 nullum
605 943 825 992 ventum
843 976 859 1003 ,
892 936 1067 991 nullas
1095 937 1224 993 belli
1263 938 1493 994 nebulas
1521 939 1693 1010 perti-
1867 963 2007 1033 gem,-
2048 935 2182 1017 δοιά
2203 980 2295 1036 ,με
2342 935 2534 1020 Qum-m3
2554 935 2987 1022 τωληααεεοῇε,
3009 935 3361 1024 έοηεεηητεηι
3391 987 3411 1024 θ.

156 1028 408 1130 Di???“
433 1121 445 1130 _
642 1121 655 1130 _
679 1121 691 1130 _
1131 1121 1142 1130 .
1203 1123 1223 1130 Δ
1276 1122 1305 1130 Λ
1452 1127 1462 1130 _
1867 1055 2035 1125 ipsam
2061 1071 2179 1111 vero
2203 1072 2388 1111 eorum
2408 1059 2842 1130 exspectationem
2869 1058 3140 1115 delusisse.

200 1122 239 1174 7.
273 1119 390 1189 Qua:
431 1121 532 1177 ista
571 1121 856 1177 subitanea
894 1121 1226 1177 conversio?
1267 1122 1401 1190 Qua:
1451 1127 1556 1179 ista
1597 1140 1686 1180 re-

146 1216 321 1283 pentina
347 1216 614 1272 mutatio?
666 1216 742 1272 De
777 1216 870 1271 Dei
902 1216 1111 1287 virgine
1139 1215 1279 1272 facta
1310 1233 1370 1272 es
1408 1219 1691 1288 corruptio
1866 1210 1953 1265 ll.
1987 1210 2134 1264 Sede
2155 1210 2367 1266 dictura
2390 1228 2450 1266 es
2480 1212 2710 1267 forsitan
2738 1212 2894 1269 :Non
2918 1214 3067 1285 potui
3090 1216 3400 1281 sustinere;

144 1305 338 1371 Satanze,
370 1306 436 1362 de
468 1322 673 1378 sponsa
697 1307 905 1363 Christi
948 1317 1189 1364 scortum
1220 1310 1590 1375 exsecrabile,
1622 1311 1690 1368 de
1792 1303 1916 1372 quia
1985 1318 2207 1359 carnem
2282 1303 2527 1375 fragilem
2578 1306 3053 1363 circumferebam.
3085 1308 3253 1382 308
3297 1309 3405 1365 Ile-

142 1398 299 1467 tetnplo
325 1397 418 1453 Dei
452 1396 637 1454 fanum
664 1397 1047 1463 immunditiaz,
1077 1398 1146 1454 de
1179 1400 1490 1457 habitacqu
1514 1400 1691 1473 Spiri-
1791 1394 2082 1465 spondebit
2099 1396 2193 1452 tibi
2213 1397 2370 1452 beata
2392 1396 2592 1452 Thecla
2617 1412 2740 1452 cum
2764 1399 2880 1453 suis
2908 1401 3403 1457 innumerabilibus

142 1500 204 1547 ius
231 1494 381 1548 sancti
410 1493 682 1564 tugurium
725 1493 953 1549 diaboli.
986 1493 1118 1563 Quae
1155 1493 1448 1551 incedebas
1472 1509 1595 1551 cum
1628 1496 1691 1549 li-
1792 1491 1956 1545 sociis
1984 1508 1998 1544 :
2031 1489 2100 1545 Et
2138 1506 2236 1546 nos
2278 1489 2467 1547 eadem
2500 1505 2665 1546 carne
2694 1491 2909 1547 amicta:
2937 1491 3160 1559 fuimus,
3190 1509 3291 1549 nec
3319 1505 3400 1548 ta-

137 1586 256 1641 ducia
274 1594 327 1641 ut
342 1586 615 1653 columba,
638 1586 944 1643 nunclates
965 1585 1019 1641 in
1042 1588 1284 1643 tenebris
1313 1588 1457 1644 sicut
1482 1589 1684 1645 stellio.
1790 1598 1913 1639 men
1940 1583 2156 1654 plenum
2191 1584 2534 1656 propositum
2568 1584 2838 1639 castitatis
2870 1593 3088 1651 nostrae,
3119 1595 3213 1640 aut
3243 1585 3406 1655 fragi-

136 1677 235 1745 Qua:
270 1677 504 1749 fulgebas
545 1688 606 1733 ut
638 1694 829 1733 aurum
858 1677 1128 1749 propterh
1159 1679 1490 1751 virginitatis
1511 1680 1689 1738 hono-
1789 1679 1913 1734 litas
1944 1678 2170 1734 carnisf
2218 1679 2395 1749 potuit
2430 1677 2686 1733 mutilare
2712 1721 2727 1743 ,
2770 1689 2863 1734 aut
2896 1680 3103 1734 saevitia
3136 1689 3401 1752 tyranno~

134 1785 248 1837 rem,
276 1788 409 1826 nunc
436 1772 601 1827 vilior
642 1771 779 1825 facta
811 1786 873 1826 es
911 1771 1031 1827 luto
1058 1772 1392 1840 platearum;
1437 1783 1494 1827 ut
1523 1774 1685 1829 etiam
1716 1772 1767 1832 Β
1792 1788 1909 1827 ιίιιιι
1943 1771 2118 1840 potuit
2144 1786 2242 1841 per
2269 1771 2415 1826 varia
2444 1779 2716 1826 tormenta
2747 1770 3008 1842 dejicere.
3039 1771 3249 1828 Revera
3281 1771 3401 1844 (32,

134 1861 424 1933 indignorum
453 1864 685 1935 pedibus
714 1864 1075 1920 conculceris.
1124 1865 1256 1933 Quas
1303 1864 1484 1921 fueras
1523 1867 1681 1922 stella
1788 1883 1839 1935 q.
1872 1864 1927 1930 5,
1952 1882 2001 1920 ι’.
2035 1863 2258 1935 Revera)
2287 1879 2392 1919 non
2426 1872 2605 1934 potest
2632 1878 2760 1919 caro
2789 1865 3088 1935 corrumpi,
3116 1865 3219 1921 nisi
3248 1879 3405 1920 mens

130 1957 303 2014 radians
328 1960 378 2013 in
407 1974 578 2014 manu
603 1958 850 2023 Domini,
880 1958 1049 2014 veluti
1075 1958 1146 2015 de
1174 1959 1286 2015 alto
1317 1975 1481 2016 ruens
1507 1963 1683 2029 ctelo,
1787 1959 1951 2012 fuerit
1993 1967 2124 2012 ante
2175 1965 2451 2028 corrupta.
2507 1956 2831 2011 Rentancbit
2880 1973 3013 2028 ergo
3059 1958 3113 2013 in
3162 1958 3395 2014 crimine

16 2052 17 2109 l
131 2050 273 2106 lumen
308 2061 453 2108 tuum
500 2051 838 2109 exstinctum
865 2060 985 2116 est,
1022 2060 1078 2108 et
1102 2066 1365 2109 conversa
1396 2068 1454 2109 es
1486 2054 1541 2109 in
1567 2069 1685 2109 car-
1788 2052 1990 2116 anima,
2021 2066 2142 2121 qua:
2165 2065 2384 2105 carnem
2411 2051 2671 2120 praecedit
2703 2050 2756 2105 in
2780 2051 3076 2121 voluptate.

16 2160 19 2209 ι
129 2142 310 2232 bouem;
1862 2142 1949 2197 12.
1976 2142 2084 2198 Sed
2118 2143 2267 2198 dices
2301 2160 2313 2196 :
2339 2141 2499 2196 anni
2522 2142 2623 2197 hoc
2647 2142 2873 2209 malum,
2899 2141 3214 2198 violentiam
3239 2154 3398 2213 passa

700 2237 932 2294 CAPUT
975 2238 1065 2293 lll.
1787 2252 1930 2292 sum.
1980 2235 2352 2306 Respondebit
2401 2234 2496 2289 tibi
2550 2235 2843 2290 fortissima
2871 2235 2966 2290 illa
2993 2235 3274 2302 Susanna,
3302 2251 3399 2291 cu-

1781 2329 1871 2400 jus
1902 2338 1956 2384 tu
1979 2343 2174 2383 nomen
2204 2326 2473 2382 fallaciter
2502 2326 2712 2395 bajulas
2736 2344 2751 2381 :
2773 2326 2884 2396 Ego
2919 2328 3061 2382 inter
3080 2327 3218 2383 duos
3247 2342 3399 2397 pres-

1788 2421 2011 2494 byteros
2080 2421 2287 2491 posita,
2331 2420 2474 2476 inter
2511 2419 2651 2475 duos
2699 2420 2884 2489 utique
2912 2418 3121 2489 indices
3171 2420 3391 2491 populi,

1787 2515 1905 2572 sola
1937 2516 2077 2569 inter
2107 2514 2277 2569 silvas
2306 2512 2538 2584 paradisi
2570 2513 2861 2568 constituta
2888 2511 3050 2586 (Dan.
3082 2528 3177 2568 xm
3199 2554 3213 2579 ,
3237 2512 3310 2568 20
3341 2524 3391 2566 et

1787 2606 1920 2678 seq.)
1942 2606 2082 2661 vinci
2111 2622 2217 2660 non
2247 2605 2429 2677 potui;
2451 2606 2576 2676 quia
2600 2619 2701 2659 nec
2726 2604 2893 2659 volui.
2919 2603 3000 2660 'l'u
3028 2604 3095 2658 ab
3119 2618 3226 2658 uno
3246 2605 3400 2675 inep-

1788 2701 1996 2756 tissimo
2022 2699 2370 2755 adolescente
2391 2739 2405 2762 ,
2436 2705 2493 2753 ct
2530 2697 2582 2753 in
2616 2696 2795 2754 media
2836 2695 3091 2763 civitate,
3124 2696 3399 2767 quomodo

168 2790 216 2844 8.
243 2790 328 2847 Va:
350 2792 484 2859 tibi,
512 2791 738 2857 misera,
771 2798 825 2846 et
860 2789 1058 2844 iterum
1086 2804 1188 2855 vas,
1222 2804 1344 2861 qum
1372 2799 1517 2846 tanta
1546 2790 1684 2846 bona
1788 2796 1895 2851 vim
1919 2793 2140 2865 potuisti
2156 2790 2402 2865 perferre
2420 2833 2433 2855 ,
2456 2791 2697 2863 nisiquia
2720 2791 2863 2846 ultro
2883 2801 2907 2837 8
2936 2788 3114 2845 vitiari
3142 2789 3399 2844 voluisti?

112 2893 302 2952 propter
332 2883 496 2953 parvi
530 2884 794 2952 temporis
837 2882 1110 2938 luxuriam
1150 2884 1463 2954 perdidisti!
1507 2883 1685 2952 Quam
1787 2887 1918 2957 Quis
1937 2887 2171 2957 denique
2201 2896 2321 2941 tuas
2348 2900 2510 2939 voces
2540 2883 2790 2938 audivit?
2840 2883 2974 2951 Quis
3001 2881 3398 2937 oblttctationes

113 2973 187 3027 tibi
218 2990 357 3045 spem
386 2974 537 3048 apud
565 2973 846 3031 Christum
876 2976 1169 3031 Dominum
1209 2976 1502 3048 reliquisti,
1532 2978 1687 3046 cujus
1787 2981 1995 3036 sensit?
2037 2979 2101 3037 Ut
2143 2987 2322 3035 autem
2367 2977 2483 3034 haec
2524 2979 2805 3043 omittam,
2849 2984 3000 3032 certe
3040 2985 3162 3047 post
3194 2975 3395 3030 illatam

111 3069 316 3127 membra
347 3070 552 3126 tollens
580 3069 753 3125 fecisti
777 3070 1016 3126 membra
1046 3042 1432 3142 meretricis‘ﬂ
1451 3067 1570 3124 Cor.
1606 3085 1681 3136 vt,
1787 3070 2099 3127 violentiam
2131 3070 2363 3142 prodere
2391 3069 2571 3124 scelus
2601 3069 2645 3123 si
2678 3084 2784 3123 non
2826 3068 2983 3135 aliis,
3028 3067 3116 3121 vel
3156 3067 3396 3137 parenti-

112 3160 217 3231 l5)?
241 3163 374 3232 Quid
399 3175 465 3219 te
491 3162 734 3235 Spiritus
761 3172 984 3218 sanctus
1012 3163 1272 3230 visitabit,
1296 3177 1419 3217 cum
1443 3177 1569 3217 eum
1599 3178 1657 3217 re
1710 3153 1755 3216 C
1788 3167 1888 3223 bus
1908 3209 1922 3230 ,
1958 3166 2042 3221 vel
2086 3166 2191 3218 tuis
2231 3162 2510 3219 sororibus
2540 3162 2811 3228 debuisti;
2857 3168 3003 3217 esset
3040 3162 3186 3216 enim
3219 3175 3391 3215 excu—

109 3256 383 3323 pudiaveris
402 3300 418 3321 ,
473 3258 566 3329 qui
596 3271 658 3314 se
691 3272 720 3311 a
751 3257 1173 3329 cogitationibus
1200 3272 1418 3329 quoque
1446 3256 1684 3314 sordidis
1787 3260 1925 3315 satio
1960 3257 2297 3315 infelicitatis
2328 3299 2343 3325 ,
2374 3266 2522 3313 esset
2547 3255 2896 3311 conscientia:
2926 3254 3082 3325 plena
3113 3254 3361 3325 purgatio
3380 3296 3395 3320 ,

107 3347 236 3422 longe
260 3351 422 3409 facit?
1791 3354 1837 3409 si
1870 3354 2082 3409 hostem
2112 3350 2384 3422 pudicitiae
2419 3358 2524 3405 tute
2550 3349 2871 3405 deduxisses
2898 3348 2952 3403 in
2985 3347 3282 3419 publicum.

160 3446 209 3502 9.
240 3446 342 3504 Sed
373 3446 668 3504 veniamus
695 3445 763 3501 ad
796 3446 1035 3502 humana
1059 3488 1076 3513 ,
1129 3455 1187 3501 ut
1232 3460 1328 3517 per
1373 3445 1461 3500 illa
1502 3444 1684 3500 divina
1864 3447 1954 3503 15.
1983 3446 2089 3501 Sed
2136 3444 2401 3502 erubuisti
2434 3442 2694 3508 forsitan,
2739 3457 2808 3498 ne
2848 3451 2902 3498 te
2930 3441 3187 3497 violatam
3232 3440 3391 3496 multi

105 3551 386 3596 nascantur.
418 3542 625 3611 Aspice
663 3540 783 3610 quis
811 3547 1160 3607 sanctorum,
1194 3547 1288 3595 aut
1308 3555 1427 3610 quas
1456 3548 1686 3595 sancta-
1788 3547 2210 3611 cognoscerent.
2247 3538 2312 3591 Et
2341 3535 2470 3606 quid
2501 3535 2727 3590 timuisti
2766 3534 2856 3589 ubi
2896 3549 3005 3589 non
3043 3543 3159 3589 erat
3193 3533 3356 3589 timor
3377 3575 3393 3599 ,

102 3644 200 3686 rum
240 3633 339 3689 tibi
385 3631 782 3704 approximare
820 3648 928 3687 non
970 3632 1191 3687 horreat
1238 3648 1251 3685 :
1302 3632 1450 3702 aperi
1500 3631 1685 3687 oculos
1788 3638 1892 3692 nisi
1926 3644 1984 3691 ut
2012 3633 2243 3690 tacendo
2263 3632 2471 3687 crimen
2501 3645 2624 3686 cum
2656 3629 2901 3686 adultero
2930 3629 3134 3698 saepius
3155 3629 3396 3683 sociare-

102 3729 221 3788 i'los.
259 3726 302 3779 Si
357 3734 564 3796 pOleS;
607 3724 758 3794 erige
789 3722 1057 3790 immem.
1091 3724 1135 3777 Si
1174 3722 1344 3779 amics
1388 3741 1401 3776 ε
1450 3723 1683 3795 aliquem
1786 3729 1898 3785 ris?
1945 3726 1973 3764 ιι
1998 3727 2132 3782 Esto
2170 3734 2352 3779 autem
2377 3765 2394 3790 ,
2444 3725 2618 3793 pudor
2647 3721 2929 3792 prohibuit
2956 3719 3236 3784 confiteri;
3262 3719 3394 3789 quid

99 3826 386 3875 sanctorum
420 3817 756 3875 fiducialiter
778 3818 1015 3873 intuere.
1051 3828 1071 3855 ο
1095 3816 1287 3872 Nonne
1318 3826 1463 3872 tuam
1494 3816 1683 3871 faciem
1787 3824 1856 3879 de
1886 3818 2123 3877 secunda
2154 3815 2546 3873 commixtione
2573 3814 2709 3870 dicis
2731 3856 2748 3880 ,
2780 3813 2913 3884 quid
2939 3812 3008 3869 de
3038 3812 3194 3868 tertia
3219 3852 3234 3875 ,
3265 3812 3395 3883 quid

100 3912 406 3968 conscientia
441 3911 724 3969 commissi
751 3920 1026 3982 tamquam
1059 3911 1338 3979 plumbum
1380 3911 1602 3965 inclinat
1632 3919 1686 3967 et
1786 3918 1855 3972 de
1898 3912 2165 3983 frequenti
2218 3908 2550 3965 commercio
2595 3906 2897 3963 foeditatis?
2938 3904 3167 3973 Cesset,
3217 3913 3398 3961 cesset

99 4005 298 4069 premit?
328 4005 528 4061 Nonne
559 4005 802 4061 tenebrat
836 4015 964 4059 ante
993 4006 1180 4060 ocnl0s
1222 4015 1341 4059 tuos
1366 4016 1420 4062 et
1446 4004 1561 4059 dira
1591 4018 1683 4059 ca-
1781 4009 1895 4081 jam
1922 4004 2195 4061 violentia:
2240 4002 2555 4072 figmentum
2580 4042 2595 4066 ,
2640 4007 2823 4054 cesset
2860 3998 3077 4053 ruboris
3107 4012 3397 4069 argumen-

98 4090 187 4163 ligo
234 4098 585 4154 versabitur?
638 4095 829 4153 Nottne
889 4098 1052 4152 timor
1094 4107 1149 4152 et
1203 4108 1406 4153 tremor
1444 4096 1682 4151 animam
1790 4112 1935 4167 tum;
1981 4097 2075 4154 ubi
2116 4096 2279 4152 toties
2323 4094 2563 4149 membra
2603 4092 2690 4147 illa
2722 4091 2903 4147 dicata
2922 4089 3182 4157 Christo,
3223 4090 3396 4147 scele-

103 4194 226 4243 tuam
256 4202 308 4245 et
336 4193 588 4247 membra
617 4191 935 4262 quassabit?
1786 4194 2027 4251 stissimo
2052 4190 2267 4247 mmcho
2295 4188 2411 4244 suis
2438 4187 2739 4243 visceribus
2767 4184 3059 4257 polluenda
3091 4184 3392 4256 praebuisti.

158 4283 235 4338 l0.
256 4281 310 4338 Si
340 4300 477 4356 ergo
503 4283 755 4338 homines
787 4284 840 4338 in
863 4299 1033 4338 carne
1054 4284 1405 4349 constitutos,
1425 4295 1475 4338 et
1508 4283 1680 4338 alicu-
1860 4286 1949 4343 M.
1977 4286 2196 4350 Horret,
2221 4282 2406 4339 horret
2435 4280 2672 4345 animus,
2702 4294 2859 4335 mens
2890 4278 3151 4345 tabescit,
3175 4291 3299 4333 cum
3326 4279 3393 4331 ad

89 4370 168 4437 i'lS
203 4374 390 4432 delicti
439 4376 713 4432 obnoxios
760 4391 865 4430 non
910 4384 1063 4446 poles
1113 4376 1307 4432 inlueri
1335 4419 1348 4440 .
1389 4388 1496 4430 tam
1531 4376 1684 4447 κτεινί
1788 4381 1992 4438 aditum
2034 4377 2257 4435 sceleris
2290 4374 2623 4447 pervenitur.
2659 4373 2795 4430 Nam
2837 4383 2893 4428 et
2928 4372 3171 4429 medicus
3205 4386 3397 4442 quam-

97 4464 405 4524 ruufusione
437 4469 674 4539 sepulta;
708 4467 835 4539 quid
863 4466 1033 4523 facies
1054 4482 1241 4523 coram
1274 4469 1441 4524 castis
1461 4478 1683 4539 aposto-

1788 4479 1871 4533 vis
1899 4477 2052 4533 fortis
2079 4476 2150 4532 sit
2179 4475 2366 4530 animo
2385 4515 2398 4536 .
2423 4488 2546 4529 cum
2577 4472 2741 4527 altius
2770 4480 2949 4527 tamen
2979 4478 3129 4527 secat
3155 4469 3354 4524 vulnus
3373 4509 3391 4535 ,

96 4554 183 4611 lis?
229 4560 368 4628 Quid
421 4561 590 4617 facies
638 4576 822 4617 coram
859 4561 1006 4626 Elia,
1040 4560 1294 4628 Daniele,
1323 4573 1377 4617 et
1410 4569 1685 4616 tantorum

1793 4578 1923 4640 puto
1951 4583 2019 4623 ex
2059 4577 2215 4636 parte
2246 4564 2426 4634 aliqua
2455 4562 2747 4618 sustinebit
2786 4561 3095 4616 horrorem.
3127 4558 3238 4614 Heu
3267 4571 3392 4627 per-

91 4655 317 4711 cxercitu
351 4655 782 4726 prophetarum?
822 4656 959 4724 Quid
1016 4658 1179 4712 facies
1219 4652 1407 4712 coram
1444 4656 1685 4732 Joanne?
1792 4661 1935 4725 dita,
1986 4661 2170 4730 jamne
2211 4656 2471 4726 intelligis
2512 4669 2705 4721 omnes
2738 4653 2834 4709 tibi
2872 4653 2987 4707 vias
3023 4648 3395 4707 excusationis

91 4746 213 4814 Quid
236 4750 407 4808 facies
434 4768 615 4808 coram
643 4750 833 4816 Maria,
866 4750 1065 4807 Thecla
1099 4760 1156 4807 et
1192 4752 1378 4824 Agne,
1408 4748 1437 4788 ἀ
1487 4760 1542 4807 et
1587 4751 1689 4805 im-
1790 4751 2121 4809 omnimodis
2158 4748 2409 4805 clausas?
2444 4748 2637 4803 Jamue
2662 4746 2833 4802 sentis
2859 4755 3122 4816 quantum
3148 4741 3243 4798 tibi
3268 4741 3395 4796 mali

88 4846 346 4901 maculato
376 4848 546 4902 choro
580 4845 869 4914 puritatis?
897 4844 1037 4913 Quid
1082 4845 1314 4914 denique
1356 4860 1543 4901 curam
1584 4860 1685 4900 an-
1792 4856 1848 4904 et
1875 4848 1929 4901 in
1956 4859 2142 4909 carne,
2171 4852 2227 4898 et
2254 4843 2307 4896 in
2332 4842 2514 4895 anima
2541 4839 2748 4895 nefaria
2776 4838 2944 4893 libido
2972 4834 3301 4892 contulerit?

124 2348 258 2415 Quam
275 2354 337 2407 sit
356 2354 549 2409 misera
573 2368 689 2422 qua
702 2355 818 2425 jam
838 2353 978 2425 apud
998 2351 1170 2410 Deum
1190 2369 1450 2408 accessum
1470 2369 1573 2407 non
1594 2353 1688 2406 Ita-

173 2446 271 2498 lteat
286 2463 305 2511 ;
339 2446 504 2501 immo
526 2461 651 2499 vero
679 2461 843 2516 neque
871 2445 1015 2514 apud
1058 2446 1200 2514 ipsos
1239 2445 1469 2501 homines
1501 2462 1522 2500 :
1550 2446 1690 2501 unde

171 2540 478 2611 confusionis
497 2556 656 2611 quam
682 2538 967 2610 aliquando
992 2555 1168 2594 coram
1194 2541 1389 2594 sanctis
1412 2549 1566 2611 atque
1593 2557 1689 2596 an—

170 2633 276 2701 gelis
294 2650 520 2704 passura
540 2643 636 2700 est,
667 2631 974 2704 magnitudo
1001 2632 1327 2704 intelligitur.

84 4938 210 5003 gelis
234 4941 481 4997 sanctis?
522 4941 719 4996 Nonne
744 4939 1035 5011 splendore
1065 4949 1118 4995 et
1149 4942 1400 4997 claritate
1427 4942 1691 4997 itnmacu-
1868 4941 1959 4996 15.
1985 4936 2106 4994 Non
2128 4936 2288 4990 istam
2320 4933 2390 4990 de
2411 4941 2464 4988 te
2491 4933 2871 4989 confusionem
2898 4940 3021 4986 tuus
3044 4938 3396 4999 exspectave-

79 5028 303 5088 latorum
325 5034 480 5106 quasi
503 5033 821 5090 fulminibus
847 5048 1106 5105 percussa
1135 5034 1512 5093 combureris?
1793 5043 1880 5092 rat
1900 5040 2073 5106 pater,
2099 5029 2265 5101 quite
2284 5027 2388 5085 sibi
2408 5027 2743 5099 singularem
2765 5025 2995 5095 gloriam
3018 5021 3392 5095 computabat.

144 5295 170 5323 ει
197 5283 419 5342 Eaedem
446 5285 608 5351 edit.,
637 5284 694 5338 in
726 5281 927 5353 pallore
945 5280 1081 5335 auri.
1166 5352 1169 5353 ν
1254 5352 1261 5353 ί
1782 5276 2118 5353 immaculato
2143 5273 2294 5329 thoro
2316 5273 2574 5353 gﬁrasrp.
2605 5281 2660 5329 et
2696 5271 2881 5344 plures
2909 5286 3043 5330 mss.
3074 5283 3126 5330 et
3140 5277 3392 5332 immacu-

143 5355 173 5394 ι’
196 5357 352 5412 Edit.
382 5372 441 5413 ac
466 5345 604 5412 mss.
625 5345 859 5425 aliquot,
888 5352 1201 5425 uirginitatis
1227 5352 1482 5425 decorem.
1795 5350 1903 5403 tato
1921 5345 2446 5425 choro,_nonnulli.._.
2464 5345 2636 5425 ‘clero.

143 5440 164 5463 ι’
200 5430 281 5483 Ιι.·ι
314 5444 445 5484 mss.
466 5445 575 5484 non
610 5415 767 5498 pauci
798 5415 863 5478 ac
892 5415 1288 5498 Pseudohier._:
1320 5423 1412 5477 alii
1454 5436 1586 5498 vero
1623 5430 1683 5477 et
1863 5419 2048 5498 (Mss.
2077 5418 2319 5491 aliquot,
2345 5417 2617 5473 redditura
2645 5424 2721 5473 est
2740 5415 2981 5488 forsitan.
3010 5417 3161 5474 Haud
3184 5418 3395 5474 incom-

70 5514 269 5555 omnes
283 5498 412 5554 edit.
424 5542 436 5565 ,
454 5500 505 5555 Ν
509 5490 646 5555 anne
664 5509 768 5552 tua:
790 5498 975 5563 faciem
992 5495 1317 5549 conscientia!
1335 5493 1655 5565 commissa"
1669 5532 1683 5546 .
1790 5490 1974 5565 mode.

68 5572 342 5628 inclinant
373 5557 699 5643 et'premunt.
725 5557 872 5643 Infra
900 5576 1084 5643 autem
1115 5567 1205 5643 tibi
1225 5581 1426 5643 omnes
1457 5564 1598 5643 edit.
1626 5578 1690 5618 ac.
1872 5562 1888 5600 ί
1917 5562 2032 5643 ﬁeri
2060 5561 2215 5631 pauci
2241 5576 2372 5643 mss.
2399 5560 2567 5629 potuit
2584 5557 2866 5643 maculare.

67 5659 211 5700 mss.
230 5631 482 5712 quatun'r,
504 5644 733 5712 alicujus
749 5641 966 5712 forsitan
978 5638 1176 5703 delicti,
1191 5638 1428 5693 aliimss.
1452 5638 1694 5692 maximo
1871 5644 1898 5712 β
1924 5633 2048 5712 ﬁdit
2064 5677 2078 5690 .
2101 5647 2163 5686 ac
2193 5633 2350 5712 pauci
2375 5647 2531 5712 ιιιεε.ἶ
2556 5632 2764 5687 voluisti
2784 5631 2991 5712 violari.

71 5701 325 5771 nttmeio
345 5701 593 5769 omittunt
622 5701 864 5776 forsitan.
1167 5701 1172 5703 ⁷
1874 5707 1897 5741 ιι
1924 5707 2052 5761 Mss.
2080 5701 2345 5771 nonnulli,
2381 5701 2531 5759 Istud
2552 5714 2726 5761 autem
2756 5702 2924 5775 pudor
2954 5704 3232 5776 prohibuit.

154 5783 181 5823 ιι
214 5784 447 5841 Amerb.
476 5778 701 5847 Gillfac
717 5783 879 5840 Rom.
920 5780 1052 5840 edit.
1084 5786 1207 5838 cum
1238 5778 1621 5852 mss.aliqttot,
1655 5787 1703 5834 et
