3946 6180
454 164 552 229 371

462 394 553 437 tua
583 382 893 439 crededirat
920 391 1113 445 mater,
1136 390 1161 418 ⁸
1193 396 1314 451 qme
1356 393 1542 451 partus
1580 384 1662 438 sui
1690 384 1947 453 gemitum
1976 399 2072 454 per

466 486 617 530 tuam
647 475 1012 545 virginitatem
1035 473 1442 530 consolabatur.
1467 475 1584 530 Non
1606 474 1807 533 fratres
1828 479 1931 546 tui,
1965 494 2071 535 non

467 583 693 625 sorovea
716 568 823 623 hoc
858 581 929 622 ex
960 576 1012 622 te
1040 566 1281 624 dedecus
1310 571 1742 641 exspectabant,
1785 587 1923 643 quos
1958 589 2074 628 om-

470 677 573 718 nes
597 662 755 733 quasi
782 676 892 717 uno
921 660 1106 733 gladio
1135 662 1211 717 tui
1244 663 1468 717 sceleris
1494 665 1734 735 graviter
1760 665 2038 720 sauciasti.

1808 171 2067 243 SANcrt
2100 174 2434 249 annosa

457 287 579 345 Non
621 289 769 347 hunc
797 290 996 346 luctum
1023 330 1038 354 ,
1068 296 1122 344 et
1153 286 1251 342 bas
1279 286 1551 360 lacrymas
1586 302 1655 345 ex
1698 297 1752 345 te
1788 290 1891 346 sibi
1925 292 2073 346 nasci
2102 300 2151 361 Α

3672 184 3790 242 579.

2255 308 2509 347 concursu
2535 304 2743 348 sacrata
2769 296 2961 367 fuerit,
2988 297 3186 353 addens
3211 300 3510 371 sanguinein
3535 302 3581 357 ei
3604 305 3789 373 potius

2251 388 2698 459 profundendum,
2727 406 2885 461 quam
2910 391 3209 448 violandam
3237 394 3428 464 fidem:
3445 397 3583 467 quod
3608 413 3786 459 amcit-

2251 478 2443 531 lan'ttm
2478 482 2779 549 nuptiarum
2821 485 3203 551 comparatione
3228 487 3536 557 ampliﬁcat.
3575 487 3792 549 Deinde

2251 573 2589 646 objectionem
2614 591 2680 629 ex
2698 576 2932 647 Δροαοιὶ
2953 579 3115 634 verbis
3139 581 3351 651 petitam
3369 582 3538 637 solvit.

2258 686 2347 745 19.
2379 687 2497 745 Non
2533 704 2595 744 es
2624 702 2966 746 memoratac
3000 691 3107 748 diei
3137 704 3341 749 sanctze
3381 695 3679 755 Dominica
3706 712 3797 757 re:

544 752 634 809 ‘6‘
757 753 956 808 (⁸³³⁸⁸⁸⁵
983 755 1259 855 ⁰⁰ί¹¹¹ξ¹¹¹ξ¹ξ
1288 766 1437 855 “me
1466 756 1720 813 “tunc”
1740 799 1755 825 ν
1784 757 2081 855 ἀερθεεειξι
2183 782 2542 838 surrectionis
2573 784 2627 837 in
2652 799 2761 855 quo
2799 784 2988 840 divino
3022 787 3181 841 altari
3220 797 3277 843 te
3312 788 3555 847 obtulisti
3596 793 3795 850 velan-

471 854 528 903 te
546 845 823 901 modicum
851 856 1074 917 propter
1102 847 1433 903 desiderium
1459 859 1715 919 parentes
1742 870 1756 904 :
1779 850 1876 906 sed
1900 851 2083 907 exsul-

470 946 682 995 tassent
722 939 1029 1009 granditer,
1073 939 1200 1010 quia
1243 940 1648 996 immaculatam
1692 944 2085 1011 praemisissent

474 1031 744 1102 virginem
769 1073 784 1098 ,
820 1032 1057 1087 bestiam
1093 1032 1274 1086 vivam
1322 1032 1555 1088 Domino
1579 1075 1595 1102 ,
1648 1034 2083 1105 propitiatricem

474 1124 731 1180 videlicet
754 1123 1104 1179 delictorum.
1136 1123 1206 1178 At
1233 1139 1377 1180 nunc
1406 1124 1669 1197 plangunt
1696 1133 2001 1192 mortuam,
2030 1137 2086 1183 et

480 1232 590 1273 non
620 1226 888 1272 mortuam
924 1236 938 1272 :
968 1217 1156 1290 lugent
1177 1218 1352 1273 vivam
1380 1260 1396 1284 ,
1448 1229 1502 1276 et
1546 1236 1651 1274 non
1682 1220 1860 1275 vivam
1894 1238 1908 1274 :
1940 1237 2089 1277 mor-

479 1319 630 1363 tuam
656 1310 844 1380 utique
873 1309 1047 1379 gloria
1071 1308 1405 1382 virginitatis
1424 1352 1439 1377 ,
1469 1312 1646 1367 vivam
1673 1311 1944 1369 dedecore
1970 1321 2087 1367 tur-

480 1402 764 1473 pitudiuis.

556 1497 645 1551 17.
680 1496 856 1551 lratus
883 1506 966 1551 est
996 1505 1150 1568 pater
1178 1495 1290 1552 suis
1321 1496 1657 1567 visceribus,
1688 1498 1760 1554 de
1779 1497 1979 1570 quibus
2000 1513 2091 1555 se-

489 1592 691 1645 minata
726 1604 785 1644 es
824 1608 839 1645 :
869 1590 1145 1645 maledicit
1179 1606 1279 1647 suo
1319 1601 1475 1647 utero
1521 1603 1697 1649 mater
1719 1635 1736 1662 ,
1786 1610 1851 1649 ex
1884 1610 1993 1673 quo
2037 1596 2093 1650 in

2185 872 2356 931 dam?
2385 873 2443 928 lu
2475 882 2625 929 tanto
2651 917 2667 941 ,
2711 885 2931 948 tamque
2957 878 3193 934 solemni
3220 893 3495 938 conventu
3526 884 3799 943 Ecclesia:

2188 964 2307 1032 Dei,
2338 965 2483 1020 inter
2510 966 2709 1021 lumina
2739 968 3138 1040 neophytorum
3168 972 3474 1041 splendida,
3500 974 3645 1032 inter
3664 992 3800 1034 ean-

2189 1056 2407 1114 didatos
2436 1059 2587 1130 regni
2625 1060 2868 1117 cmicstis
2895 1064 3051 1132 quasi
3078 1062 3215 1135 Regi
3245 1074 3476 1136 nuptura
3511 1083 3803 1138 processe-

2191 1165 2305 1206 ras.
2334 1150 2455 1209 Non
2504 1168 2565 1208 es
2608 1164 2913 1210 memorata
2936 1155 3117 1225 qualis
3144 1161 3212 1213 ad
3235 1167 3288 1212 te
3308 1156 3401 1214 die
3426 1160 3522 1215 illo
3542 1160 3689 1217 facta
3718 1174 3805 1220 est

2192 1243 2452 1299 allocutio
2483 1261 2499 1298 :
2530 1247 2753 1316 Aspice,
2785 1247 2928 1313 lilia,
2957 1247 3194 1314 intuere,
3225 1250 3400 1321 virgo,
3423 1263 3472 1305 et
3498 1252 3806 1310 obliviscere

2194 1340 2451 1409 populant
2471 1348 2639 1404 tuum,
2667 1349 2718 1395 et
2744 1341 2957 1395 άοπικα
2978 1343 3144 1411 patris
3161 1343 3257 1408 tsi,
3283 1353 3331 1397 οι
3349 1345 3805 1417 concupiscam

2195 1432 2432 1489 decorem
2461 1443 2630 1498 tuum;
2660 1434 2785 1503 quia
2806 1434 2917 1504 ipse
2938 1442 3011 1489 est
3037 1433 3290 1490 Dominus
3312 1434 3452 1495 Data
3481 1448 3601 1494 tuas
3622 1438 3802 1511 (Psol.

2197 1540 2344 1590 thv,
2370 1526 2469 1596 11,
2516 1523 2617 1596 12)
2640 1526 2662 1578 2
2687 1527 3067 1585 lteminiscere
3086 1540 3221 1599 ergo
3242 1538 3477 1599 quastus
3501 1531 3571 1586 ad
3603 1531 3808 1601 Sponsi

2198 1620 2278 1674 tui
2301 1615 2329 1654 ἀ
2350 1628 2406 1683 et
2437 1619 2653 1674 Domini
2678 1625 2896 1690 attptias
2926 1621 3247 1677 convenerit
3282 1623 3537 1693 populus.
3573 1625 3811 1685 Servare

491 1684 632 1789 ¹ξ²¹¹⁰
665 1684 847 1789 ¹¹¹⁴ξθ¹¹ξ
893 1684 1188 1789 ξηξθιίθίίθτ
1235 1688 1735 1789 ξ’τθθθδδίῗίξυ-Νθθ
1762 1698 2097 1789 ιίξωθηΑηξος
2129 1710 2180 1771 Β
2208 1722 2259 1768 te
2279 1712 2521 1781 oportuit
2560 1712 2723 1773 ﬁdem
2740 1684 2771 1781 ,⁷
2785 1728 2951 1783 quam
2979 1714 3085 1769 sub
3111 1684 3537 1772 tantis—testibus
3565 1719 3809 1789 pollicita

489 1780 619 1836 dum
674 1782 758 1837 sui
814 1779 1020 1835 doloris
1072 1781 1389 1852 reperiunt,
1439 1782 1541 1837 nisi
1588 1781 1693 1837 hoc
1730 1782 1905 1838 solum
1934 1782 2100 1855 309

496 1875 660 1946 plane
689 1874 942 1930 videntur
973 1873 1178 1931 habere
1207 1875 1464 1931 solatium
1488 1916 1503 1941 ,
1553 1875 1677 1945 quia
1722 1887 1774 1930 te
1806 1891 1908 1931 nec
1944 1886 2101 1945 pater

502 1969 787 2038 compulit,
808 1982 909 2023 nec
938 1979 1112 2023 mater
1134 1966 1316 2039 coegit
1344 1978 1401 2021 ut
1429 1968 1797 2039 virginitatem
1818 1968 2101 2038 proﬁtere-

498 2061 594 2127 ris,
621 2075 784 2139 quam
815 2061 959 2115 ultro
980 2067 1037 2116 et
1059 2063 1277 2131 propria
1290 2059 1570 2115 voluntate
1594 2058 1834 2130 professa
1860 2077 1941 2116 es.
1967 2060 2103 2117 Nam

498 2156 646 2221 scio,
688 2169 813 2210 cum
864 2155 1060 2211 multas
1092 2154 1187 2210 tibi
1227 2153 1581 2211 difﬁcultates
1623 2164 1746 2210 tuus
1776 2167 2107 2227 proponeret

501 2248 718 2319 genitor
736 2289 752 2315 ,
783 2261 904 2303 cum
927 2247 1156 2302 arduum
1180 2261 1304 2303 esse
1335 2246 1443 2302 iter
1468 2248 1753 2302 servanda:
1782 2246 2110 2319 virginitatis

503 2340 813 2412 ingereret;
852 2357 959 2396 non
990 2340 1169 2396 solum
1198 2340 1551 2413 pertinaciter
1577 2339 1904 2409 restitisti,b
1932 2341 2027 2398 sed
2055 2350 2112 2399 et

507 2434 872 2492 revelationes
900 2435 1000 2491 tibi
1037 2435 1194 2492 datas
1230 2435 1421 2492 dixisti
1450 2434 1742 2491 terribiles.

582 2529 672 2584 l8.
705 2530 762 2585 ln
788 2540 1049 2600 quantum
1077 2545 1211 2602 ergo
1248 2532 1354 2586 sibi
1380 2530 1693 2587 mercedem
1722 2532 2017 2604 sperabant
2045 2546 2114 2587 ex

511 2638 580 2681 eo
605 2626 748 2696 quod
770 2635 863 2680 tuo
893 2623 1177 2696 proposito
1203 2640 1310 2678 noti
1337 2624 1677 2688 restiterunt,
1701 2625 1754 2679 in
1780 2634 1985 2681 tantum
2017 2624 2117 2681 tibi

516 2718 779 2788 intellige,
815 2719 1037 2785 misera,
1070 2717 1282 2789 pondus
1309 2717 1507 2789 judicii
1533 2732 1824 2785 crescere;
1854 2719 1979 2790 quia
2009 2732 2115 2773 non

518 2811 748 2873 servasti
778 2811 923 2883 quod
955 2812 1097 2866 ttltro
1126 2812 1450 2883 promisisti.
1478 2812 1686 2881 Quibus
1722 2822 1774 2869 te
1814 2814 1977 2893 spiris
2003 2829 2120 2869 ser-

519 2925 654 2982 pens
681 2912 771 2967 ille
807 2918 1176 2989 nequissimus
1214 2914 1514 2987 obligavit?
1558 2915 1769 2984 Quibus
1810 2924 1867 2975 te
1891 2918 2121 2975 venenis

522 3018 710 3079 infecit
736 3017 848 3083 ille,
882 3015 975 3087 qui
1001 3013 1171 3069 Evam
1194 3012 1445 3083 decepit;
1488 3021 1548 3071 ut
1593 3022 1742 3069 tanta
1794 3022 1845 3069 te
1876 3013 2123 3077 caecitate

524 3118 859 3187 percuteret,
894 3118 1095 3165 tantam
1123 3107 1319 3169 anima:
1344 3115 1449 3162 tua:
1478 3105 1684 3165 iaceret
1712 3105 2085 3167 oblivionem?
2148 3093 2197 3158 C

1145 3224 1376 3282 CAPUT
1415 3224 1480 3280 ν.

527 3331 594 3386 In
612 3324 908 3382 memoriam
926 3324 1208 3388 εἰν-ουσιαι,
1231 3336 1332 3390 quo
1359 3320 1463 3384 die,
1485 3336 1586 3389 quo
1608 3319 1730 3385 ritu,
1755 3336 1916 3389 quove
1938 3323 2126 3392 populi

601 3458 627 3485 α
657 3446 933 3503 Habentur
962 3458 1067 3497 non
1099 3440 1327 3495 multum
1359 3437 1629 3492 absimilia
1662 3437 1715 3493 in
1744 3434 2124 3495 Exhortatione

538 3516 870 3591 Virginitatis
894 3530 1015 3591 cap.
1047 3514 1102 3580 4,
1137 3526 1286 3565 num.

604 3581 1045 3646 b"Revelationes
1071 3600 1137 3639 eo
1159 3583 1360 3641 saeculo
1387 3596 1538 3637 raras
1568 3597 1674 3637 non
1703 3581 1890 3649 fuisse,
1921 3590 2035 3639 tum
2060 3599 2128 3641 ex

530 3665 815 3736 ipsiusmet
839 3656 1109 3725 Ambrosii
1142 3653 1295 3736 Vita,
1319 3662 1429 3736 tu_m
1458 3667 1529 3708 ex
1563 3652 1684 3706 aliis
1709 3657 1913 3736 comvis
1944 3667 2132 3711 aneto-

529 3720 680 3794 ribus
726 3720 1055 3803 cognoscere
1082 3720 1203 3782 est.
1231 3723 1384 3803 Quod
1429 3736 1626 3803 autent
1660 3722 1950 3803 nonnullas
1992 3739 2130 3803 taut-

532 3824 692 3878 qnain
718 3794 939 3878 frivolas
966 3794 2130 3878 autsupersntiosasrejiciuntbeterodoxi,

537 3868 641 3932 line
670 3877 894 3930 minime
930 3871 1099 3926 ofﬁcit
1129 3869 1341 3926 veritati
1373 3875 1682 3922 sanctarum
1713 3881 1775 3921 ac
1802 3868 2133 3923 divinarum.

537 3944 928 4017 Cuiusmodisi
949 3955 1286 4017 re_vera_quae
1309 3938 1756 4017 liic_r_el'eruutur,_
1767 3940 2102 4017 exstiterunt
2121 3981 2136 4008 ,

542 4006 870 4089 co'graviori
898 4012 1103 4089 llagitio
1116 4006 1382 4089 §tisatina_
1410 4010 1497 4063 illa
1522 4024 1644 4089 sese
1672 4008 1883 4089 polluit.

615 4079 821 4143 cvRom.
865 4079 1066 4139 edit—ex
1112 4081 1469 4138 Pseudoliier.
1514 4079 1627 4133 sola
1649 4079 1836 4143 ,diem
1862 4091 2097 4137 sanctum
2123 4123 2138 4148 ,

542 4162 678 4216 diem
704 4155 993 4214 Dominicis
1016 4154 1428 4209 resurrectionis.
1457 4151 1524 4206 Et
1542 4164 1666 4221 post
1690 4168 1858 4221 pauca
1881 4169 2004 4208 cum
2027 4164 2137 4209 vet.

543 4232 676 4291 edit.
703 4240 759 4287 et
790 4244 922 4284 mss.
941 4226 1233 4295 plerisque,
1265 4225 1399 4277 inter
1421 4222 1618 4295 lumina
1647 4225 1743 4295 illa
1765 4225 2042 4295 splendida
2057 4242 2141 4279 rc.

543 4305 631 4378 gni
651 4301 899 4378 caelestis;
928 4293 1025 4351 nos
1049 4306 1235 4378 autem
1267 4311 1338 4378 ex_
1360 4294 1551 4348 eodem
1577 4293 2134 4378 Pseudoltierqnymo,

2201 1819 2264 1860 es
2287 1847 2304 1871 ,
2353 1819 2572 1876 semper
2617 1809 2860 1877 cogitare
2899 1808 2989 1863 cui
3019 1807 3385 1879 virginitatem
3423 1812 3811 1882 spoponderis.

2205 1900 2443 1957 Facilius
2471 1911 2525 1956 te
2551 1902 2796 1971 oportuit
2832 1900 3154 1972 sanguinem
3181 1917 3306 1959 cum
3337 1904 3533 1975 spiritu
3555 1904 3809 1974 fundere,

2206 2009 2372 2065 quam
2396 1994 2630 2063 perdere
2649 1995 2959 2050 castitatem
2987 2002 3159 2050 tuam.

2279 2086 2371 2141 20.
2403 2086 2501 2141 His
2541 2094 2671 2142 tunc
2703 2088 2756 2140 in
2784 2086 2880 2141 illo
2911 2087 3002 2143 die
3025 2088 3459 2144 consecrationis
3484 2089 3812 2175 medicus,

2208 2190 2264 2237 et
2291 2181 2477 2235 multis
2506 2196 2675 2250 super
2712 2182 2964 2237 castitate
3005 2192 3095 2239 tua
3134 2183 3461 2255 praeconiis,
3491 2199 3656 2242 sacro
3674 2187 3816 2241 vela-

2210 2276 2360 2335 mine
2417 2284 2561 2333 tecta
2611 2290 2706 2342 es;
2747 2277 2840 2334 ubi
2888 2278 3066 2347 omnis
3132 2281 3369 2350 populus
3424 2280 3615 2343 dotem
3673 2291 3817 2341 tuam

2213 2370 2566 2437 subscribens
2591 2412 2607 2440 ,
2641 2386 2750 2427 non
2772 2382 3095 2441 atramento,
3121 2374 3219 2431 sed
3240 2374 3457 2444 spiritu,
3484 2376 3692 2444 pariter
3720 2376 3819 2432 cla-

2216 2466 2402 2532 mavit,
2428 2469 2623 2522 Amen.
2644 2464 2846 2522 Vincor
2868 2466 3326 2539 lacrymis,3lﬂ
3352 2482 3477 2525 cum
3503 2468 3626 2529 hinc
3645 2483 3817 2529 recor-

2218 2561 2321 2617 dor
2339 2578 2351 2615 :
2377 2576 2713 2633 compungor
2723 2560 2983 2627 stimulis,
3001 2570 3025 2598 ε
3046 2576 3172 2619 cum
3187 2564 3303 2617 lucc
3319 2565 3557 2619 bumana
3577 2565 3819 2634 exempla

2218 2656 2528 2712 considero.
2579 2656 2711 2711 Nam
2754 2657 2800 2712 si
2856 2657 2998 2711 inter
3042 2653 3061 2692 τ
3102 2656 3292 2712 decem
3342 2665 3514 2712 testes
3560 2656 3816 2712 conlectis

2221 2747 2538 2819 sponsaliis,
2566 2746 2773 2819 nuptiis
2791 2750 3189 2805 consummatis
3211 2789 3226 2813 ,
3256 2749 3463 2819 quaevis
3486 2746 3691 2804 femina
3714 2750 3820 2804 viro

2222 2844 2515 2915 conjuncta
2548 2848 2798 2911 mortali,
2834 2863 2941 2902 non
2974 2849 3093 2902 sine
3130 2861 3331 2915 magno
3354 2847 3603 2917 periculo
3635 2863 3819 2918 perpe-

2225 2949 2331 2995 trat
2351 2943 2679 2997 adulterium
2698 2942 2858 3012 ;quid
2880 2942 3023 3013 quod
3048 2944 3187 2997 inter
3212 2943 3642 3000 innumerabiles
3667 2951 3819 2999 tes'es

2228 3035 2508 3100 Ecclesiae,
2537 3051 2721 3091 coram
2752 3037 2964 3107 angelis
2989 3045 3045 3091 et
3071 3037 3405 3092 exercitibus
3432 3038 3561 3093 ςαξιί
3582 3037 3717 3091 facta
3738 3050 3820 3091 co-

2234 3130 2358 3199 pula
2386 3131 2650 3200 spiritalis
2689 3144 2788 3200 per
2832 3130 3160 3185 adulterium
3201 3130 3469 3186 solvitur?
3522 3131 3711 3189 Nescio
3756 3145 3816 3184 an

2234 3226 2408 3297 possit
2433 3226 2483 3282 ei
2514 3225 2781 3295 condigna
2806 3241 2953 3279 mors
2991 3234 3086 3279 aut
3111 3239 3268 3295 parua
3299 3225 3551 3296 cogitari.

2303 3322 2393 3376 21.
2450 3320 2599 3374 [lieet
2637 3318 2832 3388 aliquis
2870 3336 2881 3371 :
2913 3327 2938 3365 8
2964 3316 3159 3373 Melius
3201 3329 3272 3373 est
3311 3318 3505 3373 nubere
3559 3334 3708 3389 quam
3745 3315 3818 3369 uri

2234 3442 2406 3508 major
2432 3452 2530 3507 pro
2566 3440 2795 3493 minore.
2823 3439 3070 3493 Attamen
3090 3436 3254 3492 Fran.
3277 3437 3616 3493 Hotmanuns
3652 3437 3735 3492 lib.
3762 3437 3816 3490 de

2235 3509 2618 3579 Sponsalilms,
2653 3525 2775 3578 cap.
2804 3510 2840 3566 5
2862 3552 2875 3575 ,
2910 3510 2980 3563 ita
3022 3512 3161 3563 hunc
3193 3511 3369 3564 locum
3405 3511 3810 3579 interpretatur,

2236 3596 2291 3638 ut
2335 3597 2399 3638 ex
2438 3596 2508 3637 eo
2545 3580 2770 3636 totidem
2804 3591 2971 3636 testes
3011 3581 3079 3635 ad
3119 3582 3453 3650 Sponsaliutn
3503 3582 3814 3636 raliditalem

2237 3655 2367 3709 olim
2400 3654 2740 3709 necessarios
2774 3651 2945 3707 fuisse
2980 3664 3209 3711 as~erat.
3259 3651 3326 3719 Et
3368 3652 3511 3711 hunc
3541 3652 3697 3710 etiam
3728 3667 3816 3706 nu-

2239 3741 2447 3779 merum
2479 3725 2749 3796 quondam
2780 3724 2845 3779 ad
2878 3725 3147 3796 legitimos
3184 3737 3335 3796 actus
3375 3724 3815 3796 [umenecessit—

2239 3801 2379 3852 rium
2416 3792 2634 3851 Arcadii
2662 3794 2892 3849 Coustit.
2926 3792 2976 3849 in
3010 3794 3071 3849 L.
3102 3794 3160 3848 Ι).
3191 3794 3259 3850 de
3287 3794 3436 3849 Test.
3464 3807 3520 3850 et
3547 3794 3697 3865 Legis
3720 3792 3814 3865 Illa:

2243 3870 2355 3923 mil.
2389 3883 2511 3937 cap.
2552 3869 2618 3932 5,
2661 3868 2909 3935 notisque
2943 3868 3143 3934 scripta
3185 3883 3251 3921 ex
3283 3867 3396 3920 \‘al.
3446 3862 3649 3937 Probo:
3668 3862 3812 3919 edicti

2244 3936 2479 4011 prtetorii
2515 3938 2773 4007 particula
2800 3940 3001 4011 citatis,
3029 3939 3279 4011 ostendit
3295 3938 3600 3997 Brissuuius
3627 3936 3808 4011 Select.

2243 4008 2307 4067 ex
2330 4010 2460 4067 Jure
2485 4010 2602 4064 Civ.
2634 4008 2885 4081 antiquit.
2920 4010 3011 4064 lib.
3040 4026 3100 4081 ll.
3132 4010 3284 4078 Quod
3311 4022 3490 4065 autent
3524 4009 3680 4081 paulo
3706 4013 3814 4081 post

2244 4083 2585 4153 subjungitor
2625 4080 2692 4135 de
2724 4082 2964 4153 periculo
2993 4080 3358 4136 adulterorum
3377 4123 3390 4146 ,
3422 4079 3581 4153 longo
3610 4079 3809 4153 quidem

2247 4144 2490 4227 tempore
2535 4154 2616 4207 his
2654 4144 2797 4227 nulla
2827 4154 3018 4222 capitis
3052 4169 3205 4222 poena
3229 4144 3651 4227 ccttstituta:l'uit
3685 4144 3811 4227 apud

2248 4219 2522 4281 Romanos
2551 4265 2563 4285 .
2608 4232 2666 4278 ut
2694 4219 2922 4294 AugUsi.
2959 4219 3147 4280 auctor
3172 4234 3254 4280 est
3291 4226 3384 4280 lib.
3414 4226 3484 4279 de
3512 4222 3671 4278 Civit.
3697 4219 3810 4294 Dei,

2245 4310 2365 4366 cap.
2396 4294 2450 4349 5.
2486 4294 2554 4366 Et
2577 4295 2679 4350 ltoc
2707 4291 2846 4349 adeo
2877 4311 3060 4349 verum
3100 4297 3414 4353 existimant
3434 4291 3811 4366 iurisconsulti.

543 4362 598 4432 Et
628 4374 750 4430 cod.
786 4362 934 4427 Fla'v.
969 4378 1022 4420 et
1049 4362 1292 4437 Regiam.
1324 4366 1503 4449 locum
1530 4366 1896 4449 restituimus;
1930 4362 2139 4449 licet‘in
2164 4367 2219 4429 D
2246 4362 2504 4449 ut'sicnbi
2529 4381 2744 4449 poenam
2776 4367 3060 4449 capitalem
3093 4378 3190 4449 aut
3220 4362 3495 4449 sanguinis
3538 4368 3588 4421 itt
3615 4362 3811 4449 adulto;

546 4447 798 4517 Regiom.
831 4449 951 4517 post
991 4453 1181 4493 vocem
1215 4438 1622 4517 neopltytorum.
1664 4437 2025 4517 subiungat“.-
2055 4438 2137 4517 ιη-

547 4508 773 4573 militum
799 4508 1134 4585 angelorum,
1186 4509 1328 4585 quod
1369 4508 1423 4562 in
1447 4515 1746 4585 contextus
1771 4510 1970 4585 seriem
2002 4511 2141 4585 reci-

545 4589 801 4660 piendum
820 4577 941 4642 esse
965 4599 1070 4637 non
1097 4577 1424 4660 putavimus.
1442 4577 1710 4660 Caeterum
1738 4582 1838 4660 hoc
1859 4579 1979 4634 loco
1995 4582 2140 4660 bene

548 4648 716 4715 inulta
737 4663 1053 4717 occurrunt,
1085 4648 1203 4722 qua:
1221 4650 1287 4706 ad
1317 4658 1559 4704 veterem
1586 4648 1843 4722 Ecclesia)
1870 4653 2142 4721 pertinent

546 4718 1123 4802 disciplinam.‘Pri_mo
1143 4725 1286 4778 enim
1316 4722 1574 4776 discimus
1599 4718 1654 4775 in
1684 4735 1834 4776 more
1863 4718 2053 4787 fuisse,
2085 4732 2143 4778 ut

549 4798 741 4860 recens
783 4798 1036 4870 baptisati
1085 4809 1279 4870 cer_eos
1321 4805 1582 4870 accensos
1619 4803 2139 4870 manu_gestareo_t_:

549 4875 748 4933 deinde
772 4863 915 4944 quod
943 4868 1136 4944 jatn__in
1160 4865 1386 4944 Exliort.
1418 4864 1623 4944 Virgiu.
1657 4863 2021 4944 cap.7,_nu_m.
2047 4864 2141 4944 τη,

549 4886 748 4933 deinde
772 4886 915 4944 quod
967 4886 1050 4922 aut
1082 4886 1136 4923 In
1160 4886 1386 4921 nxuort.
1426 4886 1623 4936 Vtrgttt.
1657 4886 1840 4935 cap.t,
1869 4886 2021 4927 num.
2047 4886 2140 4931 az,

549 4947 849 5011 docuerat,
875 4886 1122 4996 velandis
1155 4932 1452 5011 virginibus
1481 4936 1674 5011 festum
1696 4935 1978 5011 paschalis
2010 4938 2140 4992 olim

549 5008 897 5077 destinatum,
926 5012 1069 5067 sicut
1094 5019 1149 5065 et
1177 5008 1511 5064 Do‘miuieam
1543 5008 1860 5070 nativiiatis,
1896 5021 1952 5062 ut
1979 5023 2141 5078 supra

550 5090 647 5145 lib.
672 5104 730 5143 Ill
752 5088 820 5142 de
841 5084 1073 5154 Virgiu.,
1101 5096 1224 5154 cap.
1253 5097 1291 5145 ι,
1321 5099 1373 5133 ιι.
1411 5080 1463 5154 1,
1496 5078 1636 5132 idem
1671 5079 1990 5154 tradiderat;
2024 5080 2141 5154 qui-

550 5164 650 5232 bus
675 5149 1177 5232 praterea'tiatales
1200 5152 1582 5232 Apostolorum
1626 5149 1872 5232 adjunxit
1893 5149 2144 5205 Gelasius

548 5221 799 5293 Puniites
829 5229 1013 5295 Bome;
1036 5233 1149 5304 ltiti!
1169 5222 1238 5287 ad
1265 5221 1529 5304 eiusmodi
1556 5222 2023 5304 consecrationem
2048 5238 2144 5292 po-

551 5290 658 5371 puli
681 5290 1009 5373 concursutn
1037 5290 1187 5373 lieri;
1212 5308 1277 5348 ac
1298 5290 1526 5373 demum
1552 5290 1622 5347 ad
1644 5292 1913 5373 Virginth
1934 5290 2145 5373 sel-mg-

551 5362 675 5433 item
704 5372 894 5435 haberi
921 5367 1291 5435 consuevisse,
1322 5364 1437 5431 Qua
1472 5362 1543 5429 de
1572 5377 1632 5425 re
1657 5364 1824 5421 adnvis
1861 5362 1956 5423 lib.
1982 5379 2040 5420 tu
2073 5364 2143 5421 de

556 5444 901 5516 Virgi._supra_
925 5440 1209 5516 citatum;
1307 5507 1318 5516 Ι
1365 5505 1377 5516 ⁸
1604 5504 1636 5516 η

622 5504 818 5568 cl"Mss:
835 5511 1059 5579 aliquot,
1087 5517 1137 5565 et
1165 5505 1378 5567 Domini
1401 5504 1691 5577 sponsalia.

625 5593 648 5622 ο
674 5583 817 5639 Edit.
851 5576 1102 5651 ac'pauci
1127 5592 1295 5647 ms_s.,
1337 5576 1456 5635 cum
1496 5578 1608 5633 lucc
1999 5577 2143 5646 Quid

554 5664 702 5724 putas
724 5652 860 5725 (ore,
891 5653 935 5707 si
952 5650 1115 5719 inter,
1140 5660 1247 5707 etc.

627 5726 644 5765 ¹
678 5741 839 5799 Forte
862 5754 1120 5798 numerus
1148 5737 1405 5797 deﬁnitus
1428 5751 1525 5812 pro
1541 5735 1848 5805 indeﬁnito,
1869 5735 1957 5793 vel
1977 5734 2142 5793 etiam

2247 4454 2337 4494 ros
2363 4454 2392 4493 a
2425 4430 2617 4508 primis
2645 4430 3061 4507 imperatoribus
3092 4438 3252 4493 latam
3281 4430 3572 4509 rEperiant,
3598 4437 3661 4490 de
3682 4430 3813 4509 civili

2246 4503 2443 4572 morte;
2461 4523 2590 4579 puta
2606 4503 3006 4577 deportatione,
3028 4503 3482 4565 ctindetnttaiione
3502 4511 3566 4564 ad
3586 4503 3810 4579 metalla,

2246 4583 2329 4638 vel
2360 4582 2427 4638 de
2453 4578 2682 4653 simplici
2712 4580 2885 4653 exilio
2915 4581 3113 4653 dictum
3142 4580 3429 4651 accipiant.
3483 4585 3546 4653 At
3567 4578 3814 4653 Constante

2245 4653 2392 4709 tinus
2425 4648 2643 4726 Magnus
2688 4664 2745 4726 ut
2792 4652 3069 4726 religionis
3110 4653 3179 4705 ita
3211 4648 3275 4726 et'
3295 4652 3558 4726 castitatis
3587 4648 3809 4726 vindex,

2248 4728 2418 4791 legem
2463 4721 2533 4798 de
2577 4724 2847 4798 adulteris
2871 4724 3059 4798 ultimo
3090 4724 3359 4793 supplicio
3388 4721 3678 4798 allicit-nilis
3717 4721 3814 4798 pri-

2248 4812 2368 4851 mus
2402 4796 2541 4851 tulit.
2575 4796 2735 4850 Auxit
2778 4796 2944 4850 etiam
2988 4792 3129 4868 hanc
3173 4810 3385 4863 poenam
3415 4796 3677 4868 Constans
3705 4792 3813 4868 ejus

2250 4868 2389 4941 [ilius
2436 4868 2551 4941 lege
2580 4909 2593 4933 ,
2645 4882 2802 4937 quam
2837 4867 3099 4941 Barouius
3124 4868 3190 4920 ad
3217 4883 3311 4941 an.
3339 4867 3444 4941 339
3475 4865 3656 4941 refert,
3673 4869 3738 4941 _ut
3766 4865 3810 4936 in

2249 4930 2555 5003 bujusmOdi
2580 4930 2710 4993 reos
2740 4947 3011 5008 tamquam
3044 4939 3094 4989 in
3122 4937 3418 5008 parricidas
3439 4937 3590 5008 culeo
3609 4932 3685 4987 vel
3717 4930 3812 4999 igni

2247 5010 2773 5064 animadverteretur
2804 5005 3101 5076 iiuperans.
3126 5005 3333 5063 Verum
3362 5009 3527 5077 legem
3558 5005 3690 5058 lianc
3715 5015 3809 5053 non

2248 5080 2338 5155 diu
2363 5082 2438 5155 ad,
2451 5081 2641 5155 apices
2671 5081 3012 5134 observatam
3037 5095 3165 5155 esse
3177 5076 3537 5155 intelligimus
3559 5091 3621 5129 ex
3647 5076 3808 5155 Alunt-

2248 5151 2544 5207 Marcellini
2574 5151 2665 5205 lib.
2695 5166 2881 5215 xxvm,
2916 5165 3039 5220 cap.
3071 5151 3121 5203 1.
3147 5149 3308 5204 Multa
3340 5154 3556 5217 insuper
3583 5149 3808 5221 privatim

2249 5222 2302 5277 in
2321 5224 2593 5296 adulteros
2612 5216 3535 5296 depreliausos—permittebantur,ut
3558 5216 3807 5296 spoliatio,

2247 5295 2551 5351 verberatio
2575 5335 2590 5359 ,
2622 5291 3038 5363 rbapltanismns
3064 5333 3079 5358 ,
3108 5294 3399 5354 mutilatio,
3430 5292 3590 5346 immo
3616 5291 3805 5363 etimit.

2250 5367 2324 5422 uti
2350 5381 2379 5420 a
2406 5353 2739 5421 nobis'libro'
2754 5366 2823 5420 de
2853 5353 3189 5435 Virginitate,
3216 5378 3337 5434 cap.
3368 5353 3421 5428 7,
3451 5375 3596 5418 num.
3628 5354 3708 5420 55,
3730 5353 3809 5405 0b-

2249 5446 2521 5495 servatunt
2550 5448 2656 5503 est,
2674 5439 2873 5492 ctedes.

2320 5519 2345 5557 ε
2368 5508 2493 5564 Mss.
2529 5502 2774 5562 nonnulli
2806 5547 2821 5573 ,
2854 5506 3043 5562 Helius
3072 5506 3186 5561 volo
3226 5505 3430 5563 nubere.
3468 5503 3613 5565 lianc
3644 5502 3806 5573 autem

2247 5579 2607 5649 objectionem
2642 5578 2746 5637 sibi
2791 5569 2899 5649 iam
2927 5575 3055 5635 alibi
3082 5578 3408 5648 propositam
3437 5573 3624 5633 eodem
3668 5569 3807 5642 plano

2249 5651 2410 5708 modo
2445 5656 2761 5731 expedierat
2786 5655 3126 5715 Ambrosius.
