3946 6180
206 167 292 223 5η

960 154 1045 212 DE
1084 153 1306 213 LAPSU
1337 151 1634 227 VIRGINIS
1672 151 2162 215 CONSECRATIE
2204 152 2408 212 LIBER
2450 152 2650 214 UNUS.

3232 216 3249 232 .
3342 158 3448 225 374

205 283 237 352 (ι
260 279 357 336 Cor.
389 292 491 343 vn,
533 274 613 347 9).
645 272 761 330 lloc
791 271 988 335 dictum
1020 268 1086 327 ad
1114 284 1220 325 non
1253 268 1549 340 pollicitam
1569 268 1737 339 perti-
1763 270 1815 329 Α
1844 283 2001 336 quam
2053 268 2107 322 in
2152 268 2418 339 gurgitem
2449 268 2774 341 altissimum
2803 267 3172 341 demergebat,
3208 278 3264 327 et
3288 276 3445 343 quasi

203 382 302 436 net,
327 369 386 424 ad
422 367 652 424 nondum
681 366 937 420 velatam.
969 361 1242 417 Caeterum
1268 376 1389 450 qua
1418 376 1478 417 se
1507 374 1745 431 Sp0p0n-

201 462 261 519 dit
280 460 493 526 Christo,
517 467 572 515 et
594 465 842 513 sanctum
867 454 1112 510 velamen
1137 452 1381 523 accepit,
1404 451 1515 522 jam
1539 452 1743 523 nupsit,

196 556 280 625 jam
304 549 574 607 immortali
602 549 787 620 juncta
816 557 899 603 est
921 547 1057 600 viro.
1079 545 1147 600 Et
1166 544 1280 615 jam
1312 543 1357 599 si
1383 543 1616 599 voluerit
1647 560 1746 598 nu-

201 647 301 701 bere
323 644 578 699 communi
616 642 732 713 lege
760 639 1030 711 conjugii,
1063 637 1394 694 adulterium
1434 646 1743 709 perpetrat,

198 739 355 794 ancilla
391 736 579 793 mortis
606 734 863 793 efﬁcitur.
898 734 953 790 Si
1005 733 1109 789 hoc
1138 732 1209 787 ita
1250 741 1334 788 est
1357 773 1373 796 ,
1403 731 1531 805 quid
1562 731 1630 786 de
1652 731 1743 787 illa

197 832 439 891 dicendum
464 841 546 889 est
570 847 691 903 qua:
718 830 928 885 occulta
951 836 1009 885 et
1031 827 1224 883 furtiva
1257 826 1590 898 turpitudine
1612 840 1743 880 con-

195 935 446 997 stupratur,
485 935 537 980 et
583 922 736 994 ﬁngit
768 938 829 978 se
863 936 987 977 esse
1016 919 1159 990 quod
1202 934 1309 974 non
1338 920 1465 975 est?
1495 927 1521 955 ⁸
1545 917 1743 973 Habitu

195 1018 339 1089 virgo,
365 1014 500 1071 laeto
550 1029 655 1071 non
701 1014 890 1085 virgo:
916 1012 999 1069 bis
1030 1011 1275 1068 adultera
1294 1054 1309 1080 ,
1335 1020 1391 1068 et
1423 1011 1474 1066 in
1498 1019 1620 1067 actu
1643 1052 1658 1078 ,
1688 1020 1741 1067 et

192 1112 231 1165 in
257 1118 469 1180 aspectu.

756 1199 988 1257 CAPUT
1032 1199 1117 1255 Vl.

188 1295 335 1367 Pergit
358 1312 414 1350 ea
451 1310 850 1350 commemorare
875 1336 890 1360 ,
934 1294 1120 1366 quibus
1160 1292 1312 1347 illam
1348 1311 1381 1346 a
1420 1292 1742 1365 turpitudine

241 1389 462 1443 deterreri
507 1396 823 1459 oportuerat.
865 1384 994 1440 Cum
1026 1399 1198 1443 autem
1248 1385 1428 1440 eadem
1463 1389 1579 1465 jam
1625 1395 1741 1439 ante

240 1484 490 1537 triennium
519 1483 731 1538 sinistra
755 1480 1036 1536 laborasset
1068 1481 1338 1553 Opinione,
1368 1482 1534 1553 ipsius
1556 1496 1739 1534 amen-

238 1576 342 1629 tiam
367 1576 601 1643 miratur,
628 1575 765 1645 quod
792 1574 1051 1640 inimicos,
1068 1576 1286 1643 amicos,
1303 1572 1539 1628 acDeum
1571 1574 1739 1645 ipsum

236 1668 423 1740 perinde
444 1685 711 1740 spernens,
746 1668 949 1722 nullum
971 1668 1165 1722 obicem
1185 1685 1286 1722 non
1314 1667 1639 1740 perfregerit.

235 1757 309 1811 ἥ.
330 1758 427 1814 Sed
456 1758 523 1814 ad
559 1768 611 1814 te
647 1760 846 1814 iterum
876 1758 1066 1823 redeo,
1102 1776 1224 1830 qua:
1253 1759 1584 1814 oblivionem
1618 1767 1739 1813 tan-

182 1860 320 1905 torum
346 1865 494 1923 passa
525 1849 862 1919 bonorum}
897 1852 1300 1922 receptaculum
1329 1860 1600 1907 tantorum
1622 1866 1737 1907 ma-

181 1946 318 2000 lorum
348 1946 476 2001 facta
508 1960 593 2001 es.
627 1944 915 2015 Quomodo
962 1946 1061 2000 tibi
1105 1946 1156 2000 in
1206 1956 1329 2000 actu
1368 1946 1463 2001 illo
1500 1945 1733 2015 ignomi-

178 2037 300 2095 nioso
337 2056 437 2095 non
482 2038 744 2096 veniebat
776 2040 828 2094 in
862 2050 1099 2095 mentem
1144 2039 1360 2094 habitus
1405 2038 1688 2110 virginalis
1716 2082 1732 2109 ,

179 2148 419 2201 processus
439 2134 491 2189 in
525 2133 831 2191 Ecclesium
863 2133 1005 2189 inter
1026 2135 1301 2206 virgineos
1326 2134 1566 2190 choros?
1588 2134 1735 2203 Quo-

177 2225 305 2281 modo
331 2227 509 2281 oeulos
544 2237 668 2281 tuos
697 2244 803 2281 non
836 2227 1239 2300 perstringebat
1265 2228 1355 2282 lux
1379 2228 1688 2299 vigiliarum
1717 2246 1730 2282 :

174 2331 301 2372 aures
343 2326 453 2373 tuas
502 2333 613 2373 non
656 2318 975 2387 penetrabat
1034 2318 1355 2390 hymnorum
1402 2318 1730 2389 Spiritalium

172 2418 324 2463 cantus
368 2427 381 2464 :
425 2420 670 2465 mentem
727 2419 872 2463 tuam
929 2425 1036 2465 non
1090 2411 1390 2465 ventilabat
1438 2410 1730 2467 lectionum

170 2501 423 2556 ccelestitun
462 2503 673 2569 virtus;
725 2503 851 2557 hinc
880 2504 966 2558 vel
1011 2505 1243 2559 maxime
1273 2505 1337 2559 ad
1374 2514 1426 2560 te
1461 2505 1731 2561 clamante

171 2589 392 2662 Apostolo
418 2614 432 2651 :
473 2594 667 2665 Fugite
692 2596 1110 2667 fornicationem;
1136 2600 1256 2667 quia
1294 2614 1444 2653 omne
1464 2608 1732 2670 peccatum

171 2686 481 2758 quodcumque
509 2687 687 2758 fecerit
712 2687 865 2742 homo
884 2730 898 2753 ,
922 2698 1070 2742 extra
1093 2706 1281 2760 corpus
1304 2699 1377 2744 est
1406 2705 1424 2743 :
1444 2691 1531 2761 qui
1560 2701 1731 2744 autem

168 2779 456 2849 fornicatur,
492 2784 544 2836 in
575 2799 766 2855 corpus
796 2799 947 2837 suum
986 2792 1161 2854 peccat
1186 2781 1228 2856 (l
1255 2783 1376 2839 Cor.
1405 2801 1473 2851 γι,
1511 2784 1635 2857 17)Υ
1666 2786 1732 2841 Et

166 2888 260 2928 cum
287 2876 406 2931 dicit
434 2894 449 2930 :
482 2874 551 2931 In
573 2892 762 2946 corpus
789 2892 974 2942 suum;
1016 2884 1194 2932 tamen
1226 2877 1276 2931 in
1304 2876 1577 2933 Christum
1603 2893 1726 2933 eum

167 2980 352 3033 peccare
380 2968 745 3023 demonstrat.
792 2966 926 3022 Nam
976 2967 1253 3039 subjungit
1307 2987 1319 3023 :
1353 2980 1373 3008 ο
1399 2969 1478 3023 Αη
1520 2970 1729 3024 nescitis

1850 358 2119 428 captivam
2152 359 2512 416 exsecrabilis
2550 361 2716 416 libido
2739 361 2988 417 ducebat.

1919 450 2011 507 24.
2037 452 2228 508 Nonne
2268 453 2355 509 vel
2385 453 2534 509 illum
2564 454 2746 511 locum
2779 454 2981 510 tabulis
3007 466 3339 525 separatum,
3390 459 3443 514 in

1847 560 1957 616 quo
1988 546 2041 601 in
2065 546 2312 603 Ecclesia
2349 547 2554 613 stabas,
2599 547 2880 604 recordari
2907 547 3171 617 debuisti,
3196 549 3262 605 ad
3284 565 3448 621 quem

1848 638 2118 709 religiosa:
2166 650 2430 695 matrona:
2469 652 2523 695 et
2562 640 2775 696 nobiles
2819 640 3071 696 certatim
3116 643 3444 713 currebant,

1847 739 1939 786 tua
1976 732 2161 787 oscula
2194 741 2467 803 petentes,
2499 740 2523 773 ε
2554 749 2674 804 quae
2723 735 3031 790 sanctiores
3070 743 3127 789 et
3166 734 3448 808 digniores

1850 835 1900 882 te
1920 829 2115 883 erant?
2148 827 2342 884 Nonne
2371 829 2454 884 vel
2487 829 2575 884 illa
2609 838 2881 900 prarcepla
2921 847 3041 902 qua:
3084 832 3258 888 oculis
3286 835 3392 889 tuis
3421 834 3439 873 ί

1845 919 1964 990 ipse
1994 922 2231 991 scriptus
2282 923 2460 993 paries
2495 922 2817 994 ingerebat,
2858 924 3139 980 recordari
3175 925 3442 984 debuisti:

1849 1011 2027 1067 Divisa
2054 1026 2127 1068 est
2149 1012 2333 1069 mulier
2362 1023 2409 1068 et
2439 1014 2579 1086 virgo
2608 1031 2626 1069 :
2655 1031 2771 1087 qua:
2796 1033 2899 1075 non
2923 1027 2996 1071 est
3027 1028 3208 1091 nupta,
3254 1021 3441 1093 cogitat

1843 1123 1957 1177 qua:
1983 1106 2194 1162 Domini
2217 1118 2357 1175 sunt,
2380 1108 2637 1178 quomodo
2657 1110 2723 1164 sit
2741 1120 2922 1166 sancta
2939 1128 3152 1184 corpore
3179 1122 3225 1168 et
3251 1115 3441 1185 spiritu

1845 1197 1888 1269 (Ι
1906 1195 2029 1255 Cor.
2056 1215 2149 1265 vn,
2176 1198 2293 1271 54).
2318 1199 2397 1254 'I‘u
2426 1209 2608 1255 autem
2644 1201 2694 1256 in
2718 1202 3058 1259 contrarium
3088 1205 3300 1261 vertisti
3319 1205 3436 1262 dic-

1845 1299 1980 1357 tum,
2006 1292 2077 1346 ita
2123 1291 2391 1365 cogitans,
2426 1293 2497 1347 ita
2552 1308 2722 1365 agens
2756 1305 2813 1348 ut
2862 1310 2963 1352 nec
3013 1312 3244 1370 corpore
3292 1314 3442 1359 esses

1844 1394 2055 1453 sancta,
2104 1401 2202 1442 nec
2246 1386 2443 1458 spiritu
2473 1403 2485 1439 :
2515 1401 2745 1458 corpore
2790 1388 3033 1458 quidem,
3086 1390 3438 1457 fornicando;

1844 1478 2037 1551 spiritu
2062 1488 2267 1543 autem,
2301 1478 2668 1550 virginitatem
2701 1481 3040 1538 mentiendo.
3238 1462 3241 1465 I

1902 1573 1992 1628 25.
2017 1571 2162 1626 Proh
2186 1573 2363 1627 nefas!
2384 1581 2408 1619 ε
2426 1570 2723 1628 soletfama
2735 1573 2993 1645 subsequi
3014 1574 3332 1645 factum,tua
3355 1596 3442 1635 au-

1768 1667 1817 1733 B
1848 1676 1952 1721 tem
1975 1665 2175 1720 malum
2204 1664 2343 1720 fama
2370 1667 2653 1737 praevenit.
2673 1665 2808 1721 Nam
2838 1682 2962 1722 cum
2989 1679 3116 1725 ante
3150 1670 3442 1728 trienniunt

1842 1775 2031 1814 rumor
2060 1759 2280 1831 quidam
2330 1768 2387 1815 et
2422 1760 2758 1815 sussnrratio
2796 1759 2864 1816 de
2899 1771 2949 1817 te
2988 1761 3184 1818 fuisset
3210 1804 3224 1830 ,
3255 1774 3309 1820 tu
3332 1764 3447 1823 sin-

1840 1854 2123 1909 ceritatem
2152 1853 2555 1925 przrtendebas,
2582 1865 2640 1909 et
2670 1854 2970 1910 vindictam
2991 1856 3058 1911 de
3080 1857 3364 1915 maledicis
3386 1861 3441 1917 in

1842 1948 2084 2003 Ecclesia
2132 1948 2450 2019 postulabas
2491 1948 2730 2020 publice.
2762 1948 2909 2016 Quos
2934 1959 3102 2006 aestus
3129 1966 3231 2023 ego
3267 1955 3435 2008 susti-

1841 2041 1971 2096 nui!
2000 2041 2153 2108 Quos
2179 2052 2332 2111 pater
2359 2050 2482 2095 tuus
2510 2056 2614 2112 pro
2657 2052 2745 2097 tua
2791 2042 3049 2113 sustinuit
3072 2026 3331 2114 opinione
3359 2046 3436 2100 la-

1838 2133 2023 2198 bores,
2052 2134 2397 2204 requirentes
2439 2133 2704 2204 singulos,
2750 2134 2992 2205 singulos
3036 2136 3437 2208 astringentes;

1839 2234 1899 2279 ut
1939 2223 2006 2279 ad
2049 2234 2331 2279 auctorem
2387 2222 2627 2278 infamia:
2676 2224 3032 2280 veniremus!
3066 2226 3244 2283 Grave
3288 2228 3432 2283 enim

1838 2326 1955 2373 erat
1989 2316 2145 2372 nobis
2172 2327 2227 2372 et
2250 2314 2501 2371 omnibus
2530 2314 2690 2371 bonis
2723 2316 3065 2371 intolerabile
3095 2316 3163 2372 de
3202 2318 3295 2373 Dei
3327 2319 3435 2374 vir-

1836 2412 1961 2481 gine
1989 2410 2071 2464 vel
2102 2421 2259 2479 turpe
2290 2405 2493 2480 aliquid
2516 2406 2644 2474 dici,
2675 2406 2761 2461 vel
2791 2408 2962 2463 credi.

1906 2502 1998 2557 26.
2030 2501 2139 2557 Nec
2173 2500 2276 2556 hoc
2309 2501 2482 2555 verita
2519 2514 2601 2566 es,
2637 2514 2739 2554 nec
2768 2507 2897 2554 ante
2934 2499 3123 2554 oculos
3159 2498 3429 2565 habuisti;

1836 2614 1905 2655 ne
1938 2597 2159 2654 venires
2204 2594 2441 2653 inimicis
2470 2594 2574 2648 tuis
2601 2595 2653 2649 in
2677 2592 2954 2666 gaudium,
2988 2606 3041 2649 et
3080 2608 3176 2649 eos
3203 2593 3438 2649 haberes

1837 2692 2080 2747 infensos
2125 2689 2217 2761 qui
2271 2704 2367 2760 pro
2406 2696 2495 2743 tua
2526 2688 2785 2760 opinione
2832 2686 3173 2742 laborabant.
3204 2686 3429 2742 Multum

1834 2786 2036 2852 audax,
2087 2783 2316 2840 multum
2367 2781 2686 2846 temeraria;
2740 2790 2798 2835 ut
2851 2789 2905 2836 te
2950 2781 3291 2836 conscientia
3343 2788 3432 2835 tua

1837 2895 1944 2935 non
1976 2887 2209 2934 terreret
2242 2894 2257 2933 :
2291 2876 2387 2931 sed
2436 2875 2691 2931 simulata
2738 2874 3068 2946 virginitate,
3125 2883 3347 2947 putares
3381 2886 3431 2930 te

1835 2974 1997 3028 etiam
2032 2970 2200 3025 Deum
2245 2983 2408 3040 p0sse
2438 2967 2709 3040 decipere.
2736 2965 2841 3022 Sed
2876 2967 2968 3022 ille
2998 2964 3090 3039 qui
3118 2966 3254 3021 dixit
3283 2984 3295 3020 :
3324 2964 3430 3019 Ni-

165 3061 368 3127 quoniam
402 3060 631 3116 membra
659 3069 826 3115 vestra
852 3062 1103 3129 templum
1139 3071 1213 3114 est
1254 3059 1488 3133 Spiritus
1525 3062 1725 3132 sancti,
1756 3059 1801 3124 C
1836 3066 1909 3120 hil
1938 3065 2194 3119 occultant
2235 3063 2376 3131 quod
2430 3078 2531 3116 non
2557 3059 2861 3116 revelabitur
2887 3059 3101 3131 (Matth.
3137 3076 3191 3127 ι,
3220 3057 3347 3132 28);
3376 3067 3432 3114 et

163 3168 250 3223 qua:
272 3154 456 3210 habetis
479 3172 511 3209 a
528 3155 752 3209 Domino
770 3196 783 3217 ,
809 3164 859 3209 et
888 3171 991 3208 non
1019 3154 1142 3209 estis
1163 3156 1323 3231 311
1348 3155 1501 3210 uestri
1524 3172 1542 3221 ;
1570 3156 1725 3229 empti

1829 3176 1935 3227 vos,
1970 3159 2165 3231 inquit,
2198 3157 2392 3229 fecistis
2415 3157 2468 3210 in
2494 3158 2693 3211 occulto
2714 3172 2733 3211 :
2761 3172 2852 3230 ego
2873 3167 3045 3211 autem
3077 3158 3129 3210 in
3153 3157 3427 3226 manifesto

162 3248 267 3301 enim
286 3250 398 3303 estis
427 3250 596 3319 pretio
621 3243 870 3319 magno,d
903 3247 1214 3319 gloriﬁcate,
1251 3258 1298 3302 et
1329 3257 1532 3319 portate
1562 3245 1729 3301 Deum
1828 3252 2110 3324 faciam(ll
2130 3252 2257 3324 Reg.
2291 3267 2347 3318 ι,
2377 3246 2489 3321 12).
2518 3248 2613 3305 Ille
2631 3251 2719 3321 qui
2750 3266 2859 3313 non
2877 3249 3432 3317 mentiturJurtivum

161 3341 203 3393 in
219 3359 410 3416 corpore
424 3355 590 3400 vestro
605 3342 773 3415 (Ibid.
787 3386 800 3411 ,
819 3343 936 3414 ΞΟ).
952 3344 1019 3399 Et
1032 3347 1226 3399 iterum
1246 3344 1377 3399 dicit
1398 3341 1724 3397 :Fornicatio

161 3445 299 3489 autem
331 3448 377 3492 et
428 3438 597 3491 omnis
646 3436 976 3491 inmunditia
1014 3453 1104 3491 nec
1136 3437 1426 3491 nominetur
1454 3437 1587 3490 inter
1618 3452 1726 3503 vos,

161 3527 264 3582 sicut
300 3531 435 3587 decet
475 3541 681 3597 sanctas
732 3528 954 3604 (Ep/tes.
982 3548 1035 3596 ν.
1068 3529 1159 3603 5).
1202 3531 1267 3585 Ει
1305 3529 1543 3603 seposita
1574 3528 1723 3584 omni

161 3624 459 3694 adulatione,
484 3629 812 3683 sententiam
847 3627 959 3697 ﬁgit
986 3628 1283 3698 Apostolus
1318 3648 1332 3685 :
1365 3626 1499 3694 Hoc,
1529 3626 1720 3697 inquit,

160 3717 309 3773 scitote
333 3721 673 3795 intelligentes
693 3721 816 3793 quia
846 3721 1014 3777 omnis
1042 3721 1347 3792 fornicator,
1376 3730 1466 3774 aut
1498 3720 1721 3775 immun-

160 3810 263 3877 dus,
295 3823 380 3870 aut
406 3831 594 3870 auarus
623 3831 725 3869 non
750 3815 843 3870 erit
870 3815 1034 3871 Irtcres
1059 3816 1112 3870 in
1141 3830 1301 3889 regno
1332 3813 1521 3869 Christi
1550 3821 1597 3865 et
1629 3811 1726 3867 Dei

160 3897 323 3972 (1nd,,
349 3905 433 3976 5).

213 3993 291 4052 25.
318 3998 441 4054 Haec
483 4010 654 4067 tanta,
684 4008 739 4055 et
779 4010 888 4055 tam
939 4000 1203 4057 terribilia
1235 4017 1341 4059 non
1385 4003 1481 4060 tibi
1526 4005 1718 4061 venie-

161 4084 343 4146 bantin
377 4102 647 4159 mentem,
682 4108 805 4149 eum
850 4094 915 4149 ad
958 4095 1091 4151 illud
1134 4110 1271 4166 opus
1309 4098 1579 4154 nefarium
1627 4107 1719 4155 tua

161 4182 377 4239 membra
424 4186 901 4257 peterentur?Sed
935 4188 1213 4243 mortifera
1254 4197 1305 4244 te
1352 4189 1554 4245 oblivio
1586 4198 1722 4246 tam-

218 4318 398 4399 fgdit.
426 4338 488 4379 ac
520 4339 678 4390 mss.,
702 4323 907 4379 habitus
932 4326 1262 4399 virginitatis.

226 4387 481 4465 1’Quatuor
494 4387 717 4461 mss.,et
732 4387 1084 4465 spectaculum
1106 4408 1382 4460 tantorum,
1400 4408 1504 4455 etc.
1524 4399 1722 4455 lterum

162 4469 316 4536 autem
358 4466 443 4521 ubi
492 4482 592 4523 nos
623 4483 691 4523 ex
738 4468 932 4536 potiori
964 4482 1117 4535 parte
1143 4486 1273 4524 mss.
1301 4471 1372 4524 ad
1401 4480 1447 4525 te
1473 4473 1727 4527 clamante

164 4528 412 4613 Apostolo;
435 4538 521 4613 alii
552 4528 760 4613 legunt,
791 4528 1343 4613 adtendeclamantem
1370 4541 1673 4613 Apostolum
1704 4560 1722 4598 :

223 4608 419 4678 "(vero
446 4608 598 4676 hinc,
618 4608 782 4663 Rom.
810 4610 923 4669 hoc.
949 4611 1028 4664 uel
1053 4616 1275 4667 maxime
1297 4608 1581 4678 clamante,
1612 4626 1717 4669 etc.

225 4682 245 4711 ⁸
266 4676 414 4755 Solus
435 4680 605 4737 eode:
634 4680 879 4755 Regium.
900 4684 1177 4755 habet,An
1207 4688 1433 4751 nescitis,
1464 4676 1631 4755 usque
1654 4685 1719 4741 ad

163 4753 390 4829 {ramulis
411 4755 559 4829 vgstri
588 4771 605 4807 :
634 4752 733 4807 sed
762 4767 881 4807 cum
907 4752 1022 4809 haec
1055 4755 1258 4829 optime
1288 4771 1411 4810 cum
1436 4752 1579 4829 sci-ie
1599 4772 1723 4811 ora-

165 4816 304 4874 tionis
322 4816 610 4892 quadrent,
637 4840 814 4895 neque
844 4841 1022 4879 rarum
1066 4816 1132 4880 sit
1164 4824 1461 4893 Scriptura:
1492 4827 1641 4885 locos
1671 4829 1723 4883 in

168 4894 769 4953 mss.ocenrreresbaud
823 4912 1011 4965 parum
1050 4896 1390 4965 decurtatos;
1432 4899 1624 4955 eadem
1670 4901 1723 4954 in

166 4968 346 5020 textum
374 4969 611 5025 recinere
634 4983 744 5025 non
766 4966 1149 5023 dubitavimus.

227 5032 253 5070 ¹¹
287 5035 401 5114 Mss.
448 5032 694 5114 aliquot,
742 5038 1032 5114 gloriﬁcate
1086 5036 1360 5095 Dominum
1404 5042 1458 5095 in
1511 5058 1726 5114 corpore

166 5118 329 5182 vestro.
358 5110 421 5171 Et
446 5108 607 5176 infra,
637 5115 692 5167 in
718 5108 875 5182 regno
902 5108 1017 5164 Dei.

234 5186 258 5257 ἐ
300 5179 444 5237 Rom.
493 5183 627 5238 edit.
647 5222 679 5257 ._
709 5179 856 5250 quasi
903 5182 1252 5257 Sanctioriset
1294 5183 1584 5257 dignioris;
1614 5192 1727 5239 vet.

169 5256 350 5318 autem,
378 5268 438 5310 ac
482 5269 614 5309 mss.
666 5253 770 5308 hoc
800 5263 1004 5306 tantum
1028 5252 1325 5325 dissident,
1349 5252 1500 5325 'quod
1537 5254 1728 5310 borum

170 5332 267 5374 non
307 5326 450 5392 pauci
498 5341 618 5395 pro,
651 5333 698 5379 te
726 5334 901 5389 erant,
936 5322 1261 5397 scriptorum
1303 5322 1459 5397 lapsu
1489 5325 1732 5392 habent,

166 5397 402 5468 steterant.
433 5397 599 5453 Porro
624 5412 730 5451 non
761 5405 890 5451 sunt
916 5395 1162 5468 obeunda
1195 5395 1583 5468 perfunctorie,
1612 5412 1733 5465 quala

171 5459 342 5540 hocin
377 5468 556 5540 capite
573 5468 935 5540 continentur
972 5466 1037 5540 ad
1074 5459 1349 5540 antiquam
1388 5459 1731 5536 disciplinam

176 5534 492 5598 pertinentia.
542 5538 808 5596 Nimirum
865 5537 1046 5592 Statim
1094 5539 1161 5592 ab
1206 5534 1325 5609 ejus
1370 5534 1543 5594 initio
1578 5539 1737 5595 docet

184 5612 371 5683 Vestem
412 5626 558 5683 suam
604 5610 934 5683 pepuliarem
974 5609 1147 5683 tuisse
1177 5612 1493 5683 virginibus,
1537 5624 1739 5681 easque

190 5688 289 5731 non
304 5677 552 5754 singulas,
585 5677 677 5739 sed
710 5681 912 5738 multas
941 5680 1101 5743 simul
1132 5681 1195 5737 ad
1226 5677 1525 5739 Ecclesium
1559 5696 1588 5736 e
1619 5677 1735 5738 nio-

1829 3349 2007 3405 scelns
2047 3346 2275 3402 deduxit
2304 3346 2356 3401 in
2384 3344 2687 3418 publicum,
2742 3352 2799 3398 et
2850 3344 2901 3399 in
2956 3353 3255 3414 conspectu
3298 3342 3432 3401 solis

1832 3444 1991 3515 hujus
2028 3442 2376 3498 tenebrarum
2419 3453 2724 3495 vestrarum
2752 3453 2915 3509 opera
2947 3436 3263 3493 denudavit.

1903 3537 1973 3592 27
1996 3531 2026 3571 ιι
2048 3536 2092 3592 Ο
2112 3535 2369 3608 quidquid
2403 3535 2691 3607 przetendit
2715 3549 2917 3599 sermo,
2947 3532 3253 3589 crudeliora

1834 3640 2129 3687 occurrunt
2155 3650 2167 3683 :
2192 3639 2246 3685 et
2267 3629 2493 3700 cupiens
2516 3627 2809 3694 moderari,
2831 3643 2937 3682 non
2954 3627 3158 3682 invenit
3183 3627 3425 3681 modum.

1834 3726 2012 3783 Oblita
2041 3738 2100 3778 es
2134 3720 2497 3792 propositum,
2530 3720 2693 3775 oblita
2718 3727 2997 3795 parentes,
3031 3717 3196 3772 oblita
3238 3732 3297 3772 es
3329 3716 3433 3772 Ec-

1834 3821 2057 3877 clesiam
2106 3827 2295 3881 totam,
2344 3814 2510 3869 oblita
2560 3812 2791 3885 gloriam
2835 3810 3205 3882 virginitatis,
3256 3813 3427 3869 oblita

1836 3914 2101 3967 honorem
2130 3906 2432 3979 dignitatis,
2448 3905 2611 3960 etiam
2634 3904 2799 3959 oblita
2819 3904 3235 3972 promissionem
3252 3904 3425 3977 regni,

1829 4004 1998 4061 oblita
2019 4002 2286 4073 judicium
2314 3997 2561 4053 terribile
2596 4014 2608 4049 :
2635 3997 2883 4067 amplexa
2907 4011 2969 4051 es
2990 3999 3425 4071 corruptionem,

1830 4093 2110 4169 protuliSti
2162 4091 2398 4146 fruetum
2444 4085 2811 4155 confusionis;
2863 4086 3026 4143 linem
3061 4104 3191 4144 vero
3228 4087 3242 4125 ί
3282 4104 3429 4144 mor-

1833 4198 1942 4245 tem
1974 4186 2356 4250 smvissimam,
2389 4192 2442 4239 et
2467 4181 2747 4237 interitum
2778 4180 3196 4253 sempiternum.

1757 4330 1810 4389 D
1837 4330 2075 4386 nasterio
2102 4327 2437 4400 processisse
2462 4344 2474 4381 :
2501 4325 2604 4380 hoc
2627 4334 2807 4400 autem
2831 4326 2952 4383 loco
2974 4326 3079 4383 illis
3110 4327 3424 4383 attributam

1836 4401 1889 4456 in
1933 4398 2172 4457 Ecclesia
2219 4400 2406 4455 sedem
2439 4416 2543 4455 non
2572 4414 2601 4453 a
2630 4398 2759 4453 viris
2790 4400 2964 4453 solum
2998 4440 3012 4466 ,
3042 4400 3136 4454 sed
3164 4402 3327 4455 etiam
3358 4403 3427 4454 ab

1834 4472 1954 4527 aliis
1983 4471 2202 4528 leoninis
2230 4480 2561 4540 separatam,
2596 4485 2695 4524 nec
2716 4485 2823 4524 non
2870 4469 3092 4526 honoris
3120 4486 3283 4525 causa
3315 4486 3428 4539 ma-

1836 4554 2018 4623 tronas
2050 4544 2260 4623 nobiles
2290 4543 2435 4623 paris
2462 4541 2720 4623 osculum.
2734 4544 2803 4623 ab
2847 4541 2955 4595 illis
2985 4554 3168 4623 petere
3199 4557 3427 4623 consue-

1834 4617 2003 4681 visse;
2034 4630 2098 4670 ac
2128 4606 2345 4671 domum
2381 4614 2666 4683 inscriptas
2700 4612 2863 4667 fuisse
2896 4606 3084 4681 parieti
3126 4606 3426 4684 Scriptura:

1830 4688 2155 4753 sententias,
2186 4687 2384 4756 quibus
2412 4682 2616 4739 easdem
2650 4684 2889 4753 virgines
2934 4684 3098 4738 ollicii
3149 4682 3426 4742 sui'com-

1831 4768 2201 4813 monerentur.

1905 4827 1925 4866 ί
1969 4827 2222 4883 Nonnulli
2254 4841 2411 4890 mss.,
2444 4827 2558 4891 ipsa
2579 4824 2832 4892 scriptura
2860 4824 3140 4895 ingerebat.

1903 4912 1928 4947 ις
1969 4899 2195 4969 Quidam
2229 4913 2385 4960 mss.,
2416 4895 2570 4950 Dolet
2599 4897 2792 4969 famam
2814 4896 3054 4969 subsequi
3089 4900 3302 4967 factum,
3337 4907 3426 4952 tua

1829 4967 2002 5026 autem
2031 4971 2098 5023 ad
2136 4970 2331 5023 malum
2359 4970 2499 5040 fama
2530 4967 2824 5036 pervenit...
2859 4977 2907 5020 et
2936 4967 3265 5022 subsannatio
3295 4971 3358 5023 de
3382 4980 3428 5023 te

1854 5043 2029 5098 'uisset.

1828 5046 2136 5167 Ῑωῗιδῖὲὀηι.
2168 5110 2300 5167 edit.
2332 5121 2385 5166 et
2418 5106 2773 5183 Pseudgohier.
2812 5126 2825 5163 :
2861 5107 2927 5173 0,
2957 5109 3141 5183 inquit,
3169 5110 3272 5183 qui
3289 5127 3427 5183 pra;-

1834 5186 1995 5240 tendit
2042 5199 2324 5239 sermonem
2352 5224 2367 5250 ,
2407 5181 2702 5236 crudeliora
2731 5183 2994 5245 occurrit;
3044 5180 3427 5247 Pseu’dohier'”

1837 5257 2052 5321 incurrit
2076 5272 2093 5311 :
2117 5255 2342 5319 melius;
2376 5254 2547 5309 Paris.
2582 5253 2738 5314 etlit.,
2764 5253 3022 5307 crudelior
3047 5253 3304 5317 occurrit;
3328 5269 3430 5310 nec

1838 5327 2181 5401 incommode
2204 5327 2262 5401 id
2294 5324 2547 5401 quidem;
2595 5322 2687 5378 sed
2721 5332 2901 5401 tamen
2947 5324 2999 5378 in
3039 5323 3262 5378 aliarum
3292 5325 3427 5381 edit.

1840 5415 1903 5454 ac
1932 5415 2064 5456 mss.
2094 5392 2326 5454 lectione
2356 5396 2490 5451 nihil
2515 5392 2851 5449 mutandum.

1922 5468 1935 5506 ί
1985 5469 2207 5526 Mortem
2257 5470 2591 5523 rarissimam
2617 5507 2631 5531 ,
2666 5466 2767 5519 hoc
2794 5475 2877 5523 est
2904 5506 2919 5531 ,
2949 5478 3151 5537 angore
3178 5464 3348 5537 animi
3370 5480 3434 5521 ac

1842 5540 2229 5620 desperatione
2259 5540 2359 5620 nisi
2393 5539 2587 5607 dignos
2635 5537 2966 5620 rwniteutite
3006 5535 3429 5620 lIructusolaciat,

1844 5607 2080 5685 plenam.
2113 5612 2222 5685 Nec
2249 5612 2394 5685 enim
2426 5624 2659 5675 unquam
2684 5607 2823 5685 apud
2848 5607 3435 5685 cbristiauosyirgines

1848 5675 2125 5752 votilragze
2178 5681 2411 5743 violenta
2456 5690 2634 5744 morte
2680 5675 2928 5747 allectac,
2975 5675 3433 5765 quemadmodum
