3974 6186
463 195 571 251 375

1073 309 1300 367 CAPUT
1343 308 1455 364 VII.

470 426 687 483 Omnem
733 425 1042 497 episcOpolis
1088 425 1254 497 ofﬁcii
1280 441 1460 480 curam
1507 425 1586 480 illi
1622 443 1655 480 a
1684 442 1738 480 se
1780 426 2065 497 prastitam

542 519 705 590 fuisse
749 526 1054 572 asseverat:
1080 518 1170 572 sed
1216 518 1385 589 ipsam
1424 534 1527 573 non
1573 519 1740 574 solum
1770 517 1892 572 inde
1934 517 2067 573 nihil

538 610 839 680 profecisse,
867 622 1039 662 verum
1061 609 1217 663 etiam
1254 609 1372 663 aliis
1394 609 1641 681 objecisse
1669 624 1822 681 grave
1846 609 2068 663 scanda-

532 705 663 770 lum,
694 703 833 774 quad
859 704 1147 759 ostenditur
1166 704 1220 759 in
1256 703 1537 775 Evangelia
1561 704 1884 760 severissima
1917 719 2065 774 plena

541 796 802 851 damnari.

534 958 628 1013 28.
657 958 721 1012 Et
748 966 898 1013 certe
927 971 1034 1011 non
1064 957 1236 1013 habes
1264 956 1410 1027 quod
1452 957 1519 1012 de
1562 965 1749 1011 nostra
1783 956 2066 1027 negligen-

464 1052 541 1104 tia
575 1050 962 1120 conqueraris;
988 1048 1370 1120 quodcumque
1400 1047 1547 1104 enim
1576 1048 1645 1103 ad
1676 1047 1917 1103 ofticium
1945 1062 2068 1118 pas-

465 1144 603 1199 toris
648 1144 908 1213 pertinet,
941 1154 995 1198 et
1025 1143 1121 1197 tibi
1147 1152 1204 1197 et
1232 1142 1488 1198 omnibus
1520 1156 1625 1196 non
1658 1150 1919 1211 negatum
1959 1147 2066 1195 est.

467 1246 492 1273 ι
525 1235 752 1292 Dilectio
780 1236 1044 1307 spiritalis
1070 1235 1332 1300 adhibita,
1358 1236 1716 1293 commonitio
1740 1242 1926 1291 sancta
1960 1250 2066 1289 non

465 1333 664 1389 defuit.
720 1332 901 1389 Oblita
955 1332 1177 1387 domum
1224 1333 1393 1403 patris
1423 1332 1525 1397 tui,
1586 1339 1645 1386 ut
1688 1332 1954 1402 scriptum
1985 1340 2072 1386 est

466 1425 640 1498 (Psal.
678 1441 823 1494 xuv,
860 1426 984 1497 ll),
1015 1426 1081 1480 ad
1128 1426 1525 1481 monasterium
1581 1425 1845 1496 virginale
1892 1434 2070 1479 trans-

472 1519 585 1575 isti.
621 1519 769 1575 Inter
808 1528 889 1574 tot
939 1519 1116 1588 posita
1147 1534 1256 1574 non
1300 1519 1477 1573 solum
1510 1517 1636 1573 dico
1676 1526 1790 1571 tuta
1820 1532 1943 1573 esse
1975 1516 2070 1571 de-

469 1614 688 1681 bueras,
716 1614 761 1669 si
797 1613 1068 1669 voluisses
1091 1628 1105 1679 ;
1128 1613 1220 1667 scd
1240 1613 1402 1667 etiam
1421 1610 1646 1667 tutelam
1669 1611 1790 1666 aliis
1808 1617 2071 1681 praestare

470 1707 766 1777 potuisses.
792 1704 900 1762 Sed
925 1707 1124 1762 frustra
1153 1704 1269 1761 haec
1296 1714 1353 1761 et
1379 1705 1485 1760 alia
1516 1705 1734 1776 provisa
1763 1713 1909 1759 sunt.

542 1800 632 1857 29.
672 1799 896 1855 Frustra
942 1798 970 1837 δ
1003 1801 1268 1872 hymnum
1306 1799 1637 1868 virginitatis
1667 1798 1929 1869 exposui;
1960 1813 2071 1868 quo

468 1902 523 1948 et
552 1892 782 1963 gloriam
808 1892 1097 1962 propositi,
1125 1900 1180 1946 et
1200 1890 1610 1947 observantiam
1637 1889 1841 1961 pariter
1870 1889 2076 1945 decan-

470 1997 639 2042 tares.
671 1984 951 2042 Seminavi
980 1999 1140 2041 secus
1173 1984 1339 2049 viam,
1372 1984 1640 2041 seminavi
1682 1985 1734 2038 in
1759 1983 1957 2053 spinis,
1986 1998 2075 2038 se‘

470 2078 671 2132 minavi
704 2077 758 2133 in
804 2085 1056 2148 petrosa;
1100 2085 1195 2133 aut
1242 2076 1389 2132 enim
1434 2092 1501 2132 ex
1547 2075 1715 2132 corde
1765 2086 1859 2131 tuo
1908 2076 2074 2131 verba

472 2189 592 2227 mea
634 2173 884 2228 volucres
915 2172 935 2244 (
954 2172 1082 2226 Luc.
1116 2187 1233 2238 vttt,
1269 2172 1303 2228 5
1330 2180 1376 2226 et
1402 2169 1575 2243 seq.),
1626 2170 1681 2226 id
1721 2179 1805 2227 est
1830 2213 1844 2238 ,
1873 2171 2077 2225 daemo-

472 2281 570 2321 nes
601 2276 902 2338 rapuerunt
928 2284 942 2322 :
973 2274 1069 2321 aut
1107 2266 1267 2321 malis
1297 2265 1409 2321 tuis
1447 2263 1874 2335 cogitationibus
1906 2262 2074 2320 ειιίῐο-

469 2370 587 2415 cata
639 2370 788 2428 sunt,
833 2369 927 2416 aut
951 2369 1217 2416 aruerunt
1267 2359 1437 2416 nimio
1480 2367 1619 2415 testu
1646 2358 1915 2415 libidinis.
1959 2358 2078 2414 Heu

471 2468 581 2519 me,
608 2454 735 2524 quia
778 2453 868 2508 ubi
901 2454 1158 2523 putabam
1210 2452 1485 2508 aediﬁcare
1515 2467 1730 2520 aurum,
1764 2462 2074 2523 argentum,

470 2548 682 2620 lapides
710 2548 1008 2619 pretiosos,
1042 2548 1294 2602 inventus
1325 2562 1446 2602 sum
1478 2546 1711 2618 lignum,
1742 2546 1950 2612 fenum,
1981 2545 2080 2601 sti-

473 2641 684 2709 pulam,
702 2653 928 2695 arsuras
951 2640 1208 2694 materias
1234 2639 1512 2693 laborasse
1536 2638 1576 2708 (l
1597 2635 1718 2692 Cor.
1741 2654 1821 2703 ιιι,
1843 2637 1933 2709 12)
1952 2640 1965 2692 ι
1982 2637 2074 2691 Di-

471 2749 591 2789 cam
613 2744 783 2802 etego
796 2732 1096 2788 secundum
1124 2732 1480 2801 prophetam:
1508 2730 1622 2785 Heu
1650 2748 1749 2796 me,
1767 2732 1888 2802 quia
1912 2734 2079 2802 factus

472 2845 587 2882 sum
609 2828 739 2882 sicut
762 2828 850 2896 qui
871 2828 1067 2896 colligit
1087 2837 1108 2864 ε
1130 2826 1377 2895 stipulam
1391 2826 1443 2878 in
1461 2841 1622 2879 messe
1641 2824 1724 2893 (Μ
1728 2826 1975 2890 icltte.vtt,
1998 2826 2078 2895 i)!

543 2922 635 2975 50.
668 2918 736 2973 Et
773 2918 994 2989 quidem
1027 2919 1072 2972 si
1103 2916 1200 2974 tibi
1248 2917 1353 2972 soli
1383 2917 1642 2972 damnum
1678 2915 1926 2979 fecisses.
1962 2925 2081 2972 erat

473 3011 696 3083 quidem
739 3011 987 3078 tristitia,
1016 3011 1111 3067 sed
1142 3012 1370 3066 forsitan
1410 3010 1731 3067 tolerabilis.
1762 3009 1914 3065 Nunc
1946 3024 2078 3067 vero

1787 192 2039 250 SANCTI
2081 192 2404 250 AMBROSII

2093 328 2143 386 A

3679 193 3795 250 576

2752 313 2981 371 CAPUT
3022 313 3157 370 VIII.

2171 425 2422 494 Quianam
2465 426 2529 480 sit
2569 426 2786 482 relnedii
2827 427 2967 499 quod
3011 427 3255 484 adhibere
3280 430 3445 501 cupit,
3476 429 3797 503 difficultas

2239 529 2392 588 atque
2412 519 2547 572 ratio
2579 533 2597 573 :
2623 518 2843 574 suadere
2882 536 2935 575 se
2962 530 3019 575 ut
3039 522 3108 575 ad
3131 522 3479 591 paenitentiam
3512 539 3631 576 non
3654 540 3794 595 qua-

2241 610 2557 682 lemcumque
2610 612 2704 667 illa
2748 613 3057 687 confugiat,
3111 615 3201 669 sed
3247 631 3580 686 congruam;
3632 620 3794 690 cujus

2241 712 2388 757 actus
2427 704 2661 771 interior,
2693 720 2915 759 necnon
2966 706 3227 762 exteriora
3267 708 3417 778 signa
3463 709 3553 761 Itic
3582 725 3797 763 memoo

2242 805 2443 851 rantur.
2475 794 2645 853 Porro
2672 796 2905 871 ejusdem
2921 797 3166 867 beneﬁcio
3193 803 3327 870 fore,
3360 810 3414 853 ut
3440 799 3539 854 illa
3571 810 3795 856 (eterna:

2242 905 2404 959 preme
2439 891 2812 945 immunitatem
2868 890 3134 954 obtineat;
3179 891 3225 943 si
3282 901 3450 945 tamen
3501 908 3568 946 eo
3626 894 3688 946 in
3738 909 3797 946 se

2241 984 2399 1054 fuerit
2438 984 2679 1047 severior,
2710 1000 2811 1050 qua
2843 994 3108 1053 peccatum
3135 985 3310 1039 minus
3354 984 3516 1039 libere
3549 986 3624 1040 sit
3663 1001 3793 1039 con-

2245 1079 2400 1147 fessa.
2435 1077 2515 1131 Ad
2528 1077 2667 1148 quod
2682 1078 2836 1133 etiam
2858 1079 3023 1150 futuri
3053 1077 3249 1151 judicii
3289 1078 3573 1134 atrocitate
3615 1078 3794 1150 ipsam

2246 1171 2501 1226 accendit.

2245 1334 2334 1390 52.
2369 1334 2543 1405 Cupio
2587 1334 2871 1406 prodesse,
2909 1336 3007 1392 sed
3040 1335 3334 1393 subvenire
3372 1351 3480 1393 non
3520 1352 3789 1409 possum;

2173 1428 2299 1499 quia
2327 1437 2488 1482 totum
2512 1438 2673 1499 caput
2694 1429 2747 1483 in
2768 1428 2968 1496 dolore,
2993 1438 3043 1485 et
3061 1438 3225 1484 totum
3245 1447 3334 1484 cor
3357 1431 3411 1485 in
3434 1431 3692 1485 maestitia
3714 1447 3733 1486 :
3760 1449 3791 1485 a

2175 1520 2391 1591 pedibus
2433 1537 2593 1593 usque
2618 1522 2686 1576 ad
2713 1531 2891 1595 caput,
2925 1522 3069 1579 sicut
3098 1525 3174 1578 ait
3203 1522 3408 1589 Esaias,
3438 1533 3645 1578 nonest
3679 1540 3791 1578 rna-

2174 1613 2343 1687 tagma
2368 1614 2631 1684 imponere
2660 1613 2831 1688 (Esai.
2859 1631 2895 1681 ι,
2917 1614 2971 1681 5,
3003 1617 3083 1674 6i.
3134 1613 3427 1671 Inlirmitas
3478 1626 3574 1672 tua
3623 1632 3793 1672 omne

2103 1715 2150 1774 Β
2178 1703 2432 1759 lmntatnc
2478 1705 2762 1761 medicinas
2804 1707 3036 1762 exclusit
3077 1708 3365 1762 auxilium.
3394 1707 3464 1762 Et.
3497 1708 3636 1764 licet
3679 1717 3788 1763 tam

2176 1800 2302 1855 boni
2329 1815 2490 1870 quam
2516 1800 2643 1855 mali
2682 1801 2824 1884 justa
2855 1800 3229 1871 indignatione
3250 1802 3527 1873 permoti,
3555 1813 3611 1857 te
3640 1804 3789 1858 omni

2179 1904 2199 1932 ε
2232 1895 2657 1965 depopulatione
2687 1895 2931 1964 dignam,
2978 1906 3030 1950 te
3057 1895 3205 1949 omni
3254 1906 3668 1953 tormentorum
3698 1912 3790 1968 ge-

2180 2002 2309 2043 nere
2352 1988 2795 2043 discruciandatn
2839 1987 3121 2058 judicent,
3163 1998 3338 2045 morte
3382 1989 3787 2058 mulctandain,

2178 2089 2273 2135 aut
2315 2081 2530 2151 ignibus
2580 2080 2922 2136 exurendam
2957 2098 2971 2135 :
3006 2095 3109 2152 ego
3144 2091 3325 2136 tamen
3365 2081 3457 2151 qui
3503 2082 3627 2137 scio
3670 2096 3791 2153 gra-

2177 2177 2327 2231 viora
2357 2174 2682 2231 facinorosis
2719 2175 2927 2231 servari
2961 2183 3255 2241 tormenta,
3286 2184 3343 2231 et
3372 2175 3496 2232 sine
3538 2178 3651 2232 fine
3694 2175 3793 2231 im-

2179 2268 2301 2340 pias
2332 2268 2544 2323 animas
2573 2268 2852 2323 cruciatus
2879 2282 3134 2333 manere,
3166 2281 3274 2323 non
3320 2269 3667 2338 temporales
3693 2268 3791 2323 uti-

2180 2378 2308 2434 que,
2360 2362 2457 2417 sed
2506 2371 2778 2428 aeternos;
2810 2362 2935 2418 aliis
2972 2372 3023 2417 te
3064 2362 3189 2417 volo
3227 2364 3577 2420 cruciatibus
3625 2363 3789 2428 afﬁci,

2184 2455 2479 2528 profuturis
2501 2455 2714 2527 utique,
2748 2471 2855 2512 non
2885 2456 3127 2511 animam
3161 2455 3489 2526 perditur-is.

2280 2550 2369 2605 5'5.
2405 2550 2548 2620 Ergo
2597 2549 2900 2605 secundum
2953 2548 3193 2604 divinam
3252 2553 3593 2605 sententiam
3651 2548 3790 2604 dabo

2184 2642 2502 2708 consilium;
2554 2641 2730 2697 solum
2773 2643 2919 2697 enim
2961 2652 3018 2698 et
3048 2643 3268 2697 unicum
3296 2640 3315 2679 ί
3346 2643 3676 2698 tentandum
3704 2652 3788 2699 est

2185 2737 2487 2793 remedium
2536 2735 2700 2801 illud,
2746 2734 2893 2806 quod
2922 2734 3102 2790 divina
3137 2749 3241 2791 vox
3295 2750 3391 2803 per
3442 2736 3784 2792 Ezechielcm

2186 2832 2400 2886 miseris
2441 2831 2670 2901 porrigit
2710 2827 2920 2896 :Nolo,
2972 2829 3170 2898 inquit,
3220 2838 3437 2884 mortem
3486 2829 3785 2900 peccatoris,

2183 2932 2430 2993 quantum
2472 2932 2527 2976 ut
2558 2930 2906 2987 convertatur,
2957 2930 3007 2975 et
3037 2921 3173 2975 vivat
3199 2919 3414 2986 (Ezeclt.
3449 2937 3643 2986 xxxnt,
3676 2919 3783 2991 Η).

2187 3013 2255 3069 Et
2287 3013 2487 3068 iterum
2530 3023 2651 3084 post
2690 3011 2809 3069 haec
2851 3012 3027 3082 inquit
3056 3010 3342 3076 Dominus,
3385 3013 3503 3068 dixi
3528 3028 3547 3068 :
3574 3011 3788 3069 Conver-

475 3118 707 3181 quantas
738 3107 949 3162 animas
998 3116 1091 3161 tuo
1145 3107 1356 3163 scelere
1385 3104 1666 3171 sauciasri,
1695 3115 1926 3176 quantas
1957 3107 2078 3161 ani-
2106 3114 2152 3177 ο
2187 3120 2291 3163 tere
2314 3107 2381 3162 ad
2398 3123 2495 3162 me.
2525 3105 2797 3177 Numquid
2822 3107 2995 3161 resina
3022 3121 3124 3160 non
3150 3116 3222 3161 est
3245 3108 3297 3160 in
3329 3106 3785 3175 Galaad,autme-

474 3215 593 3256 mas
624 3209 851 3269 propter
875 3208 926 3253 te
954 3197 1022 3253 de
1069 3199 1352 3267 proposito
1396 3212 1497 3251 suo
1544 3196 1812 3268 paenitere
1863 3196 2073 3253 fecisti!

476 3295 687 3363 Quanta
737 3292 880 3347 labia
926 3291 1089 3347 etiam
1137 3289 1379 3346 ﬁdelium
1426 3290 1706 3360 inquinata
1751 3298 1900 3352 sunt.
1932 3290 2075 3344 viam

477 3387 692 3443 Domini
725 3385 1193 3456 blasphemando!
1244 3386 1476 3455 Aperuit
1500 3383 1553 3439 in
1586 3400 1683 3439 nos
1708 3383 1990 3455 gentilitas
2014 3399 2077 3440 os

477 3499 637 3540 suum
668 3500 682 3537 :
732 3482 997 3539 adversus
1037 3491 1279 3538 sanctam
1328 3479 1631 3537 Ecclesiam
1664 3480 1948 3552 Synagoga
1980 3478 2076 3535 Ju-

476 3578 718 3632 dtoorum
746 3573 772 3612 ἀ
799 3591 894 3646 per
924 3585 1069 3630 tuum
1099 3574 1336 3630 dedecus
1362 3573 1678 3629 exsultavit.

548 3669 639 3723 51.
691 3667 846 3736 Quod
883 3668 929 3722 si
972 3667 1019 3722 is
1057 3667 1145 3738 qui
1192 3680 1357 3720 unum
1403 3662 1888 3729 scandalizavrrit,
1932 3663 2074 3718 mola

476 3761 885 3831 circumligatus
905 3760 1099 3829 jactari
1129 3759 1289 3814 debet
1324 3759 1376 3812 in
1402 3772 1553 3813 mare
1576 3755 1791 3831 (Matth.
1815 3771 1967 3821 xvut,
1997 3755 2075 3827 6);

477 3855 605 3926 quid
635 3853 705 3909 de
732 3862 783 3909 te
804 3853 1155 3925 pronuntias,
1189 3866 1286 3920 per
1306 3851 1462 3919 cujus
1481 3850 1663 3906 scelus
1691 3850 1873 3904 omnis
1900 3849 2079 3903 anima

477 3947 716 4004 sauciata
751 3955 857 4009 est,
883 3956 937 4000 et
966 3960 1166 4000 nomen
1200 3941 1416 3997 Domini
1441 3943 1494 3997 in
1530 3942 1787 4014 gentibus
1822 3941 2081 4011 blasphe—

483 4046 688 4091 matum
741 4036 903 4109 313
931 4036 1049 4092 est?
1092 4035 1284 4090 Nonne
1323 4035 1537 4105 quoties
1568 4034 1803 4089 dicitur:
1836 4032 1882 4089 Ο
1913 4033 2076 4104 virgi-

482 4147 600 4199 nes,
634 4132 798 4187 toties
836 4131 927 4186 tibi
980 4130 1232 4185 cumulus
1286 4129 1590 4201 iniquitatis
1628 4128 2074 4201 augetur‘llaces

479 4241 607 4282 ecce
636 4225 938 4289 vulnerata,
955 4224 1105 4294 jaces
1123 4239 1254 4278 ecce
1281 4232 1577 4294 prostrata.

2183 3199 2326 3252 dicus
2372 3214 2475 3253 non
2518 3207 2593 3253 est
2627 3198 2743 3252 ibi?
2785 3197 2957 3266 Quare
2998 3213 3101 3252 non
3150 3199 3385 3253 ascendit
3430 3201 3631 3256 sanitas
3659 3200 3778 3270 ﬁlii:

2184 3291 2366 3361 populi
2402 3292 2501 3346 mei
2553 3290 2794 3364 (larem.
2850 3306 2967 3357 vm,
2999 3289 3153 3362 22)?
3207 3290 3333 3346 lltec
3403 3293 3596 3365 utique
3648 3292 3780 3347 dicta

2183 3384 2561 3454 Istaenitentiam
2588 3384 2844 3454 sapiunt,
2885 3383 2969 3438 hie
2998 3385 3290 3439 sententizc
3322 3382 3419 3440 Dei
3473 3393 3673 3441 vocant
3722 3382 3781 3438 ad

2184 3477 2552 3548 penitentiam
2605 3487 2629 3523 ε
2683 3486 3042 3548 peccatores:
3083 3476 3365 3547 plenitudo
3426 3479 3581 3534 enim
3624 3477 3780 3547 lapsis

2183 3569 2489 3625 necessaria
2518 3578 2621 3637 est,
2655 3569 2801 3626 sicut
2824 3569 3125 3625 vulneratis
3155 3579 3283 3624 sunt
3315 3569 3631 3626 necessaria
3672 3580 3779 3622 me-

2183 3661 2481 3717 dicamina.
3481 3642 3513 3681 ⁵⁸

2250 3754 2415 3828 314
2436 3757 2527 3811 34.
2556 3756 2663 3813 Sed
2692 3765 2892 3827 quanta
2934 3766 3123 3827 putas,
3159 3766 3211 3812 et
3254 3758 3431 3826 qualis
3475 3753 3772 3814 necessaria

2181 3848 2680 3918 pmnitentiaiQuze
2701 3859 2795 3904 aut
2829 3858 3008 3919 aequet
3037 3849 3291 3916 crimina,
3321 3860 3412 3905 aut
3451 3860 3605 3907 certe
3620 3862 3766 3905 exce-

2180 3942 2292 3997 dat.
2331 3941 2463 3997 Vide
2511 3957 2640 4014 ergo
2680 3943 2725 3996 si
2757 3943 2987 4013 simplex
3037 3943 3141 3998 bac
3190 3952 3483 4013 peccatum
3532 3939 3770 3998 adulterii

2183 4045 2287 4102 est,
2331 4050 2399 4091 an
2431 4034 2634 4106 duplex
2659 4035 2728 4091 sit
2770 4050 2867 4107 pro
2897 4036 2984 4091 illa
3013 4051 3149 4091 nece
3177 4052 3299 4107 qua:
3330 4036 3473 4091 facta
3501 4036 3695 4092 dicitur
3721 4031 3766 4086 in

2182 4131 2402 4184 occulto
2451 4147 2463 4183 :
2516 4139 2571 4185 et
2623 4130 2922 4186 secundum
2964 4132 3326 4187 conscientia:
3380 4132 3584 4187 molem
3626 4126 3768 4185 exhi-

2182 4222 2357 4279 benda
2399 4232 2484 4278 est
2525 4223 2855 4294 paenitentia:
2903 4222 3234 4295 magnitudo.
3290 4222 3616 4280 Pmnitentia
3645 4231 3765 4288 ergo

477 4432 618 4503 apud
667 4429 920 4489 ethnicos
960 4427 1193 4485 vestales
1239 4427 1291 4482 in
1339 4438 1483 4483 terra
1533 4426 1667 4483 vive
1719 4425 2072 4482 defodieban-
2100 4430 2155 4491 D
2179 4426 2383 4503 Christi
2412 4428 2646 4503 dignitas
2669 4470 2683 4492 ,
2712 4427 2990 4503 et‘quibus
3016 4427 3235 4503 easdem
3263 4431 3451 4503 ornari
3481 4424 3755 4503 etnivenit2

479 4515 587 4559 ῑυΐο

550 4582 578 4613 ι
616 4572 799 4630 Codex
848 4571 1098 4644 Regiam.
1123 4613 1138 4638 ,
1173 4568 1346 4626 Lectio
1390 4569 1681 4644 spiritalis;
1711 4579 1767 4624 et
1798 4569 2075 4644 continuo

479 4655 603 4716 post
631 4639 1224 4715 Pseudohic'ronymus,
1251 4640 1545 4695 communio
1570 4649 1769 4716 sancta.
1798 4639 1953 4695 Licet
1980 4655 2075 4695 au-

477 4712 587 4773 tem
619 4717 733 4771 haec
760 4715 1006 4787 ingressa
1034 4712 1248 4787 dicatur
1280 4716 1331 4766 in
1361 4712 1751 4787 monasterium
1780 4724 2070 4787 ._cum_ta-

473 4804 602 4844 men
632 4803 700 4844 eo
746 4783 990 4853 tempore
1038 4785 1437 4855 parthenonutn
1483 4785 1663 4838 aditus
1710 4783 2070 4839 invisentibus

476 4861 611 4915 viris
656 4854 1088 4920 concederetur,
1126 4858 1321 4911 mirum
1351 4854 1539 4924 utique
1570 4871 1675 4910 nan
1708 4864 1792 4910 est
1819 4857 1862 4910 si
1891 4855 2073 4924 perdi-

476 4940 654 4987 torum
707 4930 981 4985 hominum
1032 4928 1337 4983 temeritate
1378 4926 1527 4981 hunc
1576 4927 1737 4982 etiam
1787 4928 1840 4981 in
1891 4927 2065 4983 locum

476 5004 722 5080 irrepere
750 5005 909 5070 culpa
943 5000 1201 5080 potuerit.
1416 5069 1426 5080 .
1720 5070 1729 5080 _
1764 5068 1794 5080 Α
1869 5068 1880 5080 θ

547 5070 575 5111 δ
616 5068 886 5144 Hymuum
927 5068 1255 5144 quandoque
1281 5069 1558 5144 _sum_i»pro
1583 5070 1731 5144 omni
1764 5068 2066 5144 Scriptura,

477 5145 571 5200 sed
620 5139 855 5200 maxime
887 5139 985 5213 pro
1016 5142 1240 5213 psallitis
1281 5139 1554 5213 Davidicis
1579 5139 1689 5208 jam
1709 5156 1751 5213 _a
1784 5140 1940 5194 nobis
1973 5156 2071 5213 an-

479 5223 717 5271 notatum
768 5227 849 5271 est
890 5209 988 5269 lib.
1017 5209 1091 5268 'de
1122 5211 1267 5281 Fuga
1295 5212 1510 5276 saaculi,
1545 5224 1666 5281 cap.
1693 5209 1751 5278 4,
1782 5226 1940 5281 ntun_._
1973 5209 2063 5267 20.

475 5286 547 5341 Et
573 5286 698 5341 hinc
725 5285 864 5341 forte
893 5302 998 5340 non
1044 5278 1237 5353 injuria
1269 5282 1376 5354 dici
1414 5284 1585 5354 possit
1612 5279 1863 5350 hymnum
1900 5278 2071 5354 Virgi-

474 5358 650 5412 nitatis
692 5358 794 5413 hoc
840 5358 959 5412 loco
997 5352 1131 5410 nihil
1154 5352 1307 5411 aliud
1344 5367 1498 5419 esse,
1534 5353 1634 5406 nisi
1664 5360 1760 5406 aut
1787 5352 2067 5421 inscripta:

471 5428 583 5484 illa:
617 5430 804 5496 parieti
835 5428 1122 5484 sententiae
1148 5466 1160 5487 .
1189 5424 1260 5480 de
1298 5426 1494 5496 quibus
1530 5437 1691 5496 supra
1739 5441 1752 5477 :
1790 5432 1884 5477 aut
1925 5422 2069 5492 quod

474 5491 814 5568 probabilius
860 5508 988 5564 est,
1036 5497 1279 5568 ultimam
1316 5491 1531 5564 psalmi
1580 5491 1651 5548 44
1702 5491 1954 5568 partem:
2003 5507 2067 5548 ea

473 5563 674 5639 quippe
713 5570 923 5625 scilicet
951 5563 980 5624 a
1011 5566 1283 5624 versiculo
1330 5569 1425 5633 10,
1462 5581 1647 5639 usque
1675 5565 1743 5619 ad
1790 5563 2063 5639 ultimum,

474 5635 643 5713 multa
677 5654 822 5713 quia
851 5641 929 5713 ad
974 5639 1287 5713 gliriamet
1328 5635 1740 5713 observantiam
1789 5635 2067 5713 virginal-is

469 5708 737 5780 [impositi
778 5708 1044 5780 pertinent
1065 5750 1078 5776 ,
1107 5708 1486 5776 continentur;
1516 5709 1569 5766 id
1603 5719 1708 5778 est,
1737 5708 2064 5780 sponsarum

2179 4500 2336 4555 dotes
2361 4514 2427 4554 ac
2458 4490 2712 4555 virtutes.
2760 4490 2823 4553 Si
2855 4499 2977 4569 quis
3004 4514 3138 4571 vero
3167 4499 3233 4571 de
3260 4499 3467 4571 hymno
3495 4490 3757 4571 aliquoad

2178 4586 2302 4625 eum
2336 4586 2493 4625 usum
2521 4572 2825 4640 composito
2853 4566 3001 4623 malit
3024 4569 3277 4640 intelligi,
3299 4566 3413 4627 non
3445 4566 3760 4641 pertinacius

2178 4642 2611 4712 obluctabimur;
2658 4656 2821 4712 supra
2862 4641 3032 4703 enim,
3065 4656 3187 4709 cap.
3221 4641 3287 4707 5,
3318 4643 3409 4698 ubi
3442 4640 3497 4698 ιι.
3532 4640 3597 4696 18
3620 4649 3755 4712 quic-

2176 4711 2299 4767 dam
2325 4728 2393 4768 ex
2420 4728 2486 4767 eo
2516 4706 3075 4783 psalmo'memoravit
3115 4706 3283 4769 finisse
3311 4716 3535 4769 recitata
3556 4752 3572 4777 ,
3607 4706 3755 4779 paulo

2182 4794 2300 4852 post
2326 4784 2507 4839 subdit
2532 4826 2546 4850 ,
2577 4782 2748 4839 His...
2770 4782 2930 4856 dictis
2957 4795 3003 4836 et
3034 4785 3210 4838 multis
3239 4801 3397 4856 supra
3422 4784 3653 4839 castitate
3673 4787 3753 4856 tua

2213 4856 2477 4921 rwconiis;
2505 4844 2625 4922 qua:
2655 4855 2875 4925 quidem
2896 4856 3072 4925 verba
3104 4870 3210 4910 non
3242 4844 3464 4912 ninnium
3489 4860 3669 4910 coacte
3689 4844 3752 4902 ad

2213 4873 2477 4921 rwconns;
2505 4873 2625 4922 qua:
2655 4873 2875 4925 qutuem
2906 4873 3072 4911 verna
3104 4873 3210 4910 non
3242 4873 3291 4910 nt

2173 4873 2484 4998 ﬁujusmodi
2519 4928 2776 4998 hymnum
2820 4924 3017 4982 referri
3052 4938 3297 4994 possunt.

2173 5069 2192 5123 ι
2252 5008 2273 5035 ο
2316 4996 2475 5053 Pauci
2507 4995 2665 5065 mss.,
2685 4998 2892 5067 spinam
2921 4999 2976 5051 in
3002 4999 3200 5053 messe?
3219 4998 3285 5052 Et
3305 4997 3509 5068 quidem
3529 4995 3576 5050 si
3602 5002 3649 5047 te
3672 5005 3749 5044 so-

2196 5084 2299 5123 am.
2332 5080 2438 5123 etc.

2196 5084 2299 5134 am,
2332 5080 2438 5123 etc.

2244 5136 2272 5176 ἀ
2314 5139 2533 5193 Plurimi
2564 5140 2724 5197 codd.
2750 5148 2993 5210 perpetuo
3020 5140 3269 5196 dedecore
3287 5137 3595 5200 exsultabit;
3623 5147 3743 5189 non-

2175 5210 2328 5271 nulli,
2360 5211 2655 5267 exsultavit.

2248 5292 2270 5354 (ἦ
2310 5280 2546 5336 Floriac.
2600 5283 2771 5339 codex
2820 5292 2876 5338 et
2925 5281 3314 5347 Pseudoliier.,
3361 5276 3744 5354 depopulatione

2171 5353 2546 5408 dedecoratam.

2247 5423 2266 5461 ί
2309 5424 2436 5479 Mss.
2468 5424 2737 5487 nonnulli,
2770 5424 3071 5479 tentandum
3107 5434 3181 5479 est
3209 5425 3461 5479 auxilium
3494 5418 3641 5476 illud.

2244 5504 2268 5542 8
2310 5495 2438 5550 Post
2460 5509 2644 5550 vocem
2666 5506 2977 5568 peccatores,
3006 5496 3161 5551 Rom.
3188 5496 3319 5568 edit.
3346 5512 3377 5550 e
3404 5488 3734 5566 Pseudohier.

2172 5566 2224 5620 in
2260 5575 2463 5622 textum
2514 5566 2863 5623 transtulerat
2922 5578 3162 5624 revocant
3197 5567 3260 5621 ab
3302 5583 3502 5635 errore,
3535 5575 3648 5632 qua:
3685 5569 3734 5610 In

2170 5648 2281 5693 ant.
2314 5637 2443 5695 edit.
2475 5652 2539 5693 ac
2570 5654 2701 5696 mss.
2735 5640 2935 5698 nostris
2963 5639 3359 5697 desiderantur.
