3946 6180
183 230 266 285 577

920 230 1005 286 DE
1046 228 1268 288 LAPSU
1313 229 1605 287 VIRGINIS
1640 229 2122 291 CONSECRATE
2165 233 2368 290 LIBER
2409 234 2612 293 UNUS.

3313 239 3419 297 578

181 358 264 397 non
286 340 446 396 verbis
472 341 679 437 agenda
716 350 821 406 est,
854 342 946 398 sed
980 350 1037 398 et
1071 342 1235 410 facto.
1274 342 1399 398 llaec
1429 352 1609 399 autem
1636 345 1716 400 sic
1742 354 1793 414 Α
1822 347 2003 403 cilicio
2049 348 2462 418 perhorrescat;
2494 349 2640 420 quod
2687 350 2830 405 male
2873 350 2978 406 sibi
3009 351 3078 408 de
3117 351 3419 423 pulchritu-

178 434 335 503 agitur,
356 434 395 487 si
438 433 707 489 tihi'ante
756 434 944 489 oculos
974 449 1146 505 ponas
1186 435 1255 489 de
1284 445 1485 505 quanta
1537 435 1710 506 gloria

178 526 335 590 rucris,
375 535 427 581 et
473 526 540 582 de
568 542 679 597 quo
711 527 851 583 libro
888 531 1010 583 vita:
1034 542 1232 583 nomen
1265 538 1416 583 tuum
1461 527 1709 584 deletum

177 617 254 682 sit;
281 618 393 672 etsi
432 628 481 673 te
500 618 610 688 jam
656 620 849 674 credas
882 635 1050 690 prope
1099 620 1241 689 ipsas
1277 620 1511 690 positam
1565 630 1715 676 tene-

175 709 273 764 bras
297 710 602 776 exteriores,
636 712 727 766 ubi
757 712 863 767 erit
892 713 1051 767 ﬂetus
1080 713 1388 779 oculorum,
1428 724 1481 769 et
1511 715 1717 770 stridor

174 801 372 857 dentium
402 803 517 859 sine
562 806 692 860 line.
736 804 874 859 Cum
919 807 1036 860 btec
1084 815 1235 861 certa
1268 805 1395 874 (ide,
1427 809 1568 861 sicut
1605 816 1712 874 est,

171 895 316 950 animo
341 896 667 966 conceperis,
694 898 819 967 quia
853 912 1077 953 necesse
1101 907 1188 952 est
1221 898 1715 967 praevaricatricem

169 992 358 1045 animam
389 994 636 1047 tartareis
667 993 865 1061 poenis,
890 1002 945 1046 ct
994 992 1260 1063 gebenna:
1309 992 1522 1063 ignibus
1554 992 1713 1060 tradi,

170 1102 247 1142 nec
282 1087 411 1141 aliud
458 1088 758 1143 remedium
807 1089 1165 1145 constitutum
1213 1102 1335 1143 esse
1380 1096 1504 1158 post
1549 1102 1715 1142 unum

168 1179 446 1251 baptismum
472 1197 634 1253 quam
674 1183 1012 1253 poenitentiae
1042 1183 1330 1248 solatium;
1370 1182 1716 1253 quantamvis

166 1272 495 1344 aﬂlictionem,
525 1279 876 1347 quantumvis
906 1277 1151 1333 laborem
1180 1278 1366 1333 subire
1392 1319 1406 1342 ,
1438 1288 1558 1333 esto
1582 1292 1715 1334 con-

167 1376 299 1436 tenta,
325 1368 610 1426 dummodo
641 1373 710 1427 ab
736 1371 1088 1427 :eternalibus
1112 1372 1286 1442 poenis
1316 1372 1589 1429 libereris.

214 1462 290 1517 35.
315 1462 446 1534 Ergo
476 1466 594 1520 haec
623 1474 677 1520 tu
713 1475 890 1520 tecum
921 1466 1190 1536 cogitans,
1215 1476 1272 1522 et
1294 1476 1477 1523 mente
1507 1478 1713 1523 retrac-

164 1562 272 1623 tatis,
304 1556 420 1613 facti
448 1561 525 1615 tui
573 1561 689 1630 ipsa
730 1559 897 1630 iudex
941 1570 1062 1615 esto
1106 1559 1404 1616 crudelior.
1436 1560 1490 1615 lu
1526 1561 1716 1630 primis

163 1652 305 1704 omnis
340 1666 462 1707 cura
514 1655 642 1709 vita:
689 1653 851 1723 hujus
879 1663 904 1689 κ
944 1653 1304 1708 interimenda
1354 1653 1448 1709 tibi
1492 1663 1613 1721 est,
1660 1663 1716 1710 et

1818 440 1945 496 dine
1974 440 2200 511 placuit.
2233 438 2343 496 Cor
2373 456 2504 497 vero
2529 442 2600 496 sit
2626 442 2938 514 liquescens
2966 453 3237 514 tamquam
3268 461 3416 515 cera,

1813 535 2041 607 jejuniis
2087 537 2398 606 inquietaris
2431 538 2698 607 seipsum,
2731 549 2785 593 et
2817 538 3235 609 cogitationibus
3287 556 3417 597 veno

1819 629 2001 693 tilans,
2026 643 2195 700 quare
2216 630 2284 684 sit
2307 630 2377 686 ab
2402 629 2628 687 inimico
2654 631 3001 687 subversum.
3025 631 3231 688 Sensus
3253 634 3415 689 etiam

1819 722 2127 787 crucietur;
2174 724 2301 793 quia
2348 723 2401 777 in
2448 723 2690 778 membra
2727 725 2978 794 corporis
3026 741 3149 781 cum
3193 725 3420 783 haberet

1818 817 2271 883 dominationem,
2305 819 2452 872 malo
2483 821 2649 872 cessit
2679 818 2931 889 imperio.

1890 907 1979 964 36.
2023 909 2172 964 Talis
2218 909 2325 964 vita
2352 950 2367 976 ,
2400 909 2522 965 talis
2569 911 2712 966 actio
2756 912 3115 982 pmnitentice,
3158 914 3203 968 si
3257 913 3420 971 fuerit

1819 1018 2174 1074 perseverans
2195 1046 2210 1071 ,
2259 1004 2481 1061 audebit
2526 1020 2750 1076 sperare
2774 1048 2790 1072 ,
2827 1018 2849 1043 ο
2879 1008 2984 1063 etsi
3031 1022 3138 1064 non
3162 1008 3413 1080 gloriam,

1817 1095 1980 1171 315
2025 1106 2173 1152 certe
2224 1113 2399 1168 poena:
2448 1100 2822 1167 vacationem;
2853 1098 2986 1155 dicit
3029 1101 3172 1156 enim
3223 1102 3413 1158 Deus:

1819 1188 2186 1246 Conrertimini
2215 1194 2284 1247 ad
2321 1211 2419 1260 me,
2447 1204 2493 1248 et
2516 1204 2785 1250 convertar
2815 1196 2884 1250 ad
2912 1211 3020 1251 vos.
3053 1195 3417 1253 Convertimini

1819 1300 1881 1338 ex
1904 1293 2007 1338 toto
2032 1286 2188 1341 corde
2213 1295 2403 1353 vestro,
2418 1289 2471 1341 in
2485 1289 2711 1360 jejunio,
2730 1298 2776 1342 et
2796 1291 2848 1344 in
2870 1290 3018 1360 ﬂetu,
3038 1299 3087 1344 et
3109 1292 3161 1345 in
3181 1292 3416 1364 planctu;

1818 1377 2097 1449 dirumpite
2134 1378 2292 1433 corda
2318 1391 2507 1445 vestra,
2540 1391 2587 1434 et
2618 1398 2720 1436 non
2751 1383 3134 1450 vestimentum;
3172 1386 3416 1455 quoniam

1819 1467 1977 1539 piusd
1996 1479 2041 1523 et
2067 1471 2360 1526 misericors
2411 1481 2484 1525 est
2516 1470 2658 1542 (lae!
2686 1489 2743 1533 tt.
2774 1473 2844 1527 22
2864 1516 2877 1538 ,
2906 1474 3022 1544 23).
3062 1474 3151 1531 Sic
3191 1491 3419 1532 conver-

1819 1578 1911 1617 sus
1961 1578 2186 1631 magnus
2235 1563 2327 1618 ille
2373 1564 2539 1618 David
2583 1564 2914 1634 justiticatus
2958 1578 3071 1631 est;
3101 1570 3179 1624 sic
3226 1568 3417 1626 Ninive

1820 1654 2091 1722 peccatrix
2125 1655 2211 1709 illa
2242 1655 2434 1711 civitas
2464 1657 2861 1712 incumbentem
2892 1658 2993 1713 sibi
3038 1660 3210 1715 evasit
3231 1660 3419 1717 interi-

162 1742 282 1810 quasi
303 1757 563 1801 mortuam
596 1757 649 1803 te
673 1748 996 1803 existimans
1018 1788 1034 1813 ,
1074 1747 1215 1802 sicut
1244 1757 1297 1802 et
1328 1762 1410 1811 es.
1444 1748 1715 1819 quomodo
1746 1757 1793 1817 Β
1822 1757 1932 1804 ιυιιι
1967 1749 2030 1819 (ll
2060 1748 2190 1820 Reg.
2225 1766 2320 1816 χιι,
2357 1750 2471 1819 15).
2508 1750 2768 1806 Peccator
2797 1766 2933 1822 ergo
2967 1752 3011 1806 si
3042 1752 3144 1808 sibi
3178 1752 3278 1825 ipsi
3310 1769 3417 1811 non

163 1834 302 1900 possis
325 1840 672 1906 reviviscere,
701 1842 903 1910 cogita.
938 1839 1146 1895 Deinde
1178 1840 1420 1910 lugubris
1449 1841 1541 1894 tibi
1573 1842 1716 1895 acci-

163 1930 319 1998 pienda
347 1942 429 1989 est
456 1936 651 2001 vestis,
677 1945 733 1991 et
763 1951 917 1990 mens
944 1950 1009 1990 ac
1039 1935 1281 1990 membra
1313 1934 1521 2006 singula
1553 1936 1715 2006 digna

161 2026 472 2093 castigatione
504 2029 802 2099 punienda.
852 2028 1221 2098 Amputentur
1247 2030 1459 2097 crines,
1491 2031 1583 2101 qui
1618 2045 1717 2100 per

162 2133 321 2175 vanam
363 2122 597 2192 gloriam
648 2125 994 2181 occasionem
1044 2125 1271 2180 luxuria:
1323 2126 1711 2195 praestiterunt.

162 2208 366 2271 Deﬂuant
391 2217 535 2272 oculi
568 2218 859 2290 lacrytnis,
891 2219 983 2289 qui
1016 2220 1315 2275 masculum
1349 2235 1455 2274 non
1504 2220 1714 2289 simpli-

159 2303 268 2359 citer
307 2318 656 2379 aspexerunt.
703 2310 969 2366 Pallescat
1010 2310 1208 2376 facies,
1237 2328 1356 2381 qua:
1385 2311 1656 2381 quondam
1684 2309 1712 2348 ι)

158 2394 346 2454 irrubuit
390 2402 687 2473 impudice.
743 2403 982 2472 Denique
1032 2413 1201 2458 totum
1249 2419 1450 2474 corpus
1500 2404 1713 2474 injuriis

157 2496 198 2539 et
217 2487 413 2559 jejuuiis
439 2504 756 2551 macerctur
779 2536 796 2561 ,
835 2496 1019 2550 cinere
1059 2510 1341 2563 aSpcrsum
1375 2505 1428 2551 et
1458 2505 1709 2566 opertum

214 2618 235 2644 ⁸
266 2609 333 2665 lia
351 2628 545 2669 omnes
571 2610 704 2668 edit.
729 2627 852 2667 cum
882 2627 1011 2666 mss.
1037 2611 1204 2665 multo
1227 2612 1513 2681 pluribus:
1542 2612 1678 2667 Psen
1695 2641 1709 2652 -

155 2678 329 2736 dubier.
372 2697 559 2740 autem
591 2698 716 2740 cum
749 2697 879 2737 mss.
913 2683 1124 2738 duobus
1145 2725 1159 2747 ,
1190 2678 1576 2737 intermittenda
1623 2683 1712 2737 tibi

154 2763 231 2831 est.
256 2754 415 2831 Minus
443 2755 743 2813 concinne.
780 2755 875 2809 llic
903 2770 1064 2824 porro
1095 2757 1409 2831 summatim
1445 2755 1714 2825 ptrniten-

155 2826 224 2898 tia:
248 2830 498 2883 exercitia
529 2835 923 2898 proponuntur,
957 2836 1062 2879 tam
1095 2826 1351 2881 interiora
1379 2842 1538 2896 quam
1562 2836 1715 2883 exte-

154 2894 289 2952 riora.
340 2898 393 2954 lti
451 2894 648 2970 quibus
692 2898 973 2970 lugubrem
1031 2910 1236 2951 vestem
1286 2908 1338 2951 et
1390 2894 1709 2967 capillorum

152 2969 512 3041 recc-stionem
540 2969 815 3026 numerari
843 2970 888 3023 si
916 2970 1036 3041 quis
1065 2970 1352 3023 mirabitur
1376 3010 1390 3031 ,
1423 2971 1581 3026 adeat
1603 2971 1714 3024 Illu-

150 3038 296 3093 rinunt
316 3042 380 3097 de
406 3042 707 3098 Adtninist.
727 3033 1041 3096 Pteuitflib.
1067 3056 1143 3103 tv,
1167 3057 1288 3107 cap.
1316 3041 1404 3101 l7,
1431 3057 1581 3095 num.
1610 3042 1641 3096 7
1665 3050 1719 3097 ct
1745 3033 1789 3095 C

150 3122 239 3179 seq.
268 3112 349 3167 ubi
380 3115 580 3170 eadem
613 3114 704 3168 illa
733 3121 860 3168 tunc
905 3112 1167 3182 temporis
1194 3112 1580 3181 ptenitcntibus
1614 3115 1717 3167 im.

153 3193 307 3253 perata
348 3200 477 3241 esse
524 3186 782 3253 reperiet.
822 3183 1016 3238 Verum
1060 3199 1185 3239 enni
1222 3196 1413 3244 agatur
1446 3184 1548 3238 hoc
1597 3185 1718 3240 loco

148 3250 200 3305 de
233 3256 428 3326 virgine
482 3250 603 3312 Deo'
644 3266 978 3315 consecrata.
1011 3257 1114 3309 alia
1170 3254 1462 3310 difﬁcultas
1502 3272 1567 3310 ex
1619 3272 1717 3311 ttsu

149 3332 367 3401 presenti
397 3345 514 3401 quo
557 3328 699 3401 solet
734 3329 905 3382 sacris
944 3327 1244 3401 virginibus
1277 3341 1431 3381 coma
1477 3327 1715 3393 tonderi,

150 3394 375 3454 oboritur.
417 3394 595 3471 'Atqui
642 3409 850 3455 certum
894 3409 977 3453 est
1019 3398 1149 3471 olim
1198 3397 1377 3471 hacin
1409 3413 1467 3453 re
1512 3400 1716 3453 Variam

147 3479 228 3533 pro
269 3469 534 3528 varietate
584 3473 827 3526 locormn
877 3471 1042 3525 fuisse
1091 3469 1453 3536 disciplinam.
1506 3471 1715 3524 Etenim

146 3549 316 3616 preter
354 3543 562 3616 synodi?
602 3541 807 3616 Gangr.
853 3551 1123 3616 anno,ut
1158 3542 1386 3605 volunt,
1411 3541 1539 3616 324,
1568 3542 1716 3616 cele-

144 3606 289 3666 brata:
331 3606 462 3669 ca'n.
495 3615 587 3681 i7,
637 3606 831 3668 velatis
873 3613 1177 3680 virginibus
1203 3654 1217 3677 ,
1247 3622 1304 3666 ut
1353 3626 1457 3667 non
1506 3613 1718 3668 levibus

143 3683 420 3741 rationibus
473 3694 665 3740 contra
716 3685 1004 3739 Baroninm
1035 3700 1061 3736 a
1091 3700 1201 3753 quo
1248 3684 1388 3738 idem
1434 3688 1607 3738 c'anon
1647 3684 1718 3740 de

146 3753 456 3826 nmlierculis
493 3756 814 3825 quibusdam
844 3756 1118 3810 haereticis
1148 3756 1202 3808 in
1234 3755 1384 3809 Notis
1418 3755 1482 3809 ad
1515 3755 1713 3826 Marty-

141 3824 226 3897 [οι.
255 3824 412 3883 Rom.
448 3824 525 3883 ιιι
565 3827 673 3883 kal.
706 3827 825 3883 Oct.
862 3827 1202 3897 intelligitur,
1238 3826 1482 3883 defendit
1511 3824 1716 3880 Gotho-

142 3891 302 3952 fredus
323 3942 339 3962 ,
372 3915 512 3970 ergo
543 3910 743 3968 prmtcr
774 3901 917 3953 hunc
948 3891 1068 3954 can:
1105 3908 1327 3952 t0usura
1357 3900 1459 3952 sub
1485 3897 1714 3953 anathe-

144 3978 267 4040 mate
292 3971 602 4040 virginibus
629 3970 1041 4026 interdicentent
1064 4012 1080 4034 ,
1125 3978 1325 4034 exstat,
1354 3972 1473 4039 ipso
1500 3983 1716 4039 quoque

139 4034 316 4112 latente
363 4034 646 4106 Baronio,
698 4041 990 4098 Theodosii
1042 4042 1125 4096 lex
1171 4042 1273 4105 27,
1310 4034 1388 4096 αθ·
1424 4034 1717 4112 Ερίἐε.“ει

139 4104 338 4178 Cleric.,
368 4130 477 4185 qua
508 4104 641 4169 illud
673 4114 848 4183 ipsum
893 4113 1096 4167 eisdem
1122 4112 1429 4185 virginibus
1461 4104 1715 4185 prohibe-

141 4186 227 4237 tur.
260 4183 515 4240 Data'l’uit
543 4201 606 4241 ea
637 4186 722 4240 lex
749 4201 837 4239 an.
871 4184 1000 4246 590.
1024 4194 1077 4236 ct
1099 4184 1167 4239 de
1197 4200 1467 4238 consensu
1495 4183 1711 4251 quidem

136 4253 498 4329 spiscoporum
522 4273 536 4323 ;
562 4272 684 4311 cum
707 4256 895 4311 eadem
925 4270 1139 4329 quoque
1170 4256 1532 4329 anathematis
1556 4270 1711 4325 poena

139 4328 367 4396 imposita
393 4332 487 4383 sit.
524 4329 741 4384 Puellas
767 4342 951 4382 sacras
981 4328 1186 4381 crinem
1233 4328 1433 4382 aluisse
1458 4342 1521 4380 ac
1549 4344 1712 4395 spon-

1821 1843 2163 1912 pepercerit,
2190 1858 2221 1897 a
2254 1843 2368 1899 Deo
2401 1844 2479 1899 illi
2512 1856 2765 1915 parcetur
2797 1843 2979 1917 (Joau.
3014 1861 3091 1914 ιιι,
3122 1848 3157 1904 5
3187 1858 3234 1902 et
3259 1849 3416 1921 seq.).

1819 1935 1888 1991 Et
1911 1936 1954 1990 si
1988 1935 2197 1991 futuras
2224 1950 2415 2006 pteuas
2435 1939 2701 2007 gehennae
2726 1947 3016 2007 perpetuas
3039 1938 3091 1993 in
3118 1938 3220 1995 hoc
3249 1954 3420 2010 parvo

1820 2031 1943 2086 vita:
1992 2035 2167 2099 spatio
2195 2032 2654 2102 compensaverit,
2678 2032 2918 2104 seipsum
2945 2034 3016 2089 ab
3044 2043 3251 2092 aeterno
3280 2036 3422 2108 iudi—

1819 2122 1904 2177 cio
1930 2122 2204 2178 liberabit.

1892 2217 1982 2271 57.
2009 2216 2211 2273 Grandi
2253 2218 2423 2287 plagm
2453 2218 2560 2273 alta
2611 2228 2668 2274 et
2709 2218 2918 2286 prolixa
2949 2235 3087 2291 opus
3118 2231 3205 2278 est
3248 2223 3420 2279 medi-

1821 2311 1943 2364 cina
1994 2326 2007 2362 :
2058 2308 2264 2380 grande
2301 2309 2479 2364 scelus
2525 2310 2785 2380 grandem
2842 2310 3005 2367 habet
3050 2315 3416 2371 necessariam

1824 2402 2268 2458 satisfactionem.
2320 2413 2343 2439 θ
2370 2402 2503 2458 Nam
2528 2417 2635 2457 non
2684 2411 2769 2457 est
2801 2403 3027 2459 dubium
3071 2404 3245 2461 levius
3293 2422 3417 2463 esse

1820 2497 2051 2562 crimen,
2076 2495 2164 2549 ubi
2193 2505 2474 2566 peccatum
2506 2510 2663 2551 suum
2687 2495 2831 2552 ultro
2854 2496 3022 2553 homo
3042 2497 3422 2567 conﬁtetur,et

1822 2610 1946 2666 riari
1998 2612 2081 2681 pia
2133 2611 2480 2665 aemulatione
2528 2620 2783 2668 testatum
2834 2614 3055 2668 vellent.
3098 2613 3203 2671 Sed
3234 2614 3303 2670 de
3334 2615 3419 2671 his

1823 2694 2018 2751 przeter
2037 2693 2635 2756 ntentoratosauctures
2659 2684 2962 2740 luculenter
2988 2694 3216 2753 egerunt
3243 2688 3419 2756 Spen-

1819 2769 1965 2809 cteus
2019 2755 2113 2811 lib.
2156 2770 2188 2807 v
2232 2754 2301 2810 de
2348 2753 2468 2826 Voti
2524 2756 2833 2826 licdcmpL,
2881 2772 2999 2823 cap.
3030 2757 3099 2820 ὃς
3130 2753 3421 2813 Menardns

1823 2838 2015 2881 noster
2042 2826 2093 2881 in
2127 2826 2372 2899 Sacram.
2406 2825 2635 2899 Gregor.
2687 2844 2806 2899 pag.
2854 2827 2997 2892 2l2;
3042 2827 3268 2883 Heeften
3302 2829 3420 2885 ltis-

1821 2899 1963 2971 qnis.
1992 2900 2222 2954 Mouast.
2255 2897 2349 2952 lib.
2385 2915 2438 2964 ν,
2468 2898 2608 2970 disq.
2645 2897 2713 2963 7’,
2744 2897 2801 2955 et
2838 2898 3160 2955 'l‘homassin
3192 2900 3418 2971 Discipl.

1824 2968 2061 3043 Eccles,
2093 2979 2232 3036 part.
2259 2985 2302 3043 _t,
2335 2971 2425 3026 lib.
2461 2986 2496 3038 ι,
2526 2968 2646 3043 cap.
2677 2973 2765 3026 50.

1895 3040 1923 3080 ιι
1963 3043 2164 3097 Omnes
2208 3040 2342 3096 edit.
2389 3058 2453 3097 ac
2497 3040 2629 3098 mss.
2676 3044 2880 3112 aliquot
2907 3083 2922 3109 ,
2954 3044 3111 3097 viruit
3139 3043 3419 3113 impudice.

1826 3114 2041 3172 Minime
2074 3113 2242 3180 male;
2284 3113 2449 3185 viruit
2477 3117 2622 3167 enim
2647 3117 2785 3169 sumi
2817 3116 3095 3184 eleganter
3117 3124 3296 3185 poteSt
3320 3132 3420 3184 pro

1825 3186 2011 3257 viguit,
2040 3201 2148 3256 quo
2176 3199 2339 3240 sensu
2353 3184 2569 3257 Tullius
2592 3187 2899 3241 viriditatem
2924 3184 3135 3251 habere,
3160 3197 3212 3241 et
3248 3187 3420 3242 Hora-

1823 3255 1929 3313 tius
1959 3255 2119 3312 virere
2137 3272 2303 3327 genua
2333 3255 2588 3311 dixerunt
2613 3275 2625 3305 :
2652 3258 2743 3311 alii
2772 3270 2948 3312 tamen
2980 3273 3112 3313 mss.
3147 3259 3328 3326 plures
3356 3274 3421 3315 ac

1821 3331 2086 3412 potiores,
2112 3327 2329 3382 irrubuit
2343 3327 2635 3412 impudice.
2667 3327 2851 3412 Neque
2885 3328 2987 3384 hoc
3028 3330 3225 3412 ipsum
3248 3331 3419 3412 magis

1821 3400 2041 3482 inscite;
2072 3414 2194 3482 nam
2226 3408 2581 3482 praeterquam
2610 3401 2757 3482 quod
2812 3402 2951 3455 inter
2978 3400 3226 3482 pauescat
3252 3411 3299 3482 et
3341 3404 3410 3456 ir-

1819 3471 1997 3526 rubuit
2041 3470 2360 3526 conciunius
2406 3481 2489 3525 est
2532 3470 2834 3525 antithetun
2860 3513 2874 3536 ,
2919 3471 3084 3527 rubor
3114 3472 3165 3526 in
3195 3471 3333 3526 facie
3361 3484 3419 3529 ut

1821 3543 1979 3597 bona:
2009 3540 2359 3607 valetudinis,
2393 3542 2465 3596 ita
2492 3544 2658 3596 etiam
2710 3542 3049 3597 vehementis
3075 3543 3302 3598 ail'ectus
3336 3544 3419 3599 iti-

1819 3614 2021 3668 dicinm
2049 3624 2152 3667 est.
2182 3613 2380 3667 lterum
2414 3628 2513 3683 pro
2538 3614 2744 3682 injuriis
2773 3624 2821 3667 et
2842 3614 3087 3684 jejnniis,
3120 3628 3249 3684 mss.
3281 3629 3418 3670 nou-

1819 3686 1973 3751 nnlli,
2003 3685 2204 3737 incuria
2252 3692 2298 3737 et
2328 3685 2567 3754 jejuniis.
2602 3684 2716 3739 Non
2764 3684 3002 3754 absurde
3032 3683 3250 3752 quidem
3275 3726 3288 3747 ,
3320 3690 3415 3741 sed

1821 3766 1999 3810 tamen
2030 3770 2134 3809 non
2170 3753 2426 3808 mutanda
2460 3770 2561 3807 vox
2612 3755 2856 3826 injuriis;
2890 3753 3210 3826 idemcnim
3242 3764 3329 3810 est
3351 3771 3416 3813 ac

1818 3828 1987 3897 rigida
2018 3835 2073 3880 et
2098 3839 2291 3897 τηρεε-ει
2336 3824 2708 3897 castigatione,
2745 3825 2926 3897 utglib.
2957 3840 2996 3878 ιι
3022 3824 3089 3897 de
3116 3826 3415 3897 Abraham,

1817 3893 1936 3966 ca'p.
1967 3897 2021 3963 8,
2055 3893 2202 3950 nuni.
2235 3893 2326 3958 5i,
2359 3896 2521 3948 vitula
2553 3895 2749 3949 dicitur
2780 3895 2984 3949 domari
3022 3895 3249 3966 injuriis.
3279 3897 3416 3951 Pos-

1819 3964 1992 4023 trcino
2016 3968 2109 4040 ubi
2139 3980 2326 4040 ottincs
2352 3966 2483 4040 edit.
2511 3981 2574 4020 ac
2594 3982 2728 4040 mss.
2759 3975 2987 4040 excepto
3017 3964 3187 4040 Flor"
3216 3968 3280 4022 de
3299 3970 3419 4040 pul-

1816 4039 2110 4096 chritudine
2151 4038 2387 4109 placuit;
2418 4037 2558 4090 idctn
2593 4036 2734 4093 Flor.
2768 4036 2931 4092 habet
2957 4078 2972 4103 ,
3002 4039 3066 4090 de
3098 4036 3417 4109 turpitudine

1851 4112 2030 4165 Iacuit.

1851 4129 2030 4165 tacuit.

1814 4129 1848 4182 Ρ
1892 4194 1913 4220 ε
1955 4182 2137 4237 Codex
2167 4181 2442 4251 Regiam,
2467 4181 2561 4234 etsi
2588 4197 2688 4235 non
2710 4196 2982 4244 coronant,
3000 4192 3168 4234 tamen
3191 4183 3410 4247 ueniam,

1814 4261 1861 4304 et
1892 4265 2081 4307 certam
2127 4268 2288 4322 parua:
2322 4254 2698 4307 concitationem
2726 4268 2744 4306 :
2769 4251 2959 4322 reliqui
2992 4261 3171 4307 autem
3201 4263 3254 4307 et
3280 4254 3415 4310 edit.

1814 4326 1947 4379 nihil
1997 4323 2279 4387 dtﬂ'ernnt,
2314 4325 2416 4378 nisi
2463 4325 2605 4395 quod
2639 4325 2729 4378 tibi
2777 4323 2909 4379 cdit.
2964 4339 3029 4379 ac
3075 4326 3230 4394 pauci
3279 4339 3412 4380 mss.

135 4407 298 4476 garum
349 4403 523 4454 instar
574 4414 821 4469 Sparsum
865 4398 1711 4476 gessisse__auctor_est_Optatus
1741 4414 1791 4476 υ
1820 4395 2136 4464 praeferunt,
2167 4396 2520 4476 vttcuntionein
2566 4407 2659 4451 aut
2682 4396 3114 4476 praenotionem;
3141 4397 3230 4451 alii
3281 4411 3412 4452 mss.

137 4462 479 4527 Milevitanus.
523 4462 846 4527 Anibrosius
866 4462 1050 4524 'etiam
1098 4469 1189 4540 lib.
1222 4469 1291 4523 de
1332 4468 1509 4523 lnstit.
1534 4462 1710 4540 'Virg.

138 4550 242 4607 cap.
292 4543 355 4596 l7
399 4554 452 4597 et
497 4541 833 4614 Augustinus
880 4543 1039 4614 epist.
1082 4539 1186 4594 109
1235 4542 1379 4614 satis,
1409 4539 1710 4604 declarant,

134 4613 259 4677 apud
292 4611 746 4684 populares'suos
768 4622 823 4667 ut
854 4611 1089 4680 virgines
1110 4626 1319 4684 comam
1350 4612 1709 4680 deponerent,

137 4694 324 4739 morem
358 4683 467 4742 non
508 4688 697 4741 fuisse.
741 4684 927 4754 Neque
972 4698 1102 4738 vero
1152 4683 1284 4736 illud
1329 4683 1469 4737 idem
1521 4699 1709 4751 parum

132 4763 306 4816 omne
344 4760 544 4813 indicat
601 4758 962 4826 Hieronymus
1020 4755 1180 4824 epiSt.
1210 4758 1299 4819 48,
1356 4756 1422 4809 ad
1465 4754 1713 4810 Sabinia-

132 4830 517 4898 uum,quaudo
555 4827 780 4898 quidem
826 4842 947 4880 eum
990 4826 1220 4896 capillos
1247 4828 1450 4880 amoris
1492 4826 1712 4898 obsides

131 4896 395 4967 accepisse
421 4896 586 4957 docet
608 4900 677 4953 ab
704 4914 766 4953 ea
816 4899 1033 4952 inoniali
1057 4938 1071 4962 ,
1103 4911 1261 4967 quam
1305 4908 1624 4965 corruperat
1651 4896 1707 4952 in

129 4973 445 5027 monasterio
475 4969 951 5033 Bethlebemitico,
988 4971 1039 5021 in
1069 4968 1213 5038 quod
1250 4969 1341 5022 illa
1370 4984 1493 5023 cum
1522 4967 1709 5023 Romae

126 5041 300 5113 velum
328 5046 645 5113 accepisset,
695 5056 757 5095 se
802 5039 1343 5113 receperatntloutra
1388 5040 1706 5113 vero_ident

130 5108 479 5186 Hieronymus
502 5114 667 5186 citata
694 5112 857 5182 epist.
891 5108 1053 5186 tradit
1064 5109 1385 5186 obtinuisse
1413 5112 1466 5186 in
1488 5108 1710 5181 {Egypti

123 5181 359 5254 etSyriti:
397 5181 754 5249 monasteriis,
785 5193 841 5237 ut
868 5193 972 5236 tam
1010 5181 1169 5254 Virgo
1199 5199 1352 5250 quam
1377 5181 1531 5235 vidua
1551 5224 1564 5245 ,
1595 5198 1710 5252 qua:

125 5268 179 5305 se
204 5255 312 5309 Deo
338 5260 622 5314 caverint...
665 5256 859 5310 crinem
887 5254 1318 5308 monasteriorum
1346 5255 1599 5307 matribus
1628 5258 1710 5324 of-

126 5326 319 5391 ferrent
337 5331 689 5385 desecantlum.
719 5328 834 5381 Huc
859 5328 998 5381 adde
1013 5325 1312 5380 Palladium
1338 5326 1389 5378 in
1405 5324 1705 5392 Lausiucis,

122 5409 243 5471 cap.
291 5399 354 5455 4i
384 5444 398 5464 ,
427 5402 514 5457 ubi
563 5399 833 5471 virginum
885 5396 1415 5471 hujustnodijuissc
1464 5396 1708 5450 habitum

120 5469 334 5528 scribit.
362 5486 412 5527 ut
439 5483 601 5529 essent
631 5464 795 5525 tonsa
820 5480 868 5524 et
888 5464 1178 5523 cucutlatte.
1210 5464 1422 5522 Citatnr
1448 5474 1708 5537 prieterea

122 5553 249 5593 can.
281 5540 351 5598 66
372 5546 567 5601 Niczcn.
598 5542 764 5611 Alph.
800 5541 1005 5606 Pisani;
1034 5553 1137 5595 nec
1176 5554 1282 5593 non
1340 5542 1506 5594 etiam
1534 5537 1702 5611 Atha-

123 5611 267 5685 ιιθβὶἱ
292 5615 359 5685 (ιθ
397 5616 531 5673 Vera
562 5609 758 5685 virgiu.
794 5630 893 5683 pro
939 5612 1139 5685 eodem
1180 5612 1440 5685 usn_,4qui
1489 5609 1706 5685 tandem

123 5677 287 5755 spius
312 5684 541 5755 invaluit,
564 5677 688 5743 cum
721 5677 939 5747 femina:
968 5677 1415 5755 sanctimoniales
1447 5680 1709 5755 (iterliter:-

125 5740 215 5807 titc
722 5740 832 5813 non
860 5740 1040 5813 minus
1070 5742 1231 5825 (illam
1265 5740 1561 5807 monachos
1587 5752 1705 5820 glo-

1820 4483 2014 4539 magno
2038 4482 2267 4539 numero
2297 4467 2501 4537 legunt,
2526 4468 2864 4523 uacationem.
2888 4467 3005 4522 Non
3030 4467 3224 4539 desunt
3252 4482 3416 4539 porro

1817 4538 1927 4608 qui
1952 4555 2076 4595 cum
2103 4553 2171 4593 ex
2202 4538 2285 4592 his
2312 4539 2493 4594 verbis
2525 4550 2636 4594 tum
2668 4556 2730 4594 ex
2778 4540 2898 4593 aliis
2943 4539 3105 4609 epist.
3133 4538 3170 4591 2
3208 4540 3276 4594 ad
3309 4538 3417 4593 Ho-

1819 4620 1965 4665 ront.
2020 4610 2364 4666 Ambrosium
2424 4612 2688 4666 accedere
2748 4610 3001 4665 Veterum
3055 4611 3413 4680 quorumdam

1816 4682 2083 4750 opinioni,
2123 4697 2227 4752 qua
2258 4683 2506 4736 feruntur
2556 4684 2699 4737 inter
2742 4682 3024 4737 beatorum
3076 4681 3302 4750 gloriam
3351 4697 3414 4736 ac

1816 4753 2196 4807 damnaturttm
2243 4768 2432 4821 poenas
2478 4754 2713 4808 medium
2760 4753 3050 4821 quemdam
3081 4761 3282 4806 statum
3312 4753 3409 4808 ad-

1817 4825 2050 4889 misisse,
2074 4825 2144 4878 de
2164 4839 2272 4894 quo
2297 4828 2503 4878 dicetur
2528 4824 2595 4879 ad
2622 4828 2869 4880 eamdem
2899 4825 3042 4894 epist
3093 4824 3205 4878 lloc
3233 4833 3412 4880 autem

1818 4895 1938 4967 loco
1989 4904 2197 4949 tantum
2251 4911 2534 4967 ttionelntis
2589 4900 2731 4965 tangi
2781 4895 3000 4967 quidem
3057 4896 3126 4948 ab
3179 4899 3416 4952 Auctore

1815 4966 2223 5030 diﬁicoltatetn,
2271 4965 2366 5020 sed
2418 4965 2837 5020 inexatninatam
2887 4968 3252 5032 [tril‘lel‘lltlllL
3313 4967 3413 5023 Hic

1816 5038 1959 5109 enim
1988 5037 2222 5109 oratoria
2261 5038 2544 5092 concessio
2572 5047 2674 5103 est,
2703 5039 2854 5105 quasi
2883 5039 3110 5101 diceret,
3142 5047 3196 5092 et
3223 5039 3267 5094 si
3290 5040 3412 5109 glo-

1816 5108 1952 5164 riam
1984 5107 2209 5178 adipisci
2238 5124 2345 5163 nou
2377 5108 2716 5178 contingeret
2742 5153 2755 5174 ,
2785 5110 2856 5165 de
2882 5124 2989 5178 quo
3024 5124 3131 5165 non
3162 5107 3408 5179 disputo;

1816 5179 2008 5234 saltem
2068 5194 2351 5249 poenarum
2397 5180 2666 5236 obtinebis
2729 5183 3143 5252 immunitatem.
3191 5180 3247 5236 Si
3291 5184 3412 5252 quis

1820 5262 1996 5323 tamen
2043 5262 2315 5323 exsortem
2346 5253 2537 5323 gloria:
2588 5253 2821 5307 futuram
2870 5251 3015 5305 illam
3051 5251 3319 5323 virginem
3344 5254 3412 5307 ab

1817 5322 2058 5378 Auctore
2079 5322 2342 5377 aiﬂrmari
2358 5322 2685 5389 contendat,
2719 5323 3014 5379 dummodo
3044 5322 3151 5379 non
3181 5324 3409 5392 gloriam

1812 5409 2032 5465 omnem
2058 5393 2345 5465 intelligat,
2379 5397 2473 5451 sed
2497 5397 2826 5465 singularem
2865 5396 3007 5449 illam
3039 5410 3159 5464 qua:
3187 5397 3409 5464 virgini-

1811 5463 1914 5520 bus
1947 5474 2154 5536 pactam
2185 5463 2389 5522 caelesti
2430 5463 2630 5535 sponso
2667 5468 2826 5522 ﬁdem
2869 5463 3212 5521 servantibus
3241 5463 3409 5521 desti-

1812 5544 1936 5591 nata
1968 5545 2072 5603 est,
2105 5552 2297 5592 manus
2328 5537 2592 5592 dabimus.

1882 5606 1906 5645 δ
1934 5609 2055 5664 Edit
2084 5621 2136 5664 et
2159 5610 2377 5679 quidam
2401 5626 2559 5676 mss.,
2583 5621 2630 5665 et
2660 5611 2947 5664 misericors
2967 5626 3100 5664 sum.

1888 5682 2203 5752 erSequeuti
2235 5683 2522 5736 sententia:
2552 5698 2712 5752 quam
2747 5681 2888 5752 apud
2916 5680 3269 5737 Pseudoliicr.
3291 5682 3412 5751 ipso

1809 5751 1987 5807 statim
2017 5752 2176 5821 hujus
2207 5753 2332 5808 libri
2369 5752 2524 5810 initio
2552 5751 3079 5821 exstare’diximus,
3128 5753 3405 5826 proprium
