  <div class='ocr_page' id='page_1' title='image "/cluster/home/n/w/nwhite01/storage/ocr_20150623/16/uva.x000826550/198.png"; bbox 0 0 3952 6178; ppageno 0'>
   <div class='ocr_carea' id='block_1_1' title="bbox 198 252 276 309">
    <p class='ocr_par' dir='ltr' id='par_1_1' title="bbox 198 252 276 309">
     <span class='ocr_line' id='line_1_1' title="bbox 198 252 276 309; baseline 0 0"><span class='ocrx_word' id='word_1_1' title='bbox 198 252 276 309; x_wconf 75' lang='grc'><strong>531</strong></span> 
     </span>
    </p>
   </div>
   <div class='ocr_carea' id='block_1_2' title="bbox 932 244 2647 315">
    <p class='ocr_par' dir='ltr' id='par_1_2' title="bbox 932 244 2647 315">
     <span class='ocr_line' id='line_1_2' title="bbox 932 244 2647 315; baseline 0.003 -13"><span class='ocrx_word' id='word_1_2' title='bbox 932 244 1021 302; x_wconf 85' lang='lat' dir='ltr'><strong>DE</strong></span> <span class='ocrx_word' id='word_1_3' title='bbox 1061 244 1290 304; x_wconf 78' lang='lat' dir='ltr'><strong>LAPSU</strong></span> <span class='ocrx_word' id='word_1_4' title='bbox 1334 244 1632 315; x_wconf 70' lang='lat' dir='ltr'><strong>VIRGINIS</strong></span> <span class='ocrx_word' id='word_1_5' title='bbox 1673 247 2157 308; x_wconf 71' lang='lat' dir='ltr'><strong>CONSECRATAS</strong></span> <span class='ocrx_word' id='word_1_6' title='bbox 2198 250 2403 307; x_wconf 85' lang='lat' dir='ltr'><strong>LIBER</strong></span> <span class='ocrx_word' id='word_1_7' title='bbox 2442 250 2647 308; x_wconf 79' lang='lat' dir='ltr'><strong>UNUS.</strong></span> 
     </span>
    </p>
   </div>
   <div class='ocr_carea' id='block_1_3' title="bbox 3336 255 3444 310">
    <p class='ocr_par' dir='ltr' id='par_1_3' title="bbox 3336 255 3444 310">
     <span class='ocr_line' id='line_1_3' title="bbox 3336 255 3444 310; baseline 0.019 -3"><span class='ocrx_word' id='word_1_8' title='bbox 3336 255 3444 310; x_wconf 61' lang='grc' dir='ltr'><strong>ΗΞ</strong></span> 
     </span>
    </p>
   </div>
   <div class='ocr_carea' id='block_1_4' title="bbox 246 361 3451 451">
    <p class='ocr_par' dir='ltr' id='par_1_4' title="bbox 246 361 3451 451">
     <span class='ocr_line' id='line_1_4' title="bbox 246 361 3451 451; baseline 0.002 -31"><span class='ocrx_word' id='word_1_9' title='bbox 246 366 464 442; x_wconf 78' lang='lat' dir='ltr'><strong>quasdam</strong></span> <span class='ocrx_word' id='word_1_10' title='bbox 490 363 810 443; x_wconf 72' lang='lat' dir='ltr'><strong>precationes</strong></span> <span class='ocrx_word' id='word_1_11' title='bbox 833 373 882 443; x_wconf 67' lang='lat' dir='ltr'><strong>et</strong></span> <span class='ocrx_word' id='word_1_12' title='bbox 910 363 1079 417; x_wconf 77' lang='lat' dir='ltr'><strong>varios</strong></span> <span class='ocrx_word' id='word_1_13' title='bbox 1108 362 1418 432; x_wconf 64' lang='lat' dir='ltr'><strong>poenitentiae</strong></span> <span class='ocrx_word' id='word_1_14' title='bbox 1466 361 1689 447; x_wconf 61' lang='grc' dir='ltr'>αΙῙεειιιᾳ</span> <span class='ocrx_word' id='word_1_15' title='bbox 1713 380 1740 441; x_wconf 68' lang='grc' dir='ltr'><strong>ε</strong></span> <span class='ocrx_word' id='word_1_16' title='bbox 1766 373 1820 451; x_wconf 52' lang='grc' dir='ltr'>Α</span> <span class='ocrx_word' id='word_1_17' title='bbox 1845 365 2027 441; x_wconf 79' lang='lat' dir='ltr'><strong>imago</strong></span> <span class='ocrx_word' id='word_1_18' title='bbox 2047 381 2167 439; x_wconf 74' lang='lat' dir='ltr'><strong>mea</strong></span> <span class='ocrx_word' id='word_1_19' title='bbox 2196 365 2387 440; x_wconf 81' lang='lat' dir='ltr'><strong>(Psat.</strong></span> <span class='ocrx_word' id='word_1_20' title='bbox 2422 383 2599 434; x_wconf 76' lang='lat' dir='ltr'><strong>Lxxu,</strong></span> <span class='ocrx_word' id='word_1_21' title='bbox 2633 366 2719 435; x_wconf 82' lang='lat' dir='ltr'><strong>l9,</strong></span> <span class='ocrx_word' id='word_1_22' title='bbox 2750 367 2873 440; x_wconf 56' lang='grc' dir='ltr'><strong>ιο).</strong></span> <span class='ocrx_word' id='word_1_23' title='bbox 2909 367 3157 426; x_wconf 78' lang='lat' dir='ltr'><strong>Deletum</strong></span> <span class='ocrx_word' id='word_1_24' title='bbox 3186 370 3357 428; x_wconf 87' lang='lat' dir='ltr'><strong>estde</strong></span> <span class='ocrx_word' id='word_1_25' title='bbox 3388 372 3451 426; x_wconf 82' lang='lat' dir='ltr'><strong>li-</strong></span> 
     </span>
    </p>
   </div>
   <div class='ocr_carea' id='block_1_5' title="bbox 248 455 1324 530">
    <p class='ocr_par' dir='ltr' id='par_1_5' title="bbox 248 455 1324 530">
     <span class='ocr_line' id='line_1_5' title="bbox 248 455 1324 530; baseline -0.006 -15"><span class='ocrx_word' id='word_1_26' title='bbox 248 458 499 530; x_wconf 85' lang='lat' dir='ltr'><strong>Scripturis</strong></span> <span class='ocrx_word' id='word_1_27' title='bbox 529 459 650 521; x_wconf 69' lang='lat' dir='ltr'><strong>Itinc</strong></span> <span class='ocrx_word' id='word_1_28' title='bbox 679 456 801 513; x_wconf 83' lang='lat' dir='ltr'><strong>inde</strong></span> <span class='ocrx_word' id='word_1_29' title='bbox 827 457 982 511; x_wconf 86' lang='lat' dir='ltr'><strong>lectos</strong></span> <span class='ocrx_word' id='word_1_30' title='bbox 1007 455 1324 528; x_wconf 76' lang='lat' dir='ltr'><strong>suppeditat.</strong></span> 
     </span>
    </p>
   </div>
   <div class='ocr_carea' id='block_1_6' title="bbox 248 566 1749 641">
    <p class='ocr_par' dir='ltr' id='par_1_6' title="bbox 248 566 1749 641">
     <span class='ocr_line' id='line_1_6' title="bbox 248 566 1749 641; baseline -0.004 -12"><span class='ocrx_word' id='word_1_31' title='bbox 248 575 320 641; x_wconf 61' lang='grc'><strong>15.</strong></span> <span class='ocrx_word' id='word_1_32' title='bbox 347 571 462 639; x_wconf 79' lang='lat' dir='ltr'><strong>Quis</strong></span> <span class='ocrx_word' id='word_1_33' title='bbox 492 569 788 626; x_wconf 74' lang='lat' dir='ltr'><strong>consoletur</strong></span> <span class='ocrx_word' id='word_1_34' title='bbox 814 578 891 637; x_wconf 79' lang='lat' dir='ltr'><strong>te,</strong></span> <span class='ocrx_word' id='word_1_35' title='bbox 922 568 1065 639; x_wconf 83' lang='lat' dir='ltr'><strong>virgo</strong></span> <span class='ocrx_word' id='word_1_36' title='bbox 1091 568 1204 636; x_wconf 66' lang='lat' dir='ltr'><strong>[alia</strong></span> <span class='ocrx_word' id='word_1_37' title='bbox 1227 567 1383 635; x_wconf 77' lang='lat' dir='ltr'><strong>Sion;</strong></span> <span class='ocrx_word' id='word_1_38' title='bbox 1404 566 1527 639; x_wconf 83' lang='lat' dir='ltr'><strong>quia</strong></span> <span class='ocrx_word' id='word_1_39' title='bbox 1559 583 1749 639; x_wconf 80' lang='lat' dir='ltr'><strong>magna</strong></span> 
     </span>
    </p>
   </div>
   <div class='ocr_carea' id='block_1_7' title="bbox 194 661 1746 743">
    <p class='ocr_par' dir='ltr' id='par_1_7' title="bbox 194 661 1746 743">
     <span class='ocr_line' id='line_1_7' title="bbox 194 661 1746 743; baseline -0.001 -21"><span class='ocrx_word' id='word_1_40' title='bbox 194 674 303 743; x_wconf 70' lang='lat' dir='ltr'><strong>facta</strong></span> <span class='ocrx_word' id='word_1_41' title='bbox 324 677 388 722; x_wconf 78' lang='lat' dir='ltr'><strong>est</strong></span> <span class='ocrx_word' id='word_1_42' title='bbox 413 666 541 723; x_wconf 84' lang='lat' dir='ltr'><strong>sicut</strong></span> <span class='ocrx_word' id='word_1_43' title='bbox 563 680 707 733; x_wconf 80' lang='lat' dir='ltr'><strong>mare</strong></span> <span class='ocrx_word' id='word_1_44' title='bbox 733 663 977 721; x_wconf 85' lang='lat' dir='ltr'><strong>contritio</strong></span> <span class='ocrx_word' id='word_1_45' title='bbox 1007 673 1118 718; x_wconf 86' lang='lat' dir='ltr'><strong>tua.</strong></span> <span class='ocrx_word' id='word_1_46' title='bbox 1150 661 1378 729; x_wconf 76' lang='lat' dir='ltr'><strong>Elfunde</strong></span> <span class='ocrx_word' id='word_1_47' title='bbox 1397 662 1533 725; x_wconf 78' lang='lat' dir='ltr'><strong>sicut</strong></span> <span class='ocrx_word' id='word_1_48' title='bbox 1559 679 1746 733; x_wconf 82' lang='lat' dir='ltr'><strong>aquam</strong></span> 
     </span>
    </p>
   </div>
   <div class='ocr_carea' id='block_1_8' title="bbox 193 753 1744 828">
    <p class='ocr_par' dir='ltr' id='par_1_8' title="bbox 193 753 1744 828">
     <span class='ocr_line' id='line_1_8' title="bbox 193 753 1744 828; baseline -0.005 -12"><span class='ocrx_word' id='word_1_49' title='bbox 193 770 409 817; x_wconf 81' lang='lat' dir='ltr'><strong>eartuuut</strong></span> <span class='ocrx_word' id='word_1_50' title='bbox 448 766 563 812; x_wconf 81' lang='lat' dir='ltr'><strong>ante</strong></span> <span class='ocrx_word' id='word_1_51' title='bbox 610 756 796 828; x_wconf 74' lang='lat' dir='ltr'><strong>faciem</strong></span> <span class='ocrx_word' id='word_1_52' title='bbox 844 754 1053 815; x_wconf 82' lang='lat' dir='ltr'><strong>Domini</strong></span> <span class='ocrx_word' id='word_1_53' title='bbox 1104 753 1318 826; x_wconf 79' lang='lat' dir='ltr'><strong>(Thrcn.</strong></span> <span class='ocrx_word' id='word_1_54' title='bbox 1369 770 1428 811; x_wconf 79' lang='grc' dir='ltr'>ιι.</span> <span class='ocrx_word' id='word_1_55' title='bbox 1466 756 1570 822; x_wconf 64' lang='grc'><strong>15⁸,</strong></span> <span class='ocrx_word' id='word_1_56' title='bbox 1604 753 1744 825; x_wconf 71' lang='grc' dir='ltr'><strong>19)ι</strong></span> 
     </span>
    </p>
   </div>
   <div class='ocr_carea' id='block_1_9' title="bbox 194 848 1750 921">
    <p class='ocr_par' dir='ltr' id='par_1_9' title="bbox 194 848 1750 921">
     <span class='ocr_line' id='line_1_9' title="bbox 194 848 1750 921; baseline -0.004 -14"><span class='ocrx_word' id='word_1_57' title='bbox 194 851 357 907; x_wconf 77' lang='lat' dir='ltr'><strong>extolle</strong></span> <span class='ocrx_word' id='word_1_58' title='bbox 382 848 443 905; x_wconf 88' lang='lat' dir='ltr'><strong>ad</strong></span> <span class='ocrx_word' id='word_1_59' title='bbox 477 864 601 921; x_wconf 83' lang='lat' dir='ltr'><strong>eum</strong></span> <span class='ocrx_word' id='word_1_60' title='bbox 650 861 847 919; x_wconf 84' lang='lat' dir='ltr'><strong>manus</strong></span> <span class='ocrx_word' id='word_1_61' title='bbox 889 857 1009 919; x_wconf 72' lang='lat' dir='ltr'><strong>tuas</strong></span> <span class='ocrx_word' id='word_1_62' title='bbox 1037 855 1062 883; x_wconf 71' lang='grc' dir='ltr'><strong>ε</strong></span> <span class='ocrx_word' id='word_1_63' title='bbox 1090 861 1189 920; x_wconf 88' lang='lat' dir='ltr'><strong>pro</strong></span> <span class='ocrx_word' id='word_1_64' title='bbox 1212 848 1453 903; x_wconf 88' lang='lat' dir='ltr'><strong>remedio</strong></span> <span class='ocrx_word' id='word_1_65' title='bbox 1498 856 1750 918; x_wconf 81' lang='lat' dir='ltr'><strong>peccato-</strong></span> 
     </span>
    </p>
   </div>
   <div class='ocr_carea' id='block_1_10' title="bbox 194 939 1751 1021">
    <p class='ocr_par' dir='ltr' id='par_1_10' title="bbox 194 939 1751 1021">
     <span class='ocr_line' id='line_1_10' title="bbox 194 939 1751 1021; baseline -0.002 -22"><span class='ocrx_word' id='word_1_66' title='bbox 194 959 287 999; x_wconf 80' lang='lat' dir='ltr'><strong>runt</strong></span> <span class='ocrx_word' id='word_1_67' title='bbox 315 953 530 998; x_wconf 87' lang='lat' dir='ltr'><strong>tuorum.</strong></span> <span class='ocrx_word' id='word_1_68' title='bbox 574 939 780 1013; x_wconf 83' lang='lat' dir='ltr'><strong>Accipe</strong></span> <span class='ocrx_word' id='word_1_69' title='bbox 827 940 992 1012; x_wconf 90' lang='lat' dir='ltr'><strong>igitur</strong></span> <span class='ocrx_word' id='word_1_70' title='bbox 1022 939 1347 997; x_wconf 72' lang='lat' dir='ltr'><strong>iumentum.</strong></span> <span class='ocrx_word' id='word_1_71' title='bbox 1405 940 1474 995; x_wconf 88' lang='lat' dir='ltr'><strong>Et</strong></span> <span class='ocrx_word' id='word_1_72' title='bbox 1516 941 1751 1021; x_wconf 79' lang='lat' dir='ltr'><strong>primum</strong></span> 
     </span>
    </p>
   </div>
   <div class='ocr_carea' id='block_1_11' title="bbox 192 1031 1754 1105">
    <p class='ocr_par' dir='ltr' id='par_1_11' title="bbox 192 1031 1754 1105">
     <span class='ocr_line' id='line_1_11' title="bbox 192 1031 1754 1105; baseline -0.001 -18"><span class='ocrx_word' id='word_1_73' title='bbox 192 1035 372 1105; x_wconf 82' lang='lat' dir='ltr'><strong>quidem</strong></span> <span class='ocrx_word' id='word_1_74' title='bbox 395 1034 538 1103; x_wconf 86' lang='lat' dir='ltr'><strong>nullo</strong></span> <span class='ocrx_word' id='word_1_75' title='bbox 567 1032 657 1101; x_wconf 81' lang='lat' dir='ltr'><strong>die</strong></span> <span class='ocrx_word' id='word_1_76' title='bbox 678 1031 1162 1104; x_wconf 86' lang='lat' dir='ltr'><strong>quinqttagesimus</strong></span> <span class='ocrx_word' id='word_1_77' title='bbox 1193 1032 1433 1103; x_wconf 79' lang='lat' dir='ltr'><strong>psalmus</strong></span> <span class='ocrx_word' id='word_1_78' title='bbox 1483 1031 1754 1095; x_wconf 50' lang='lat' dir='ltr'><strong>intermitw</strong></span> 
     </span>
    </p>
   </div>
   <div class='ocr_carea' id='block_1_12' title="bbox 194 1121 1752 1198">
    <p class='ocr_par' dir='ltr' id='par_1_12' title="bbox 194 1121 1752 1198">
     <span class='ocr_line' id='line_1_12' title="bbox 194 1121 1752 1198; baseline -0.001 -17"><span class='ocrx_word' id='word_1_79' title='bbox 194 1138 340 1192; x_wconf 85' lang='lat' dir='ltr'><strong>tatur;</strong></span> <span class='ocrx_word' id='word_1_80' title='bbox 367 1126 485 1198; x_wconf 82' lang='lat' dir='ltr'><strong>quia</strong></span> <span class='ocrx_word' id='word_1_81' title='bbox 512 1126 563 1181; x_wconf 89' lang='lat' dir='ltr'><strong>in</strong></span> <span class='ocrx_word' id='word_1_82' title='bbox 599 1124 691 1180; x_wconf 91' lang='lat' dir='ltr'><strong>tali</strong></span> <span class='ocrx_word' id='word_1_83' title='bbox 720 1121 940 1197; x_wconf 86' lang='lat' dir='ltr'><strong>negotio</strong></span> <span class='ocrx_word' id='word_1_84' title='bbox 968 1133 1220 1181; x_wconf 83' lang='lat' dir='ltr'><strong>cantatus</strong></span> <span class='ocrx_word' id='word_1_85' title='bbox 1250 1132 1365 1179; x_wconf 88' lang='lat' dir='ltr'><strong>est:</strong></span> <span class='ocrx_word' id='word_1_86' title='bbox 1396 1131 1453 1180; x_wconf 89' lang='lat' dir='ltr'><strong>et</strong></span> <span class='ocrx_word' id='word_1_87' title='bbox 1484 1137 1655 1197; x_wconf 88' lang='lat' dir='ltr'><strong>usque</strong></span> <span class='ocrx_word' id='word_1_88' title='bbox 1682 1122 1752 1187; x_wconf 84' lang='lat' dir='ltr'><strong>ad</strong></span> 
     </span>
    </p>
   </div>
   <div class='ocr_carea' id='block_1_13' title="bbox 193 1213 1755 1287">
    <p class='ocr_par' dir='ltr' id='par_1_13' title="bbox 193 1213 1755 1287">
     <span class='ocr_line' id='line_1_13' title="bbox 193 1213 1755 1287; baseline 0.003 -16"><span class='ocrx_word' id='word_1_89' title='bbox 193 1220 476 1274; x_wconf 76' lang='lat' dir='ltr'><strong>versiculum</strong></span> <span class='ocrx_word' id='word_1_90' title='bbox 526 1218 681 1271; x_wconf 89' lang='lat' dir='ltr'><strong>illutn</strong></span> <span class='ocrx_word' id='word_1_91' title='bbox 713 1234 725 1270; x_wconf 90' lang='lat'><strong>:</strong></span> <span class='ocrx_word' id='word_1_92' title='bbox 754 1214 855 1270; x_wconf 87' lang='lat' dir='ltr'><strong>Car</strong></span> <span class='ocrx_word' id='word_1_93' title='bbox 883 1216 1160 1270; x_wconf 85' lang='lat' dir='ltr'><strong>contritum</strong></span> <span class='ocrx_word' id='word_1_94' title='bbox 1190 1226 1238 1270; x_wconf 85' lang='lat' dir='ltr'><strong>et</strong></span> <span class='ocrx_word' id='word_1_95' title='bbox 1265 1216 1593 1287; x_wconf 73' lang='lat' dir='ltr'><strong>humiliation</strong></span> <span class='ocrx_word' id='word_1_96' title='bbox 1615 1213 1755 1275; x_wconf 66' lang='lat' dir='ltr'><strong>Deus</strong></span> 
     </span>
    </p>
   </div>
   <div class='ocr_carea' id='block_1_14' title="bbox 195 1308 1756 1387">
    <p class='ocr_par' dir='ltr' id='par_1_14' title="bbox 195 1308 1756 1387">
     <span class='ocr_line' id='line_1_14' title="bbox 195 1308 1756 1387; baseline -0.003 -20"><span class='ocrx_word' id='word_1_97' title='bbox 195 1329 273 1367; x_wconf 78' lang='lat' dir='ltr'><strong>non</strong></span> <span class='ocrx_word' id='word_1_98' title='bbox 302 1312 482 1383; x_wconf 82' lang='lat' dir='ltr'><strong>spernit</strong></span> <span class='ocrx_word' id='word_1_99' title='bbox 515 1309 687 1387; x_wconf 80' lang='lat' dir='ltr'><strong>(Psal.</strong></span> <span class='ocrx_word' id='word_1_100' title='bbox 722 1327 776 1378; x_wconf 80' lang='grc' dir='ltr'>ι,</span> <span class='ocrx_word' id='word_1_101' title='bbox 808 1308 922 1381; x_wconf 86' lang='grc'><strong>19),</strong></span> <span class='ocrx_word' id='word_1_102' title='bbox 964 1323 1088 1366; x_wconf 88' lang='lat' dir='ltr'><strong>cum</strong></span> <span class='ocrx_word' id='word_1_103' title='bbox 1133 1309 1393 1382; x_wconf 79' lang='lat' dir='ltr'><strong>lacrymis</strong></span> <span class='ocrx_word' id='word_1_104' title='bbox 1441 1308 1756 1381; x_wconf 72' lang='lat' dir='ltr'><strong>gemituque</strong></span> 
     </span>
    </p>
   </div>
   <div class='ocr_carea' id='block_1_15' title="bbox 195 1419 442 1474">
    <p class='ocr_par' dir='ltr' id='par_1_15' title="bbox 195 1419 442 1474">
     <span class='ocr_line' id='line_1_15' title="bbox 195 1419 442 1474; baseline -0.004 -15"><span class='ocrx_word' id='word_1_105' title='bbox 195 1419 442 1474; x_wconf 85' lang='lat' dir='ltr'><strong>percurre.</strong></span> 
     </span>
    </p>
   </div>
   <div class='ocr_carea' id='block_1_16' title="bbox 248 1494 1758 1569">
    <p class='ocr_par' dir='ltr' id='par_1_16' title="bbox 248 1494 1758 1569">
     <span class='ocr_line' id='line_1_16' title="bbox 248 1494 1758 1569; baseline 0.001 -17"><span class='ocrx_word' id='word_1_106' title='bbox 248 1494 321 1552; x_wconf 71' lang='grc'><strong>41.</strong></span> <span class='ocrx_word' id='word_1_107' title='bbox 348 1495 567 1567; x_wconf 86' lang='lat' dir='ltr'><strong>lnsuper</strong></span> <span class='ocrx_word' id='word_1_108' title='bbox 593 1495 760 1565; x_wconf 84' lang='lat' dir='ltr'><strong>etiam</strong></span> <span class='ocrx_word' id='word_1_109' title='bbox 808 1496 947 1569; x_wconf 84' lang='lat' dir='ltr'><strong>hanc</strong></span> <span class='ocrx_word' id='word_1_110' title='bbox 990 1496 1434 1553; x_wconf 76' lang='lat' dir='ltr'><strong>lamentationem</strong></span> <span class='ocrx_word' id='word_1_111' title='bbox 1480 1509 1587 1551; x_wconf 90' lang='lat' dir='ltr'><strong>non</strong></span> <span class='ocrx_word' id='word_1_112' title='bbox 1636 1494 1758 1553; x_wconf 83' lang='lat' dir='ltr'><strong>sine</strong></span> 
     </span>
    </p>
   </div>
   <div class='ocr_carea' id='block_1_17' title="bbox 196 1589 1755 1661">
    <p class='ocr_par' dir='ltr' id='par_1_17' title="bbox 196 1589 1755 1661">
     <span class='ocr_line' id='line_1_17' title="bbox 196 1589 1755 1661; baseline 0.002 -18"><span class='ocrx_word' id='word_1_113' title='bbox 196 1590 574 1660; x_wconf 81' lang='lat' dir='ltr'><strong>compunctione</strong></span> <span class='ocrx_word' id='word_1_114' title='bbox 593 1591 777 1649; x_wconf 82' lang='lat' dir='ltr'><strong>cordis</strong></span> <span class='ocrx_word' id='word_1_115' title='bbox 806 1592 859 1645; x_wconf 87' lang='lat' dir='ltr'><strong>in</strong></span> <span class='ocrx_word' id='word_1_116' title='bbox 875 1597 1173 1661; x_wconf 82' lang='lat' dir='ltr'><strong>conspectu</strong></span> <span class='ocrx_word' id='word_1_117' title='bbox 1207 1590 1301 1647; x_wconf 88' lang='lat' dir='ltr'><strong>Dei</strong></span> <span class='ocrx_word' id='word_1_118' title='bbox 1322 1589 1525 1661; x_wconf 71' lang='lat' dir='ltr'><strong>judicia</strong></span> <span class='ocrx_word' id='word_1_119' title='bbox 1553 1589 1755 1655; x_wconf 79' lang='lat' dir='ltr'><strong>funde:</strong></span> 
     </span>
    </p>
   </div>
   <div class='ocr_carea' id='block_1_18' title="bbox 197 1680 1761 1755">
    <p class='ocr_par' dir='ltr' id='par_1_18' title="bbox 197 1680 1761 1755">
     <span class='ocr_line' id='line_1_18' title="bbox 197 1680 1761 1755; baseline -0.002 -18"><span class='ocrx_word' id='word_1_120' title='bbox 197 1680 297 1747; x_wconf 75' lang='lat' dir='ltr'><strong>Quis</strong></span> <span class='ocrx_word' id='word_1_121' title='bbox 320 1682 450 1738; x_wconf 86' lang='lat' dir='ltr'><strong>dabit</strong></span> <span class='ocrx_word' id='word_1_122' title='bbox 476 1684 632 1754; x_wconf 78' lang='lat' dir='ltr'><strong>capiti</strong></span> <span class='ocrx_word' id='word_1_123' title='bbox 663 1700 773 1739; x_wconf 90' lang='lat' dir='ltr'><strong>meo</strong></span> <span class='ocrx_word' id='word_1_124' title='bbox 800 1700 1011 1755; x_wconf 87' lang='lat' dir='ltr'><strong>aquam,</strong></span> <span class='ocrx_word' id='word_1_125' title='bbox 1032 1693 1080 1737; x_wconf 89' lang='lat' dir='ltr'><strong>et</strong></span> <span class='ocrx_word' id='word_1_126' title='bbox 1112 1682 1275 1738; x_wconf 83' lang='lat' dir='ltr'><strong>oculis</strong></span> <span class='ocrx_word' id='word_1_127' title='bbox 1306 1682 1431 1739; x_wconf 87' lang='lat' dir='ltr'><strong>meis</strong></span> <span class='ocrx_word' id='word_1_128' title='bbox 1459 1682 1654 1751; x_wconf 78' lang='lat' dir='ltr'><strong>[antem</strong></span> <span class='ocrx_word' id='word_1_129' title='bbox 1681 1681 1761 1735; x_wconf 84' lang='lat' dir='ltr'><strong>la-</strong></span> 
     </span>
    </p>
   </div>
   <div class='ocr_carea' id='block_1_19' title="bbox 1847 459 3449 533">
    <p class='ocr_par' dir='ltr' id='par_1_19' title="bbox 1847 459 3449 533">
     <span class='ocr_line' id='line_1_19' title="bbox 1847 459 3449 533; baseline 0.003 -18"><span class='ocrx_word' id='word_1_130' title='bbox 1847 459 1945 533; x_wconf 73' lang='lat' dir='ltr'><strong>bro</strong></span> <span class='ocrx_word' id='word_1_131' title='bbox 1976 460 2101 519; x_wconf 68' lang='lat' dir='ltr'><strong>vitae</strong></span> <span class='ocrx_word' id='word_1_132' title='bbox 2140 475 2337 529; x_wconf 69' lang='lat' dir='ltr'><strong>nomen</strong></span> <span class='ocrx_word' id='word_1_133' title='bbox 2367 476 2547 519; x_wconf 86' lang='lat' dir='ltr'><strong>meum</strong></span> <span class='ocrx_word' id='word_1_134' title='bbox 2577 502 2591 529; x_wconf 91' lang='lat'><strong>,</strong></span> <span class='ocrx_word' id='word_1_135' title='bbox 2627 461 2771 521; x_wconf 79' lang='lat' dir='ltr'><strong>facta</strong></span> <span class='ocrx_word' id='word_1_136' title='bbox 2804 476 2922 521; x_wconf 88' lang='lat' dir='ltr'><strong>sum</strong></span> <span class='ocrx_word' id='word_1_137' title='bbox 2976 462 3118 517; x_wconf 81' lang='lat' dir='ltr'><strong>sicut</strong></span> <span class='ocrx_word' id='word_1_138' title='bbox 3156 471 3353 519; x_wconf 86' lang='lat' dir='ltr'><strong>noctua</strong></span> <span class='ocrx_word' id='word_1_139' title='bbox 3396 465 3449 520; x_wconf 91' lang='lat' dir='ltr'><strong>in</strong></span> 
     </span>
    </p>
   </div>
   <div class='ocr_carea' id='block_1_20' title="bbox 1847 552 3453 624">
    <p class='ocr_par' dir='ltr' id='par_1_20' title="bbox 1847 552 3453 624">
     <span class='ocr_line' id='line_1_20' title="bbox 1847 552 3453 624; baseline 0.003 -17"><span class='ocrx_word' id='word_1_140' title='bbox 1847 552 2129 617; x_wconf 86' lang='lat' dir='ltr'><strong>domicilio</strong></span> <span class='ocrx_word' id='word_1_141' title='bbox 2151 595 2166 618; x_wconf 94' lang='lat'><strong>,</strong></span> <span class='ocrx_word' id='word_1_142' title='bbox 2200 553 2340 615; x_wconf 85' lang='lat' dir='ltr'><strong>sicut</strong></span> <span class='ocrx_word' id='word_1_143' title='bbox 2370 568 2558 624; x_wconf 86' lang='lat' dir='ltr'><strong>passer</strong></span> <span class='ocrx_word' id='word_1_144' title='bbox 2582 553 2771 611; x_wconf 87' lang='lat' dir='ltr'><strong>unicus</strong></span> <span class='ocrx_word' id='word_1_145' title='bbox 2807 553 2863 609; x_wconf 91' lang='lat' dir='ltr'><strong>in</strong></span> <span class='ocrx_word' id='word_1_146' title='bbox 2909 552 3141 609; x_wconf 67' lang='lat' dir='ltr'><strong>aedilicio</strong></span> <span class='ocrx_word' id='word_1_147' title='bbox 3170 572 3183 607; x_wconf 88' lang='lat'><strong>:</strong></span> <span class='ocrx_word' id='word_1_148' title='bbox 3229 571 3336 611; x_wconf 89' lang='lat' dir='ltr'><strong>non</strong></span> <span class='ocrx_word' id='word_1_149' title='bbox 3367 565 3453 612; x_wconf 87' lang='lat' dir='ltr'><strong>est</strong></span> 
     </span>
    </p>
   </div>
   <div class='ocr_carea' id='block_1_21' title="bbox 1847 644 3456 723">
    <p class='ocr_par' dir='ltr' id='par_1_21' title="bbox 1847 644 3456 723">
     <span class='ocr_line' id='line_1_21' title="bbox 1847 644 3456 723; baseline 0.004 -24"><span class='ocrx_word' id='word_1_150' title='bbox 1847 644 1940 723; x_wconf 81' lang='lat' dir='ltr'><strong>qui</strong></span> <span class='ocrx_word' id='word_1_151' title='bbox 1984 645 2300 715; x_wconf 81' lang='lat' dir='ltr'><strong>consoletur</strong></span> <span class='ocrx_word' id='word_1_152' title='bbox 2347 661 2453 711; x_wconf 85' lang='lat' dir='ltr'><strong>me.</strong></span> <span class='ocrx_word' id='word_1_153' title='bbox 2504 644 2807 711; x_wconf 78' lang='lat' dir='ltr'><strong>Cousidero</strong></span> <span class='ocrx_word' id='word_1_154' title='bbox 2839 662 2865 707; x_wconf 82' lang='lat' dir='ltr'><strong>a</strong></span> <span class='ocrx_word' id='word_1_155' title='bbox 2897 646 3063 719; x_wconf 68' lang='lat'><strong>318</strong></span> <span class='ocrx_word' id='word_1_156' title='bbox 3107 646 3353 715; x_wconf 82' lang='lat' dir='ltr'><strong>dextris,</strong></span> <span class='ocrx_word' id='word_1_157' title='bbox 3399 658 3456 705; x_wconf 90' lang='lat' dir='ltr'><strong>et</strong></span> 
     </span>
    </p>
   </div>
   <div class='ocr_carea' id='block_1_22' title="bbox 1848 738 3457 811">
    <p class='ocr_par' dir='ltr' id='par_1_22' title="bbox 1848 738 3457 811">
     <span class='ocr_line' id='line_1_22' title="bbox 1848 738 3457 811; baseline 0.002 -18"><span class='ocrx_word' id='word_1_158' title='bbox 1848 738 2011 795; x_wconf 84' lang='lat' dir='ltr'><strong>video</strong></span> <span class='ocrx_word' id='word_1_159' title='bbox 2038 740 2161 810; x_wconf 87' lang='lat' dir='ltr'><strong>quia</strong></span> <span class='ocrx_word' id='word_1_160' title='bbox 2204 755 2314 795; x_wconf 88' lang='lat' dir='ltr'><strong>non</strong></span> <span class='ocrx_word' id='word_1_161' title='bbox 2347 749 2433 795; x_wconf 91' lang='lat' dir='ltr'><strong>est</strong></span> <span class='ocrx_word' id='word_1_162' title='bbox 2460 741 2549 809; x_wconf 85' lang='lat' dir='ltr'><strong>qui</strong></span> <span class='ocrx_word' id='word_1_163' title='bbox 2572 751 2834 809; x_wconf 80' lang='lat' dir='ltr'><strong>agnoscat</strong></span> <span class='ocrx_word' id='word_1_164' title='bbox 2858 754 2945 796; x_wconf 87' lang='lat' dir='ltr'><strong>me</strong></span> <span class='ocrx_word' id='word_1_165' title='bbox 2978 741 3275 811; x_wconf 73' lang='lat' dir='ltr'><strong>(Psal.c1,</strong></span> <span class='ocrx_word' id='word_1_166' title='bbox 3331 742 3363 796; x_wconf 83' lang='grc'>7</span> <span class='ocrx_word' id='word_1_167' title='bbox 3408 752 3457 797; x_wconf 84' lang='grc' dir='ltr'><strong>ει</strong></span> 
     </span>
    </p>
   </div>
   <div class='ocr_carea' id='block_1_23' title="bbox 1849 829 3454 903">
    <p class='ocr_par' dir='ltr' id='par_1_23' title="bbox 1849 829 3454 903">
     <span class='ocr_line' id='line_1_23' title="bbox 1849 829 3454 903; baseline 0.003 -18"><span class='ocrx_word' id='word_1_168' title='bbox 1849 831 1985 902; x_wconf 91' lang='lat' dir='ltr'><strong>seq.)</strong></span> <span class='ocrx_word' id='word_1_169' title='bbox 2011 829 2176 886; x_wconf 84' lang='lat' dir='ltr'><strong>Periit</strong></span> <span class='ocrx_word' id='word_1_170' title='bbox 2203 830 2329 903; x_wconf 75' lang='lat' dir='ltr'><strong>fuga</strong></span> <span class='ocrx_word' id='word_1_171' title='bbox 2358 848 2389 886; x_wconf 89' lang='lat' dir='ltr'><strong>a</strong></span> <span class='ocrx_word' id='word_1_172' title='bbox 2414 849 2513 898; x_wconf 89' lang='lat' dir='ltr'><strong>me,</strong></span> <span class='ocrx_word' id='word_1_173' title='bbox 2540 841 2588 886; x_wconf 85' lang='lat' dir='ltr'><strong>et</strong></span> <span class='ocrx_word' id='word_1_174' title='bbox 2611 848 2710 887; x_wconf 86' lang='lat' dir='ltr'><strong>non</strong></span> <span class='ocrx_word' id='word_1_175' title='bbox 2739 843 2815 889; x_wconf 84' lang='lat' dir='ltr'><strong>est</strong></span> <span class='ocrx_word' id='word_1_176' title='bbox 2853 833 2942 903; x_wconf 81' lang='lat' dir='ltr'><strong>qui</strong></span> <span class='ocrx_word' id='word_1_177' title='bbox 2972 834 3200 902; x_wconf 74' lang='lat' dir='ltr'><strong>requirat</strong></span> <span class='ocrx_word' id='word_1_178' title='bbox 3225 834 3454 890; x_wconf 82' lang='lat' dir='ltr'><strong>animum</strong></span> 
     </span>
    </p>
   </div>
   <div class='ocr_carea' id='block_1_24' title="bbox 1852 922 3451 1005">
    <p class='ocr_par' dir='ltr' id='par_1_24' title="bbox 1852 922 3451 1005">
     <span class='ocr_line' id='line_1_24' title="bbox 1852 922 3451 1005; baseline 0.004 -30"><span class='ocrx_word' id='word_1_179' title='bbox 1852 939 2018 979; x_wconf 86' lang='lat' dir='ltr'><strong>meam</strong></span> <span class='ocrx_word' id='word_1_180' title='bbox 2044 922 2218 1001; x_wconf 81' lang='lat' dir='ltr'><strong>(Psal.</strong></span> <span class='ocrx_word' id='word_1_181' title='bbox 2246 939 2394 1005; x_wconf 72' lang='lat' dir='ltr'><strong>exn,</strong></span> <span class='ocrx_word' id='word_1_182' title='bbox 2418 924 2501 993; x_wconf 81' lang='lat'><strong>5).</strong></span> <span class='ocrx_word' id='word_1_183' title='bbox 2534 924 2699 989; x_wconf 82' lang='lat' dir='ltr'><strong>Facta</strong></span> <span class='ocrx_word' id='word_1_184' title='bbox 2723 940 2841 985; x_wconf 85' lang='lat' dir='ltr'><strong>sum</strong></span> <span class='ocrx_word' id='word_1_185' title='bbox 2872 925 3013 980; x_wconf 85' lang='lat' dir='ltr'><strong>sicut</strong></span> <span class='ocrx_word' id='word_1_186' title='bbox 3040 940 3133 981; x_wconf 86' lang='lat' dir='ltr'><strong>vas</strong></span> <span class='ocrx_word' id='word_1_187' title='bbox 3158 926 3451 997; x_wconf 88' lang='lat' dir='ltr'><strong>perditum,</strong></span> 
     </span>
    </p>
   </div>
   <div class='ocr_carea' id='block_1_25' title="bbox 1852 1014 3458 1088">
    <p class='ocr_par' dir='ltr' id='par_1_25' title="bbox 1852 1014 3458 1088">
     <span class='ocr_line' id='line_1_25' title="bbox 1852 1014 3458 1088; baseline 0.004 -20"><span class='ocrx_word' id='word_1_188' title='bbox 1852 1014 2033 1088; x_wconf 77' lang='lat' dir='ltr'><strong>audivi</strong></span> <span class='ocrx_word' id='word_1_189' title='bbox 2077 1016 2537 1087; x_wconf 72' lang='lat' dir='ltr'><strong>vituperationem</strong></span> <span class='ocrx_word' id='word_1_190' title='bbox 2588 1018 2831 1073; x_wconf 87' lang='lat' dir='ltr'><strong>omnium</strong></span> <span class='ocrx_word' id='word_1_191' title='bbox 2879 1017 3029 1073; x_wconf 85' lang='lat' dir='ltr'><strong>circa</strong></span> <span class='ocrx_word' id='word_1_192' title='bbox 3077 1033 3165 1074; x_wconf 88' lang='lat' dir='ltr'><strong>me</strong></span> <span class='ocrx_word' id='word_1_193' title='bbox 3208 1018 3458 1075; x_wconf 82' lang='lat' dir='ltr'><strong>habitan-</strong></span> 
     </span>
    </p>
   </div>
   <div class='ocr_carea' id='block_1_26' title="bbox 1854 1109 3453 1185">
    <p class='ocr_par' dir='ltr' id='par_1_26' title="bbox 1854 1109 3453 1185">
     <span class='ocr_line' id='line_1_26' title="bbox 1854 1109 3453 1185; baseline 0.003 -20"><span class='ocrx_word' id='word_1_194' title='bbox 1854 1110 2008 1165; x_wconf 84' lang='lat' dir='ltr'><strong>tium.</strong></span> <span class='ocrx_word' id='word_1_195' title='bbox 2040 1109 2137 1183; x_wconf 66' lang='lat' dir='ltr'><strong>Va;</strong></span> <span class='ocrx_word' id='word_1_196' title='bbox 2163 1111 2270 1183; x_wconf 79' lang='lat' dir='ltr'><strong>diei</strong></span> <span class='ocrx_word' id='word_1_197' title='bbox 2305 1111 2381 1167; x_wconf 87' lang='lat' dir='ltr'><strong>illi</strong></span> <span class='ocrx_word' id='word_1_198' title='bbox 2407 1110 2461 1166; x_wconf 89' lang='lat' dir='ltr'><strong>in</strong></span> <span class='ocrx_word' id='word_1_199' title='bbox 2489 1127 2598 1181; x_wconf 88' lang='lat' dir='ltr'><strong>quo</strong></span> <span class='ocrx_word' id='word_1_200' title='bbox 2620 1126 2709 1169; x_wconf 89' lang='lat' dir='ltr'><strong>me</strong></span> <span class='ocrx_word' id='word_1_201' title='bbox 2741 1113 2765 1142; x_wconf 84' lang='lat'><strong><em>°</em></strong></span> <span class='ocrx_word' id='word_1_202' title='bbox 2793 1111 2978 1169; x_wconf 77' lang='lat' dir='ltr'><strong>infelix</strong></span> <span class='ocrx_word' id='word_1_203' title='bbox 3014 1115 3201 1185; x_wconf 78' lang='lat' dir='ltr'><strong>genuit</strong></span> <span class='ocrx_word' id='word_1_204' title='bbox 3239 1126 3414 1172; x_wconf 87' lang='lat' dir='ltr'><strong>mater</strong></span> <span class='ocrx_word' id='word_1_205' title='bbox 3438 1157 3453 1182; x_wconf 93' lang='lat'><strong>,</strong></span> 
     </span>
    </p>
   </div>
   <div class='ocr_carea' id='block_1_27' title="bbox 1854 1204 3455 1277">
    <p class='ocr_par' dir='ltr' id='par_1_27' title="bbox 1854 1204 3455 1277">
     <span class='ocr_line' id='line_1_27' title="bbox 1854 1204 3455 1277; baseline 0.004 -18"><span class='ocrx_word' id='word_1_206' title='bbox 1854 1213 1908 1261; x_wconf 90' lang='lat' dir='ltr'><strong>et</strong></span> <span class='ocrx_word' id='word_1_207' title='bbox 1954 1205 2048 1277; x_wconf 77' lang='lat' dir='ltr'><strong>lux</strong></span> <span class='ocrx_word' id='word_1_208' title='bbox 2103 1205 2207 1276; x_wconf 76' lang='lat' dir='ltr'><strong>ista</strong></span> <span class='ocrx_word' id='word_1_209' title='bbox 2240 1204 2481 1276; x_wconf 77' lang='lat' dir='ltr'><strong>crudelis</strong></span> <span class='ocrx_word' id='word_1_210' title='bbox 2534 1206 2788 1277; x_wconf 83' lang='lat' dir='ltr'><strong>excepit!</strong></span> <span class='ocrx_word' id='word_1_211' title='bbox 2841 1205 3175 1277; x_wconf 79' lang='lat' dir='ltr'><strong>Oportuerat</strong></span> <span class='ocrx_word' id='word_1_212' title='bbox 3222 1224 3309 1265; x_wconf 90' lang='lat' dir='ltr'><strong>me</strong></span> <span class='ocrx_word' id='word_1_213' title='bbox 3346 1226 3455 1265; x_wconf 88' lang='lat' dir='ltr'><strong>non</strong></span> 
     </span>
    </p>
   </div>
   <div class='ocr_carea' id='block_1_28' title="bbox 1854 1296 3456 1372">
    <p class='ocr_par' dir='ltr' id='par_1_28' title="bbox 1854 1296 3456 1372">
     <span class='ocr_line' id='line_1_28' title="bbox 1854 1296 3456 1372; baseline 0.004 -19"><span class='ocrx_word' id='word_1_214' title='bbox 1854 1296 2022 1355; x_wconf 80' lang='lat' dir='ltr'><strong>fuisse</strong></span> <span class='ocrx_word' id='word_1_215' title='bbox 2061 1310 2281 1369; x_wconf 80' lang='lat' dir='ltr'><strong>natam,</strong></span> <span class='ocrx_word' id='word_1_216' title='bbox 2333 1315 2494 1370; x_wconf 80' lang='lat' dir='ltr'><strong>quam</strong></span> <span class='ocrx_word' id='word_1_217' title='bbox 2539 1298 2621 1355; x_wconf 86' lang='lat' dir='ltr'><strong>sic</strong></span> <span class='ocrx_word' id='word_1_218' title='bbox 2658 1301 2711 1355; x_wconf 87' lang='lat' dir='ltr'><strong>in</strong></span> <span class='ocrx_word' id='word_1_219' title='bbox 2740 1301 2995 1372; x_wconf 89' lang='lat' dir='ltr'><strong>gentibus</strong></span> <span class='ocrx_word' id='word_1_220' title='bbox 3048 1302 3225 1357; x_wconf 79' lang='lat' dir='ltr'><strong>fabula</strong></span> <span class='ocrx_word' id='word_1_221' title='bbox 3269 1302 3456 1359; x_wconf 81' lang='lat' dir='ltr'><strong>ﬁerem</strong></span> 
     </span>
    </p>
   </div>
   <div class='ocr_carea' id='block_1_29' title="bbox 1855 1390 3461 1466">
    <p class='ocr_par' dir='ltr' id='par_1_29' title="bbox 1855 1390 3461 1466">
     <span class='ocr_line' id='line_1_29' title="bbox 1855 1390 3461 1466; baseline 0.006 -22"><span class='ocrx_word' id='word_1_222' title='bbox 1855 1390 2034 1463; x_wconf 82' lang='lat' dir='ltr'><strong>(Psal.</strong></span> <span class='ocrx_word' id='word_1_223' title='bbox 2089 1408 2199 1448; x_wconf 88' lang='lat' dir='ltr'><strong>xxx</strong></span> <span class='ocrx_word' id='word_1_224' title='bbox 2226 1434 2240 1459; x_wconf 85' lang='lat'><strong>,</strong></span> <span class='ocrx_word' id='word_1_225' title='bbox 2273 1392 2363 1461; x_wconf 76' lang='grc'><strong>15,</strong></span> <span class='ocrx_word' id='word_1_226' title='bbox 2414 1392 2526 1466; x_wconf 71' lang='grc'><strong>14).</strong></span> <span class='ocrx_word' id='word_1_227' title='bbox 2555 1393 2789 1464; x_wconf 87' lang='lat' dir='ltr'><strong>Propter</strong></span> <span class='ocrx_word' id='word_1_228' title='bbox 2814 1411 2899 1450; x_wconf 88' lang='lat' dir='ltr'><strong>me</strong></span> <span class='ocrx_word' id='word_1_229' title='bbox 2930 1395 3182 1451; x_wconf 86' lang='lat' dir='ltr'><strong>conlusio</strong></span> <span class='ocrx_word' id='word_1_230' title='bbox 3210 1395 3348 1453; x_wconf 78' lang='lat' dir='ltr'><strong>facta</strong></span> <span class='ocrx_word' id='word_1_231' title='bbox 3375 1405 3461 1453; x_wconf 90' lang='lat' dir='ltr'><strong>est</strong></span> 
     </span>
    </p>
   </div>
   <div class='ocr_carea' id='block_1_30' title="bbox 1857 1487 3459 1562">
    <p class='ocr_par' dir='ltr' id='par_1_30' title="bbox 1857 1487 3459 1562">
     <span class='ocr_line' id='line_1_30' title="bbox 1857 1487 3459 1562; baseline 0.006 -22"><span class='ocrx_word' id='word_1_232' title='bbox 1857 1487 2114 1561; x_wconf 82' lang='lat' dir='ltr'><strong>omnibus</strong></span> <span class='ocrx_word' id='word_1_233' title='bbox 2145 1487 2365 1555; x_wconf 75' lang='lat' dir='ltr'><strong>famulis</strong></span> <span class='ocrx_word' id='word_1_234' title='bbox 2393 1488 2645 1557; x_wconf 87' lang='lat' dir='ltr'><strong>Domini,</strong></span> <span class='ocrx_word' id='word_1_235' title='bbox 2694 1500 2746 1545; x_wconf 91' lang='lat' dir='ltr'><strong>et</strong></span> <span class='ocrx_word' id='word_1_236' title='bbox 2777 1504 2900 1546; x_wconf 88' lang='lat' dir='ltr'><strong>eum</strong></span> <span class='ocrx_word' id='word_1_237' title='bbox 2940 1490 3103 1562; x_wconf 85' lang='lat' dir='ltr'><strong>digne</strong></span> <span class='ocrx_word' id='word_1_238' title='bbox 3155 1493 3459 1549; x_wconf 87' lang='lat' dir='ltr'><strong>colentibus</strong></span> 
     </span>
    </p>
   </div>
   <div class='ocr_carea' id='block_1_31' title="bbox 1859 1576 3341 1650">
    <p class='ocr_par' dir='ltr' id='par_1_31' title="bbox 1859 1576 3341 1650">
     <span class='ocr_line' id='line_1_31' title="bbox 1859 1576 3341 1650; baseline 0.001 -18"><span class='ocrx_word' id='word_1_239' title='bbox 1859 1576 2000 1649; x_wconf 82' lang='lat' dir='ltr'><strong>(Job.</strong></span> <span class='ocrx_word' id='word_1_240' title='bbox 2027 1582 2105 1644; x_wconf 84' lang='lat' dir='ltr'><strong>ni,</strong></span> <span class='ocrx_word' id='word_1_241' title='bbox 2134 1576 2214 1650; x_wconf 68' lang='grc' dir='ltr'><strong>δ).</strong></span> <span class='ocrx_word' id='word_1_242' title='bbox 3335 1599 3341 1604; x_wconf 93' lang='grc'><strong>-</strong></span> 
     </span>
    </p>
   </div>
   <div class='ocr_carea' id='block_1_32' title="bbox 1930 1672 3462 1749">
    <p class='ocr_par' dir='ltr' id='par_1_32' title="bbox 1930 1672 3462 1749">
     <span class='ocr_line' id='line_1_32' title="bbox 1930 1672 3462 1749; baseline 0.005 -23"><span class='ocrx_word' id='word_1_243' title='bbox 1930 1672 2023 1727; x_wconf 76' lang='grc'><strong>47.</strong></span> <span class='ocrx_word' id='word_1_244' title='bbox 2065 1673 2270 1744; x_wconf 77' lang='lat' dir='ltr'><strong>Lugete</strong></span> <span class='ocrx_word' id='word_1_245' title='bbox 2292 1689 2402 1740; x_wconf 89' lang='lat' dir='ltr'><strong>me,</strong></span> <span class='ocrx_word' id='word_1_246' title='bbox 2438 1685 2652 1737; x_wconf 84' lang='lat' dir='ltr'><strong>montes</strong></span> <span class='ocrx_word' id='word_1_247' title='bbox 2681 1683 2737 1731; x_wconf 86' lang='lat' dir='ltr'><strong>et</strong></span> <span class='ocrx_word' id='word_1_248' title='bbox 2756 1676 2963 1743; x_wconf 86' lang='lat' dir='ltr'><strong>colles;</strong></span> <span class='ocrx_word' id='word_1_249' title='bbox 3001 1678 3181 1749; x_wconf 79' lang='lat' dir='ltr'><strong>lugete</strong></span> <span class='ocrx_word' id='word_1_250' title='bbox 3208 1694 3315 1745; x_wconf 88' lang='lat' dir='ltr'><strong>me,</strong></span> <span class='ocrx_word' id='word_1_251' title='bbox 3342 1678 3462 1735; x_wconf 72' lang='lat' dir='ltr'><strong>fon-</strong></span> 
     </span>
    </p>
   </div>
   <div class='ocr_carea' id='block_1_33' title="bbox 194 1767 3459 1849">
    <p class='ocr_par' dir='ltr' id='par_1_33' title="bbox 194 1767 3459 1849">
     <span class='ocr_line' id='line_1_33' title="bbox 194 1767 3459 1849; baseline 0 -21"><span class='ocrx_word' id='word_1_252' title='bbox 194 1790 447 1845; x_wconf 80' lang='lat' dir='ltr'><strong>crymarum</strong></span> <span class='ocrx_word' id='word_1_253' title='bbox 498 1772 720 1848; x_wconf 85' lang='lat' dir='ltr'><strong>(Jerem.</strong></span> <span class='ocrx_word' id='word_1_254' title='bbox 750 1792 828 1843; x_wconf 87' lang='lat' dir='ltr'><strong>1x,</strong></span> <span class='ocrx_word' id='word_1_255' title='bbox 860 1774 934 1848; x_wconf 83' lang='grc'><strong>1),</strong></span> <span class='ocrx_word' id='word_1_256' title='bbox 966 1784 1027 1833; x_wconf 89' lang='lat' dir='ltr'><strong>ut</strong></span> <span class='ocrx_word' id='word_1_257' title='bbox 1049 1774 1280 1849; x_wconf 65' lang='lat' dir='ltr'><strong>deﬂeam</strong></span> <span class='ocrx_word' id='word_1_258' title='bbox 1304 1774 1529 1845; x_wconf 71' lang='lat' dir='ltr'><strong>vulnera</strong></span> <span class='ocrx_word' id='word_1_259' title='bbox 1558 1774 1755 1830; x_wconf 71' lang='lat' dir='ltr'><strong>anima:</strong></span> <span class='ocrx_word' id='word_1_260' title='bbox 1786 1771 1835 1831; x_wconf 87' lang='lat' dir='ltr'><strong>B</strong></span> <span class='ocrx_word' id='word_1_261' title='bbox 1864 1777 1943 1831; x_wconf 82' lang='lat' dir='ltr'><strong>tes</strong></span> <span class='ocrx_word' id='word_1_262' title='bbox 1967 1775 2023 1835; x_wconf 75' lang='lat' dir='ltr'><strong>et</strong></span> <span class='ocrx_word' id='word_1_263' title='bbox 2052 1767 2273 1833; x_wconf 81' lang='lat' dir='ltr'><strong>ﬂumina</strong></span> <span class='ocrx_word' id='word_1_264' title='bbox 2300 1786 2315 1837; x_wconf 85' lang='lat'><strong>;</strong></span> <span class='ocrx_word' id='word_1_265' title='bbox 2347 1769 2472 1840; x_wconf 79' lang='lat' dir='ltr'><strong>quia</strong></span> <span class='ocrx_word' id='word_1_266' title='bbox 2500 1769 2660 1827; x_wconf 77' lang='lat' dir='ltr'><strong>ﬂetus</strong></span> <span class='ocrx_word' id='word_1_267' title='bbox 2692 1770 2805 1827; x_wconf 84' lang='lat' dir='ltr'><strong>lilia</strong></span> <span class='ocrx_word' id='word_1_268' title='bbox 2826 1786 2929 1843; x_wconf 89' lang='lat' dir='ltr'><strong>ego</strong></span> <span class='ocrx_word' id='word_1_269' title='bbox 2955 1787 3099 1827; x_wconf 88' lang='lat' dir='ltr'><strong>sum.</strong></span> <span class='ocrx_word' id='word_1_270' title='bbox 3119 1773 3323 1844; x_wconf 80' lang='lat' dir='ltr'><strong>Lugete</strong></span> <span class='ocrx_word' id='word_1_271' title='bbox 3352 1791 3459 1843; x_wconf 90' lang='lat' dir='ltr'><strong>me,</strong></span> 
     </span>
    </p>
   </div>
   <div class='ocr_carea' id='block_1_34' title="bbox 195 1867 1759 1941">
    <p class='ocr_par' dir='ltr' id='par_1_34' title="bbox 195 1867 1759 1941">
     <span class='ocr_line' id='line_1_34' title="bbox 195 1867 1759 1941; baseline 0 -21"><span class='ocrx_word' id='word_1_272' title='bbox 195 1868 320 1922; x_wconf 65' lang='lat' dir='ltr'><strong>atem?</strong></span> <span class='ocrx_word' id='word_1_273' title='bbox 346 1867 607 1925; x_wconf 77' lang='lat' dir='ltr'><strong>Conversi</strong></span> <span class='ocrx_word' id='word_1_274' title='bbox 640 1879 767 1929; x_wconf 89' lang='lat' dir='ltr'><strong>sunt</strong></span> <span class='ocrx_word' id='word_1_275' title='bbox 792 1868 911 1925; x_wconf 91' lang='lat' dir='ltr'><strong>dies</strong></span> <span class='ocrx_word' id='word_1_276' title='bbox 931 1868 1054 1925; x_wconf 81' lang='lat' dir='ltr'><strong>festi</strong></span> <span class='ocrx_word' id='word_1_277' title='bbox 1082 1868 1189 1924; x_wconf 90' lang='lat' dir='ltr'><strong>mei</strong></span> <span class='ocrx_word' id='word_1_278' title='bbox 1217 1869 1271 1939; x_wconf 71' lang='lat' dir='ltr'><strong>iu</strong></span> <span class='ocrx_word' id='word_1_279' title='bbox 1300 1867 1387 1937; x_wconf 83' lang='lat' dir='ltr'><strong>lue</strong></span> <span class='ocrx_word' id='word_1_280' title='bbox 1412 1882 1526 1941; x_wconf 81' lang='lat' dir='ltr'><strong>um,</strong></span> <span class='ocrx_word' id='word_1_281' title='bbox 1553 1876 1606 1922; x_wconf 90' lang='lat' dir='ltr'><strong>et</strong></span> <span class='ocrx_word' id='word_1_282' title='bbox 1629 1881 1759 1923; x_wconf 89' lang='lat' dir='ltr'><strong>can-</strong></span> 
     </span>
    </p>
   </div>
   <div class='ocr_carea' id='block_1_35' title="bbox 195 1960 1757 2035">
    <p class='ocr_par' dir='ltr' id='par_1_35' title="bbox 195 1960 1757 2035">
     <span class='ocr_line' id='line_1_35' title="bbox 195 1960 1757 2035; baseline -0.001 -19"><span class='ocrx_word' id='word_1_283' title='bbox 195 1961 276 2017; x_wconf 86' lang='lat' dir='ltr'><strong>tica</strong></span> <span class='ocrx_word' id='word_1_284' title='bbox 303 1962 352 2017; x_wconf 90' lang='lat' dir='ltr'><strong>in</strong></span> <span class='ocrx_word' id='word_1_285' title='bbox 380 1962 824 2035; x_wconf 82' lang='lat' dir='ltr'><strong>lamentationem</strong></span> <span class='ocrx_word' id='word_1_286' title='bbox 859 1961 1040 2035; x_wconf 69' lang='lat' dir='ltr'><strong>(Amos</strong></span> <span class='ocrx_word' id='word_1_287' title='bbox 1063 1977 1160 2017; x_wconf 82' lang='lat' dir='ltr'><strong>Vill</strong></span> <span class='ocrx_word' id='word_1_288' title='bbox 1183 2002 1198 2025; x_wconf 87' lang='lat'><strong>,</strong></span> <span class='ocrx_word' id='word_1_289' title='bbox 1231 1960 1321 2032; x_wconf 78' lang='grc'><strong>10)</strong></span> <span class='ocrx_word' id='word_1_290' title='bbox 1350 1978 1362 2015; x_wconf 93' lang='lat'><strong>:</strong></span> <span class='ocrx_word' id='word_1_291' title='bbox 1406 1960 1636 2031; x_wconf 83' lang='lat' dir='ltr'><strong>recessit</strong></span> <span class='ocrx_word' id='word_1_292' title='bbox 1663 1973 1757 2015; x_wconf 89' lang='lat' dir='ltr'><strong>so-</strong></span> 
     </span>
    </p>
   </div>
   <div class='ocr_carea' id='block_1_36' title="bbox 195 2052 1760 2133">
    <p class='ocr_par' dir='ltr' id='par_1_36' title="bbox 195 2052 1760 2133">
     <span class='ocr_line' id='line_1_36' title="bbox 195 2052 1760 2133; baseline 0.001 -27"><span class='ocrx_word' id='word_1_293' title='bbox 195 2054 643 2133; x_wconf 58' lang='lat' dir='ltr'><strong>nusltytunorum,</strong></span> <span class='ocrx_word' id='word_1_294' title='bbox 692 2066 749 2112; x_wconf 90' lang='lat' dir='ltr'><strong>et</strong></span> <span class='ocrx_word' id='word_1_295' title='bbox 790 2054 978 2131; x_wconf 71' lang='lat' dir='ltr'><strong>laetitia</strong></span> <span class='ocrx_word' id='word_1_296' title='bbox 1028 2052 1390 2129; x_wconf 80' lang='lat' dir='ltr'><strong>psalmorum,</strong></span> <span class='ocrx_word' id='word_1_297' title='bbox 1439 2060 1494 2108; x_wconf 89' lang='lat' dir='ltr'><strong>et</strong></span> <span class='ocrx_word' id='word_1_298' title='bbox 1542 2067 1760 2109; x_wconf 84' lang='lat' dir='ltr'><strong>succes-</strong></span> 
     </span>
    </p>
   </div>
   <div class='ocr_carea' id='block_1_37' title="bbox 192 2143 1762 2223">
    <p class='ocr_par' dir='ltr' id='par_1_37' title="bbox 192 2143 1762 2223">
     <span class='ocr_line' id='line_1_37' title="bbox 192 2143 1762 2223; baseline -0.001 -25"><span class='ocrx_word' id='word_1_299' title='bbox 192 2143 247 2199; x_wconf 90' lang='lat' dir='ltr'><strong>sit</strong></span> <span class='ocrx_word' id='word_1_300' title='bbox 280 2145 468 2202; x_wconf 87' lang='lat' dir='ltr'><strong>stridor</strong></span> <span class='ocrx_word' id='word_1_301' title='bbox 514 2145 760 2205; x_wconf 82' lang='lat' dir='ltr'><strong>dentium</strong></span> <span class='ocrx_word' id='word_1_302' title='bbox 790 2154 844 2203; x_wconf 89' lang='lat' dir='ltr'><strong>et</strong></span> <span class='ocrx_word' id='word_1_303' title='bbox 870 2146 1028 2223; x_wconf 71' lang='lat' dir='ltr'><strong>ﬂetus</strong></span> <span class='ocrx_word' id='word_1_304' title='bbox 1070 2144 1370 2215; x_wconf 79' lang='lat' dir='ltr'><strong>oculorum.</strong></span> <span class='ocrx_word' id='word_1_305' title='bbox 1424 2143 1668 2213; x_wconf 80' lang='lat' dir='ltr'><strong>Obmutui</strong></span> <span class='ocrx_word' id='word_1_306' title='bbox 1712 2152 1762 2213; x_wconf 81' lang='lat' dir='ltr'><strong>et</strong></span> 
     </span>
    </p>
   </div>
   <div class='ocr_carea' id='block_1_38' title="bbox 197 2237 1762 2313">
    <p class='ocr_par' dir='ltr' id='par_1_38' title="bbox 197 2237 1762 2313">
     <span class='ocr_line' id='line_1_38' title="bbox 197 2237 1762 2313; baseline 0.001 -21"><span class='ocrx_word' id='word_1_307' title='bbox 197 2237 431 2296; x_wconf 84' lang='lat' dir='ltr'><strong>bumiliata</strong></span> <span class='ocrx_word' id='word_1_308' title='bbox 463 2257 577 2295; x_wconf 81' lang='lat' dir='ltr'><strong>sum</strong></span> <span class='ocrx_word' id='word_1_309' title='bbox 603 2251 650 2298; x_wconf 89' lang='lat' dir='ltr'><strong>et</strong></span> <span class='ocrx_word' id='word_1_310' title='bbox 681 2241 805 2301; x_wconf 81' lang='lat' dir='ltr'><strong>silui</strong></span> <span class='ocrx_word' id='word_1_311' title='bbox 827 2257 861 2308; x_wconf 70' lang='grc' dir='ltr'><em>α</em></span> <span class='ocrx_word' id='word_1_312' title='bbox 888 2240 1033 2313; x_wconf 81' lang='lat' dir='ltr'><strong>bonis</strong></span> <span class='ocrx_word' id='word_1_313' title='bbox 1057 2281 1074 2308; x_wconf 91' lang='lat'><strong>,</strong></span> <span class='ocrx_word' id='word_1_314' title='bbox 1108 2248 1156 2307; x_wconf 83' lang='lat' dir='ltr'><strong>et</strong></span> <span class='ocrx_word' id='word_1_315' title='bbox 1202 2239 1353 2295; x_wconf 82' lang='lat' dir='ltr'><strong>dolor</strong></span> <span class='ocrx_word' id='word_1_316' title='bbox 1416 2255 1557 2303; x_wconf 81' lang='lat' dir='ltr'><strong>meus</strong></span> <span class='ocrx_word' id='word_1_317' title='bbox 1612 2255 1762 2294; x_wconf 87' lang='lat' dir='ltr'><strong>rena-</strong></span> 
     </span>
    </p>
   </div>
   <div class='ocr_carea' id='block_1_39' title="bbox 195 2330 1762 2407">
    <p class='ocr_par' dir='ltr' id='par_1_39' title="bbox 195 2330 1762 2407">
     <span class='ocr_line' id='line_1_39' title="bbox 195 2330 1762 2407; baseline 0.001 -23"><span class='ocrx_word' id='word_1_318' title='bbox 195 2341 311 2386; x_wconf 75' lang='lat' dir='ltr'><strong>ratus</strong></span> <span class='ocrx_word' id='word_1_319' title='bbox 325 2343 408 2388; x_wconf 84' lang='lat' dir='ltr'><strong>est.</strong></span> <span class='ocrx_word' id='word_1_320' title='bbox 447 2332 729 2388; x_wconf 85' lang='lat' dir='ltr'><strong>Concaluit</strong></span> <span class='ocrx_word' id='word_1_321' title='bbox 759 2349 849 2388; x_wconf 89' lang='lat' dir='ltr'><strong>cor</strong></span> <span class='ocrx_word' id='word_1_322' title='bbox 877 2349 1047 2389; x_wconf 85' lang='lat' dir='ltr'><strong>meum</strong></span> <span class='ocrx_word' id='word_1_323' title='bbox 1075 2335 1213 2387; x_wconf 86' lang='lat' dir='ltr'><strong>intra</strong></span> <span class='ocrx_word' id='word_1_324' title='bbox 1236 2348 1315 2387; x_wconf 87' lang='lat' dir='ltr'><strong>me</strong></span> <span class='ocrx_word' id='word_1_325' title='bbox 1340 2372 1353 2395; x_wconf 86' lang='lat'><strong>.</strong></span> <span class='ocrx_word' id='word_1_326' title='bbox 1381 2342 1432 2401; x_wconf 83' lang='lat' dir='ltr'><strong>et</strong></span> <span class='ocrx_word' id='word_1_327' title='bbox 1466 2330 1521 2386; x_wconf 88' lang='lat' dir='ltr'><strong>in</strong></span> <span class='ocrx_word' id='word_1_328' title='bbox 1546 2331 1762 2407; x_wconf 76' lang='lat' dir='ltr'><strong>medita-</strong></span> 
     </span>
    </p>
   </div>
   <div class='ocr_carea' id='block_1_40' title="bbox 197 2425 1766 2499">
    <p class='ocr_par' dir='ltr' id='par_1_40' title="bbox 197 2425 1766 2499">
     <span class='ocr_line' id='line_1_40' title="bbox 197 2425 1766 2499; baseline 0.002 -23"><span class='ocrx_word' id='word_1_329' title='bbox 197 2425 305 2480; x_wconf 83' lang='lat' dir='ltr'><strong>tione</strong></span> <span class='ocrx_word' id='word_1_330' title='bbox 326 2443 429 2481; x_wconf 80' lang='lat' dir='ltr'><strong>mea</strong></span> <span class='ocrx_word' id='word_1_331' title='bbox 454 2429 756 2483; x_wconf 72' lang='lat' dir='ltr'><strong>exardescet</strong></span> <span class='ocrx_word' id='word_1_332' title='bbox 806 2428 960 2499; x_wconf 88' lang='lat' dir='ltr'><strong>ignis.</strong></span> <span class='ocrx_word' id='word_1_333' title='bbox 996 2425 1174 2481; x_wconf 88' lang='lat' dir='ltr'><strong>Timor</strong></span> <span class='ocrx_word' id='word_1_334' title='bbox 1208 2436 1251 2480; x_wconf 87' lang='lat' dir='ltr'><strong>et</strong></span> <span class='ocrx_word' id='word_1_335' title='bbox 1280 2437 1474 2481; x_wconf 87' lang='lat' dir='ltr'><strong>tremor</strong></span> <span class='ocrx_word' id='word_1_336' title='bbox 1522 2435 1766 2480; x_wconf 85' lang='lat' dir='ltr'><strong>venerunt</strong></span> 
     </span>
    </p>
   </div>
   <div class='ocr_carea' id='block_1_41' title="bbox 196 2517 1762 2601">
    <p class='ocr_par' dir='ltr' id='par_1_41' title="bbox 196 2517 1762 2601">
     <span class='ocr_line' id='line_1_41' title="bbox 196 2517 1762 2601; baseline 0.001 -29"><span class='ocrx_word' id='word_1_337' title='bbox 196 2534 321 2587; x_wconf 80' lang='lat' dir='ltr'><strong>super</strong></span> <span class='ocrx_word' id='word_1_338' title='bbox 341 2537 433 2587; x_wconf 83' lang='lat' dir='ltr'><strong>me,</strong></span> <span class='ocrx_word' id='word_1_339' title='bbox 461 2531 511 2576; x_wconf 80' lang='lat' dir='ltr'><strong>et</strong></span> <span class='ocrx_word' id='word_1_340' title='bbox 530 2529 867 2576; x_wconf 72' lang='lat' dir='ltr'><strong>contexerant</strong></span> <span class='ocrx_word' id='word_1_341' title='bbox 906 2536 985 2575; x_wconf 83' lang='lat' dir='ltr'><strong>me</strong></span> <span class='ocrx_word' id='word_1_342' title='bbox 1004 2519 1223 2574; x_wconf 64' lang='lat' dir='ltr'><strong>tenebrat</strong></span> <span class='ocrx_word' id='word_1_343' title='bbox 1248 2517 1421 2592; x_wconf 85' lang='lat' dir='ltr'><strong>(Psal.</strong></span> <span class='ocrx_word' id='word_1_344' title='bbox 1447 2532 1680 2601; x_wconf 67' lang='lat' dir='ltr'><strong>xxxvi&quot;,</strong></span> <span class='ocrx_word' id='word_1_345' title='bbox 1707 2518 1762 2581; x_wconf 77' lang='grc'><strong>5,</strong></span> 
     </span>
    </p>
   </div>
   <div class='ocr_carea' id='block_1_42' title="bbox 197 2608 1768 2693">
    <p class='ocr_par' dir='ltr' id='par_1_42' title="bbox 197 2608 1768 2693">
     <span class='ocr_line' id='line_1_42' title="bbox 197 2608 1768 2693; baseline -0.001 -26"><span class='ocrx_word' id='word_1_346' title='bbox 197 2608 262 2684; x_wconf 54' lang='grc' dir='ltr'><strong>ᾧ).</strong></span> <span class='ocrx_word' id='word_1_347' title='bbox 283 2614 484 2686; x_wconf 80' lang='lat' dir='ltr'><strong>Abyssus</strong></span> <span class='ocrx_word' id='word_1_348' title='bbox 511 2613 853 2689; x_wconf 78' lang='lat' dir='ltr'><strong>circumdedit</strong></span> <span class='ocrx_word' id='word_1_349' title='bbox 878 2630 996 2693; x_wconf 78' lang='lat' dir='ltr'><strong>me,</strong></span> <span class='ocrx_word' id='word_1_350' title='bbox 1050 2622 1307 2685; x_wconf 83' lang='lat' dir='ltr'><strong>postremo</strong></span> <span class='ocrx_word' id='word_1_351' title='bbox 1338 2611 1579 2667; x_wconf 78' lang='lat' dir='ltr'><strong>demersit</strong></span> <span class='ocrx_word' id='word_1_352' title='bbox 1610 2620 1768 2683; x_wconf 76' lang='lat' dir='ltr'><strong>caput</strong></span> 
     </span>
    </p>
   </div>
   <div class='ocr_carea' id='block_1_43' title="bbox 196 2706 1426 2781">
    <p class='ocr_par' dir='ltr' id='par_1_43' title="bbox 196 2706 1426 2781">
     <span class='ocr_line' id='line_1_43' title="bbox 196 2706 1426 2781; baseline 0 -20"><span class='ocrx_word' id='word_1_353' title='bbox 196 2721 333 2762; x_wconf 67' lang='lat' dir='ltr'><strong>neunt</strong></span> <span class='ocrx_word' id='word_1_354' title='bbox 351 2706 376 2747; x_wconf 71' lang='grc' dir='ltr'>δ</span> <span class='ocrx_word' id='word_1_355' title='bbox 402 2712 452 2769; x_wconf 86' lang='lat' dir='ltr'><strong>in</strong></span> <span class='ocrx_word' id='word_1_356' title='bbox 473 2711 732 2767; x_wconf 78' lang='lat' dir='ltr'><strong>seissuras</strong></span> <span class='ocrx_word' id='word_1_357' title='bbox 759 2709 1011 2781; x_wconf 82' lang='lat' dir='ltr'><strong>utentium</strong></span> <span class='ocrx_word' id='word_1_358' title='bbox 1037 2706 1210 2781; x_wconf 71' lang='lat' dir='ltr'><strong>(lance</strong></span> <span class='ocrx_word' id='word_1_359' title='bbox 1236 2723 1275 2763; x_wconf 90' lang='lat' dir='ltr'><strong>tt</strong></span> <span class='ocrx_word' id='word_1_360' title='bbox 1301 2748 1315 2775; x_wconf 92' lang='lat'><strong>,</strong></span> <span class='ocrx_word' id='word_1_361' title='bbox 1344 2707 1426 2779; x_wconf 83' lang='lat'><strong>6).</strong></span> 
     </span>
    </p>
   </div>
   <div class='ocr_carea' id='block_1_44' title="bbox 253 2801 1768 2873">
    <p class='ocr_par' dir='ltr' id='par_1_44' title="bbox 253 2801 1768 2873">
     <span class='ocr_line' id='line_1_44' title="bbox 253 2801 1768 2873; baseline 0 -17"><span class='ocrx_word' id='word_1_362' title='bbox 253 2802 327 2857; x_wconf 71' lang='lat' dir='ltr'><strong>t5.</strong></span> <span class='ocrx_word' id='word_1_363' title='bbox 353 2802 458 2858; x_wconf 81' lang='lat' dir='ltr'><strong>Heu</strong></span> <span class='ocrx_word' id='word_1_364' title='bbox 483 2817 599 2869; x_wconf 88' lang='lat' dir='ltr'><strong>me,</strong></span> <span class='ocrx_word' id='word_1_365' title='bbox 628 2804 754 2873; x_wconf 88' lang='lat' dir='ltr'><strong>quia</strong></span> <span class='ocrx_word' id='word_1_366' title='bbox 785 2802 923 2857; x_wconf 82' lang='lat' dir='ltr'><strong>facta</strong></span> <span class='ocrx_word' id='word_1_367' title='bbox 950 2816 1069 2857; x_wconf 89' lang='lat' dir='ltr'><strong>sum</strong></span> <span class='ocrx_word' id='word_1_368' title='bbox 1094 2803 1236 2857; x_wconf 88' lang='lat' dir='ltr'><strong>sicut</strong></span> <span class='ocrx_word' id='word_1_369' title='bbox 1267 2801 1525 2868; x_wconf 85' lang='lat' dir='ltr'><strong>Sodoma,</strong></span> <span class='ocrx_word' id='word_1_370' title='bbox 1550 2811 1768 2857; x_wconf 88' lang='lat' dir='ltr'><strong>etcom-</strong></span> 
     </span>
    </p>
   </div>
   <div class='ocr_carea' id='block_1_45' title="bbox 201 2890 1770 2968">
    <p class='ocr_par' dir='ltr' id='par_1_45' title="bbox 201 2890 1770 2968">
     <span class='ocr_line' id='line_1_45' title="bbox 201 2890 1770 2968; baseline 0.001 -21"><span class='ocrx_word' id='word_1_371' title='bbox 201 2890 326 2948; x_wconf 76' lang='lat' dir='ltr'><strong>ltusta</strong></span> <span class='ocrx_word' id='word_1_372' title='bbox 351 2896 485 2950; x_wconf 84' lang='lat' dir='ltr'><strong>sicut</strong></span> <span class='ocrx_word' id='word_1_373' title='bbox 517 2893 829 2953; x_wconf 83' lang='lat' dir='ltr'><strong>Gomorrlta</strong></span> <span class='ocrx_word' id='word_1_374' title='bbox 860 2890 1013 2968; x_wconf 81' lang='lat' dir='ltr'><strong>(Gen.</strong></span> <span class='ocrx_word' id='word_1_375' title='bbox 1047 2909 1159 2959; x_wconf 76' lang='lat' dir='ltr'><strong>xix,</strong></span> <span class='ocrx_word' id='word_1_376' title='bbox 1187 2892 1303 2964; x_wconf 71' lang='grc'><strong>24).</strong></span> <span class='ocrx_word' id='word_1_377' title='bbox 1338 2894 1460 2965; x_wconf 90' lang='lat' dir='ltr'><strong>quis</strong></span> <span class='ocrx_word' id='word_1_378' title='bbox 1487 2894 1770 2953; x_wconf 84' lang='lat' dir='ltr'><strong>miserabi-</strong></span> 
     </span>
    </p>
   </div>
   <div class='ocr_carea' id='block_1_46' title="bbox 202 2986 1766 3057">
    <p class='ocr_par' dir='ltr' id='par_1_46' title="bbox 202 2986 1766 3057">
     <span class='ocr_line' id='line_1_46' title="bbox 202 2986 1766 3057; baseline 0.003 -19"><span class='ocrx_word' id='word_1_379' title='bbox 202 2995 270 3041; x_wconf 89' lang='lat' dir='ltr'><strong>tur</strong></span> <span class='ocrx_word' id='word_1_380' title='bbox 306 2990 508 3053; x_wconf 82' lang='lat' dir='ltr'><strong>cineres</strong></span> <span class='ocrx_word' id='word_1_381' title='bbox 557 2988 751 3045; x_wconf 73' lang='lat' dir='ltr'><strong>meos?</strong></span> <span class='ocrx_word' id='word_1_382' title='bbox 795 2990 993 3056; x_wconf 79' lang='lat' dir='ltr'><strong>Durius</strong></span> <span class='ocrx_word' id='word_1_383' title='bbox 1029 2986 1232 3047; x_wconf 82' lang='lat' dir='ltr'><strong>oll‘endi</strong></span> <span class='ocrx_word' id='word_1_384' title='bbox 1282 3003 1445 3057; x_wconf 88' lang='lat' dir='ltr'><strong>quam</strong></span> <span class='ocrx_word' id='word_1_385' title='bbox 1497 2988 1766 3054; x_wconf 85' lang='lat' dir='ltr'><strong>Sodoma;</strong></span> 
     </span>
    </p>
   </div>
   <div class='ocr_carea' id='block_1_47' title="bbox 200 3080 1770 3155">
    <p class='ocr_par' dir='ltr' id='par_1_47' title="bbox 200 3080 1770 3155">
     <span class='ocr_line' id='line_1_47' title="bbox 200 3080 1770 3155; baseline 0.001 -21"><span class='ocrx_word' id='word_1_386' title='bbox 200 3080 400 3149; x_wconf 86' lang='lat' dir='ltr'><strong>quiailla</strong></span> <span class='ocrx_word' id='word_1_387' title='bbox 427 3084 606 3155; x_wconf 83' lang='lat' dir='ltr'><strong>legem</strong></span> <span class='ocrx_word' id='word_1_388' title='bbox 648 3082 904 3155; x_wconf 81' lang='lat' dir='ltr'><strong>nesciens</strong></span> <span class='ocrx_word' id='word_1_389' title='bbox 933 3081 1258 3152; x_wconf 87' lang='lat' dir='ltr'><strong>deliquerat,</strong></span> <span class='ocrx_word' id='word_1_390' title='bbox 1292 3096 1395 3153; x_wconf 88' lang='lat' dir='ltr'><strong>ego</strong></span> <span class='ocrx_word' id='word_1_391' title='bbox 1424 3092 1629 3149; x_wconf 87' lang='lat' dir='ltr'><strong>autem,</strong></span> <span class='ocrx_word' id='word_1_392' title='bbox 1665 3098 1770 3135; x_wconf 89' lang='lat' dir='ltr'><strong>ac-</strong></span> 
     </span>
    </p>
   </div>
   <div class='ocr_carea' id='block_1_48' title="bbox 1860 1860 3466 1936">
    <p class='ocr_par' dir='ltr' id='par_1_48' title="bbox 1860 1860 3466 1936">
     <span class='ocr_line' id='line_1_48' title="bbox 1860 1860 3466 1936; baseline 0.002 -15"><span class='ocrx_word' id='word_1_393' title='bbox 1860 1860 2048 1935; x_wconf 67' lang='lat' dir='ltr'><strong>hestiat</strong></span> <span class='ocrx_word' id='word_1_394' title='bbox 2078 1862 2360 1931; x_wconf 73' lang='lat' dir='ltr'><strong>silvarum,</strong></span> <span class='ocrx_word' id='word_1_395' title='bbox 2393 1864 2609 1936; x_wconf 88' lang='lat' dir='ltr'><strong>reptilia</strong></span> <span class='ocrx_word' id='word_1_396' title='bbox 2646 1873 2827 1931; x_wconf 72' lang='lat' dir='ltr'><strong>terrae,</strong></span> <span class='ocrx_word' id='word_1_397' title='bbox 2856 1874 2913 1921; x_wconf 91' lang='lat' dir='ltr'><strong>et</strong></span> <span class='ocrx_word' id='word_1_398' title='bbox 2940 1866 3195 1923; x_wconf 84' lang='lat' dir='ltr'><strong>volucres</strong></span> <span class='ocrx_word' id='word_1_399' title='bbox 3224 1868 3347 1925; x_wconf 71' lang='lat' dir='ltr'><strong>caeli</strong></span> <span class='ocrx_word' id='word_1_400' title='bbox 3372 1910 3385 1935; x_wconf 93' lang='lat'><strong>,</strong></span> <span class='ocrx_word' id='word_1_401' title='bbox 3410 1877 3466 1925; x_wconf 88' lang='lat' dir='ltr'><strong>et</strong></span> 
     </span>
    </p>
   </div>
   <div class='ocr_carea' id='block_1_49' title="bbox 1862 1955 3464 2028">
    <p class='ocr_par' dir='ltr' id='par_1_49' title="bbox 1862 1955 3464 2028">
     <span class='ocr_line' id='line_1_49' title="bbox 1862 1955 3464 2028; baseline 0.006 -19"><span class='ocrx_word' id='word_1_402' title='bbox 1862 1955 2041 2028; x_wconf 76' lang='lat' dir='ltr'><strong>omnis</strong></span> <span class='ocrx_word' id='word_1_403' title='bbox 2062 1955 2243 2025; x_wconf 78' lang='lat' dir='ltr'><strong>anima</strong></span> <span class='ocrx_word' id='word_1_404' title='bbox 2266 1970 2387 2025; x_wconf 67' lang='lat' dir='ltr'><strong>quae</strong></span> <span class='ocrx_word' id='word_1_405' title='bbox 2419 1958 2524 2017; x_wconf 84' lang='lat' dir='ltr'><strong>vita</strong></span> <span class='ocrx_word' id='word_1_406' title='bbox 2570 1955 2792 2013; x_wconf 76' lang='lat' dir='ltr'><strong>frueris.</strong></span> <span class='ocrx_word' id='word_1_407' title='bbox 2840 1958 2975 2013; x_wconf 76' lang='lat' dir='ltr'><strong>Nam</strong></span> <span class='ocrx_word' id='word_1_408' title='bbox 3004 1975 3103 2015; x_wconf 81' lang='lat' dir='ltr'><strong>vos</strong></span> <span class='ocrx_word' id='word_1_409' title='bbox 3127 1960 3464 2028; x_wconf 68' lang='lat' dir='ltr'><strong>beatherae</strong></span> 
     </span>
    </p>
   </div>
   <div class='ocr_carea' id='block_1_50' title="bbox 1861 2044 3466 2125">
    <p class='ocr_par' dir='ltr' id='par_1_50' title="bbox 1861 2044 3466 2125">
     <span class='ocr_line' id='line_1_50' title="bbox 1861 2044 3466 2125; baseline 0.006 -23"><span class='ocrx_word' id='word_1_410' title='bbox 1861 2055 1915 2103; x_wconf 90' lang='lat' dir='ltr'><strong>et</strong></span> <span class='ocrx_word' id='word_1_411' title='bbox 1945 2048 2219 2121; x_wconf 52' lang='lat' dir='ltr'><strong>volucres,</strong></span> <span class='ocrx_word' id='word_1_412' title='bbox 2250 2048 2446 2120; x_wconf 80' lang='lat' dir='ltr'><strong>quibus</strong></span> <span class='ocrx_word' id='word_1_413' title='bbox 2476 2051 2657 2107; x_wconf 88' lang='lat' dir='ltr'><strong>nullus</strong></span> <span class='ocrx_word' id='word_1_414' title='bbox 2698 2060 2876 2107; x_wconf 90' lang='lat' dir='ltr'><strong>metus</strong></span> <span class='ocrx_word' id='word_1_415' title='bbox 2915 2051 2983 2108; x_wconf 90' lang='lat' dir='ltr'><strong>de</strong></span> <span class='ocrx_word' id='word_1_416' title='bbox 3014 2053 3204 2110; x_wconf 85' lang='lat' dir='ltr'><strong>inferis</strong></span> <span class='ocrx_word' id='word_1_417' title='bbox 3234 2096 3248 2121; x_wconf 91' lang='lat'><strong>,</strong></span> <span class='ocrx_word' id='word_1_418' title='bbox 3288 2044 3466 2125; x_wconf 87' lang='lat' dir='ltr'><strong>neque</strong></span> 
     </span>
    </p>
   </div>
   <div class='ocr_carea' id='block_1_51' title="bbox 1864 2144 3466 2221">
    <p class='ocr_par' dir='ltr' id='par_1_51' title="bbox 1864 2144 3466 2221">
     <span class='ocr_line' id='line_1_51' title="bbox 1864 2144 3466 2221; baseline 0.005 -22"><span class='ocrx_word' id='word_1_419' title='bbox 1864 2149 1989 2215; x_wconf 88' lang='lat' dir='ltr'><strong>post</strong></span> <span class='ocrx_word' id='word_1_420' title='bbox 2012 2155 2243 2207; x_wconf 80' lang='lat' dir='ltr'><strong>mortem</strong></span> <span class='ocrx_word' id='word_1_421' title='bbox 2272 2144 2550 2205; x_wconf 83' lang='lat' dir='ltr'><strong>reddenda</strong></span> <span class='ocrx_word' id='word_1_422' title='bbox 2581 2154 2668 2201; x_wconf 88' lang='lat' dir='ltr'><strong>est</strong></span> <span class='ocrx_word' id='word_1_423' title='bbox 2698 2146 2837 2203; x_wconf 85' lang='lat' dir='ltr'><strong>ratio</strong></span> <span class='ocrx_word' id='word_1_424' title='bbox 2863 2164 2877 2201; x_wconf 89' lang='lat'><strong>:</strong></span> <span class='ocrx_word' id='word_1_425' title='bbox 2904 2147 2958 2202; x_wconf 93' lang='lat' dir='ltr'><strong>in</strong></span> <span class='ocrx_word' id='word_1_426' title='bbox 2988 2163 3090 2203; x_wconf 86' lang='lat' dir='ltr'><strong>nos</strong></span> <span class='ocrx_word' id='word_1_427' title='bbox 3121 2158 3305 2204; x_wconf 83' lang='lat' dir='ltr'><strong>manet</strong></span> <span class='ocrx_word' id='word_1_428' title='bbox 3347 2165 3466 2221; x_wconf 71' lang='lat' dir='ltr'><strong>pos-</strong></span> 
     </span>
    </p>
   </div>
   <div class='ocr_carea' id='block_1_52' title="bbox 1865 2235 3468 2315">
    <p class='ocr_par' dir='ltr' id='par_1_52' title="bbox 1865 2235 3468 2315">
     <span class='ocr_line' id='line_1_52' title="bbox 1865 2235 3468 2315; baseline 0.003 -24"><span class='ocrx_word' id='word_1_429' title='bbox 1865 2251 1933 2291; x_wconf 89' lang='lat' dir='ltr'><strong>na</strong></span> <span class='ocrx_word' id='word_1_430' title='bbox 1963 2235 2202 2305; x_wconf 70' lang='lat' dir='ltr'><strong>crudelis</strong></span> <span class='ocrx_word' id='word_1_431' title='bbox 2227 2238 2436 2315; x_wconf 73' lang='lat' dir='ltr'><strong>tartari,</strong></span> <span class='ocrx_word' id='word_1_432' title='bbox 2465 2237 2590 2307; x_wconf 88' lang='lat' dir='ltr'><strong>quia</strong></span> <span class='ocrx_word' id='word_1_433' title='bbox 2619 2237 2881 2294; x_wconf 85' lang='lat' dir='ltr'><strong>habentes</strong></span> <span class='ocrx_word' id='word_1_434' title='bbox 2905 2255 3126 2294; x_wconf 88' lang='lat' dir='ltr'><strong>sensum</strong></span> <span class='ocrx_word' id='word_1_435' title='bbox 3154 2283 3168 2306; x_wconf 95' lang='lat'><strong>,</strong></span> <span class='ocrx_word' id='word_1_436' title='bbox 3200 2242 3468 2312; x_wconf 85' lang='lat' dir='ltr'><strong>delinqui—</strong></span> 
     </span>
    </p>
   </div>
   <div class='ocr_carea' id='block_1_53' title="bbox 1865 2329 2975 2403">
    <p class='ocr_par' dir='ltr' id='par_1_53' title="bbox 1865 2329 2975 2403">
     <span class='ocr_line' id='line_1_53' title="bbox 1865 2329 2975 2403; baseline -0.002 -16"><span class='ocrx_word' id='word_1_437' title='bbox 1865 2344 2023 2403; x_wconf 70' lang='lat' dir='ltr'><strong>mus;</strong></span> <span class='ocrx_word' id='word_1_438' title='bbox 2056 2329 2180 2384; x_wconf 91' lang='lat' dir='ltr'><strong>ideo</strong></span> <span class='ocrx_word' id='word_1_439' title='bbox 2204 2343 2312 2396; x_wconf 76' lang='lat' dir='ltr'><strong>non</strong></span> <span class='ocrx_word' id='word_1_440' title='bbox 2336 2338 2423 2389; x_wconf 79' lang='lat' dir='ltr'><strong>est</strong></span> <span class='ocrx_word' id='word_1_441' title='bbox 2453 2344 2556 2398; x_wconf 85' lang='lat' dir='ltr'><strong>pax</strong></span> <span class='ocrx_word' id='word_1_442' title='bbox 2579 2330 2975 2401; x_wconf 80' lang='lat' dir='ltr'><strong>peccatoribus.</strong></span> 
     </span>
    </p>
   </div>
   <div class='ocr_carea' id='block_1_54' title="bbox 1936 2420 3471 2503">
    <p class='ocr_par' dir='ltr' id='par_1_54' title="bbox 1936 2420 3471 2503">
     <span class='ocr_line' id='line_1_54' title="bbox 1936 2420 3471 2503; baseline 0.003 -27"><span class='ocrx_word' id='word_1_443' title='bbox 1936 2421 2028 2478; x_wconf 74' lang='grc'><strong>48.</strong></span> <span class='ocrx_word' id='word_1_444' title='bbox 2054 2420 2073 2459; x_wconf 70' lang='grc' dir='ltr'>ί</span> <span class='ocrx_word' id='word_1_445' title='bbox 2106 2422 2280 2477; x_wconf 81' lang='lat' dir='ltr'><strong>Meum</strong></span> <span class='ocrx_word' id='word_1_446' title='bbox 2313 2432 2627 2503; x_wconf 78' lang='lat' dir='ltr'><strong>peccatum,</strong></span> <span class='ocrx_word' id='word_1_447' title='bbox 2662 2438 2778 2479; x_wconf 88' lang='lat' dir='ltr'><strong>mea</strong></span> <span class='ocrx_word' id='word_1_448' title='bbox 2801 2424 3080 2494; x_wconf 86' lang='lat' dir='ltr'><strong>iniquitas,</strong></span> <span class='ocrx_word' id='word_1_449' title='bbox 3106 2439 3215 2481; x_wconf 89' lang='lat' dir='ltr'><strong>non</strong></span> <span class='ocrx_word' id='word_1_450' title='bbox 3242 2434 3370 2481; x_wconf 90' lang='lat' dir='ltr'><strong>sunt</strong></span> <span class='ocrx_word' id='word_1_451' title='bbox 3397 2426 3471 2481; x_wconf 87' lang='lat' dir='ltr'><strong>si-</strong></span> 
     </span>
    </p>
   </div>
   <div class='ocr_carea' id='block_1_55' title="bbox 1868 2504 3468 2589">
    <p class='ocr_par' dir='ltr' id='par_1_55' title="bbox 1868 2504 3468 2589">
     <span class='ocr_line' id='line_1_55' title="bbox 1868 2504 3468 2589; baseline 0.003 -19"><span class='ocrx_word' id='word_1_452' title='bbox 1868 2514 2013 2570; x_wconf 86' lang='lat' dir='ltr'><strong>milia</strong></span> <span class='ocrx_word' id='word_1_453' title='bbox 2047 2515 2270 2572; x_wconf 72' lang='lat' dir='ltr'><strong>oﬂensis</strong></span> <span class='ocrx_word' id='word_1_454' title='bbox 2304 2517 2583 2572; x_wconf 81' lang='lat' dir='ltr'><strong>hominum</strong></span> <span class='ocrx_word' id='word_1_455' title='bbox 2613 2534 2627 2583; x_wconf 91' lang='lat'>;</span> <span class='ocrx_word' id='word_1_456' title='bbox 2668 2518 2794 2588; x_wconf 87' lang='lat' dir='ltr'><strong>quia</strong></span> <span class='ocrx_word' id='word_1_457' title='bbox 2820 2504 3069 2589; x_wconf 82' lang='lat' dir='ltr'><strong>impietas</strong></span> <span class='ocrx_word' id='word_1_458' title='bbox 3101 2529 3203 2575; x_wconf 89' lang='lat' dir='ltr'><strong>est.</strong></span> <span class='ocrx_word' id='word_1_459' title='bbox 3234 2520 3468 2577; x_wconf 74' lang='lat' dir='ltr'><strong>Carnem</strong></span> 
     </span>
    </p>
   </div>
   <div class='ocr_carea' id='block_1_56' title="bbox 1871 2606 3470 2683">
    <p class='ocr_par' dir='ltr' id='par_1_56' title="bbox 1871 2606 3470 2683">
     <span class='ocr_line' id='line_1_56' title="bbox 1871 2606 3470 2683; baseline 0.005 -22"><span class='ocrx_word' id='word_1_460' title='bbox 1871 2606 2116 2678; x_wconf 85' lang='lat' dir='ltr'><strong>pollicita</strong></span> <span class='ocrx_word' id='word_1_461' title='bbox 2157 2625 2379 2667; x_wconf 84' lang='lat' dir='ltr'><strong>servare</strong></span> <span class='ocrx_word' id='word_1_462' title='bbox 2412 2610 2677 2682; x_wconf 79' lang='lat' dir='ltr'><strong>virginem</strong></span> <span class='ocrx_word' id='word_1_463' title='bbox 2710 2651 2725 2676; x_wconf 93' lang='lat'><strong>,</strong></span> <span class='ocrx_word' id='word_1_464' title='bbox 2767 2621 2824 2666; x_wconf 90' lang='lat' dir='ltr'><strong>et</strong></span> <span class='ocrx_word' id='word_1_465' title='bbox 2876 2612 3181 2668; x_wconf 84' lang='lat' dir='ltr'><strong>castitatem</strong></span> <span class='ocrx_word' id='word_1_466' title='bbox 3227 2613 3470 2683; x_wconf 78' lang='lat' dir='ltr'><strong>professa</strong></span> 
     </span>
    </p>
   </div>
   <div class='ocr_carea' id='block_1_57' title="bbox 1870 2701 3473 2772">
    <p class='ocr_par' dir='ltr' id='par_1_57' title="bbox 1870 2701 3473 2772">
     <span class='ocr_line' id='line_1_57' title="bbox 1870 2701 3473 2772; baseline 0.004 -16"><span class='ocrx_word' id='word_1_467' title='bbox 1870 2701 2109 2770; x_wconf 87' lang='lat' dir='ltr'><strong>publice,</strong></span> <span class='ocrx_word' id='word_1_468' title='bbox 2144 2704 2371 2757; x_wconf 89' lang='lat' dir='ltr'><strong>mentita</strong></span> <span class='ocrx_word' id='word_1_469' title='bbox 2397 2717 2516 2758; x_wconf 87' lang='lat' dir='ltr'><strong>sum</strong></span> <span class='ocrx_word' id='word_1_470' title='bbox 2543 2702 2771 2758; x_wconf 88' lang='lat' dir='ltr'><strong>Domino</strong></span> <span class='ocrx_word' id='word_1_471' title='bbox 2797 2721 2811 2772; x_wconf 91' lang='lat'><strong>;</strong></span> <span class='ocrx_word' id='word_1_472' title='bbox 2849 2703 2974 2759; x_wconf 87' lang='lat' dir='ltr'><strong>ideo</strong></span> <span class='ocrx_word' id='word_1_473' title='bbox 3006 2719 3111 2760; x_wconf 92' lang='lat' dir='ltr'><strong>non</strong></span> <span class='ocrx_word' id='word_1_474' title='bbox 3143 2715 3226 2761; x_wconf 86' lang='lat' dir='ltr'><strong>est</strong></span> <span class='ocrx_word' id='word_1_475' title='bbox 3256 2705 3384 2763; x_wconf 86' lang='lat' dir='ltr'><strong>mihi</strong></span> <span class='ocrx_word' id='word_1_476' title='bbox 3413 2706 3473 2762; x_wconf 85' lang='lat' dir='ltr'><strong>li-</strong></span> 
     </span>
    </p>
   </div>
   <div class='ocr_carea' id='block_1_58' title="bbox 1869 2794 3473 2870">
    <p class='ocr_par' dir='ltr' id='par_1_58' title="bbox 1869 2794 3473 2870">
     <span class='ocr_line' id='line_1_58' title="bbox 1869 2794 3473 2870; baseline 0.004 -21"><span class='ocrx_word' id='word_1_477' title='bbox 1869 2794 2025 2850; x_wconf 85' lang='lat' dir='ltr'><strong>ducia</strong></span> <span class='ocrx_word' id='word_1_478' title='bbox 2053 2795 2340 2851; x_wconf 83' lang='lat' dir='ltr'><strong>invocandi</strong></span> <span class='ocrx_word' id='word_1_479' title='bbox 2370 2797 2658 2853; x_wconf 87' lang='lat' dir='ltr'><strong>Dominum</strong></span> <span class='ocrx_word' id='word_1_480' title='bbox 2685 2797 3005 2863; x_wconf 52' lang='lat' dir='ltr'><strong>altissimum</strong></span> <span class='ocrx_word' id='word_1_481' title='bbox 3028 2842 3042 2867; x_wconf 90' lang='lat'><strong>,</strong></span> <span class='ocrx_word' id='word_1_482' title='bbox 3074 2802 3203 2870; x_wconf 84' lang='lat' dir='ltr'><strong>quia</strong></span> <span class='ocrx_word' id='word_1_483' title='bbox 3224 2800 3473 2856; x_wconf 86' lang='lat' dir='ltr'><strong>obstruc-</strong></span> 
     </span>
    </p>
   </div>
   <div class='ocr_carea' id='block_1_59' title="bbox 1874 2891 3473 2963">
    <p class='ocr_par' dir='ltr' id='par_1_59' title="bbox 1874 2891 3473 2963">
     <span class='ocr_line' id='line_1_59' title="bbox 1874 2891 3473 2963; baseline 0.004 -19"><span class='ocrx_word' id='word_1_484' title='bbox 1874 2898 1984 2945; x_wconf 91' lang='lat' dir='ltr'><strong>tum</strong></span> <span class='ocrx_word' id='word_1_485' title='bbox 2036 2903 2120 2945; x_wconf 72' lang='grc' dir='ltr'><strong>εει</strong></span> <span class='ocrx_word' id='word_1_486' title='bbox 2169 2901 2193 2939; x_wconf 82' lang='lat'>8</span> <span class='ocrx_word' id='word_1_487' title='bbox 2236 2906 2299 2947; x_wconf 90' lang='lat' dir='ltr'><strong>os</strong></span> <span class='ocrx_word' id='word_1_488' title='bbox 2341 2891 2794 2963; x_wconf 87' lang='lat' dir='ltr'><strong>delinquentium.</strong></span> <span class='ocrx_word' id='word_1_489' title='bbox 2852 2894 2986 2951; x_wconf 85' lang='lat' dir='ltr'><strong>Nam</strong></span> <span class='ocrx_word' id='word_1_490' title='bbox 3031 2910 3211 2951; x_wconf 89' lang='lat' dir='ltr'><strong>meum</strong></span> <span class='ocrx_word' id='word_1_491' title='bbox 3270 2894 3473 2951; x_wconf 89' lang='lat' dir='ltr'><strong>malum</strong></span> 
     </span>
    </p>
   </div>
   <div class='ocr_carea' id='block_1_60' title="bbox 1873 2980 3474 3061">
    <p class='ocr_par' dir='ltr' id='par_1_60' title="bbox 1873 2980 3474 3061">
     <span class='ocr_line' id='line_1_60' title="bbox 1873 2980 3474 3061; baseline 0.004 -24"><span class='ocrx_word' id='word_1_492' title='bbox 1873 2980 2145 3053; x_wconf 86' lang='lat' dir='ltr'><strong>Pr0plteta</strong></span> <span class='ocrx_word' id='word_1_493' title='bbox 2174 2985 2396 3047; x_wconf 88' lang='lat' dir='ltr'><strong>cecinit,</strong></span> <span class='ocrx_word' id='word_1_494' title='bbox 2426 2985 2570 3056; x_wconf 87' lang='lat' dir='ltr'><strong>quod</strong></span> <span class='ocrx_word' id='word_1_495' title='bbox 2606 2987 2695 3061; x_wconf 87' lang='lat' dir='ltr'><strong>qui</strong></span> <span class='ocrx_word' id='word_1_496' title='bbox 2727 2986 2985 3058; x_wconf 86' lang='lat' dir='ltr'><strong>elongant</strong></span> <span class='ocrx_word' id='word_1_497' title='bbox 3007 3003 3067 3044; x_wconf 90' lang='lat' dir='ltr'><strong>se</strong></span> <span class='ocrx_word' id='word_1_498' title='bbox 3093 3003 3121 3043; x_wconf 88' lang='lat' dir='ltr'><strong>a</strong></span> <span class='ocrx_word' id='word_1_499' title='bbox 3154 2988 3291 3055; x_wconf 88' lang='lat' dir='ltr'><strong>Deo,</strong></span> <span class='ocrx_word' id='word_1_500' title='bbox 3326 2987 3474 3058; x_wconf 90' lang='lat' dir='ltr'><strong>peri-</strong></span> 
     </span>
    </p>
   </div>
   <div class='ocr_carea' id='block_1_61' title="bbox 1877 3074 3474 3155">
    <p class='ocr_par' dir='ltr' id='par_1_61' title="bbox 1877 3074 3474 3155">
     <span class='ocr_line' id='line_1_61' title="bbox 1877 3074 3474 3155; baseline 0.004 -25"><span class='ocrx_word' id='word_1_501' title='bbox 1877 3074 2011 3132; x_wconf 88' lang='lat' dir='ltr'><strong>bunt</strong></span> <span class='ocrx_word' id='word_1_502' title='bbox 2035 3094 2047 3131; x_wconf 92' lang='lat'>:</span> <span class='ocrx_word' id='word_1_503' title='bbox 2077 3077 2349 3150; x_wconf 84' lang='lat' dir='ltr'><strong>disperdit</strong></span> <span class='ocrx_word' id='word_1_504' title='bbox 2379 3095 2594 3135; x_wconf 89' lang='lat' dir='ltr'><strong>omnem</strong></span> <span class='ocrx_word' id='word_1_505' title='bbox 2630 3079 2989 3153; x_wconf 79' lang='lat' dir='ltr'><strong>fornicantcm</strong></span> <span class='ocrx_word' id='word_1_506' title='bbox 3018 3097 3048 3138; x_wconf 87' lang='lat' dir='ltr'><strong>a</strong></span> <span class='ocrx_word' id='word_1_507' title='bbox 3072 3098 3131 3139; x_wconf 90' lang='lat' dir='ltr'><strong>se</strong></span> <span class='ocrx_word' id='word_1_508' title='bbox 3160 3081 3281 3155; x_wconf 90' lang='lat' dir='ltr'><strong>(Ps.</strong></span> <span class='ocrx_word' id='word_1_509' title='bbox 3307 3098 3474 3147; x_wconf 82' lang='lat' dir='ltr'><strong>Lxxtt,</strong></span> 
     </span>
    </p>
   </div>
   <div class='ocr_carea' id='block_1_62' title="bbox 200 3160 3476 3255">
    <p class='ocr_par' dir='ltr' id='par_1_62' title="bbox 200 3160 3476 3255">
     <span class='ocr_line' id='line_1_62' title="bbox 200 3160 3476 3255; baseline 0.002 -31"><span class='ocrx_word' id='word_1_510' title='bbox 200 3184 325 3241; x_wconf 81' lang='lat' dir='ltr'><strong>cepta</strong></span> <span class='ocrx_word' id='word_1_511' title='bbox 362 3178 568 3244; x_wconf 87' lang='lat' dir='ltr'><strong>gratia,</strong></span> <span class='ocrx_word' id='word_1_512' title='bbox 614 3174 834 3246; x_wconf 84' lang='lat' dir='ltr'><strong>peccavi</strong></span> <span class='ocrx_word' id='word_1_513' title='bbox 874 3174 1125 3255; x_wconf 81' lang='lat' dir='ltr'><strong>Domino.</strong></span> <span class='ocrx_word' id='word_1_514' title='bbox 1167 3184 1188 3211; x_wconf 78' lang='grc' dir='ltr'><strong>ο</strong></span> <span class='ocrx_word' id='word_1_515' title='bbox 1214 3172 1273 3230; x_wconf 88' lang='lat' dir='ltr'><strong>Si</strong></span> <span class='ocrx_word' id='word_1_516' title='bbox 1301 3173 1465 3228; x_wconf 88' lang='lat' dir='ltr'><strong>homo</strong></span> <span class='ocrx_word' id='word_1_517' title='bbox 1496 3182 1685 3249; x_wconf 80' lang='lat' dir='ltr'><strong>peccet</strong></span> <span class='ocrx_word' id='word_1_518' title='bbox 1716 3175 1767 3251; x_wconf 66' lang='lat' dir='ltr'><strong>in</strong></span> <span class='ocrx_word' id='word_1_519' title='bbox 1798 3160 1843 3223; x_wconf 88' lang='lat' dir='ltr'><strong>C</strong></span> <span class='ocrx_word' id='word_1_520' title='bbox 1874 3169 1990 3242; x_wconf 70' lang='grc' dir='ltr'><strong>Ξῖ).</strong></span> <span class='ocrx_word' id='word_1_521' title='bbox 2028 3171 2093 3247; x_wconf 76' lang='lat' dir='ltr'><strong>Et</strong></span> <span class='ocrx_word' id='word_1_522' title='bbox 2116 3172 2309 3245; x_wconf 76' lang='lat' dir='ltr'><strong>iterum</strong></span> <span class='ocrx_word' id='word_1_523' title='bbox 2342 3174 2611 3230; x_wconf 77' lang='lat' dir='ltr'><strong>:Adluesit</strong></span> <span class='ocrx_word' id='word_1_524' title='bbox 2636 3176 2813 3248; x_wconf 84' lang='lat' dir='ltr'><strong>lingua</strong></span> <span class='ocrx_word' id='word_1_525' title='bbox 2840 3193 2956 3232; x_wconf 89' lang='lat' dir='ltr'><strong>mea</strong></span> <span class='ocrx_word' id='word_1_526' title='bbox 2977 3178 3213 3249; x_wconf 74' lang='lat' dir='ltr'><strong>faucibus</strong></span> <span class='ocrx_word' id='word_1_527' title='bbox 3235 3179 3361 3233; x_wconf 84' lang='lat' dir='ltr'><strong>meis</strong></span> <span class='ocrx_word' id='word_1_528' title='bbox 3384 3220 3399 3245; x_wconf 94' lang='lat'><strong>,</strong></span> <span class='ocrx_word' id='word_1_529' title='bbox 3428 3185 3476 3231; x_wconf 89' lang='lat' dir='ltr'><strong>et</strong></span> 
     </span>
    </p>
   </div>
   <div class='ocr_carea' id='block_1_63' title="bbox 201 3263 1767 3337">
    <p class='ocr_par' dir='ltr' id='par_1_63' title="bbox 201 3263 1767 3337">
     <span class='ocr_line' id='line_1_63' title="bbox 201 3263 1767 3337; baseline 0.002 -22"><span class='ocrx_word' id='word_1_530' title='bbox 201 3263 431 3322; x_wconf 82' lang='lat' dir='ltr'><strong>hominem</strong></span> <span class='ocrx_word' id='word_1_531' title='bbox 462 3310 478 3335; x_wconf 93' lang='lat'><strong>,</strong></span> <span class='ocrx_word' id='word_1_532' title='bbox 520 3268 629 3323; x_wconf 90' lang='lat' dir='ltr'><strong>erit</strong></span> <span class='ocrx_word' id='word_1_533' title='bbox 652 3268 743 3337; x_wconf 91' lang='lat' dir='ltr'><strong>qui</strong></span> <span class='ocrx_word' id='word_1_534' title='bbox 778 3267 1105 3321; x_wconf 89' lang='lat' dir='ltr'><strong>interveniat</strong></span> <span class='ocrx_word' id='word_1_535' title='bbox 1133 3283 1146 3320; x_wconf 91' lang='lat'><strong>:</strong></span> <span class='ocrx_word' id='word_1_536' title='bbox 1181 3281 1281 3337; x_wconf 88' lang='lat' dir='ltr'><strong>ego</strong></span> <span class='ocrx_word' id='word_1_537' title='bbox 1331 3265 1549 3337; x_wconf 84' lang='lat' dir='ltr'><strong>peccavi</strong></span> <span class='ocrx_word' id='word_1_538' title='bbox 1582 3267 1633 3321; x_wconf 89' lang='lat' dir='ltr'><strong>in</strong></span> <span class='ocrx_word' id='word_1_539' title='bbox 1658 3266 1767 3320; x_wconf 84' lang='lat' dir='ltr'><strong>Do-</strong></span> 
     </span>
    </p>
   </div>
   <div class='ocr_carea' id='block_1_64' title="bbox 202 3358 1770 3433">
    <p class='ocr_par' dir='ltr' id='par_1_64' title="bbox 202 3358 1770 3433">
     <span class='ocr_line' id='line_1_64' title="bbox 202 3358 1770 3433; baseline 0.004 -27"><span class='ocrx_word' id='word_1_540' title='bbox 202 3359 559 3431; x_wconf 85' lang='lat' dir='ltr'><strong>minum,quem</strong></span> <span class='ocrx_word' id='word_1_541' title='bbox 586 3358 1001 3430; x_wconf 78' lang='lat' dir='ltr'><strong>prOpitiatoretn</strong></span> <span class='ocrx_word' id='word_1_542' title='bbox 1027 3358 1298 3413; x_wconf 83' lang='lat' dir='ltr'><strong>inveniam</strong></span> <span class='ocrx_word' id='word_1_543' title='bbox 1328 3358 1371 3433; x_wconf 93' lang='lat' dir='ltr'><strong>(l</strong></span> <span class='ocrx_word' id='word_1_544' title='bbox 1397 3358 1527 3429; x_wconf 85' lang='lat' dir='ltr'><strong>Reg.</strong></span> <span class='ocrx_word' id='word_1_545' title='bbox 1560 3358 1770 3431; x_wconf 67' lang='lat'><strong>&quot;,25)?</strong></span> 
     </span>
    </p>
   </div>
   <div class='ocr_carea' id='block_1_65' title="bbox 202 3444 1771 3531">
    <p class='ocr_par' dir='ltr' id='par_1_65' title="bbox 202 3444 1771 3531">
     <span class='ocr_line' id='line_1_65' title="bbox 202 3444 1771 3531; baseline 0.004 -32"><span class='ocrx_word' id='word_1_546' title='bbox 202 3444 398 3519; x_wconf 82' lang='lat' dir='ltr'><strong>Concepi</strong></span> <span class='ocrx_word' id='word_1_547' title='bbox 426 3452 701 3531; x_wconf 84' lang='lat' dir='ltr'><strong>dolorem,</strong></span> <span class='ocrx_word' id='word_1_548' title='bbox 726 3459 783 3509; x_wconf 90' lang='lat' dir='ltr'><strong>et</strong></span> <span class='ocrx_word' id='word_1_549' title='bbox 811 3451 998 3523; x_wconf 80' lang='lat' dir='ltr'><strong>peperi</strong></span> <span class='ocrx_word' id='word_1_550' title='bbox 1022 3450 1364 3526; x_wconf 69' lang='lat' dir='ltr'><strong>iniquitatem</strong></span> <span class='ocrx_word' id='word_1_551' title='bbox 1398 3470 1411 3506; x_wconf 89' lang='lat'><strong>:</strong></span> <span class='ocrx_word' id='word_1_552' title='bbox 1442 3451 1618 3511; x_wconf 87' lang='lat' dir='ltr'><strong>lacum</strong></span> <span class='ocrx_word' id='word_1_553' title='bbox 1644 3466 1771 3522; x_wconf 84' lang='lat' dir='ltr'><strong>ape-</strong></span> 
     </span>
    </p>
   </div>
   <div class='ocr_carea' id='block_1_66' title="bbox 203 3532 1772 3621">
    <p class='ocr_par' dir='ltr' id='par_1_66' title="bbox 203 3532 1772 3621">
     <span class='ocr_line' id='line_1_66' title="bbox 203 3532 1772 3621; baseline 0.001 -28"><span class='ocrx_word' id='word_1_554' title='bbox 203 3542 267 3595; x_wconf 88' lang='lat' dir='ltr'><strong>rui</strong></span> <span class='ocrx_word' id='word_1_555' title='bbox 293 3553 341 3598; x_wconf 89' lang='lat' dir='ltr'><strong>et</strong></span> <span class='ocrx_word' id='word_1_556' title='bbox 361 3544 521 3602; x_wconf 71' lang='lat' dir='ltr'><strong>effodi</strong></span> <span class='ocrx_word' id='word_1_557' title='bbox 569 3560 696 3601; x_wconf 86' lang='lat' dir='ltr'><strong>eum</strong></span> <span class='ocrx_word' id='word_1_558' title='bbox 716 3587 731 3611; x_wconf 91' lang='lat'><strong>,</strong></span> <span class='ocrx_word' id='word_1_559' title='bbox 762 3532 1001 3599; x_wconf 51' lang='lat' dir='ltr'><strong>et&#39;incidi</strong></span> <span class='ocrx_word' id='word_1_560' title='bbox 1027 3544 1083 3620; x_wconf 75' lang='lat' dir='ltr'><strong>in</strong></span> <span class='ocrx_word' id='word_1_561' title='bbox 1111 3532 1322 3621; x_wconf 62' lang='lat' dir='ltr'><strong>foveam</strong></span> <span class='ocrx_word' id='word_1_562' title='bbox 1353 3560 1515 3615; x_wconf 78' lang='lat' dir='ltr'><strong>quam</strong></span> <span class='ocrx_word' id='word_1_563' title='bbox 1544 3556 1772 3618; x_wconf 77' lang='lat' dir='ltr'><strong>operata</strong></span> 
     </span>
    </p>
   </div>
   <div class='ocr_carea' id='block_1_67' title="bbox 205 3636 1772 3706">
    <p class='ocr_par' dir='ltr' id='par_1_67' title="bbox 205 3636 1772 3706">
     <span class='ocr_line' id='line_1_67' title="bbox 205 3636 1772 3706; baseline 0.003 -20"><span class='ocrx_word' id='word_1_564' title='bbox 205 3647 319 3688; x_wconf 85' lang='lat' dir='ltr'><strong>sum.</strong></span> <span class='ocrx_word' id='word_1_565' title='bbox 343 3636 463 3694; x_wconf 84' lang='lat' dir='ltr'><strong>Ideo</strong></span> <span class='ocrx_word' id='word_1_566' title='bbox 490 3652 797 3694; x_wconf 88' lang='lat' dir='ltr'><strong>conversus</strong></span> <span class='ocrx_word' id='word_1_567' title='bbox 822 3649 908 3692; x_wconf 85' lang='lat' dir='ltr'><strong>est</strong></span> <span class='ocrx_word' id='word_1_568' title='bbox 929 3637 1086 3693; x_wconf 92' lang='lat' dir='ltr'><strong>dolor</strong></span> <span class='ocrx_word' id='word_1_569' title='bbox 1107 3652 1264 3691; x_wconf 83' lang='lat' dir='ltr'><strong>meus</strong></span> <span class='ocrx_word' id='word_1_570' title='bbox 1288 3638 1339 3691; x_wconf 91' lang='lat' dir='ltr'><strong>in</strong></span> <span class='ocrx_word' id='word_1_571' title='bbox 1370 3645 1530 3706; x_wconf 87' lang='lat' dir='ltr'><strong>caput</strong></span> <span class='ocrx_word' id='word_1_572' title='bbox 1556 3638 1736 3692; x_wconf 81' lang='lat' dir='ltr'><strong>ntemu</strong></span> <span class='ocrx_word' id='word_1_573' title='bbox 1757 3678 1772 3703; x_wconf 92' lang='lat'><strong>,</strong></span> 
     </span>
    </p>
   </div>
   <div class='ocr_carea' id='block_1_68' title="bbox 206 3727 1777 3799">
    <p class='ocr_par' dir='ltr' id='par_1_68' title="bbox 206 3727 1777 3799">
     <span class='ocr_line' id='line_1_68' title="bbox 206 3727 1777 3799; baseline 0.003 -22"><span class='ocrx_word' id='word_1_574' title='bbox 206 3731 310 3780; x_wconf 84' lang='lat' dir='ltr'><strong>etin</strong></span> <span class='ocrx_word' id='word_1_575' title='bbox 340 3730 597 3785; x_wconf 86' lang='lat' dir='ltr'><strong>verticem</strong></span> <span class='ocrx_word' id='word_1_576' title='bbox 643 3738 822 3784; x_wconf 88' lang='lat' dir='ltr'><strong>meum</strong></span> <span class='ocrx_word' id='word_1_577' title='bbox 867 3728 1124 3799; x_wconf 87' lang='lat' dir='ltr'><strong>iniquitas</strong></span> <span class='ocrx_word' id='word_1_578' title='bbox 1162 3743 1281 3784; x_wconf 88' lang='lat' dir='ltr'><strong>mea</strong></span> <span class='ocrx_word' id='word_1_579' title='bbox 1320 3727 1623 3784; x_wconf 84' lang='lat' dir='ltr'><strong>descendit.</strong></span> <span class='ocrx_word' id='word_1_580' title='bbox 1672 3727 1777 3783; x_wconf 86' lang='lat' dir='ltr'><strong>lut-</strong></span> 
     </span>
    </p>
   </div>
   <div class='ocr_carea' id='block_1_69' title="bbox 207 3818 1777 3890">
    <p class='ocr_par' dir='ltr' id='par_1_69' title="bbox 207 3818 1777 3890">
     <span class='ocr_line' id='line_1_69' title="bbox 207 3818 1777 3890; baseline 0.003 -20"><span class='ocrx_word' id='word_1_581' title='bbox 207 3818 433 3875; x_wconf 82' lang='lat' dir='ltr'><strong>munditia</strong></span> <span class='ocrx_word' id='word_1_582' title='bbox 461 3836 585 3883; x_wconf 85' lang='lat' dir='ltr'><strong>mea</strong></span> <span class='ocrx_word' id='word_1_583' title='bbox 613 3830 740 3876; x_wconf 86' lang='lat' dir='ltr'><strong>ante</strong></span> <span class='ocrx_word' id='word_1_584' title='bbox 769 3819 937 3890; x_wconf 85' lang='lat' dir='ltr'><strong>pedes</strong></span> <span class='ocrx_word' id='word_1_585' title='bbox 959 3834 1114 3875; x_wconf 89' lang='lat' dir='ltr'><strong>meos</strong></span> <span class='ocrx_word' id='word_1_586' title='bbox 1138 3839 1152 3873; x_wconf 86' lang='lat'>:</span> <span class='ocrx_word' id='word_1_587' title='bbox 1197 3834 1303 3874; x_wconf 90' lang='lat' dir='ltr'><strong>non</strong></span> <span class='ocrx_word' id='word_1_588' title='bbox 1335 3819 1406 3874; x_wconf 81' lang='lat' dir='ltr'><strong>ini</strong></span> <span class='ocrx_word' id='word_1_589' title='bbox 1438 3834 1648 3875; x_wconf 91' lang='lat' dir='ltr'><strong>memor</strong></span> <span class='ocrx_word' id='word_1_590' title='bbox 1679 3834 1777 3874; x_wconf 87' lang='lat' dir='ltr'><strong>no-</strong></span> 
     </span>
    </p>
   </div>
   <div class='ocr_carea' id='block_1_70' title="bbox 208 3911 1781 3984">
    <p class='ocr_par' dir='ltr' id='par_1_70' title="bbox 208 3911 1781 3984">
     <span class='ocr_line' id='line_1_70' title="bbox 208 3911 1781 3984; baseline 0.003 -20"><span class='ocrx_word' id='word_1_591' title='bbox 208 3911 515 3972; x_wconf 81' lang='lat' dir='ltr'><strong>vissitnorum</strong></span> <span class='ocrx_word' id='word_1_592' title='bbox 536 3955 555 3984; x_wconf 89' lang='lat'><strong>,</strong></span> <span class='ocrx_word' id='word_1_593' title='bbox 583 3923 639 3971; x_wconf 91' lang='lat' dir='ltr'><strong>et</strong></span> <span class='ocrx_word' id='word_1_594' title='bbox 662 3913 840 3971; x_wconf 85' lang='lat' dir='ltr'><strong>cecidi</strong></span> <span class='ocrx_word' id='word_1_595' title='bbox 870 3913 1262 3971; x_wconf 83' lang='lat' dir='ltr'><strong>miserabiliter</strong></span> <span class='ocrx_word' id='word_1_596' title='bbox 1303 3912 1480 3983; x_wconf 60' lang='grc' dir='ltr'><strong>(ἕξεσι.</strong></span> <span class='ocrx_word' id='word_1_597' title='bbox 1505 3927 1614 3979; x_wconf 83' lang='lat' dir='ltr'><strong>vn,</strong></span> <span class='ocrx_word' id='word_1_598' title='bbox 1645 3911 1713 3967; x_wconf 82' lang='grc'><strong>15</strong></span> <span class='ocrx_word' id='word_1_599' title='bbox 1732 3920 1781 3971; x_wconf 84' lang='lat' dir='ltr'><strong>et</strong></span> 
     </span>
    </p>
   </div>
   <div class='ocr_carea' id='block_1_71' title="bbox 209 4004 338 4075">
    <p class='ocr_par' dir='ltr' id='par_1_71' title="bbox 209 4004 338 4075">
     <span class='ocr_line' id='line_1_71' title="bbox 209 4004 338 4075; baseline 0.062 -21"><span class='ocrx_word' id='word_1_600' title='bbox 209 4004 338 4075; x_wconf 83' lang='lat' dir='ltr'><strong>seq.).</strong></span> 
     </span>
    </p>
   </div>
   <div class='ocr_carea' id='block_1_72' title="bbox 260 4096 1779 4175">
    <p class='ocr_par' dir='ltr' id='par_1_72' title="bbox 260 4096 1779 4175">
     <span class='ocr_line' id='line_1_72' title="bbox 260 4096 1779 4175; baseline 0.003 -22"><span class='ocrx_word' id='word_1_601' title='bbox 260 4096 339 4156; x_wconf 67' lang='lat' dir='ltr'><strong>l6.</strong></span> <span class='ocrx_word' id='word_1_602' title='bbox 365 4099 479 4159; x_wconf 74' lang='lat' dir='ltr'><strong>Non</strong></span> <span class='ocrx_word' id='word_1_603' title='bbox 504 4113 593 4161; x_wconf 80' lang='lat' dir='ltr'><strong>est</strong></span> <span class='ocrx_word' id='word_1_604' title='bbox 633 4102 727 4175; x_wconf 90' lang='lat' dir='ltr'><strong>qui</strong></span> <span class='ocrx_word' id='word_1_605' title='bbox 766 4101 1079 4158; x_wconf 89' lang='lat' dir='ltr'><strong>consoletur</strong></span> <span class='ocrx_word' id='word_1_606' title='bbox 1114 4116 1221 4158; x_wconf 91' lang='lat' dir='ltr'><strong>me.</strong></span> <span class='ocrx_word' id='word_1_607' title='bbox 1266 4102 1312 4159; x_wconf 87' lang='lat'>0</span> <span class='ocrx_word' id='word_1_608' title='bbox 1341 4117 1503 4173; x_wconf 87' lang='lat' dir='ltr'><strong>quam</strong></span> <span class='ocrx_word' id='word_1_609' title='bbox 1547 4099 1779 4157; x_wconf 87' lang='lat' dir='ltr'><strong>acerbus</strong></span> 
     </span>
    </p>
   </div>
   <div class='ocr_carea' id='block_1_73' title="bbox 210 4184 1776 4265">
    <p class='ocr_par' dir='ltr' id='par_1_73' title="bbox 210 4184 1776 4265">
     <span class='ocr_line' id='line_1_73' title="bbox 210 4184 1776 4265; baseline 0.005 -25"><span class='ocrx_word' id='word_1_610' title='bbox 210 4184 378 4247; x_wconf 80' lang='lat' dir='ltr'><strong>lructtts</strong></span> <span class='ocrx_word' id='word_1_611' title='bbox 423 4194 683 4257; x_wconf 72' lang='lat' dir='ltr'><strong>luxurias!</strong></span> <span class='ocrx_word' id='word_1_612' title='bbox 732 4195 986 4252; x_wconf 78' lang='lat' dir='ltr'><strong>Amarior</strong></span> <span class='ocrx_word' id='word_1_613' title='bbox 1029 4195 1156 4251; x_wconf 76' lang='lat' dir='ltr'><strong>felle</strong></span> <span class='ocrx_word' id='word_1_614' title='bbox 1183 4234 1199 4260; x_wconf 90' lang='lat'><strong>,</strong></span> <span class='ocrx_word' id='word_1_615' title='bbox 1251 4194 1529 4250; x_wconf 89' lang='lat' dir='ltr'><strong>crudelior</strong></span> <span class='ocrx_word' id='word_1_616' title='bbox 1575 4193 1776 4265; x_wconf 88' lang='lat' dir='ltr'><strong>gladio.</strong></span> 
     </span>
    </p>
   </div>
   <div class='ocr_carea' id='block_1_74' title="bbox 209 4279 1779 4353">
    <p class='ocr_par' dir='ltr' id='par_1_74' title="bbox 209 4279 1779 4353">
     <span class='ocr_line' id='line_1_74' title="bbox 209 4279 1779 4353; baseline -0.004 -6"><span class='ocrx_word' id='word_1_617' title='bbox 209 4279 455 4347; x_wconf 74' lang='lat' dir='ltr'><strong>Quomodo</strong></span> <span class='ocrx_word' id='word_1_618' title='bbox 486 4289 628 4347; x_wconf 77' lang='lat' dir='ltr'><strong>facta</strong></span> <span class='ocrx_word' id='word_1_619' title='bbox 644 4304 769 4345; x_wconf 87' lang='lat' dir='ltr'><strong>sum</strong></span> <span class='ocrx_word' id='word_1_620' title='bbox 800 4288 853 4344; x_wconf 88' lang='lat' dir='ltr'><strong>in</strong></span> <span class='ocrx_word' id='word_1_621' title='bbox 882 4287 1325 4347; x_wconf 85' lang='lat' dir='ltr'><strong>desolationem?</strong></span> <span class='ocrx_word' id='word_1_622' title='bbox 1345 4287 1537 4344; x_wconf 80' lang='lat' dir='ltr'><strong>Subito</strong></span> <span class='ocrx_word' id='word_1_623' title='bbox 1566 4284 1744 4341; x_wconf 73' lang='lat' dir='ltr'><strong>deleri</strong></span> <span class='ocrx_word' id='word_1_624' title='bbox 1763 4326 1779 4353; x_wconf 91' lang='lat'><strong>,</strong></span> 
     </span>
    </p>
   </div>
   <div class='ocr_carea' id='block_1_75' title="bbox 212 4374 1783 4453">
    <p class='ocr_par' dir='ltr' id='par_1_75' title="bbox 212 4374 1783 4453">
     <span class='ocr_line' id='line_1_75' title="bbox 212 4374 1783 4453; baseline -0.003 -14"><span class='ocrx_word' id='word_1_625' title='bbox 212 4374 319 4439; x_wconf 73' lang='lat' dir='ltr'><strong>Perii</strong></span> <span class='ocrx_word' id='word_1_626' title='bbox 357 4390 569 4453; x_wconf 78' lang='lat' dir='ltr'><strong>propter</strong></span> <span class='ocrx_word' id='word_1_627' title='bbox 616 4381 962 4452; x_wconf 88' lang='lat' dir='ltr'><strong>iniquitatem</strong></span> <span class='ocrx_word' id='word_1_628' title='bbox 1014 4396 1191 4437; x_wconf 86' lang='lat' dir='ltr'><strong>meam</strong></span> <span class='ocrx_word' id='word_1_629' title='bbox 1234 4378 1262 4418; x_wconf 73' lang='grc' dir='ltr'><strong>(ί</strong></span> <span class='ocrx_word' id='word_1_630' title='bbox 1307 4381 1454 4436; x_wconf 85' lang='lat' dir='ltr'><strong>velut</strong></span> <span class='ocrx_word' id='word_1_631' title='bbox 1505 4396 1536 4435; x_wconf 92' lang='lat' dir='ltr'><strong>e</strong></span> <span class='ocrx_word' id='word_1_632' title='bbox 1588 4393 1783 4434; x_wconf 87' lang='lat' dir='ltr'><strong>somno</strong></span> 
     </span>
    </p>
   </div>
   <div class='ocr_carea' id='block_1_76' title="bbox 211 4472 1784 4547">
    <p class='ocr_par' dir='ltr' id='par_1_76' title="bbox 211 4472 1784 4547">
     <span class='ocr_line' id='line_1_76' title="bbox 211 4472 1784 4547; baseline 0.008 -27"><span class='ocrx_word' id='word_1_633' title='bbox 211 4478 501 4545; x_wconf 63' lang='lat' dir='ltr'><strong>exsurgatis;</strong></span> <span class='ocrx_word' id='word_1_634' title='bbox 548 4473 675 4535; x_wconf 86' lang='lat' dir='ltr'><strong>ideo</strong></span> <span class='ocrx_word' id='word_1_635' title='bbox 720 4473 778 4531; x_wconf 88' lang='lat' dir='ltr'><strong>in</strong></span> <span class='ocrx_word' id='word_1_636' title='bbox 823 4472 1043 4532; x_wconf 85' lang='lat' dir='ltr'><strong>civitate</strong></span> <span class='ocrx_word' id='word_1_637' title='bbox 1087 4473 1304 4547; x_wconf 80' lang='lat' dir='ltr'><strong>Domini</strong></span> <span class='ocrx_word' id='word_1_638' title='bbox 1361 4472 1659 4529; x_wconf 83' lang='lat' dir='ltr'><strong>nullilicata</strong></span> <span class='ocrx_word' id='word_1_639' title='bbox 1698 4482 1784 4537; x_wconf 76' lang='lat' dir='ltr'><strong>est</strong></span> 
     </span>
    </p>
   </div>
   <div class='ocr_carea' id='block_1_77' title="bbox 1872 3263 3334 3341">
    <p class='ocr_par' dir='ltr' id='par_1_77' title="bbox 1872 3263 3334 3341">
     <span class='ocr_line' id='line_1_77' title="bbox 1872 3263 3334 3341; baseline 0.005 -25"><span class='ocrx_word' id='word_1_640' title='bbox 1872 3263 1925 3317; x_wconf 89' lang='lat' dir='ltr'><strong>in</strong></span> <span class='ocrx_word' id='word_1_641' title='bbox 1957 3265 2218 3332; x_wconf 86' lang='lat' dir='ltr'><strong>pulverem</strong></span> <span class='ocrx_word' id='word_1_642' title='bbox 2241 3267 2417 3320; x_wconf 89' lang='lat' dir='ltr'><strong>mortis</strong></span> <span class='ocrx_word' id='word_1_643' title='bbox 2440 3266 2704 3322; x_wconf 85' lang='lat' dir='ltr'><strong>deductus</strong></span> <span class='ocrx_word' id='word_1_644' title='bbox 2733 3283 2850 3322; x_wconf 90' lang='lat' dir='ltr'><strong>sum</strong></span> <span class='ocrx_word' id='word_1_645' title='bbox 2878 3267 3051 3340; x_wconf 86' lang='lat' dir='ltr'><strong>(Psal.</strong></span> <span class='ocrx_word' id='word_1_646' title='bbox 3088 3270 3334 3341; x_wconf 59' lang='lat'><strong>“1,56).</strong></span> 
     </span>
    </p>
   </div>
   <div class='ocr_carea' id='block_1_78' title="bbox 1944 3357 3476 3430">
    <p class='ocr_par' dir='ltr' id='par_1_78' title="bbox 1944 3357 3476 3430">
     <span class='ocr_line' id='line_1_78' title="bbox 1944 3357 3476 3430; baseline 0.005 -21"><span class='ocrx_word' id='word_1_647' title='bbox 1944 3358 2037 3414; x_wconf 77' lang='grc'><strong>49.</strong></span> <span class='ocrx_word' id='word_1_648' title='bbox 2096 3357 2480 3413; x_wconf 84' lang='lat' dir='ltr'><strong>Verumtamen</strong></span> <span class='ocrx_word' id='word_1_649' title='bbox 2530 3360 2782 3415; x_wconf 86' lang='lat' dir='ltr'><strong>clamabo</strong></span> <span class='ocrx_word' id='word_1_650' title='bbox 2832 3360 2898 3416; x_wconf 87' lang='lat' dir='ltr'><strong>ad</strong></span> <span class='ocrx_word' id='word_1_651' title='bbox 2960 3362 3295 3430; x_wconf 89' lang='lat' dir='ltr'><strong>Dominum,</strong></span> <span class='ocrx_word' id='word_1_652' title='bbox 3352 3379 3476 3419; x_wconf 88' lang='lat' dir='ltr'><strong>cum</strong></span> 
     </span>
    </p>
   </div>
   <div class='ocr_carea' id='block_1_79' title="bbox 1875 3448 3480 3529">
    <p class='ocr_par' dir='ltr' id='par_1_79' title="bbox 1875 3448 3480 3529">
     <span class='ocr_line' id='line_1_79' title="bbox 1875 3448 3480 3529; baseline 0.005 -26"><span class='ocrx_word' id='word_1_653' title='bbox 1875 3448 2052 3509; x_wconf 88' lang='lat' dir='ltr'><strong>adhuc</strong></span> <span class='ocrx_word' id='word_1_654' title='bbox 2098 3458 2313 3529; x_wconf 85' lang='lat' dir='ltr'><strong>tempus</strong></span> <span class='ocrx_word' id='word_1_655' title='bbox 2355 3460 2471 3527; x_wconf 78' lang='lat' dir='ltr'><strong>est,</strong></span> <span class='ocrx_word' id='word_1_656' title='bbox 2520 3452 2647 3521; x_wconf 81' lang='lat' dir='ltr'><strong>dum</strong></span> <span class='ocrx_word' id='word_1_657' title='bbox 2692 3452 2853 3522; x_wconf 73' lang='lat' dir='ltr'><strong>datur</strong></span> <span class='ocrx_word' id='word_1_658' title='bbox 2902 3456 3186 3524; x_wconf 84' lang='lat' dir='ltr'><strong>spatium;</strong></span> <span class='ocrx_word' id='word_1_659' title='bbox 3242 3457 3365 3525; x_wconf 90' lang='lat' dir='ltr'><strong>quia</strong></span> <span class='ocrx_word' id='word_1_660' title='bbox 3429 3459 3480 3511; x_wconf 89' lang='lat' dir='ltr'><strong>in</strong></span> 
     </span>
    </p>
   </div>
   <div class='ocr_carea' id='block_1_80' title="bbox 1876 3544 3485 3617">
    <p class='ocr_par' dir='ltr' id='par_1_80' title="bbox 1876 3544 3485 3617">
     <span class='ocr_line' id='line_1_80' title="bbox 1876 3544 3485 3617; baseline 0.003 -23"><span class='ocrx_word' id='word_1_661' title='bbox 1876 3554 2051 3613; x_wconf 76' lang='lat' dir='ltr'><strong>morte</strong></span> <span class='ocrx_word' id='word_1_662' title='bbox 2078 3556 2185 3601; x_wconf 87' lang='lat' dir='ltr'><strong>non</strong></span> <span class='ocrx_word' id='word_1_663' title='bbox 2214 3553 2299 3601; x_wconf 85' lang='lat' dir='ltr'><strong>est</strong></span> <span class='ocrx_word' id='word_1_664' title='bbox 2321 3545 2606 3617; x_wconf 75' lang='lat' dir='ltr'><strong>memoria,</strong></span> <span class='ocrx_word' id='word_1_665' title='bbox 2630 3554 2685 3605; x_wconf 87' lang='lat' dir='ltr'><strong>et</strong></span> <span class='ocrx_word' id='word_1_666' title='bbox 2715 3546 2766 3601; x_wconf 87' lang='lat' dir='ltr'><strong>in</strong></span> <span class='ocrx_word' id='word_1_667' title='bbox 2798 3544 3011 3600; x_wconf 81' lang='lat' dir='ltr'><strong>inferno</strong></span> <span class='ocrx_word' id='word_1_668' title='bbox 3035 3561 3141 3601; x_wconf 90' lang='lat' dir='ltr'><strong>non</strong></span> <span class='ocrx_word' id='word_1_669' title='bbox 3165 3555 3250 3601; x_wconf 90' lang='lat' dir='ltr'><strong>est</strong></span> <span class='ocrx_word' id='word_1_670' title='bbox 3270 3546 3485 3602; x_wconf 81' lang='lat' dir='ltr'><strong>confes-</strong></span> 
     </span>
    </p>
   </div>
   <div class='ocr_carea' id='block_1_81' title="bbox 1877 3626 3485 3710">
    <p class='ocr_par' dir='ltr' id='par_1_81' title="bbox 1877 3626 3485 3710">
     <span class='ocr_line' id='line_1_81' title="bbox 1877 3626 3485 3710; baseline 0.002 -21"><span class='ocrx_word' id='word_1_671' title='bbox 1877 3634 1960 3689; x_wconf 81' lang='lat' dir='ltr'><strong>sio</strong></span> <span class='ocrx_word' id='word_1_672' title='bbox 1987 3651 2000 3688; x_wconf 93' lang='lat'>:</span> <span class='ocrx_word' id='word_1_673' title='bbox 2039 3631 2282 3700; x_wconf 87' lang='lat' dir='ltr'><strong>Domine,</strong></span> <span class='ocrx_word' id='word_1_674' title='bbox 2310 3653 2371 3690; x_wconf 89' lang='lat' dir='ltr'><strong>ne</strong></span> <span class='ocrx_word' id='word_1_675' title='bbox 2392 3638 2445 3691; x_wconf 88' lang='lat' dir='ltr'><strong>in</strong></span> <span class='ocrx_word' id='word_1_676' title='bbox 2474 3639 2554 3693; x_wconf 86' lang='lat' dir='ltr'><strong>ira</strong></span> <span class='ocrx_word' id='word_1_677' title='bbox 2586 3626 2674 3692; x_wconf 79' lang='lat' dir='ltr'><strong>tua</strong></span> <span class='ocrx_word' id='word_1_678' title='bbox 2699 3655 2889 3710; x_wconf 86' lang='lat' dir='ltr'><strong>arguas</strong></span> <span class='ocrx_word' id='word_1_679' title='bbox 2912 3655 3011 3701; x_wconf 89' lang='lat' dir='ltr'><strong>me,</strong></span> <span class='ocrx_word' id='word_1_680' title='bbox 3045 3655 3209 3709; x_wconf 86' lang='lat' dir='ltr'><strong>neque</strong></span> <span class='ocrx_word' id='word_1_681' title='bbox 3229 3641 3283 3692; x_wconf 89' lang='lat' dir='ltr'><strong>in</strong></span> <span class='ocrx_word' id='word_1_682' title='bbox 3307 3639 3485 3708; x_wconf 81' lang='lat' dir='ltr'><strong>furore</strong></span> 
     </span>
    </p>
   </div>
   <div class='ocr_carea' id='block_1_82' title="bbox 1879 3726 3485 3804">
    <p class='ocr_par' dir='ltr' id='par_1_82' title="bbox 1879 3726 3485 3804">
     <span class='ocr_line' id='line_1_82' title="bbox 1879 3726 3485 3804; baseline 0.002 -24"><span class='ocrx_word' id='word_1_683' title='bbox 1879 3736 1966 3781; x_wconf 87' lang='lat' dir='ltr'><strong>tuo</strong></span> <span class='ocrx_word' id='word_1_684' title='bbox 2005 3726 2260 3795; x_wconf 77' lang='lat' dir='ltr'><strong>corripias</strong></span> <span class='ocrx_word' id='word_1_685' title='bbox 2308 3744 2410 3784; x_wconf 90' lang='lat' dir='ltr'><strong>me.</strong></span> <span class='ocrx_word' id='word_1_686' title='bbox 2453 3729 2708 3796; x_wconf 83' lang='lat' dir='ltr'><strong>Quoniam</strong></span> <span class='ocrx_word' id='word_1_687' title='bbox 2743 3731 2949 3804; x_wconf 73' lang='lat' dir='ltr'><strong>sagittae</strong></span> <span class='ocrx_word' id='word_1_688' title='bbox 2997 3740 3101 3784; x_wconf 72' lang='lat' dir='ltr'><strong>true</strong></span> <span class='ocrx_word' id='word_1_689' title='bbox 3145 3730 3322 3800; x_wconf 74' lang='lat' dir='ltr'><strong>inﬁxa:</strong></span> <span class='ocrx_word' id='word_1_690' title='bbox 3363 3741 3485 3784; x_wconf 85' lang='lat' dir='ltr'><strong>sunt</strong></span> 
     </span>
    </p>
   </div>
   <div class='ocr_carea' id='block_1_83' title="bbox 1878 3818 3485 3885">
    <p class='ocr_par' dir='ltr' id='par_1_83' title="bbox 1878 3818 3485 3885">
     <span class='ocr_line' id='line_1_83' title="bbox 1878 3818 3485 3885; baseline 0.003 -14"><span class='ocrx_word' id='word_1_691' title='bbox 1878 3818 2027 3885; x_wconf 80' lang='lat' dir='ltr'><strong>mihi,</strong></span> <span class='ocrx_word' id='word_1_692' title='bbox 2051 3834 2142 3873; x_wconf 86' lang='lat' dir='ltr'><strong>nec</strong></span> <span class='ocrx_word' id='word_1_693' title='bbox 2163 3828 2236 3874; x_wconf 86' lang='lat' dir='ltr'><strong>est</strong></span> <span class='ocrx_word' id='word_1_694' title='bbox 2263 3820 2461 3874; x_wconf 81' lang='lat' dir='ltr'><strong>sanitas</strong></span> <span class='ocrx_word' id='word_1_695' title='bbox 2481 3822 2534 3876; x_wconf 88' lang='lat' dir='ltr'><strong>in</strong></span> <span class='ocrx_word' id='word_1_696' title='bbox 2568 3837 2723 3875; x_wconf 88' lang='lat' dir='ltr'><strong>carne</strong></span> <span class='ocrx_word' id='word_1_697' title='bbox 2753 3838 2862 3875; x_wconf 89' lang='lat' dir='ltr'><strong>mea</strong></span> <span class='ocrx_word' id='word_1_698' title='bbox 2888 3837 2919 3874; x_wconf 90' lang='lat' dir='ltr'><strong>a</strong></span> <span class='ocrx_word' id='word_1_699' title='bbox 2950 3822 3093 3875; x_wconf 86' lang='lat' dir='ltr'><strong>vultu</strong></span> <span class='ocrx_word' id='word_1_700' title='bbox 3110 3823 3202 3875; x_wconf 75' lang='lat' dir='ltr'><strong>irte</strong></span> <span class='ocrx_word' id='word_1_701' title='bbox 3223 3832 3358 3876; x_wconf 64' lang='lat' dir='ltr'><strong>tuae:</strong></span> <span class='ocrx_word' id='word_1_702' title='bbox 3384 3841 3485 3878; x_wconf 89' lang='lat' dir='ltr'><strong>non</strong></span> 
     </span>
    </p>
   </div>
   <div class='ocr_carea' id='block_1_84' title="bbox 1879 3914 3484 3984">
    <p class='ocr_par' dir='ltr' id='par_1_84' title="bbox 1879 3914 3484 3984">
     <span class='ocr_line' id='line_1_84' title="bbox 1879 3914 3484 3984; baseline 0.002 -16"><span class='ocrx_word' id='word_1_703' title='bbox 1879 3923 1954 3968; x_wconf 87' lang='lat' dir='ltr'><strong>est</strong></span> <span class='ocrx_word' id='word_1_704' title='bbox 2003 3928 2107 3983; x_wconf 68' lang='grc' dir='ltr'><strong>γαπ</strong></span> <span class='ocrx_word' id='word_1_705' title='bbox 2155 3914 2357 3968; x_wconf 83' lang='lat' dir='ltr'><strong>ossibus</strong></span> <span class='ocrx_word' id='word_1_706' title='bbox 2402 3916 2529 3969; x_wconf 88' lang='lat' dir='ltr'><strong>meis</strong></span> <span class='ocrx_word' id='word_1_707' title='bbox 2580 3932 2610 3969; x_wconf 90' lang='lat' dir='ltr'><strong>a</strong></span> <span class='ocrx_word' id='word_1_708' title='bbox 2660 3915 2794 3983; x_wconf 78' lang='lat' dir='ltr'><strong>[acie</strong></span> <span class='ocrx_word' id='word_1_709' title='bbox 2843 3928 3175 3984; x_wconf 82' lang='lat' dir='ltr'><strong>peccatorum</strong></span> <span class='ocrx_word' id='word_1_710' title='bbox 3228 3932 3484 3971; x_wconf 72' lang='lat' dir='ltr'><strong>meorum.</strong></span> 
     </span>
    </p>
   </div>
   <div class='ocr_carea' id='block_1_85' title="bbox 1884 4004 3488 4083">
    <p class='ocr_par' dir='ltr' id='par_1_85' title="bbox 1884 4004 3488 4083">
     <span class='ocr_line' id='line_1_85' title="bbox 1884 4004 3488 4083; baseline 0.001 -22"><span class='ocrx_word' id='word_1_711' title='bbox 1884 4007 2145 4075; x_wconf 78' lang='lat' dir='ltr'><strong>Quoniam</strong></span> <span class='ocrx_word' id='word_1_712' title='bbox 2218 4008 2513 4078; x_wconf 85' lang='lat' dir='ltr'><strong>iniquitates</strong></span> <span class='ocrx_word' id='word_1_713' title='bbox 2580 4024 2707 4062; x_wconf 80' lang='lat' dir='ltr'><strong>mete</strong></span> <span class='ocrx_word' id='word_1_714' title='bbox 2753 4004 2780 4043; x_wconf 61' lang='grc' dir='ltr'>δ</span> <span class='ocrx_word' id='word_1_715' title='bbox 2829 4020 3271 4078; x_wconf 82' lang='lat' dir='ltr'><strong>superposuerunt</strong></span> <span class='ocrx_word' id='word_1_716' title='bbox 3336 4019 3488 4083; x_wconf 83' lang='lat' dir='ltr'><strong>caput</strong></span> 
     </span>
    </p>
   </div>
   <div class='ocr_carea' id='block_1_86' title="bbox 1883 4100 3483 4172">
    <p class='ocr_par' dir='ltr' id='par_1_86' title="bbox 1883 4100 3483 4172">
     <span class='ocr_line' id='line_1_86' title="bbox 1883 4100 3483 4172; baseline 0.002 -20"><span class='ocrx_word' id='word_1_717' title='bbox 1883 4115 2097 4168; x_wconf 87' lang='lat' dir='ltr'><strong>meum,</strong></span> <span class='ocrx_word' id='word_1_718' title='bbox 2151 4108 2198 4156; x_wconf 88' lang='lat' dir='ltr'><strong>et</strong></span> <span class='ocrx_word' id='word_1_719' title='bbox 2236 4100 2516 4154; x_wconf 86' lang='lat' dir='ltr'><strong>sicutonus</strong></span> <span class='ocrx_word' id='word_1_720' title='bbox 2556 4115 2713 4172; x_wconf 83' lang='lat' dir='ltr'><strong>graue</strong></span> <span class='ocrx_word' id='word_1_721' title='bbox 2750 4108 2977 4171; x_wconf 71' lang='lat' dir='ltr'><strong>gravata:</strong></span> <span class='ocrx_word' id='word_1_722' title='bbox 3013 4110 3134 4154; x_wconf 87' lang='lat' dir='ltr'><strong>sunt</strong></span> <span class='ocrx_word' id='word_1_723' title='bbox 3188 4118 3342 4172; x_wconf 85' lang='lat' dir='ltr'><strong>super</strong></span> <span class='ocrx_word' id='word_1_724' title='bbox 3382 4118 3483 4155; x_wconf 86' lang='lat' dir='ltr'><strong>me.</strong></span> 
     </span>
    </p>
   </div>
   <div class='ocr_carea' id='block_1_87' title="bbox 1884 4191 3491 4265">
    <p class='ocr_par' dir='ltr' id='par_1_87' title="bbox 1884 4191 3491 4265">
     <span class='ocr_line' id='line_1_87' title="bbox 1884 4191 3491 4265; baseline 0.001 -19"><span class='ocrx_word' id='word_1_725' title='bbox 1884 4191 2322 4265; x_wconf 78' lang='lat' dir='ltr'><strong>Computruerunt</strong></span> <span class='ocrx_word' id='word_1_726' title='bbox 2347 4202 2394 4246; x_wconf 86' lang='lat' dir='ltr'><strong>et</strong></span> <span class='ocrx_word' id='word_1_727' title='bbox 2422 4193 2864 4248; x_wconf 83' lang='lat' dir='ltr'><strong>deteriorarerunt</strong></span> <span class='ocrx_word' id='word_1_728' title='bbox 2886 4194 3154 4249; x_wconf 80' lang='lat' dir='ltr'><strong>cicatrices</strong></span> <span class='ocrx_word' id='word_1_729' title='bbox 3182 4211 3328 4259; x_wconf 76' lang='lat' dir='ltr'><strong>mete,</strong></span> <span class='ocrx_word' id='word_1_730' title='bbox 3360 4212 3389 4248; x_wconf 88' lang='lat' dir='ltr'><strong>a</strong></span> <span class='ocrx_word' id='word_1_731' title='bbox 3412 4197 3491 4265; x_wconf 76' lang='lat' dir='ltr'><strong>{a-</strong></span> 
     </span>
    </p>
   </div>
   <div class='ocr_carea' id='block_1_88' title="bbox 1884 4286 3490 4358">
    <p class='ocr_par' dir='ltr' id='par_1_88' title="bbox 1884 4286 3490 4358">
     <span class='ocr_line' id='line_1_88' title="bbox 1884 4286 3490 4358; baseline 0 -16"><span class='ocrx_word' id='word_1_732' title='bbox 1884 4289 1963 4343; x_wconf 88' lang='lat' dir='ltr'><strong>cie</strong></span> <span class='ocrx_word' id='word_1_733' title='bbox 1983 4289 2301 4358; x_wconf 63' lang='lat' dir='ltr'><strong>insipientia?</strong></span> <span class='ocrx_word' id='word_1_734' title='bbox 2318 4303 2465 4343; x_wconf 76' lang='lat' dir='ltr'><strong>mem.</strong></span> <span class='ocrx_word' id='word_1_735' title='bbox 2503 4286 2738 4345; x_wconf 76' lang='lat' dir='ltr'><strong>Miseriis</strong></span> <span class='ocrx_word' id='word_1_736' title='bbox 2760 4287 2958 4344; x_wconf 86' lang='lat' dir='ltr'><strong>alllieta</strong></span> <span class='ocrx_word' id='word_1_737' title='bbox 2990 4305 3126 4357; x_wconf 85' lang='lat' dir='ltr'><strong>sum,</strong></span> <span class='ocrx_word' id='word_1_738' title='bbox 3176 4301 3220 4344; x_wconf 86' lang='lat' dir='ltr'><strong>et</strong></span> <span class='ocrx_word' id='word_1_739' title='bbox 3272 4298 3490 4344; x_wconf 84' lang='lat' dir='ltr'><strong>curvata</strong></span> 
     </span>
    </p>
   </div>
   <div class='ocr_carea' id='block_1_89' title="bbox 1886 4378 3488 4453">
    <p class='ocr_par' dir='ltr' id='par_1_89' title="bbox 1886 4378 3488 4453">
     <span class='ocr_line' id='line_1_89' title="bbox 1886 4378 3488 4453; baseline 0.001 -18"><span class='ocrx_word' id='word_1_740' title='bbox 1886 4397 2045 4450; x_wconf 82' lang='lat' dir='ltr'><strong>usque</strong></span> <span class='ocrx_word' id='word_1_741' title='bbox 2090 4383 2144 4435; x_wconf 88' lang='lat' dir='ltr'><strong>in</strong></span> <span class='ocrx_word' id='word_1_742' title='bbox 2195 4382 2371 4451; x_wconf 82' lang='lat' dir='ltr'><strong>ﬁnem,</strong></span> <span class='ocrx_word' id='word_1_743' title='bbox 2420 4383 2569 4453; x_wconf 85' lang='lat' dir='ltr'><strong>rugio</strong></span> <span class='ocrx_word' id='word_1_744' title='bbox 2621 4398 2653 4435; x_wconf 89' lang='lat' dir='ltr'><strong>a</strong></span> <span class='ocrx_word' id='word_1_745' title='bbox 2698 4383 2892 4453; x_wconf 87' lang='lat' dir='ltr'><strong>gemitu</strong></span> <span class='ocrx_word' id='word_1_746' title='bbox 2943 4381 3116 4436; x_wconf 84' lang='lat' dir='ltr'><strong>cordis</strong></span> <span class='ocrx_word' id='word_1_747' title='bbox 3174 4382 3271 4437; x_wconf 86' lang='lat' dir='ltr'><strong>mei</strong></span> <span class='ocrx_word' id='word_1_748' title='bbox 3315 4378 3488 4453; x_wconf 87' lang='lat' dir='ltr'><strong>(Psal.</strong></span> 
     </span>
    </p>
   </div>
   <div class='ocr_carea' id='block_1_90' title="bbox 1887 4470 3488 4545">
    <p class='ocr_par' dir='ltr' id='par_1_90' title="bbox 1887 4470 3488 4545">
     <span class='ocr_line' id='line_1_90' title="bbox 1887 4470 3488 4545; baseline -0.002 -16"><span class='ocrx_word' id='word_1_749' title='bbox 1887 4489 2091 4539; x_wconf 72' lang='lat' dir='ltr'><strong>xsxvn,</strong></span> <span class='ocrx_word' id='word_1_750' title='bbox 2120 4474 2174 4541; x_wconf 80' lang='grc'><strong>1,</strong></span> <span class='ocrx_word' id='word_1_751' title='bbox 2205 4474 2284 4545; x_wconf 83' lang='grc'><strong>9).</strong></span> <span class='ocrx_word' id='word_1_752' title='bbox 2320 4470 2421 4531; x_wconf 86' lang='lat' dir='ltr'><strong>Cor</strong></span> <span class='ocrx_word' id='word_1_753' title='bbox 2444 4490 2613 4529; x_wconf 89' lang='lat' dir='ltr'><strong>meum</strong></span> <span class='ocrx_word' id='word_1_754' title='bbox 2644 4474 2909 4529; x_wconf 81' lang='lat' dir='ltr'><strong>turbatum</strong></span> <span class='ocrx_word' id='word_1_755' title='bbox 2931 4484 3005 4529; x_wconf 84' lang='lat' dir='ltr'><strong>est</strong></span> <span class='ocrx_word' id='word_1_756' title='bbox 3032 4477 3170 4528; x_wconf 86' lang='lat' dir='ltr'><strong>intra</strong></span> <span class='ocrx_word' id='word_1_757' title='bbox 3198 4489 3306 4539; x_wconf 88' lang='lat' dir='ltr'><strong>me,</strong></span> <span class='ocrx_word' id='word_1_758' title='bbox 3339 4472 3488 4526; x_wconf 75' lang='lat' dir='ltr'><strong>dere-</strong></span> 
     </span>
    </p>
   </div>
   <div class='ocr_carea' id='block_1_91' title="bbox 270 4630 3493 4717">
    <p class='ocr_par' dir='ltr' id='par_1_91' title="bbox 270 4630 3493 4717">
     <span class='ocr_line' id='line_1_91' title="bbox 270 4630 3493 4717; baseline 0.001 -30"><span class='ocrx_word' id='word_1_759' title='bbox 270 4637 293 4666; x_wconf 75' lang='grc'><strong>⁸</strong></span> <span class='ocrx_word' id='word_1_760' title='bbox 315 4631 518 4717; x_wconf 50' lang='lat' dir='ltr'><strong>Ungues</strong></span> <span class='ocrx_word' id='word_1_761' title='bbox 535 4635 671 4693; x_wconf 89' lang='lat' dir='ltr'><strong>edit.</strong></span> <span class='ocrx_word' id='word_1_762' title='bbox 696 4677 711 4704; x_wconf 93' lang='lat'><strong>,</strong></span> <span class='ocrx_word' id='word_1_763' title='bbox 756 4650 854 4717; x_wconf 82' lang='lat' dir='ltr'><strong>pro</strong></span> <span class='ocrx_word' id='word_1_764' title='bbox 884 4632 1109 4717; x_wconf 70' lang='lat' dir='ltr'><strong>remedio</strong></span> <span class='ocrx_word' id='word_1_765' title='bbox 1137 4633 1448 4717; x_wconf 35' lang='lat' dir='ltr'><strong>animitetua:</strong></span> <span class='ocrx_word' id='word_1_766' title='bbox 1477 4642 1524 4717; x_wconf 86' lang='lat' dir='ltr'><strong>et</strong></span> <span class='ocrx_word' id='word_1_767' title='bbox 1552 4640 1787 4716; x_wconf 78' lang='lat' dir='ltr'><strong>peccato-</strong></span> <span class='ocrx_word' id='word_1_768' title='bbox 1810 4635 1864 4705; x_wconf 85' lang='lat' dir='ltr'><strong>D</strong></span> <span class='ocrx_word' id='word_1_769' title='bbox 1893 4630 2016 4717; x_wconf 46' lang='lat' dir='ltr'><strong>Non</strong></span> <span class='ocrx_word' id='word_1_770' title='bbox 2045 4641 2166 4717; x_wconf 80' lang='lat' dir='ltr'><strong>sunt</strong></span> <span class='ocrx_word' id='word_1_771' title='bbox 2185 4633 2381 4717; x_wconf 67' lang='lat' dir='ltr'><strong>similia</strong></span> <span class='ocrx_word' id='word_1_772' title='bbox 2402 4632 2601 4717; x_wconf 56' lang='lat' dir='ltr'><strong>afensa</strong></span> <span class='ocrx_word' id='word_1_773' title='bbox 2621 4634 2929 4717; x_wconf 73' lang='lat' dir='ltr'><strong>ltontinum;</strong></span> <span class='ocrx_word' id='word_1_774' title='bbox 2958 4634 3362 4717; x_wconf 80' lang='lat' dir='ltr'><strong>quia_ltorribilis</strong></span> <span class='ocrx_word' id='word_1_775' title='bbox 3383 4633 3493 4717; x_wconf 73' lang='lat' dir='ltr'><strong>Ittec</strong></span> 
     </span>
    </p>
   </div>
   <div class='ocr_carea' id='block_1_92' title="bbox 214 4704 1789 4829">
    <p class='ocr_par' dir='ltr' id='par_1_92' title="bbox 214 4704 1789 4829">
     <span class='ocr_line' id='line_1_92' title="bbox 214 4704 1789 4829; baseline -0.003 -65"><span class='ocrx_word' id='word_1_776' title='bbox 214 4704 449 4829; x_wconf 59' lang='grc' dir='ltr'>ἶκιηώειε.</span> <span class='ocrx_word' id='word_1_777' title='bbox 478 4706 681 4787; x_wconf 86' lang='lat' dir='ltr'><strong>Omnes</strong></span> <span class='ocrx_word' id='word_1_778' title='bbox 710 4704 844 4762; x_wconf 72' lang='lat' dir='ltr'><strong>m’ss.</strong></span> <span class='ocrx_word' id='word_1_779' title='bbox 888 4720 1014 4762; x_wconf 91' lang='lat' dir='ltr'><strong>cum</strong></span> <span class='ocrx_word' id='word_1_780' title='bbox 1060 4704 1413 4765; x_wconf 82' lang='lat' dir='ltr'><strong>Pseudoltier.</strong></span> <span class='ocrx_word' id='word_1_781' title='bbox 1457 4715 1511 4761; x_wconf 92' lang='lat' dir='ltr'><strong>ut</strong></span> <span class='ocrx_word' id='word_1_782' title='bbox 1556 4704 1609 4761; x_wconf 89' lang='lat' dir='ltr'><strong>in</strong></span> <span class='ocrx_word' id='word_1_783' title='bbox 1656 4704 1789 4759; x_wconf 82' lang='lat' dir='ltr'><strong>con-</strong></span> 
     </span>
     <span class='ocr_line' id='line_1_93' title="bbox 239 4786 1403 4826; baseline -0.011 -2"><span class='ocrx_word' id='word_1_784' title='bbox 239 4786 289 4825; x_wconf 76' lang='lat' dir='ltr'><strong>es</strong></span> <span class='ocrx_word' id='word_1_785' title='bbox 350 4813 362 4826; x_wconf 94' lang='lat'><strong>.</strong></span> <span class='ocrx_word' id='word_1_786' title='bbox 1398 4806 1403 4811; x_wconf 90' lang='lat'><strong>.</strong></span> 
     </span>
    </p>
   </div>
   <div class='ocr_carea' id='block_1_93' title="bbox 239 4786 1403 4826">
    <p class='ocr_par' dir='ltr' id='par_1_93' title="bbox 239 4786 1403 4826">
     <span class='ocr_line' id='line_1_94' title="bbox 239 4786 1403 4826; baseline 0.003 -2"><span class='ocrx_word' id='word_1_787' title='bbox 239 4786 362 4826; x_wconf 77' lang='lat' dir='ltr'><strong>estu.</strong></span> <span class='ocrx_word' id='word_1_788' title='bbox 1398 4806 1403 4811; x_wconf 92' lang='grc'><strong>·</strong></span> 
     </span>
    </p>
   </div>
   <div class='ocr_carea' id='block_1_94' title="bbox 274 4842 1787 4920">
    <p class='ocr_par' dir='ltr' id='par_1_94' title="bbox 274 4842 1787 4920">
     <span class='ocr_line' id='line_1_95' title="bbox 274 4842 1787 4920; baseline -0.001 -15"><span class='ocrx_word' id='word_1_789' title='bbox 274 4842 296 4882; x_wconf 70' lang='grc' dir='ltr'>δ</span> <span class='ocrx_word' id='word_1_790' title='bbox 322 4846 440 4920; x_wconf 66' lang='lat' dir='ltr'><strong>llas.</strong></span> <span class='ocrx_word' id='word_1_791' title='bbox 491 4851 700 4920; x_wconf 85' lang='lat' dir='ltr'><strong>aliquot</strong></span> <span class='ocrx_word' id='word_1_792' title='bbox 725 4890 742 4917; x_wconf 87' lang='lat'><strong>,</strong></span> <span class='ocrx_word' id='word_1_793' title='bbox 783 4849 1002 4920; x_wconf 70' lang='lat' dir='ltr'><strong>ﬁssurae</strong></span> <span class='ocrx_word' id='word_1_794' title='bbox 1045 4850 1338 4914; x_wconf 87' lang='lat' dir='ltr'><strong>montium;</strong></span> <span class='ocrx_word' id='word_1_795' title='bbox 1385 4846 1631 4920; x_wconf 83' lang='lat' dir='ltr'><strong>Regium.</strong></span> <span class='ocrx_word' id='word_1_796' title='bbox 1664 4862 1787 4903; x_wconf 89' lang='lat' dir='ltr'><strong>cum</strong></span> 
     </span>
    </p>
   </div>
   <div class='ocr_carea' id='block_1_95' title="bbox 216 4910 1781 4993">
    <p class='ocr_par' dir='ltr' id='par_1_95' title="bbox 216 4910 1781 4993">
     <span class='ocr_line' id='line_1_96' title="bbox 216 4910 1781 4993; baseline 0.002 -23"><span class='ocrx_word' id='word_1_797' title='bbox 216 4910 558 4993; x_wconf 50' lang='lat' dir='ltr'><strong>[sanguinem</strong></span> <span class='ocrx_word' id='word_1_798' title='bbox 586 4910 645 4981; x_wconf 75' lang='lat' dir='ltr'><strong>in</strong></span> <span class='ocrx_word' id='word_1_799' title='bbox 670 4910 904 4991; x_wconf 68' lang='lat' dir='ltr'><strong>fossuras</strong></span> <span class='ocrx_word' id='word_1_800' title='bbox 931 4921 1179 4993; x_wconf 82' lang='lat' dir='ltr'><strong>(Pseud.,</strong></span> <span class='ocrx_word' id='word_1_801' title='bbox 1207 4921 1261 4977; x_wconf 89' lang='lat' dir='ltr'><strong>in</strong></span> <span class='ocrx_word' id='word_1_802' title='bbox 1290 4910 1541 4993; x_wconf 54' lang='lat' dir='ltr'><strong>scissura)</strong></span> <span class='ocrx_word' id='word_1_803' title='bbox 1570 4919 1781 4993; x_wconf 77' lang='lat' dir='ltr'><strong>inferni.</strong></span> 
     </span>
    </p>
   </div>
   <div class='ocr_carea' id='block_1_96' title="bbox 216 4980 1744 5059">
    <p class='ocr_par' dir='ltr' id='par_1_96' title="bbox 216 4980 1744 5059">
     <span class='ocr_line' id='line_1_97' title="bbox 216 4980 1744 5059; baseline 0.002 -21"><span class='ocrx_word' id='word_1_804' title='bbox 216 4980 270 5038; x_wconf 78' lang='lat' dir='ltr'><strong>Et</strong></span> <span class='ocrx_word' id='word_1_805' title='bbox 292 4980 417 5045; x_wconf 76' lang='lat' dir='ltr'><strong>inira</strong></span> <span class='ocrx_word' id='word_1_806' title='bbox 446 4980 592 5050; x_wconf 80' lang='lat' dir='ltr'><strong>idem</strong></span> <span class='ocrx_word' id='word_1_807' title='bbox 623 4980 725 5048; x_wconf 64' lang='lat' dir='ltr'><strong>nis.</strong></span> <span class='ocrx_word' id='word_1_808' title='bbox 749 4980 1267 5059; x_wconf 35' lang='lat' dir='ltr'><strong>sdlusfmisérebitur</strong></span> <span class='ocrx_word' id='word_1_809' title='bbox 1288 4980 1571 5053; x_wconf 76' lang='lat' dir='ltr'><strong>sceleribus</strong></span> <span class='ocrx_word' id='word_1_810' title='bbox 1601 4980 1744 5043; x_wconf 79' lang='lat' dir='ltr'><strong>meis.</strong></span> 
     </span>
    </p>
   </div>
   <div class='ocr_carea' id='block_1_97' title="bbox 275 5060 1786 5132">
    <p class='ocr_par' dir='ltr' id='par_1_97' title="bbox 275 5060 1786 5132">
     <span class='ocr_line' id='line_1_98' title="bbox 275 5060 1786 5132; baseline 0 -17"><span class='ocrx_word' id='word_1_811' title='bbox 275 5068 294 5095; x_wconf 72' lang='grc'>⁸</span> <span class='ocrx_word' id='word_1_812' title='bbox 325 5060 380 5115; x_wconf 87' lang='lat' dir='ltr'><strong>Si</strong></span> <span class='ocrx_word' id='word_1_813' title='bbox 397 5061 642 5119; x_wconf 78' lang='lat' dir='ltr'><strong>homo....</strong></span> <span class='ocrx_word' id='word_1_814' title='bbox 667 5065 721 5119; x_wconf 88' lang='lat' dir='ltr'><strong>in</strong></span> <span class='ocrx_word' id='word_1_815' title='bbox 747 5060 1068 5130; x_wconf 86' lang='lat' dir='ltr'><strong>Dominum,</strong></span> <span class='ocrx_word' id='word_1_816' title='bbox 1097 5064 1297 5117; x_wconf 84' lang='lat' dir='ltr'><strong>desunt</strong></span> <span class='ocrx_word' id='word_1_817' title='bbox 1318 5062 1471 5117; x_wconf 65' lang='lat' dir='ltr'><strong>istasc</strong></span> <span class='ocrx_word' id='word_1_818' title='bbox 1501 5076 1786 5132; x_wconf 85' lang='lat' dir='ltr'><strong>propemo-</strong></span> 
     </span>
    </p>
   </div>
   <div class='ocr_carea' id='block_1_98' title="bbox 214 5124 1785 5202">
    <p class='ocr_par' dir='ltr' id='par_1_98' title="bbox 214 5124 1785 5202">
     <span class='ocr_line' id='line_1_99' title="bbox 214 5124 1785 5202; baseline 0.001 -15"><span class='ocrx_word' id='word_1_819' title='bbox 214 5124 321 5187; x_wconf 76' lang='lat' dir='ltr'><strong>dum</strong></span> <span class='ocrx_word' id='word_1_820' title='bbox 343 5134 390 5187; x_wconf 86' lang='lat' dir='ltr'><strong>in</strong></span> <span class='ocrx_word' id='word_1_821' title='bbox 412 5152 564 5202; x_wconf 51' lang='lat' dir='ltr'><strong>mss;</strong></span> <span class='ocrx_word' id='word_1_822' title='bbox 591 5137 643 5195; x_wconf 85' lang='lat' dir='ltr'><strong>in</strong></span> <span class='ocrx_word' id='word_1_823' title='bbox 668 5136 946 5191; x_wconf 84' lang='lat' dir='ltr'><strong>nonnullis</strong></span> <span class='ocrx_word' id='word_1_824' title='bbox 975 5124 1179 5201; x_wconf 80' lang='lat' dir='ltr'><strong>tamen,</strong></span> <span class='ocrx_word' id='word_1_825' title='bbox 1207 5144 1263 5190; x_wconf 87' lang='lat' dir='ltr'><strong>et</strong></span> <span class='ocrx_word' id='word_1_826' title='bbox 1288 5124 1513 5191; x_wconf 62' lang='lat' dir='ltr'><strong>cunctis</strong></span> <span class='ocrx_word' id='word_1_827' title='bbox 1526 5124 1657 5187; x_wconf 78' lang='lat' dir='ltr'><strong>edit.</strong></span> <span class='ocrx_word' id='word_1_828' title='bbox 1683 5147 1785 5189; x_wconf 87' lang='lat' dir='ltr'><strong>nec</strong></span> 
     </span>
    </p>
   </div>
   <div class='ocr_carea' id='block_1_99' title="bbox 216 5206 1244 5274">
    <p class='ocr_par' dir='ltr' id='par_1_99' title="bbox 216 5206 1244 5274">
     <span class='ocr_line' id='line_1_100' title="bbox 216 5206 1244 5274; baseline 0.005 -20"><span class='ocrx_word' id='word_1_829' title='bbox 216 5212 306 5274; x_wconf 76' lang='lat' dir='ltr'><strong>nou</strong></span> <span class='ocrx_word' id='word_1_830' title='bbox 327 5208 458 5274; x_wconf 85' lang='lat' dir='ltr'><strong>apud</strong></span> <span class='ocrx_word' id='word_1_831' title='bbox 483 5206 843 5269; x_wconf 79' lang='lat' dir='ltr'><strong>Pseudobier.</strong></span> <span class='ocrx_word' id='word_1_832' title='bbox 873 5206 1244 5269; x_wconf 81' lang='lat' dir='ltr'><strong>inveniuntur.</strong></span> 
     </span>
    </p>
   </div>
   <div class='ocr_carea' id='block_1_100' title="bbox 273 5264 1787 5349">
    <p class='ocr_par' dir='ltr' id='par_1_100' title="bbox 273 5264 1787 5349">
     <span class='ocr_line' id='line_1_101' title="bbox 273 5264 1787 5349; baseline -0.001 -19"><span class='ocrx_word' id='word_1_833' title='bbox 273 5264 388 5349; x_wconf 9' lang='lat' dir='ltr'><strong>duo“:</strong></span> <span class='ocrx_word' id='word_1_834' title='bbox 411 5264 807 5339; x_wconf 31' lang='lat' dir='ltr'><strong>mss.’omnes:&#39;</strong></span> <span class='ocrx_word' id='word_1_835' title='bbox 848 5279 982 5333; x_wconf 76' lang='lat' dir='ltr'><strong>edit.</strong></span> <span class='ocrx_word' id='word_1_836' title='bbox 1029 5264 1179 5345; x_wconf 78' lang='lat' dir='ltr'><strong>vero,</strong></span> <span class='ocrx_word' id='word_1_837' title='bbox 1213 5285 1268 5345; x_wconf 86' lang='lat' dir='ltr'><strong>et</strong></span> <span class='ocrx_word' id='word_1_838' title='bbox 1314 5273 1617 5349; x_wconf 78' lang='lat' dir='ltr'><strong>Psetulob.,</strong></span> <span class='ocrx_word' id='word_1_839' title='bbox 1650 5276 1787 5349; x_wconf 73' lang='lat' dir='ltr'><strong>velut</strong></span> 
     </span>
    </p>
   </div>
   <div class='ocr_carea' id='block_1_101' title="bbox 218 5340 1783 5420">
    <p class='ocr_par' dir='ltr' id='par_1_101' title="bbox 218 5340 1783 5420">
     <span class='ocr_line' id='line_1_102' title="bbox 218 5340 1783 5420; baseline -0.001 -19"><span class='ocrx_word' id='word_1_840' title='bbox 218 5346 445 5420; x_wconf 55' lang='lat' dir='ltr'><strong>mnium</strong></span> <span class='ocrx_word' id='word_1_841' title='bbox 459 5353 732 5420; x_wconf 81' lang='lat' dir='ltr'><strong>surgentis.</strong></span> <span class='ocrx_word' id='word_1_842' title='bbox 753 5350 816 5405; x_wconf 88' lang='lat' dir='ltr'><strong>Et</strong></span> <span class='ocrx_word' id='word_1_843' title='bbox 841 5349 1093 5417; x_wconf 85' lang='lat' dir='ltr'><strong>sequenti</strong></span> <span class='ocrx_word' id='word_1_844' title='bbox 1120 5340 1281 5408; x_wconf 73' lang='lat' dir='ltr'><strong>versu</strong></span> <span class='ocrx_word' id='word_1_845' title='bbox 1307 5364 1401 5415; x_wconf 79' lang='lat' dir='ltr'><strong>pro</strong></span> <span class='ocrx_word' id='word_1_846' title='bbox 1422 5340 1669 5420; x_wconf 67' lang='lat' dir='ltr'><strong>vili/ierim</strong></span> <span class='ocrx_word' id='word_1_847' title='bbox 1684 5340 1783 5411; x_wconf 75' lang='lat' dir='ltr'><strong>est,</strong></span> 
     </span>
    </p>
   </div>
   <div class='ocr_carea' id='block_1_102' title="bbox 216 5416 1784 5489">
    <p class='ocr_par' dir='ltr' id='par_1_102' title="bbox 216 5416 1784 5489">
     <span class='ocr_line' id='line_1_103' title="bbox 216 5416 1784 5489; baseline 0 -16"><span class='ocrx_word' id='word_1_848' title='bbox 216 5416 341 5489; x_wconf 51' lang='lat' dir='ltr'><strong>qugd</strong></span> <span class='ocrx_word' id='word_1_849' title='bbox 366 5430 478 5475; x_wconf 82' lang='lat' dir='ltr'><strong>erat</strong></span> <span class='ocrx_word' id='word_1_850' title='bbox 498 5416 570 5476; x_wconf 72' lang='grc' dir='ltr'><strong>ιη’</strong></span> <span class='ocrx_word' id='word_1_851' title='bbox 586 5423 839 5477; x_wconf 86' lang='lat' dir='ltr'><strong>omnibus</strong></span> <span class='ocrx_word' id='word_1_852' title='bbox 867 5416 998 5476; x_wconf 89' lang='lat' dir='ltr'><strong>edit.</strong></span> <span class='ocrx_word' id='word_1_853' title='bbox 1030 5431 1086 5476; x_wconf 88' lang='lat' dir='ltr'><strong>et</strong></span> <span class='ocrx_word' id='word_1_854' title='bbox 1113 5435 1243 5474; x_wconf 88' lang='lat' dir='ltr'><strong>mss.</strong></span> <span class='ocrx_word' id='word_1_855' title='bbox 1275 5420 1502 5489; x_wconf 89' lang='lat' dir='ltr'><strong>aliquot,</strong></span> <span class='ocrx_word' id='word_1_856' title='bbox 1531 5418 1623 5472; x_wconf 89' lang='lat' dir='ltr'><strong>alii</strong></span> <span class='ocrx_word' id='word_1_857' title='bbox 1651 5433 1784 5473; x_wconf 88' lang='lat' dir='ltr'><strong>mss.</strong></span> 
     </span>
    </p>
   </div>
   <div class='ocr_carea' id='block_1_103' title="bbox 215 5482 1652 5562">
    <p class='ocr_par' dir='ltr' id='par_1_103' title="bbox 215 5482 1652 5562">
     <span class='ocr_line' id='line_1_104' title="bbox 215 5482 1652 5562; baseline 0.001 -21"><span class='ocrx_word' id='word_1_858' title='bbox 215 5482 470 5562; x_wconf 61' lang='lat' dir='ltr'><strong>exhibent,</strong></span> <span class='ocrx_word' id='word_1_859' title='bbox 497 5494 792 5562; x_wconf 69' lang='lat' dir='ltr'><strong>uulliﬁcata</strong></span> <span class='ocrx_word' id='word_1_860' title='bbox 815 5508 950 5559; x_wconf 77' lang='lat' dir='ltr'><strong>sum,</strong></span> <span class='ocrx_word' id='word_1_861' title='bbox 981 5492 1175 5561; x_wconf 86' lang='lat' dir='ltr'><strong>partim</strong></span> <span class='ocrx_word' id='word_1_862' title='bbox 1200 5498 1258 5546; x_wconf 88' lang='lat' dir='ltr'><strong>ut</strong></span> <span class='ocrx_word' id='word_1_863' title='bbox 1287 5492 1340 5545; x_wconf 87' lang='lat' dir='ltr'><strong>in</strong></span> <span class='ocrx_word' id='word_1_864' title='bbox 1367 5482 1652 5557; x_wconf 77' lang='lat' dir='ltr'><strong>contextu.</strong></span> 
     </span>
    </p>
   </div>
   <div class='ocr_carea' id='block_1_104' title="bbox 278 5557 1784 5637">
    <p class='ocr_par' dir='ltr' id='par_1_104' title="bbox 278 5557 1784 5637">
     <span class='ocr_line' id='line_1_105' title="bbox 278 5557 1784 5637; baseline -0.005 -15"><span class='ocrx_word' id='word_1_865' title='bbox 278 5557 511 5637; x_wconf 48' lang='lat' dir='ltr'><strong>{Omnes</strong></span> <span class='ocrx_word' id='word_1_866' title='bbox 534 5557 676 5637; x_wconf 55' lang='lat' dir='ltr'><strong>tedii.</strong></span> <span class='ocrx_word' id='word_1_867' title='bbox 710 5580 835 5621; x_wconf 89' lang='lat' dir='ltr'><strong>cum</strong></span> <span class='ocrx_word' id='word_1_868' title='bbox 876 5557 1010 5637; x_wconf 71' lang='lat' dir='ltr'><strong>mss.</strong></span> <span class='ocrx_word' id='word_1_869' title='bbox 1046 5563 1271 5637; x_wconf 74' lang='lat' dir='ltr'><strong>aliquot,</strong></span> <span class='ocrx_word' id='word_1_870' title='bbox 1308 5571 1365 5637; x_wconf 69' lang='lat' dir='ltr'><strong>et</strong></span> <span class='ocrx_word' id='word_1_871' title='bbox 1402 5562 1784 5637; x_wconf 50' lang='lat' dir='ltr'><strong>Psepdohier&quot;</strong></span> 
     </span>
    </p>
   </div>
   <div class='ocr_carea' id='block_1_105' title="bbox 218 5571 1788 5717">
    <p class='ocr_par' dir='ltr' id='par_1_105' title="bbox 218 5571 1788 5717">
     <span class='ocr_line' id='line_1_106' title="bbox 278 5571 1784 5637; baseline 0.001 -23"><span class='ocrx_word' id='word_1_872' title='bbox 278 5571 511 5619; x_wconf 69' lang='grc' dir='ltr'>ευιιιιιεε</span> <span class='ocrx_word' id='word_1_873' title='bbox 544 5571 676 5633; x_wconf 74' lang='lat' dir='ltr'><strong>edit.</strong></span> <span class='ocrx_word' id='word_1_874' title='bbox 710 5580 835 5621; x_wconf 89' lang='lat' dir='ltr'><strong>cum</strong></span> <span class='ocrx_word' id='word_1_875' title='bbox 876 5578 1010 5637; x_wconf 73' lang='lat' dir='ltr'><strong>mss.</strong></span> <span class='ocrx_word' id='word_1_876' title='bbox 1046 5571 1271 5637; x_wconf 72' lang='lat' dir='ltr'><strong>aliquot,</strong></span> <span class='ocrx_word' id='word_1_877' title='bbox 1308 5577 1338 5618; x_wconf 90' lang='lat' dir='ltr'><strong>e</strong></span> <span class='ocrx_word' id='word_1_878' title='bbox 1402 5571 1784 5637; x_wconf 36' lang='lat' dir='ltr'><strong>t’seudolttern</strong></span> 
     </span>
     <span class='ocr_line' id='line_1_107' title="bbox 218 5571 1788 5717; baseline 0 0"><span class='ocrx_word' id='word_1_879' title='bbox 218 5630 479 5717; x_wconf 60' lang='grc' dir='ltr'><strong>[πεξίηιειεε</strong></span> <span class='ocrx_word' id='word_1_880' title='bbox 503 5634 689 5717; x_wconf 61' lang='lat' dir='ltr'><strong>(89m:</strong></span> <span class='ocrx_word' id='word_1_881' title='bbox 717 5651 774 5696; x_wconf 74' lang='grc' dir='ltr'><strong>ει</strong></span> <span class='ocrx_word' id='word_1_882' title='bbox 799 5636 1059 5717; x_wconf 50' lang='lat' dir='ltr'><strong>Penda».</strong></span> <span class='ocrx_word' id='word_1_883' title='bbox 1077 5571 1365 5717; x_wconf 61' lang='lat' dir='ltr'><strong>i&#39;ttslieertl</strong></span> <span class='ocrx_word' id='word_1_884' title='bbox 1383 5646 1557 5713; x_wconf 64' lang='grc' dir='ltr'><strong>αεετεςε</strong></span> <span class='ocrx_word' id='word_1_885' title='bbox 1578 5634 1753 5717; x_wconf 50' lang='lat' dir='ltr'><strong>seu&quot;?!</strong></span> <span class='ocrx_word' id='word_1_886' title='bbox 1766 5649 1788 5702; x_wconf 66' lang='grc' dir='ltr'><strong><em>ί</em></strong></span> 
     </span>
    </p>
   </div>
   <div class='ocr_carea' id='block_1_106' title="bbox 218 5698 1241 5779">
    <p class='ocr_par' dir='ltr' id='par_1_106' title="bbox 218 5698 1241 5779">
     <span class='ocr_line' id='line_1_108' title="bbox 218 5698 1241 5779; baseline 0.003 -18"><span class='ocrx_word' id='word_1_887' title='bbox 218 5698 307 5779; x_wconf 60' lang='lat' dir='ltr'><strong>alii</strong></span> <span class='ocrx_word' id='word_1_888' title='bbox 326 5698 762 5779; x_wconf 48' lang='lat' dir='ltr'><strong>tia&#39;gtto‘itiim&#39;ero</strong></span> <span class='ocrx_word' id='word_1_889' title='bbox 782 5722 843 5767; x_wconf 86' lang='lat' dir='ltr'><strong>ut</strong></span> <span class='ocrx_word' id='word_1_890' title='bbox 867 5710 927 5766; x_wconf 83' lang='lat' dir='ltr'><strong>in</strong></span> <span class='ocrx_word' id='word_1_891' title='bbox 955 5698 1149 5766; x_wconf 68' lang='lat' dir='ltr'><strong>textu.&quot;</strong></span> <span class='ocrx_word' id='word_1_892' title='bbox 1216 5706 1241 5717; x_wconf 84' lang='grc'><em>”</em></span> 
     </span>
    </p>
   </div>
   <div class='ocr_carea' id='block_1_107' title="bbox 221 5770 1783 5865">
    <p class='ocr_par' dir='ltr' id='par_1_107' title="bbox 221 5770 1783 5865">
     <span class='ocr_line' id='line_1_109' title="bbox 221 5770 1783 5865; baseline -0.008 -18"><span class='ocrx_word' id='word_1_893' title='bbox 221 5770 307 5847; x_wconf 64' lang='lat' dir='ltr'><strong>LJ</strong></span> <span class='ocrx_word' id='word_1_894' title='bbox 340 5770 453 5843; x_wconf 71' lang='grc' dir='ltr'><strong>Υοῖ.</strong></span> <span class='ocrx_word' id='word_1_895' title='bbox 481 5779 618 5863; x_wconf 74' lang='lat' dir='ltr'><strong>edit.</strong></span> <span class='ocrx_word' id='word_1_896' title='bbox 652 5781 829 5855; x_wconf 68' lang='lat' dir='ltr'><strong>leum</strong></span> <span class='ocrx_word' id='word_1_897' title='bbox 854 5784 932 5839; x_wconf 80' lang='lat' dir='ltr'><strong>cit</strong></span> <span class='ocrx_word' id='word_1_898' title='bbox 954 5789 1244 5865; x_wconf 78' lang='lat' dir='ltr'><strong>peccatum,</strong></span> <span class='ocrx_word' id='word_1_899' title='bbox 1270 5788 1385 5861; x_wconf 80' lang='lat' dir='ltr'><strong>mea</strong></span> <span class='ocrx_word' id='word_1_900' title='bbox 1421 5779 1783 5855; x_wconf 82' lang='lat' dir='ltr'><strong>est_iniquitas.</strong></span> 
     </span>
    </p>
   </div>
   <div class='ocr_carea' id='block_1_108' title="bbox 1891 4705 3494 4778">
    <p class='ocr_par' dir='ltr' id='par_1_108' title="bbox 1891 4705 3494 4778">
     <span class='ocr_line' id='line_1_110' title="bbox 1891 4705 3494 4778; baseline 0.001 -20"><span class='ocrx_word' id='word_1_901' title='bbox 1891 4705 2124 4776; x_wconf 83' lang='lat' dir='ltr'><strong>impietas</strong></span> <span class='ocrx_word' id='word_1_902' title='bbox 2141 4714 2214 4759; x_wconf 84' lang='lat' dir='ltr'><strong>est</strong></span> <span class='ocrx_word' id='word_1_903' title='bbox 2238 4748 2251 4767; x_wconf 81' lang='lat'><strong>,</strong></span> <span class='ocrx_word' id='word_1_904' title='bbox 2292 4722 2445 4778; x_wconf 81' lang='lat' dir='ltr'><strong>carne</strong></span> <span class='ocrx_word' id='word_1_905' title='bbox 2469 4708 2702 4775; x_wconf 84' lang='lat' dir='ltr'><strong>pollicita</strong></span> <span class='ocrx_word' id='word_1_906' title='bbox 2732 4724 2944 4778; x_wconf 71' lang='lat' dir='ltr'><strong>seruare</strong></span> <span class='ocrx_word' id='word_1_907' title='bbox 2961 4709 3208 4778; x_wconf 79' lang='lat' dir='ltr'><strong>uirginem</strong></span> <span class='ocrx_word' id='word_1_908' title='bbox 3230 4748 3246 4774; x_wconf 91' lang='lat'><strong>,</strong></span> <span class='ocrx_word' id='word_1_909' title='bbox 3272 4718 3318 4760; x_wconf 87' lang='lat' dir='ltr'><strong>et</strong></span> <span class='ocrx_word' id='word_1_910' title='bbox 3340 4709 3494 4775; x_wconf 75' lang='lat' dir='ltr'><strong>casti-</strong></span> 
     </span>
    </p>
   </div>
   <div class='ocr_carea' id='block_1_109' title="bbox 1889 4774 3492 4848">
    <p class='ocr_par' dir='ltr' id='par_1_109' title="bbox 1889 4774 3492 4848">
     <span class='ocr_line' id='line_1_111' title="bbox 1889 4774 3492 4848; baseline -0.001 -18"><span class='ocrx_word' id='word_1_911' title='bbox 1889 4774 2044 4830; x_wconf 81' lang='lat' dir='ltr'><strong>tatem</strong></span> <span class='ocrx_word' id='word_1_912' title='bbox 2065 4777 2301 4848; x_wconf 81' lang='lat' dir='ltr'><strong>professa</strong></span> <span class='ocrx_word' id='word_1_913' title='bbox 2318 4774 2524 4845; x_wconf 79' lang='lat' dir='ltr'><strong>publica</strong></span> <span class='ocrx_word' id='word_1_914' title='bbox 2554 4782 2767 4843; x_wconf 77' lang='lat' dir='ltr'><strong>mentita</strong></span> <span class='ocrx_word' id='word_1_915' title='bbox 2795 4796 2908 4832; x_wconf 87' lang='lat' dir='ltr'><strong>sum</strong></span> <span class='ocrx_word' id='word_1_916' title='bbox 2923 4774 3231 4833; x_wconf 66' lang='grc' dir='ltr'><strong>Πεοῖιὶοιιι.</strong></span> <span class='ocrx_word' id='word_1_917' title='bbox 3258 4780 3385 4833; x_wconf 85' lang='lat' dir='ltr'><strong>edit.</strong></span> <span class='ocrx_word' id='word_1_918' title='bbox 3406 4818 3492 4844; x_wconf 87' lang='lat'><strong>,...</strong></span> 
     </span>
    </p>
   </div>
   <div class='ocr_carea' id='block_1_110' title="bbox 1890 4849 3492 4921">
    <p class='ocr_par' dir='ltr' id='par_1_110' title="bbox 1890 4849 3492 4921">
     <span class='ocr_line' id='line_1_112' title="bbox 1890 4849 3492 4921; baseline 0.002 -20"><span class='ocrx_word' id='word_1_919' title='bbox 1890 4863 2046 4921; x_wconf 75' lang='lat' dir='ltr'><strong>carne</strong></span> <span class='ocrx_word' id='word_1_920' title='bbox 2074 4849 2324 4921; x_wconf 60' lang='lat' dir='ltr'><strong>polluere</strong></span> <span class='ocrx_word' id='word_1_921' title='bbox 2345 4850 2693 4920; x_wconf 80' lang='lat' dir='ltr'><strong>uirginitatem</strong></span> <span class='ocrx_word' id='word_1_922' title='bbox 2721 4892 2736 4913; x_wconf 93' lang='lat'><strong>,</strong></span> <span class='ocrx_word' id='word_1_923' title='bbox 2789 4861 2833 4904; x_wconf 90' lang='lat' dir='ltr'><strong>et</strong></span> <span class='ocrx_word' id='word_1_924' title='bbox 2873 4852 3161 4905; x_wconf 85' lang='lat' dir='ltr'><strong>castitatem</strong></span> <span class='ocrx_word' id='word_1_925' title='bbox 3207 4854 3492 4921; x_wconf 78' lang='lat' dir='ltr'><strong>professum</strong></span> 
     </span>
    </p>
   </div>
   <div class='ocr_carea' id='block_1_111' title="bbox 1890 4917 3489 4987">
    <p class='ocr_par' dir='ltr' id='par_1_111' title="bbox 1890 4917 3489 4987">
     <span class='ocr_line' id='line_1_113' title="bbox 1890 4917 3489 4987; baseline 0.003 -16"><span class='ocrx_word' id='word_1_926' title='bbox 1890 4917 2114 4987; x_wconf 78' lang='lat' dir='ltr'><strong>publice,</strong></span> <span class='ocrx_word' id='word_1_927' title='bbox 2146 4928 2252 4972; x_wconf 92' lang='lat' dir='ltr'><strong>etc.</strong></span> <span class='ocrx_word' id='word_1_928' title='bbox 2281 4918 2408 4975; x_wconf 81' lang='lat' dir='ltr'><strong>Mss.</strong></span> <span class='ocrx_word' id='word_1_929' title='bbox 2427 4917 2555 4973; x_wconf 72' lang='lat' dir='ltr'><strong>vero</strong></span> <span class='ocrx_word' id='word_1_930' title='bbox 2579 4922 2628 4974; x_wconf 91' lang='lat' dir='ltr'><strong>in</strong></span> <span class='ocrx_word' id='word_1_931' title='bbox 2655 4920 2942 4976; x_wconf 82' lang='lat' dir='ltr'><strong>lectionem</strong></span> <span class='ocrx_word' id='word_1_932' title='bbox 2966 4917 3215 4976; x_wconf 81' lang='lat' dir='ltr'><strong>nostram</strong></span> <span class='ocrx_word' id='word_1_933' title='bbox 3254 4917 3489 4976; x_wconf 74' lang='lat' dir='ltr'><strong>consmi-</strong></span> 
     </span>
    </p>
   </div>
   <div class='ocr_carea' id='block_1_112' title="bbox 1891 4989 3488 5061">
    <p class='ocr_par' dir='ltr' id='par_1_112' title="bbox 1891 4989 3488 5061">
     <span class='ocr_line' id='line_1_114' title="bbox 1891 4989 3488 5061; baseline 0.003 -18"><span class='ocrx_word' id='word_1_934' title='bbox 1891 4991 2031 5048; x_wconf 87' lang='lat' dir='ltr'><strong>tiunt</strong></span> <span class='ocrx_word' id='word_1_935' title='bbox 2060 4990 2159 5044; x_wconf 63' lang='lat' dir='ltr'><strong>nisi</strong></span> <span class='ocrx_word' id='word_1_936' title='bbox 2192 4989 2333 5057; x_wconf 83' lang='lat' dir='ltr'><strong>quod</strong></span> <span class='ocrx_word' id='word_1_937' title='bbox 2359 5005 2455 5061; x_wconf 86' lang='lat' dir='ltr'><strong>pro</strong></span> <span class='ocrx_word' id='word_1_938' title='bbox 2483 5008 2691 5046; x_wconf 86' lang='lat' dir='ltr'><strong>carnem</strong></span> <span class='ocrx_word' id='word_1_939' title='bbox 2720 4992 2956 5061; x_wconf 81' lang='lat' dir='ltr'><strong>pollicita</strong></span> <span class='ocrx_word' id='word_1_940' title='bbox 2982 5034 2996 5059; x_wconf 87' lang='lat'><strong>,</strong></span> <span class='ocrx_word' id='word_1_941' title='bbox 3028 4994 3133 5051; x_wconf 81' lang='lat' dir='ltr'><strong>duo</strong></span> <span class='ocrx_word' id='word_1_942' title='bbox 3158 4993 3447 5060; x_wconf 82' lang='lat' dir='ltr'><strong>pra-lerunt</strong></span> <span class='ocrx_word' id='word_1_943' title='bbox 3473 5034 3488 5059; x_wconf 84' lang='lat'><strong>,</strong></span> 
     </span>
    </p>
   </div>
   <div class='ocr_carea' id='block_1_113' title="bbox 1894 5061 3490 5137">
    <p class='ocr_par' dir='ltr' id='par_1_113' title="bbox 1894 5061 3490 5137">
     <span class='ocr_line' id='line_1_115' title="bbox 1894 5061 3490 5137; baseline 0.002 -23"><span class='ocrx_word' id='word_1_944' title='bbox 1894 5077 2099 5127; x_wconf 78' lang='lat' dir='ltr'><strong>carnem</strong></span> <span class='ocrx_word' id='word_1_945' title='bbox 2129 5061 2410 5137; x_wconf 76' lang='lat' dir='ltr'><strong>pollutam,</strong></span> <span class='ocrx_word' id='word_1_946' title='bbox 2435 5078 2595 5128; x_wconf 86' lang='lat' dir='ltr'><strong>unus,</strong></span> <span class='ocrx_word' id='word_1_947' title='bbox 2622 5080 2775 5137; x_wconf 81' lang='lat' dir='ltr'><strong>carne</strong></span> <span class='ocrx_word' id='word_1_948' title='bbox 2804 5064 3022 5137; x_wconf 78' lang='lat' dir='ltr'><strong>polluta,</strong></span> <span class='ocrx_word' id='word_1_949' title='bbox 3058 5065 3193 5121; x_wconf 85' lang='lat' dir='ltr'><strong>alius</strong></span> <span class='ocrx_word' id='word_1_950' title='bbox 3223 5065 3457 5135; x_wconf 69' lang='lat' dir='ltr'><strong>denique</strong></span> <span class='ocrx_word' id='word_1_951' title='bbox 3476 5107 3490 5130; x_wconf 88' lang='lat'><strong>,</strong></span> 
     </span>
    </p>
   </div>
   <div class='ocr_carea' id='block_1_114' title="bbox 1891 5132 3495 5206">
    <p class='ocr_par' dir='ltr' id='par_1_114' title="bbox 1891 5132 3495 5206">
     <span class='ocr_line' id='line_1_116' title="bbox 1891 5132 3495 5206; baseline 0.004 -21"><span class='ocrx_word' id='word_1_952' title='bbox 1891 5132 2452 5206; x_wconf 51' lang='lat' dir='ltr'><strong>carueritpollicitam;</strong></span> <span class='ocrx_word' id='word_1_953' title='bbox 2480 5148 2599 5202; x_wconf 66' lang='lat' dir='ltr'><strong>quae</strong></span> <span class='ocrx_word' id='word_1_954' title='bbox 2640 5132 2997 5203; x_wconf 77' lang='lat' dir='ltr'><strong>scriptoribus</strong></span> <span class='ocrx_word' id='word_1_955' title='bbox 3028 5137 3338 5206; x_wconf 83' lang='lat' dir='ltr'><strong>imputanda</strong></span> <span class='ocrx_word' id='word_1_956' title='bbox 3372 5132 3495 5192; x_wconf 77' lang='lat' dir='ltr'><strong>esse</strong></span> 
     </span>
    </p>
   </div>
   <div class='ocr_carea' id='block_1_115' title="bbox 1892 5202 3493 5277">
    <p class='ocr_par' dir='ltr' id='par_1_115' title="bbox 1892 5202 3493 5277">
     <span class='ocr_line' id='line_1_117' title="bbox 1892 5202 3493 5277; baseline 0.003 -19"><span class='ocrx_word' id='word_1_957' title='bbox 1892 5202 2177 5277; x_wconf 62' lang='lat' dir='ltr'><strong>noui/idet</strong></span> <span class='ocrx_word' id='word_1_958' title='bbox 2202 5220 2381 5258; x_wconf 87' lang='lat' dir='ltr'><strong>nemo.</strong></span> <span class='ocrx_word' id='word_1_959' title='bbox 2415 5204 2616 5260; x_wconf 88' lang='lat' dir='ltr'><strong>lterum</strong></span> <span class='ocrx_word' id='word_1_960' title='bbox 2641 5202 2954 5275; x_wconf 76' lang='lat' dir='ltr'><strong>expressam</strong></span> <span class='ocrx_word' id='word_1_961' title='bbox 2987 5202 3200 5276; x_wconf 85' lang='lat' dir='ltr'><strong>publice</strong></span> <span class='ocrx_word' id='word_1_962' title='bbox 3235 5206 3493 5277; x_wconf 67' lang='lat' dir='ltr'><strong>professa-</strong></span> 
     </span>
    </p>
   </div>
   <div class='ocr_carea' id='block_1_116' title="bbox 1893 5274 3043 5345">
    <p class='ocr_par' dir='ltr' id='par_1_116' title="bbox 1893 5274 3043 5345">
     <span class='ocr_line' id='line_1_118' title="bbox 1893 5274 3043 5345; baseline 0.003 -17"><span class='ocrx_word' id='word_1_963' title='bbox 1893 5274 2219 5345; x_wconf 76' lang='lat' dir='ltr'><strong>virginitatis</strong></span> <span class='ocrx_word' id='word_1_964' title='bbox 2250 5276 2578 5345; x_wconf 80' lang='lat' dir='ltr'><strong>mentionem</strong></span> <span class='ocrx_word' id='word_1_965' title='bbox 2608 5274 2867 5332; x_wconf 77' lang='lat' dir='ltr'><strong>observes</strong></span> <span class='ocrx_word' id='word_1_966' title='bbox 2895 5274 3043 5332; x_wconf 79' lang='lat' dir='ltr'><strong>licet.</strong></span> 
     </span>
    </p>
   </div>
   <div class='ocr_carea' id='block_1_117' title="bbox 1967 5334 3496 5420">
    <p class='ocr_par' dir='ltr' id='par_1_117' title="bbox 1967 5334 3496 5420">
     <span class='ocr_line' id='line_1_119' title="bbox 1967 5334 3496 5420; baseline 0.003 -21"><span class='ocrx_word' id='word_1_967' title='bbox 1967 5334 2203 5420; x_wconf 48' lang='lat' dir='ltr'><strong>{Codex</strong></span> <span class='ocrx_word' id='word_1_968' title='bbox 2260 5334 2543 5420; x_wconf 48' lang='lat' dir='ltr'><strong>Regium”</strong></span> <span class='ocrx_word' id='word_1_969' title='bbox 2593 5365 2649 5420; x_wconf 77' lang='lat' dir='ltr'><strong>as</strong></span> <span class='ocrx_word' id='word_1_970' title='bbox 2697 5349 3012 5418; x_wconf 84' lang='lat' dir='ltr'><strong>loquentium</strong></span> <span class='ocrx_word' id='word_1_971' title='bbox 3051 5351 3243 5420; x_wconf 88' lang='lat' dir='ltr'><strong>iniqua.</strong></span> <span class='ocrx_word' id='word_1_972' title='bbox 3291 5350 3496 5413; x_wconf 73' lang='lat' dir='ltr'><strong>Rursus</strong></span> 
     </span>
    </p>
   </div>
   <div class='ocr_carea' id='block_1_118' title="bbox 1896 5418 3495 5503">
    <p class='ocr_par' dir='ltr' id='par_1_118' title="bbox 1896 5418 3495 5503">
     <span class='ocr_line' id='line_1_120' title="bbox 1896 5418 3495 5503; baseline 0.001 -29"><span class='ocrx_word' id='word_1_973' title='bbox 1896 5432 2025 5474; x_wconf 63' lang='lat' dir='ltr'><strong>vero</strong></span> <span class='ocrx_word' id='word_1_974' title='bbox 2055 5418 2141 5473; x_wconf 92' lang='lat' dir='ltr'><strong>ubi</strong></span> <span class='ocrx_word' id='word_1_975' title='bbox 2174 5419 2524 5503; x_wconf 70' lang='lat' dir='ltr'><strong>clunesedit.</strong></span> <span class='ocrx_word' id='word_1_976' title='bbox 2553 5418 2783 5503; x_wconf 43' lang='lat' dir='ltr'><strong>rid-{tamn</strong></span> <span class='ocrx_word' id='word_1_977' title='bbox 2814 5421 3007 5503; x_wconf 42' lang='lat' dir='ltr'><strong>lanima</strong></span> <span class='ocrx_word' id='word_1_978' title='bbox 3044 5418 3277 5503; x_wconf 65' lang='lat' dir='ltr'><strong>{auribus</strong></span> <span class='ocrx_word' id='word_1_979' title='bbox 3328 5422 3495 5488; x_wconf 78' lang='lat' dir='ltr'><strong>meis;</strong></span> 
     </span>
    </p>
   </div>
   <div class='ocr_carea' id='block_1_119' title="bbox 1896 5490 3490 5561">
    <p class='ocr_par' dir='ltr' id='par_1_119' title="bbox 1896 5490 3490 5561">
     <span class='ocr_line' id='line_1_121' title="bbox 1896 5490 3490 5561; baseline 0.002 -17"><span class='ocrx_word' id='word_1_980' title='bbox 1896 5504 2085 5547; x_wconf 85' lang='lat' dir='ltr'><strong>omnes</strong></span> <span class='ocrx_word' id='word_1_981' title='bbox 2108 5490 2535 5545; x_wconf 80' lang='lat' dir='ltr'><strong>mss.exbibeut.</strong></span> <span class='ocrx_word' id='word_1_982' title='bbox 2552 5490 2784 5543; x_wconf 77' lang='lat' dir='ltr'><strong>Adhwsit</strong></span> <span class='ocrx_word' id='word_1_983' title='bbox 2808 5491 2988 5561; x_wconf 82' lang='lat' dir='ltr'><strong>lingua</strong></span> <span class='ocrx_word' id='word_1_984' title='bbox 3012 5490 3144 5557; x_wconf 68' lang='lat' dir='ltr'><strong>inea,</strong></span> <span class='ocrx_word' id='word_1_985' title='bbox 3174 5506 3306 5558; x_wconf 78' lang='lat' dir='ltr'><strong>clc.;</strong></span> <span class='ocrx_word' id='word_1_986' title='bbox 3332 5510 3490 5561; x_wconf 81' lang='lat' dir='ltr'><strong>quam</strong></span> 
     </span>
    </p>
   </div>
   <div class='ocr_carea' id='block_1_120' title="bbox 1894 5563 3497 5637">
    <p class='ocr_par' dir='ltr' id='par_1_120' title="bbox 1894 5563 3497 5637">
     <span class='ocr_line' id='line_1_122' title="bbox 1894 5563 3497 5637; baseline 0.002 -20"><span class='ocrx_word' id='word_1_987' title='bbox 1894 5564 2114 5634; x_wconf 76' lang='lat' dir='ltr'><strong>quidem</strong></span> <span class='ocrx_word' id='word_1_988' title='bbox 2146 5564 2435 5621; x_wconf 87' lang='lat' dir='ltr'><strong>lectionem</strong></span> <span class='ocrx_word' id='word_1_989' title='bbox 2465 5563 2760 5632; x_wconf 79' lang='lat' dir='ltr'><strong>Scripturae</strong></span> <span class='ocrx_word' id='word_1_990' title='bbox 2786 5571 2984 5630; x_wconf 87' lang='lat' dir='ltr'><strong>textus,</strong></span> <span class='ocrx_word' id='word_1_991' title='bbox 3008 5580 3305 5637; x_wconf 80' lang='lat' dir='ltr'><strong>omnesque</strong></span> <span class='ocrx_word' id='word_1_992' title='bbox 3328 5566 3497 5636; x_wconf 78' lang='lat' dir='ltr'><strong>ipsius</strong></span> 
     </span>
    </p>
   </div>
   <div class='ocr_carea' id='block_1_121' title="bbox 1898 5636 2975 5707">
    <p class='ocr_par' dir='ltr' id='par_1_121' title="bbox 1898 5636 2975 5707">
     <span class='ocr_line' id='line_1_123' title="bbox 1898 5636 2975 5707; baseline 0.003 -17"><span class='ocrx_word' id='word_1_993' title='bbox 1898 5636 2177 5707; x_wconf 69' lang='lat' dir='ltr'><strong>v&#39;prsignes</strong></span> <span class='ocrx_word' id='word_1_994' title='bbox 2200 5639 2561 5705; x_wconf 57' lang='lat' dir='ltr'><strong>conﬁrmant.</strong></span> <span class='ocrx_word' id='word_1_995' title='bbox 2960 5658 2975 5666; x_wconf 52' lang='grc' dir='ltr'><strong>κ</strong></span> 
     </span>
    </p>
   </div>
   <div class='ocr_carea' id='block_1_122' title="bbox 1969 5692 3432 5791">
    <p class='ocr_par' dir='ltr' id='par_1_122' title="bbox 1969 5692 3432 5791">
     <span class='ocr_line' id='line_1_124' title="bbox 1969 5692 3432 5791; baseline 0.006 -29"><span class='ocrx_word' id='word_1_996' title='bbox 1969 5704 1995 5745; x_wconf 68' lang='grc' dir='ltr'>δ</span> <span class='ocrx_word' id='word_1_997' title='bbox 2025 5692 2161 5765; x_wconf 64' lang='grc' dir='ltr'><strong>ΤΙ-εδ</strong></span> <span class='ocrx_word' id='word_1_998' title='bbox 2192 5692 2324 5765; x_wconf 87' lang='lat' dir='ltr'><strong>mss.</strong></span> <span class='ocrx_word' id='word_1_999' title='bbox 2353 5692 2479 5781; x_wconf 65' lang='lat' dir='ltr'><strong>cum</strong></span> <span class='ocrx_word' id='word_1_1000' title='bbox 2515 5709 2893 5783; x_wconf 71' lang='lat' dir='ltr'><strong>Psettdoltier.,</strong></span> <span class='ocrx_word' id='word_1_1001' title='bbox 2924 5727 3272 5791; x_wconf 61' lang='lat' dir='ltr'><strong>supergressa?</strong></span> <span class='ocrx_word' id='word_1_1002' title='bbox 3290 5720 3432 5777; x_wconf 81' lang='lat' dir='ltr'><strong>sunt.</strong></span> 
     </span>
    </p>
   </div>
  </div>
