3946 6180
447 258 557 318 383

1795 264 1876 323 SA
1886 265 2040 323 NCT]
2079 266 2403 325 AMBROSII

3644 262 3753 319 584

447 375 599 443 liquit
629 392 711 432 me
733 376 891 433 virtus
914 392 1025 432 mea
1055 417 1068 443 ,
1108 387 1159 432 et
1184 377 1357 433 lumen
1378 380 1648 435 oculorum
1674 397 1904 435 meorum
1946 399 2049 437 non
2077 386 2130 445 Α
2154 383 2329 437 animo
2355 382 2795 452 mea,defecerunt
2825 381 2879 435 in
2904 381 3165 452 lacrymas
3188 379 3325 435 oculi
3345 380 3466 446 mei,
3489 377 3657 446 eﬂusa
3678 390 3754 436 est

451 480 527 523 est
557 485 752 525 mecum
783 467 954 539 (Psal.
990 486 1173 527 xxxvn
1200 512 1215 539 ,
1250 472 1389 545 1-9).
1426 474 1603 539 Deus,
1653 475 1906 546 repuliSti
1965 492 2052 533 me

456 573 512 619 ct
548 562 866 618 destruxisti
896 578 1003 631 me,
1040 565 1334 621 ostendisti
1368 567 1502 621 mihi
1526 568 1682 632 dura.
1729 570 1932 640 potasti
1971 586 2057 626 me

461 654 593 710 vino
613 656 1048 725 compunctionis
1071 656 1248 729 (Psal.
1286 675 1397 713 ιιι.
1434 659 1489 726 4,
1522 658 1580 732 5)
1627 678 1640 715 :
1673 662 1898 732 expulsa
1934 678 2055 718 sum

459 748 528 803 ab
558 747 733 803 oculis
763 749 902 814 tuis,
927 749 1039 818 jam
1086 766 1194 806 non
1249 752 1502 818 adjiciam
1523 764 1549 791 ει
1581 765 1636 809 ιιι
1677 771 1955 829 resurgam
1989 757 2058 813 ad

461 842 721 911 templum
753 852 1002 899 sanctum
1033 854 1277 911 tuum,et
1309 849 1445 903 facta
1470 863 1590 904 sum
1622 850 1674 906 in
1704 853 2055 908 exterminio.

527 935 616 991 50.
644 934 773 1004 Qua:
800 936 1002 992 utilitas
1041 939 1095 992 in
1143 941 1396 1006 sanguine
1426 950 1543 1009 tuo,
1579 942 1704 995 dum
1733 942 1975 1000 descendi
2006 946 2060 1001 iu

461 1028 1038 1104 corruptionem(Psal.
1061 1046 1214 1098 xxtx,
1234 1032 1348 1102 10)?
1371 1030 1643 1104 Numquid
1667 1037 1881 1090 mortuis
1904 1038 2062 1107 facies

462 1119 722 1175 mirabilia
742 1162 757 1187 ,
785 1132 873 1175 aut
904 1122 1091 1177 medici
1118 1124 1440 1180 suscitabunt
1468 1126 1639 1196 (Psal.
1666 1129 2064 1201 Lxxxvtt,ii)?

462 1211 610 1267 Tuus
636 1227 824 1268 sermo
858 1224 961 1281 est,
990 1223 1077 1269 tua
1089 1217 1384 1285 promissio
1404 1226 1491 1272 est
1516 1235 1529 1271 :
1552 1217 1693 1274 Nolo
1713 1230 1928 1276 mortem
1946 1239 2066 1291 pec-

460 1304 671 1369 catoris,
688 1302 717 1342 ι’
734 1306 825 1360 sed
846 1308 1229 1360 conversionem
1254 1318 1304 1361 et
1326 1310 1459 1363 vivat
1486 1308 1705 1382 (Ezech.
1727 1328 1923 1382 χχχιιι,
1940 1315 1962 1368 1
1981 1314 2028 1386 l)
2049 1332 2063 1370 :

460 1395 526 1449 ad
570 1405 640 1462 te,
679 1396 820 1452 Deus
852 1414 1030 1465 meus,
1059 1414 1177 1456 mea
1203 1402 1528 1468 conversio;
1561 1404 1727 1477 319
1755 1406 1879 1475 quia
1914 1407 2064 1463 solus

463 1497 618 1557 potes
648 1504 913 1547 renovare
944 1492 1150 1557 omnia,
1190 1502 1244 1547 et
1268 1493 1336 1549 ab
1359 1494 1550 1551 inferis
1570 1499 1783 1552 animas
1812 1514 2060 1555 revocas.

462 1578 543 1633 'l‘u
595 1582 763 1635 solvis
815 1582 1193 1653 compeditos:
1224 1594 1321 1653 tu,
1376 1588 1557 1658 Deus,
1605 1590 1792 1647 allisos
1859 1594 2063 1665 erigis,

465 1687 639 1729 caecos
666 1676 961 1744 illuminas,
992 1690 1236 1735 mortuos
1258 1682 1508 1739 suscitas.

2156 476 2209 530 in
2230 486 2416 529 terram
2433 474 2604 547 gloria
2638 490 2752 528 mea
2781 471 2957 545 (Psal.
2989 488 3176 539 cxvnt,
3206 472 3323 542 8i).
3351 471 3573 540 Quando
3593 474 3756 543 respi-

2158 568 2298 622 ciens
2312 568 2551 621 restitues
2572 568 2801 620 animum
2816 581 2979 619 meam
2995 562 3165 636 (Psal.
3183 561 3509 632 xxxtv,i7)?
3532 561 3757 633 Propter

2158 661 2479 728 iniquitatem
2495 676 2661 714 meam
2674 659 2975 727 corripuisti
2989 665 3150 721 me,et
3173 656 3429 711 tabescere
3444 656 3611 726 fecisti
3626 655 3759 713 sicut

2160 772 2405 809 araneam
2426 756 2652 809 animum
2677 769 2851 809 meam
2876 752 3053 825 (Psal.
3077 767 3309 818 xxxvttt,
3336 750 3448 822 12).
3481 750 3757 821 Memento,

2164 848 2404 914 Domine,
2433 849 2571 919 quod
2607 849 2777 920 pulvis
2812 854 2975 901 sum:
3020 846 3135 900 vide
3178 844 3519 900 humilitatem
3558 860 3762 914 meum,

2161 941 2326 1012 320
2349 952 2393 994 et
2417 941 2641 995 laborem
2672 958 2862 1005 meum,
2902 949 2948 993 et
2974 938 3173 993 remitte
3194 938 3367 991 omnia
3398 946 3607 1008 peccata
3647 953 3762 992 mea

2167 1032 2341 1103 (Psal.
2364 1048 2515 1097 XXIV,
2549 1031 2654 1102 l8).
2684 1031 2905 1086 Remitte
2918 1031 3043 1084 mihi
3065 1040 3121 1084 ut
3140 1030 3438 1100 refrigerer,
3464 1030 3766 1101 priusquam

2164 1127 2361 1192 abeam,
2381 1137 2425 1180 et
2461 1127 2687 1197 amplius
2711 1142 2815 1180 non
2846 1143 2956 1190 ero,
2989 1135 3011 1162 ο
3038 1139 3139 1180 nec
3167 1125 3219 1179 in
3252 1123 3465 1179 inferno
3498 1124 3601 1179 erit
3629 1139 3776 1179 cond

2168 1217 2332 1274 fessio
2356 1216 2532 1287 (Psal.
2559 1232 2794 1282 xxxvnt,
2826 1217 2947 1288 ii).

2239 1310 2327 1366 52.
2377 1310 2577 1365 Potens
2622 1326 2714 1375 es,
2746 1310 3000 1377 Domine,
3048 1306 3411 1366 conscindere
3439 1323 3661 1365 saccum
3713 1318 3769 1366 et

2169 1405 2502 1475 praet-ingere
2532 1419 2617 1458 mc
2652 1402 2843 1457 ln-titia
2870 1402 3056 1476 (Psul.
3091 1418 3249 1467 xxrx,
3292 1402 3419 1474 12):
3452 1401 3775 1473 dirumpere

2170 1500 2380 1554 vincula
2408 1513 2546 1563 mea,
2571 1497 2769 1568 quibus
2801 1497 2963 1568 ligata
2992 1512 3111 1552 sum
3139 1508 3302 1567 atque
3331 1495 3653 1560 constricta,
3682 1496 3775 1565 qui

2171 1590 2359 1646 Rahab
2398 1589 2672 1645 sordidam
2702 1606 2813 1645 non
2858 1600 3186 1659 aSpernatus
3213 1604 3272 1644 es
3313 1586 3504 1660 (Iosue
3536 1603 3609 1655 γι,
3650 1588 3774 1658 17).

2174 1685 2312 1740 Iram
2348 1695 2494 1739 tuam
2525 1724 2540 1751 ,
2595 1684 2842 1751 Domine,
2870 1682 3024 1738 aufer
3051 1698 3079 1737 a
3112 1698 3228 1749 me,
3262 1684 3386 1753 quia
3422 1681 3645 1752 peccavi
3678 1681 3777 1736 tibi

537 1768 629 1823 51.
667 1766 853 1823 Ενναυὶ
888 1770 1024 1825 sicut
1078 1774 1184 1828 ovis
1216 1775 1418 1845 perdita
1467 1776 1646 1851 (Psal.
1690 1796 1879 1849 cxvm,
1908 1783 2065 1858 l76):
2100 1780 2148 1840 B
2175 1778 2492 1845 crudeliter,
2517 1777 2695 1833 donec
2719 1775 2986 1846 justitices
3013 1790 3235 1831 causam
3261 1791 3460 1842 meam,
3491 1784 3547 1831 et
3578 1774 3781 1830 educas

468 1859 691 1928 require
720 1861 973 1918 famulam
1001 1872 1167 1932 tuam,
1200 1883 1268 1922 ne
1295 1868 1454 1938 lupus
1477 1872 1715 1928 crudelis
1734 1874 1928 1944 glutiat
1960 1892 2066 1932 me.

472 1951 528 2007 ιι
534 1952 633 2008 ulti
652 1954 834 2010 dicunt
851 1958 1038 2013 anima:
1061 1975 1218 2015 meas:
1237 1960 1361 2017 Non
1392 1974 1465 2018 est
1492 1965 1633 2019 salus
1664 1965 1744 2020 illi
1765 1968 1819 2020 in
1834 1965 1946 2022 Deo
1961 1970 2071 2040 ejus

474 2043 650 2117 (Psal.
688 2046 991 2121 ut,5).Sed
1027 2060 1175 2107 tuum
1216 2055 1503 2111 consilium
1544 2066 1722 2113 tecum
1760 2070 1862 2115 est.
1892 2060 2066 2133 (Psal.

477 2154 629 2207 cvm,
654 2140 771 2211 81).
792 2141 934 2211 Quot
964 2155 1090 2201 sunt
1110 2146 1229 2202 dies
1262 2147 1479 2205 famula:
1503 2160 1631 2219 tute,
1654 2153 1874 2223 quando
1902 2155 2069 2211 iacies

481 2246 694 2288 mecum
743 2235 1051 2306 judicium?
1094 2240 1202 2296 Sed
1248 2257 1318 2297 ne
1355 2243 1528 2299 intres
1570 2246 1622 2300 in
1647 2245 1916 2316 judicium
1946 2263 2069 2304 cum

484 2324 680 2380 famula
734 2337 821 2383 tua
868 2327 1042 2401 (Psal.
1070 2346 1239 2402 cxut,
1280 2334 1360 2408 2).
1393 2335 1591 2409 Defecit
1634 2340 1705 2394 in
1731 2341 1952 2397 salutari
1987 2353 2075 2398 tuo

541 2472 568 2500 α
597 2462 799 2523 Omnes
822 2467 988 2548 etlit_.,
1040 2480 1099 2525 ut
1142 2476 1450 2543 respiciam;
1477 2490 1669 2533 omnes
1710 2492 1840 2532 mss.
1873 2479 2066 2548 partim

467 2543 524 2588 ut
542 2551 774 2617 fui-gum,
810 2543 1006 2617 partim
1031 2552 1089 2596 ut
1118 2560 1407 2617 resurgam.

542 2611 573 2651 ιι
604 2607 678 2690 Ita
705 2624 841 2690 mss.
873 2611 1084 2690 duobus
1110 2607 1356 2685 exceptis
1379 2659 1393 2680 ,
1418 2618 1507 2673 ubi
1543 2634 1637 2684 pro
1664 2620 1757 2672 sed
1782 2623 2076 2675 conversio-

471 2693 610 2759 nem,
642 2679 872 2748 legimus
901 2682 1077 2759 sedat
1104 2679 1471 2753 convertatur;
1503 2679 1608 2745 vet.
1640 2691 1803 2755 edil.,
1834 2692 1924 2745 sed
1950 2708 2072 2745 con-

471 2756 756 2830 versionem
786 2762 865 2830 ut’
868 2756 1027 2821 possit
1051 2759 1232 2830 vivere.
1255 2759 1336 2813 Ad
1363 2759 1577 2825 te,Deus
1604 2764 2071 2827 meus,conversio,

470 2822 593 2901 quia
621 2822 797 2902 solus;
829 2822 986 2902 Bonl.
1021 2826 1109 2880 sed
1132 2822 1513 2886 conversionem
1543 2843 1589 2887 et
1614 2822 1778 2886 vivam
1808 2845 1860 2887 ut
1884 2822 2075 2902 possim

472 2892 662 2973 vivere,
721 2892 791 2945 ad
818 2904 899 2973 te,
932 2894 1073 2952 Deus
1093 2939 1113 2973 ,_
1138 2916 1217 2952 me
1263 2914 1519 2973 converto,
1552 2905 1640 2971 qui
1680 2904 1821 2957 solus
1850 2892 1894 2971 ;’
1917 2905 2079 2960 Pseu-

474 2961 714 3043 doliicrq
755 2965 1288 3043 sedeonversionem.
1337 2971 1405 3028 Ut
1437 2961 1630 3043 possim
1658 2961 1863 3042 vivere,
1921 2977 1990 3030 ad
2034 2989 2079 3032 te

476 3029 621 3111 Deus
632 3036 906 3111 conversio
930 3054 1042 3093 mea
1064 3057 1085 3107 ;
1110 3043 1230 3111 quia
1252 3044 1413 3110 solus,
1437 3029 1552 3103 'etc.

552 3113 583 3190 ξε.
606 3102 924 3190 Hic_desiuit
947 3102 1208 3190 tractatus
1238 3119 1379 3190 apud
1399 3102 1816 3190 Hieronymum:
1848 3119 2080 3176 atRom.

2180 1889 2267 1929 me
2307 1875 2358 1929 in
2395 1873 2633 1937 Iumine.;
2667 1874 2810 1929 Deus
2854 1872 3140 1937 virtutum,
3172 1868 3199 1907 ά
3234 1870 3300 1926 da
3331 1870 3672 1941 poenitentia:
3695 1869 3779 1925 ef-

2178 1966 2405 2030 l'cctum,
2436 1964 2773 2021 confessioni
2824 1963 3319 2035 perseverantiam;
3348 1977 3417 2018 ne
3446 1977 3535 2018 me
3566 1962 3783 2018 induret

2176 2060 2438 2130 deceptor
2463 2061 2683 2114 animm.
2734 2058 2848 2114 Hoc
2879 2057 3012 2113 mihi
3042 2058 3251 2113 donum
3275 2100 3291 2126 ,
3334 2058 3473 2114 hanc
3496 2056 3634 2113 mihi
3659 2071 3782 2129 gra-

2180 2155 2307 2207 tiam
2337 2154 2404 2208 de
2434 2161 2527 2208 tuo
2557 2152 2707 2208 lenite
2734 2152 2980 2223 praestari
3021 2152 3185 2223 cupio
3206 2193 3221 2217 ,
3247 2153 3429 2218 Deus;
3464 2160 3525 2206 ut
3548 2150 3604 2205 in
3628 2159 3784 2205 :rter-

2178 2261 2306 2300 num
2340 2246 2437 2301 tibi
2464 2245 2768 2300 conﬁtear:
2798 2246 2890 2316 qui
2919 2243 3063 2301 vivis
3109 2254 3164 2301 et
3207 2259 3403 2316 regnas
3430 2244 3485 2299 in
3514 2242 3783 2299 Trinitate

2188 2343 2238 2397 in
2270 2344 2469 2399 saacula
2501 2341 2847 2398 saeculorum.
2883 2343 3077 2397 Amen.

2180 2478 2326 2550 quod
2358 2478 2621 2534 mendose
2669 2478 3031 2550 restituerant
3076 2474 3251 2531 Paris.
3281 2473 3419 2530 edit.
3461 2472 3569 2528 hoc
3600 2473 3784 2536 modo.

2178 2547 2271 2605 nec
2296 2551 2515 2619 inferior
2541 2550 2638 2605 erit
2682 2549 2960 2617 confessio.
2994 2547 3409 2616 Consequenter
3434 2554 3640 2619 autem
3667 2553 3786 2615 rost.

2178 2617 2558 2677 vocestens
2575 2638 2649 2685 es,
2673 2620 2912 2685 Domine,
2943 2619 3173 2675 aberant
3201 2633 3232 2674 e
3261 2618 3476 2673 cunctis
3498 2617 3639 2673 edit.
3667 2633 3785 2671 con-

2178 2695 2414 2748 scindere
2442 2710 2648 2747 saccum
2670 2708 2861 2755 meum,
2891 2702 2937 2746 et
2964 2692 3281 2763 prtecingere
3301 2705 3383 2743 me
3403 2688 3616 2755 ltett'tia,
3644 2688 3785 2763 quod

2184 2768 2233 2819 in
2277 2765 2416 2818 hanc
2467 2766 2709 2819 nostram
2744 2780 2807 2817 ex
2860 2762 2990 2817 mss.
3041 2762 3153 2817 fere
3199 2763 3451 2818 omnibus
3497 2762 3786 2831 proposito

2187 2838 2502 2906 neutiquam
2533 2836 2887 2904 incongruum
2915 2835 3278 2906 reposuimus.

2258 2905 2284 2943 ά
2316 2902 2450 2961 Tres
2475 2923 2630 2969 ωδε..
2668 2902 2749 2959 Da
2776 2907 3037 2971 patientia:
3062 2904 3319 2971 affectant.
3369 2902 3507 2958 Infra
3536 2917 3676 2958 vero
3700 2903 3790 2957 ubi

2188 2994 2381 3033 omnes
2408 2980 2544 3034 edit.
2582 2988 2637 3033 ct
2662 2979 2881 3048 quidam
2927 2991 3085 3043 tnss.,
3125 2987 3373 3046 prtestare
3398 2976 3577 3047 cupio,
3612 2972 3787 3039 Deus;

2188 3052 2316 3105 utin
2352 3059 2622 3114 ceternum,
2671 3047 2824 3114 etc.;
2880 3062 3013 3104 mss.
3059 3049 3231 3102 multo
3282 3048 3463 3117 plures
3506 3048 3689 3101 locum
3721 3047 3788 3099 ita

2190 3121 2556 3189 contrahunt,
2588 3121 2829 3193 praestari
2854 3120 3028 3193 cupio,
3058 3118 3209 3193 Deus
3224 3121 3313 3189 qui
3334 3135 3519 3189 regnas
3560 3120 3620 3173 in
3646 3118 3790 3172 trini-

477 3174 609 3229 etlit.
641 3175 818 3231 solum
852 3182 1186 3251 resciderat,
1231 3174 1321 3241 nec
1349 3188 1401 3241 in
1427 3174 1633 3262 inferno
1656 3193 1752 3244 erit
1777 3174 2076 3262 confessio,
2112 3186 2157 3248 C
2189 3174 2356 3267 ὦτί(
2379 3174 2937 3264 ιιιιέέῖη⁷ιέιέιέηίιιιιώ
2972 3174 3028 3245 in
3053 3174 3267 3259 steculd,
3299 3177 3407 3248 etc:

485 3306 2100 3343 __.______________

962 3437 1086 3521 IN
1159 3440 1618 3527 LIBRUM
1691 3444 1851 3526 DE
1923 3443 2549 3528 MYSTERIIS
2628 3439 3357 3543 ADMONITIO,

1221 3579 1386 3655 QUA
1428 3580 1532 3643 ET
1576 3582 1772 3645 IDEM
1817 3580 2053 3643 LIBER
2100 3583 2513 3646 AMBROSIO
2557 3584 3027 3647 ASSERITUR.

547 3788 741 3843 Auctor
769 3788 928 3862 hujus
951 3797 1120 3861 operis
1146 3795 1199 3848 in
1229 3795 1343 3866 ipso
1368 3800 1484 3870 ejus
1512 3797 1687 3853 limine
1708 3800 1982 3870 proﬁtetur
2008 3800 2161 3872 (Cap.
2195 3802 2248 3868 1,
2282 3818 2425 3855 num.
2454 3799 2515 3873 2)
2541 3817 2595 3854 se
2619 3811 2667 3856 et
2695 3816 2869 3853 recens
2894 3797 3169 3869 baptisatis
3197 3795 3467 3851 elaborare
3485 3836 3500 3859 ,
3533 3804 3584 3849 et
3612 3809 3788 3850 sacra-

474 3896 647 3935 menta
674 3900 791 3953 qua:
832 3886 939 3939 illis
962 3887 1206 3943 hactenus
1235 3890 1413 3961 ignota
1442 3894 1662 3962 fuerint,
1692 3895 1909 3949 adoriri.
1941 3894 2057 3949 Mos
2093 3897 2282 3968 quippe
2311 3905 2421 3950 erat
2449 3896 2739 3966 priscorum
2772 3905 3060 3961 temporum
3089 3890 3437 3956 antistitibus,
3466 3897 3522 3942 ut
3550 3888 3793 3943 sublimia

471 3973 568 4027 illa
596 3979 839 4047 mysteria
863 3995 1019 4049 quam
1043 3982 1418 4038 studiosissime
1444 3987 1667 4041 celarent
1698 3989 1926 4043 nondum
1954 3990 2205 4043 initiatos.
2234 3988 2307 4042 Ili
2333 3988 2539 4059 quidem
2568 3990 2735 4057 quoad
2759 4005 2783 4040 e
2810 3984 3185 4040 catechumenis
3213 3993 3366 4053 atque
3393 3980 3793 4052 competentibus

474 4072 797 4137 excederent,
812 4075 1002 4129 crebris
1032 4077 1288 4145 precibus,
1308 4081 1626 4143 exorcisinis.
1647 4081 1869 4153 aliisque
1891 4084 2191 4137 ceremoniis
2212 4084 2281 4137 ad
2304 4083 2614 4154 baptismum
2630 4081 3052 4155 prteparabantur
3066 4096 3085 4135 :
3109 4078 3505 4134 admittebantur
3523 4076 3792 4133 audiendis

475 4167 838 4236 conciouibus,
889 4168 973 4223 ubi
1005 4170 1329 4241 potissimum
1371 4189 1457 4226 eos
1486 4175 1672 4243 rigidis
1714 4176 1904 4231 ethices
1945 4176 2242 4231 christiana:
2275 4176 2530 4248 dogmatis
2570 4176 2728 4230 imbui
2758 4177 2935 4231 solitos
2972 4175 3054 4229 hic
3081 4175 3191 4241 ipse
3220 4183 3399 4228 auctor
3426 4184 3605 4245 aperte
3647 4172 3790 4226 docet

473 4256 665 4330 (Ibid.,
694 4277 839 4315 num.
867 4260 946 4325 1).
978 4262 1103 4315 Suis
1127 4272 1296 4317 tamen
1322 4266 1644 4322 orationibus
1673 4267 1919 4322 adversus
1944 4270 2078 4338 falsa
2105 4279 2152 4321 et
2178 4269 2341 4338 impia
2368 4268 2693 4323 ethnicorum
2732 4277 2884 4338 atque
2933 4266 3291 4321 htereticorum
3335 4262 3531 4336 placita
3556 4263 3793 4334 disputa—

476 4359 637 4411 tiones
664 4356 943 4411 miscebant
970 4357 1197 4429 episcOpi
1226 4374 1245 4413 :
1270 4376 1431 4428 neque
1452 4364 1602 4416 etiam
1631 4363 1848 4417 unitatis
1871 4361 2170 4417 substantia:
2199 4362 2406 4428 divinw,
2453 4363 2698 4416 trinitatis
2729 4376 3066 4431 personarum
3097 4356 3507 4425 adorandarum,
3542 4357 3795 4411 aliorum-

473 4468 571 4524 que
596 4453 847 4524 capitum,
875 4468 991 4524 qua:
1016 4453 1143 4523 ipsis
1169 4471 1198 4509 e
1229 4454 1480 4526 ngbolo
1510 4458 1697 4528 exponi
1726 4468 2117 4521 consueverant,
2148 4460 2489 4531 cognitionem
2536 4459 2759 4512 inserere
2795 4454 3274 4528 prwtermittebant.
3304 4452 3367 4507 At
3406 4468 3523 4507 vero
3552 4450 3793 4525 penitiori

475 4547 696 4601 aliorum
720 4554 1178 4611 sacramentorum,
1213 4558 1261 4601 et
1287 4564 1398 4617 prce
1424 4551 1624 4604 caeteris
1658 4548 2002 4605 Eucharistia:
2028 4550 2349 4607 discussione
2374 4566 2585 4623 prorsus
2606 4549 2948 4604 abstinebant.
2983 4546 3145 4602 Erant
3171 4563 3326 4618 porro
3353 4563 3412 4601 ea
3436 4546 3617 4600 mentis
3647 4544 3763 4599 dari
3779 4571 3794 4584 ο

477 4642 621 4696 litate
649 4641 768 4696 boni
806 4641 886 4696 illi
916 4641 1181 4713 religionis
1203 4651 1395 4697 nostra:
1420 4643 1708 4710 candidati,
1743 4655 1796 4697 ut
1824 4660 1938 4713 qua:
1959 4645 2083 4715 ipsis
2114 4646 2388 4718 manifesta
2418 4661 2526 4699 esse
2554 4643 2756 4698 nolebat
2788 4641 3049 4705 Ecclesia,
3082 4657 3227 4694 suam
3257 4640 3325 4693 ad
3357 4655 3415 4693 ea
3442 4638 3795 4693 curiositatem

479 4734 686 4789 minime
714 4734 1095 4806 protenderent,
1130 4736 1492 4806 rati4videlicet
1523 4738 1653 4791 nihil
1683 4737 1805 4810 falsi
1834 4748 1923 4793 aut
1951 4739 2296 4810 superstitiosi
2316 4737 2485 4791 cultus
2514 4738 2567 4790 in
2595 4737 2688 4790 illa
2718 4734 2970 4790 contineri
2996 4733 3266 4805 religione,
3293 4747 3410 4803 qua’
3430 4740 3501 4785 tot
3529 4730 3797 4785 miraculis

478 4846 540 4883 ac
561 4827 812 4901 prodigiis
835 4829 969 4898 fulta
990 4871 1006 4897 ,
1039 4847 1193 4903 super
1216 4830 1532 4886 idololatria:
1559 4848 1712 4904 quant
1742 4831 2016 4886 subruebat
2037 4873 2051 4895 ,
2080 4833 2248 4886 ruinis
2278 4832 2430 4885 unius
2465 4830 2564 4885 Dei
2594 4830 2946 4885 adorationem
2968 4827 3221 4900 erigebat,
3251 4842 3463 4897 quaque
3486 4833 3797 4880 sectatorum

477 4936 691 4975 suorum
720 4937 888 4977 mores
911 4921 982 4976 ad
1007 4923 1252 4977 amussim
1280 4921 1430 4977 'adeo
1464 4938 1691 4977 severam
1738 4933 1783 4976 et
1812 4923 2002 4977 rationi
2040 4938 2320 4976 consonam
2348 4922 2486 4992 exigi
2530 4920 2843 4990 postulabat.
2876 4917 3005 4973 Ha'c
3044 4917 3368 4972 instituenda:
3398 4916 3514 4971 vita:
3541 4924 3799 4987 praecepta

480 5012 712 5067 nondum
739 5012 1011 5086 baptisatis
1035 5029 1068 5066 a
1087 5028 1142 5067 se
1163 5014 1352 5068 tradita
1396 5014 1566 5085 signat
1610 5013 1907 5067 Ambrosius
1928 5012 2108 5085 primis
2134 5012 2272 5067 hisce
2306 5012 2508 5066 verbis:
2533 5012 2605 5067 De
2623 5010 2920 5066 moralibus
2942 5008 3316 5079 quotidianum
3341 5022 3655 5063 sermonem
3706 5006 3800 5062 ha-

480 5102 719 5169 buimus,
755 5114 851 5159 etc.
886 5105 906 5176 (
932 5101 1113 5175 Ibid.)
1137 5105 1223 5158 ubi
1254 5104 1412 5158 libros
1442 5104 1509 5158 de
1542 5103 1814 5159 Abraham
1850 5114 2005 5175 atque
2030 5103 2162 5157 alios
2190 5118 2317 5172 quos
2348 5102 2411 5156 ab
2442 5118 2500 5155 eo
2525 5118 2698 5155 coram
2737 5098 3116 5155 catechumenis
3159 5108 3207 5154 et
3245 5097 3648 5170 competentibus
3681 5114 3801 5169 pro-

483 5199 748 5251 uuntiatos
792 5197 1254 5252 demonstravimus
1302 5198 1591 5265 (Admonit.
1622 5199 1674 5252 iu
1719 5198 1813 5253 hos
1843 5196 1933 5252 lib.
1961 5197 2010 5268 ),
2046 5196 2265 5268 intelligi
2294 5198 2380 5250 vix
2421 5195 2633 5250 dubium
2669 5204 2765 5249 est.
2808 5194 3092 5264 Subiungit
3123 5209 3240 5248 vero
3262 5208 3379 5246 cum
3406 5207 3492 5246 eos
3534 5191 3627 5262 qui
3654 5205 3799 5246 sacro

483 5290 786 5362 baptismate
826 5292 1112 5363 regenerati
1154 5292 1258 5346 sint
1280 5333 1295 5355 ,
1340 5290 1425 5344 hic
1445 5290 1774 5359 alloquetur;
1818 5290 1916 5344 sibi
1942 5298 2000 5343 ut
2026 5288 2152 5359 ipsis
2196 5303 2316 5342 cum
2342 5286 2575 5360 ejusdem
2614 5286 2949 5352 sacramenti,
2981 5294 3088 5341 tum
3120 5283 3340 5338 aliorum
3370 5282 3623 5336 rationem
3653 5290 3801 5350 atque

484 5384 798 5438 ceremonias
826 5384 1071 5451 declaret,
1101 5384 1415 5439 incumbere.

557 5475 798 5532 Primum
822 5478 982 5553 igitur
1004 5488 1117 5549 post
1141 5479 1451 5547 explicatam
1482 5480 1587 5534 oris
1611 5488 1761 5549 atque
1783 5480 1990 5533 aurium
2011 5479 2328 5549 apertionem
2377 5479 2396 5551 (
2421 5476 2553 5549 Cap.
2581 5478 2633 5542 1.
2664 5493 2807 5531 num.
2836 5477 2871 5533 3
2894 5476 2932 5547 ),
2980 5492 3041 5529 ac
3061 5483 3394 5529 memoratam
3422 5486 3538 5542 qua’
3561 5471 3719 5541 fiebat
3749 5469 3800 5523 in

490 5566 811 5639 baptisteria,
836 5572 1173 5643 ejurationem
1203 5569 1357 5644 (Cap.
1387 5571 1443 5637 ἓ,
1478 5588 1622 5626 num.
1655 5573 1707 5638 5,
1738 5569 1817 5643 6),
1852 5573 2010 5643 fontis
2039 5570 2441 5627 benedictionem
2472 5578 2656 5624 tractat
2681 5567 2838 5640 (Cap.
2872 5569 2927 5634 5,
2956 5568 3012 5635 ὁ,
3042 5579 3089 5622 et
3110 5568 3190 5639 5).
3232 5565 3313 5620 Ibi
3342 5579 3512 5620 autem
3541 5578 3599 5622 ut
3626 5564 3801 5635 probet

484 5672 589 5710 non
619 5674 767 5727 aqua
789 5658 1037 5728 simplicis
1068 5659 1290 5729 efficacia
1310 5702 1327 5728 ,
1376 5661 1466 5716 sed
1494 5661 1736 5730 pra'senti
1771 5661 2001 5734 Spiritus
2031 5661 2402 5733 divinijvirtute
2445 5660 2883 5730 regenerationem
2931 5659 3110 5729 perﬁci
3127 5699 3141 5723 ,
3188 5657 3332 5712 varia
3357 5655 3595 5727 cymbala
3621 5655 3803 5729 quibus

486 5744 623 5803 idem
648 5746 1020 5804 sacramentum
1048 5752 1101 5804 in
1132 5753 1291 5806 veteri
1313 5750 1421 5824 lege
1443 5750 1831 5827 pru'fguratum
1859 5746 1951 5824 est,
1984 5757 2263 5827 expendit:
2289 5756 2422 5811 unde
2438 5756 2592 5809 etiam
2622 5756 2818 5827 colligit
2845 5768 3043 5812 sacram
3067 5752 3211 5808 illam
3232 5751 3540 5807 ablutionem
3567 5748 3799 5810 eumdem
