3946 6180
223 204 305 262 385
1069 209 1161 269 DE
1200 208 1579 273 MYSTERIIS
1615 214 1821 275 LIBER
1859 216 2065 280 UNUS.
2118 221 2521 284 ADMONITIO.
3350 232 3458 293 386

216 331 372 385 sanper
384 314 597 384 electum
615 318 866 387 obtinere,
883 337 997 377 cum
1019 325 1090 378 ad
1100 342 1216 381 eum
1243 328 1471 397 probitas
1491 330 1854 403 improbitasve
1878 338 2101 393 ministri
2126 341 2259 395 nihil
2274 346 2526 413 conferat.
2547 340 2600 398 Μ
2606 342 2674 399 ox
2695 359 2722 400 e
2747 345 2950 416 viviﬁco
2974 347 3177 403 lavacro
3199 351 3420 406 exceden
3437 381 3455 393 -

214 409 312 461 tium
335 410 397 462 ad
421 413 709 482 episcOpum
739 432 772 468 a
792 432 895 485 quo
921 429 1033 486 post
1064 409 1352 476 unctionem
1376 425 1558 495 capitis
1576 442 1637 479 ac
1650 428 1837 496 pedum
1859 429 2099 485 lotionem
2125 431 2278 504 (Cap.
2306 409 2614 499 6,vnum.29
2642 448 2689 491 et
2719 409 2874 510 seq.)',
2903 451 3035 496 veste
3059 442 3280 496 candida
3305 444 3459 516 (Cap.

211 499 252 563 7,
275 517 391 554 num.
421 502 487 558 54
511 514 557 558 et
584 522 692 577 seq.
724 508 743 576 )
772 509 1137 580 induebamur,
1166 531 1429 571 accessum
1455 532 1657 575 narrat.
1711 522 1844 579 Tum
1872 527 2075 581 reddita
2113 499 2361 600 cujusque
2388 534 2693 589 ceremoniee
2711 538 2934 604 ratione,
2961 548 3153 609 quanta
3183 541 3363 597 ltetitia
3387 542 3451 597 ob

204 591 378 660 («nunc
396 611 497 650 sute
515 599 968 703 ampliﬁcationem
998 606 1184 675 gestiat
1212 605 1451 665 Ecclesia
1479 622 1660 679 mater,
1708 615 2025 690 depromptis
2052 636 2082 674 e
2105 591 2319 676 cantico
2348 625 2668 680 canticorum
2697 591 3239 702 sententiis'ea'prim—it‘

203 699 312 736 nutu.
340 685 402 741 55
423 697 469 740 et
494 687 649 758 seq.).
684 687 954 748 Postremo
981 694 1071 750 ubi
1096 698 1386 770 neophytos
1412 714 1641 772 accepta:
1667 685 2092 777 Conﬁrmationis
2119 729 2215 784 ope
2237 723 2428 785 septem
2458 716 2608 771 donis
2640 718 2873 790 Spiritus
2898 685 3073 777 sancti
3089 685 3454 797 ditatoifatqu—e

198 790 421 890 “crucias
444 783 600 852 fuisse
620 785 891 855 adirmavit
909 786 1100 862 (Ibid.,
1133 810 1276 847 num.
1306 794 1428 867 42),
1455 800 1894 868 quemadmodum
1916 806 2131 861 solemni
2158 783 2353 879 pompa
2380 828 2445 865 ex
2465 783 2769 885 baptisterio
2796 817 2867 871 ad
2892 816 3059 872 altare
3086 783 3447 890 processerint,

196 871 312 925 Itibi
334 871 577 930 Dominici
603 880 839 948 corporis
864 882 1196 949 reﬁcerentur
1219 900 1562 957 sacramento,
1594 894 1769 949 multis
1795 897 2030 951 edisserit
2062 871 2220 969 (Cap.
2254 871 2312 967 ii,
2336 919 2481 959 num.
2513 871 2640 977 λδ).
2676 906 2789 963 Nec
2817 926 2944 965 sane
2970 871 3324 978 mirumv,si

192 968 416 1021 merendo
441 969 738 1025 immoretur
762 973 926 1028 multo
946 976 1174 1047 longius,
1204 995 1323 1032 cum
1349 981 1472 1049 ﬁnis
1500 993 1549 1036 et
1579 990 1957 1044 consummatio
1983 992 2050 1045 sit
2080 1001 2403 1050 aeterorum.

248 1059 498 1131 Proﬁtetur
525 1065 700 1137 itaque
727 1067 784 1121 id
803 1068 904 1123 sibi
927 1085 1035 1125 esse
1058 1072 1111 1125 in
1138 1073 1334 1141 animo,
1365 1085 1420 1130 ut
1454 1091 1669 1134 summo
1695 1083 1880 1139 studio
1909 1085 1929 1153 (
1952 1082 2120 1151 Ibid.,
2155 1104 2297 1142 num.
2327 1087 2400 1146 M
2426 1089 2447 1163 )
2479 1095 2677 1150 cunctis
2718 1099 2898 1153 veteris
2935 1098 3233 1171 Synagogte
3264 1116 3446 1155 sacra-

190 1154 335 1208 mentis
360 1155 451 1210 hoc
471 1158 644 1226 ipsum
662 1160 969 1230 antiquitate
994 1172 1149 1234 atque
1168 1166 1474 1222 excellentia
1495 1174 1883 1241 proferendum
1913 1186 2150 1243 astruat;
2170 1197 2389 1251 quorum
2408 1154 2617 1254 quidem
2638 1189 2863 1255 primum
2890 1154 3013 1247 inde
3039 1154 3281 1260 osvtendit,
3307 1194 3446 1265 quod

188 1245 305 1311 panis
327 1248 572 1302 acvinum
612 1250 834 1307 Abrahte
872 1254 1105 1309 oblatum
1153 1274 1187 1311 a
1232 1257 1650 1330 Melchisedech,
1688 1264 2038 1325 Eucharistia:
2065 1245 2238 1343 ﬁgura
2285 1245 2535 1333 exstiterit
2582 1245 2795 1350 (lbid.,
2826 1245 3137 1357 namabii);

183 1348 383 1396 ntemeo
406 1342 745 1415 demonstrat,
775 1348 914 1418 quod
934 1366 1044 1419 prce
1068 1352 1183 1423 ipso
1212 1371 1403 1411 manna
1431 1374 1533 1428 quo
1558 1361 1692 1416 nihil
1716 1366 1946 1421 sanctius
1977 1342 2267 1425 habuerunt
2312 1373 2604 1444 Israelita,
2640 1378 2737 1435 hoc
2778 1384 3079 1452 mysterium
3128 1390 3271 1438 tanto
3305 1399 3444 1455 prte-

188 1432 303 1455 --..-.
338 1432 474 1455 ιρη
508 1436 543 1455 ι.
576 1448 610 1455 κ-
635 1439 668 1455 ,ι
696 1436 713 1455 ι
934 1453 941 1455 .
1104 1446 1118 1455 .
1337 1450 1349 1455 -

183 1432 303 1544 fellat
331 1432 357 1544 ξ
375 1432 545 1507 Cap.8
562 1439 669 1544 etn9
695 1436 976 1544 )Lquanto
1009 1446 1189 1515 potior
1214 1457 1298 1504 est
1337 1450 1426 1506 lux
1452 1468 1613 1519 quam
1646 1458 1862 1526 umbra,
1885 1461 2088 1517 veritas
2113 1480 2272 1534 quam
2302 1468 2498 1538 ﬁgura,
2529 1432 2731 1541 corpus
3239 1432 3440 1532 "1;!th

180 1523 307 1595 (Cap.
328 1527 374 1595 8,
398 1545 541 1585 num.
573 1530 645 1586 49
664 1532 706 1602 ).
730 1532 885 1588 Enim
909 1551 1026 1592 vero
1060 1542 1183 1609 quia
1205 1543 1478 1615 neophytis
1499 1547 1554 1600 in
1583 1560 1825 1622 promptu
1847 1523 1973 1607 erat
2000 1523 2181 1611 contra
2210 1523 2501 1631 opponere;
2538 1523 3442 1636 λιήὶἶιδήνὶ-(ίᾶξιξῖιιὶιιί

360 1624 501 1694 quod
531 1625 737 1683 Christi
768 1644 968 1702 corpus
997 1634 1261 1704 accipiam
1308 1635 1461 1708 (Cap.
1496 1639 1551 1707 9,
1579 1658 1723 1698 num.
1756 1644 1848 1716 50)
1867 1646 1894 1700 ?
1912 1649 1982 1701 ad
2008 1622 2312 1720 objectionis
2342 1654 2650 1710 solutionem
2679 1622 3000 1731 aggreditur.
3028 1658 3112 1714 Ea
3142 1622 3440 1731 propterut

177 1713 401 1781 repudiato
426 1734 676 1775 sensuum
723 1738 1088 1793 corporeorum
1121 1730 1411 1786 testimonio
1437 1773 1451 1796 ,
1503 1750 1688 1804 panem
1726 1738 1781 1793 in
1824 1737 2040 1797 Domini
2070 1760 2258 1813 corpus
2298 1749 2612 1805 sacerdotali
2656 1713 3005 1809 benedictione
3048 1756 3272 1810 converti
3299 1764 3439 1810 certo

177 1811 357 1874 teneant,
385 1826 483 1865 non
524 1812 680 1868 modo
708 1814 998 1872 clarissima
1027 1837 1242 1893 quaeque
1274 1824 1516 1898 prodigia
1542 1826 1728 1898 quibus
1752 1843 2003 1889 mutatam
2029 1811 2189 1908 fuisse
2217 1850 2456 1895 naturam
2483 1845 2563 1898 vel
2589 1845 2744 1901 etiam
2773 1862 2801 1901 e
2830 1847 2994 1903 nihilo
3022 1858 3249 1903 creatam
3275 1850 3438 1921 prisci

173 1903 411 2003 testamenti
441 1908 619 1975 ferunt
657 1906 874 1977 tabulte,
919 1911 974 1966 in
1022 1916 1247 1969 medium
1300 1922 1497 1989 profert
1543 1920 1563 1991 (
1592 1921 1729 1992 Cap.
1776 1924 1828 1991 9,
1863 1943 2005 1982 num.
2030 1903 2107 1985 ’51
2132 1940 2180 1985 et
2205 1931 2355 2005 52);
2401 1951 2576 1991 verum
2605 1938 2763 1993 etiam
2792 1940 3161 1996 miraculorum
3201 1903 3432 1998 omnium

170 1992 401 2049 maximum
425 1999 575 2065 citat,
607 1997 801 2056 Christi
824 2004 1020 2059 scilicet
1047 2008 1452 2066 incarnationem
1485 2013 1505 2079 (
1529 2010 1669 2069 Ibid.
1704 2033 1850 2072 num.
1874 2020 1943 2076 55
1960 2022 2003 2091 ).
2054 2020 2182 2078 Tum
2204 1992 2355 2096 quasi
2383 2031 2523 2084 omni
2546 2031 2886 2088 dubitationis
2914 2037 3184 2091 occasione
3210 2053 3429 2107 prorsus

170 2084 339 2107 ,-___,__
393 2090 406 2101 .
621 2102 634 2107 Α
745 2096 757 2107 ,

166 2084 360 2155 depulsa,
386 2090 715 2147 innocentem
736 2096 873 2150 hunc
900 2115 1107 2172 gregem
1132 2107 1532 2162 accommodatis
1566 2108 1897 2168 Canticorum
1918 2084 2228 2185 quibusdam
2250 2123 2518 2178 versiculis
2561 2084 2964 2199 monettl-bid”
2995 2127 3066 2185 55
3095 2140 3145 2185 et
3308 2132 3351 2203 ),
3377 2140 3435 2186 ut

161 2189 364 2234 secretum
386 2193 695 2252 preestantes
722 2191 984 2274 mgsterio,
1018 2202 1070 2248 et
1097 2193 1360 2251 Christum
1388 2198 1602 2257 diversis
1630 2204 1876 2260 virtutum
1900 2209 2156 2277 fructibus
2184 2212 2240 2266 in
2267 2229 2320 2267 se
2345 2227 2632 2287 pascentes,
2663 2189 2950 2276 Ecclesiam
2977 2189 3267 2279 exhilareni
3290 2189 3426 2280 :’nec

161 2267 201 2323 in
221 2283 453 2340 posterum
479 2280 549 2333 de
573 2296 669 2334 sua
697 2267 1084 2355 regeneratione
1114 2304 1352 2359 umquam
1370 2295 1654 2366 ambigunt.

212 2364 296 2421 Hic
309 2385 451 2438 porro
472 2373 625 2429 nobis
646 2383 935 2447 temperare
957 2381 1167 2437 minime
1187 2400 1480 2453 possumus,
1520 2390 1645 2459 quin
1665 2409 1831 2463 pauca
1853 2395 2092 2465 quadam
2117 2399 2445 2457 eucharistia:
2469 2405 2737 2462 occasione
2763 2409 3253 2465 animadvertamus.
3286 2408 3342 2465 Ν
3345 2427 3433 2466 eo-

154 2466 301 2539 p/tytos
319 2489 348 2525 a
366 2474 673 2549 baptismate
691 2479 862 2535 adhuc
884 2483 1146 2539 madentes
1154 2485 1426 2557 episcopus
1449 2501 1884 2547 sacramentorum
1898 2495 2086 2549 eisdem
2106 2495 2357 2554 hactenus
2380 2500 2671 2571 ignotorum
2692 2502 2860 2573 prima
2874 2505 3168 2576 cognitione
3182 2505 3428 2561 instituit.

152 2558 348 2634 Simplex
372 2580 442 2625 est
472 2587 537 2625 ea
579 2572 854 2629 catechesis
880 2584 928 2630 et
950 2577 1015 2630 ab
1035 2579 1175 2633 omni
1198 2581 1621 2650 ampliﬁcationis
1639 2599 1701 2637 ac
1722 2585 2027 2655 eloquentia:
2047 2592 2170 2659 fuco
2191 2590 2345 2659 plane
2378 2558 2571 2647 aliena.
2601 2558 2726 2649 Ideo
2756 2593 2858 2649 loci
3096 2558 3424 2670 probandum

148 2663 388 2729 proposuit,
419 2666 799 2721 eucharistiam
829 2684 940 2739 pra:
969 2686 1159 2724 manna
1191 2681 1333 2726 tanto
1361 2676 1773 2743 prtestantiorem
1800 2693 1929 2743 esse,
1969 2691 2161 2747 quanto
2184 2683 2413 2737 umbram
2444 2701 2632 2757 corpus
2672 2697 2880 2760 superat
2904 2730 2918 2755 ,
2961 2689 3149 2745 veritas
3174 2690 3420 2760 ﬁguram.

152 2743 242 2802 Hoc
268 2763 313 2806 ut
338 2755 673 2826 demonstret,
705 2758 899 2816 Christi
924 2779 1130 2819 carnem
1155 2768 1209 2821 in
1239 2784 1393 2839 quam
1423 2787 1515 2841 per
1548 2769 1823 2827 Dominica
1860 2774 2014 2829 verba
2041 2777 2229 2847 panem
2257 2781 2483 2833 converti
2508 2780 2656 2835 dooet
2676 2822 2691 2847 ,
2723 2783 2779 2835 in
2805 2791 3127 2837 sacramento
3171 2783 3433 2840 contineri

147 2842 302 2911 sapius
324 2850 529 2921 repetit.
562 2849 833 2923 Exemplis
862 2855 932 2909 ad
958 2859 1290 2915 asserendam
1321 2861 1455 2915 hanc
1481 2866 1812 2919 mutationem
1843 2868 2006 2922 utitur
2035 2842 2265 2924 omnium
2314 2873 2539 2928 maxime
2569 2876 2901 2946 prodigiosis.
2946 2875 3181 2948 Denique
3221 2894 3425 2933 summo

146 2951 299 2994 conatu
322 2944 581 3015 adhibito,
614 2957 671 3002 ut
695 2951 962 3005 oculorum
984 2955 1273 3010 testimonio
1315 2958 1608 3029 derogetur,
1634 2962 1895 3017 contendit
1935 2979 2026 3019 nec
2071 2965 2340 3020 levissima:
2382 2944 2692 3022 dubitationi
2720 2967 2889 3022 locant
2918 2985 3048 3036 esse,
3080 2970 3207 3038 quin
3236 2987 3265 3025 e
3293 2987 3429 3042 pane

141 3044 261 3097 quem
285 3052 591 3105 prasentem
622 3058 804 3098 sensus
828 3046 1090 3114 nuntiant,
1124 3064 1227 3102 non
1253 3050 1428 3121 ﬁgura
1455 3054 1708 3122 corporis,
1736 3056 1831 3109 sed
1855 3072 2042 3129 corpus
2069 3058 2237 3125 ipsum
2269 3061 2362 3129 ﬁat
2382 3070 2686 3131 conceptum
2719 3062 2773 3115 iu
2807 3061 3041 3133 Virginis
3071 3073 3216 3120 utero
3236 3106 3251 3133 ,
3280 3075 3329 3121 et
3356 3066 3428 3120 ad

142 3134 327 3183 extrema
344 3131 612 3204 supplicia
636 3152 731 3207 pro
758 3137 905 3192 nobis
937 3140 1208 3196 traditum.
1239 3140 1371 3208 Quis
1398 3160 1518 3216 ergo
1547 3156 1692 3217 neget
1736 3147 2025 3205 Pra'sulem
2066 3164 2297 3208 nostrum
2333 3171 2504 3210 veram
2539 3166 2590 3211 et
2620 3157 3013 3235 substantialem
3040 3158 3426 3216 conversionem

147 3214 203 3235 ιι
374 3225 386 3235 .
491 3227 512 3235 -
546 3224 586 3235 ..
1047 3233 1055 3235 _
1183 3231 1212 3235 _

142 3214 205 3270 hic
220 3225 513 3290 agnovisse?
533 3224 689 3281 Hanc
708 3240 882 3283 autem
902 3247 1019 3285 cum
1039 3233 1150 3287 istis
1172 3231 1388 3289 Domini
1412 3214 1594 3304 verbis,
1611 3214 1732 3294 illoc
1758 3249 1843 3296 est
1871 3256 2070 3313 Carpus
2094 3258 2275 3300 meum
2302 3244 2523 3317 (Matth.
2556 3230 2703 3314 uri,
2736 3247 2855 3316 26),
2881 3250 3143 3319 ﬁrmatam
3174 3266 3235 3303 ac
3262 3250 3421 3305 stabi-

138 3308 253 3363 litant
270 3315 378 3369 velit
405 3316 568 3387 (Cap.
598 3318 656 3384 9,
683 3336 829 3375 num.
859 3319 974 3391 52),
1002 3339 1171 3379 nonne
1190 3326 1464 3396 manifesto
1483 3327 1791 3400 intelligitur
1815 3332 1879 3385 ab
1908 3308 2092 3387 eo-illa
2122 3334 2175 3388 in
2204 3308 2429 3407 simplici
2450 3347 2602 3407 atque
2636 3308 2854 3410 proprio
2881 3308 3040 3394 sensu
3083 3340 3279 3412 accipi,
3310 3357 3417 3397 non

138 3398 179 3452 in
194 3404 438 3473 ﬁgurato?
469 3407 719 3465 Fatemur
741 3412 946 3483 quidem
973 3414 1207 3469 adhibita
1234 3432 1436 3487 quoque
1461 3417 1526 3471 ab
1566 3398 2047 3477 illo—miraculorum
2074 3398 2419 3495 quorumdam
2468 3398 2934 3498 exemplapquibus
2960 3398 3297 3502 "generandi
3318 3430 3422 3486 vim

136 3493 351 3566 baptismo
378 3504 551 3559 inesse
577 3508 951 3577 persuaderet:
976 3511 1064 3564 sed
1091 3510 1202 3565 illic
1223 3510 1288 3565 de
1307 3512 1496 3568 virtute
1522 3515 1841 3583 producendi
1869 3493 2298 3590 e/fectusagitur,
2323 3536 2424 3574 non
2456 3519 2521 3574 de
2543 3521 2875 3575 substantiali
2900 3520 3076 3593 aliqua
3102 3524 3421 3592 mutatione;

136 3602 353 3662 umquam
377 3598 522 3651 enim
545 3615 694 3667 aquae
714 3612 953 3655 naturam
977 3605 1207 3659 converti
1238 3605 1290 3658 in
1318 3603 1582 3673 Spiritum
1610 3607 1728 3661 istic
1756 3610 1989 3678 reperias
2008 3626 2027 3663 :
2071 3620 2170 3664 ate
2198 3612 2459 3664 contrario
2485 3628 2597 3664 eam
2629 3627 2829 3681 semper
2861 3612 3139 3666 subsistere
3159 3653 3173 3678 ,
3221 3627 3282 3666 ac
3310 3623 3426 3681 post

135 3681 502 3748 benedictione»:
530 3696 686 3750 etiam
708 3712 971 3753 remanere
1000 3708 1106 3752 tam
1129 3700 1406 3769 expressis,
1433 3708 1538 3753 tam
1565 3715 1703 3771 saepe
1728 3702 1928 3757 iteratis
1953 3704 2115 3757 verbis
2145 3711 2394 3767 testatur;
2422 3713 2479 3757 ut
2508 3703 2895 3774 quodammodo
2919 3704 3179 3769 videatur,
3210 3718 3273 3757 ne
3305 3705 3422 3775 quis

134 3770 243 3832 hanc
262 3780 351 3835 sibi
371 3785 673 3854 opinionem
702 3786 757 3839 in
782 3796 1000 3841 mentem
1025 3788 1315 3853 induceret,
1335 3790 1659 3861 praecavisse.
1692 3789 1774 3844 Ad
1798 3791 1909 3845 hinc
1932 3807 2079 3845 nemo
2106 3808 2209 3845 non
2236 3792 2370 3847 videt
2395 3770 2551 3862 quam
2582 3793 2782 3847 diversa
2801 3794 2868 3847 sit
2896 3792 2994 3847 hoc
3022 3794 3139 3847 loco
3168 3794 3420 3849 catholici

128 3878 251 3938 atque
272 3872 576 3931 heterodoxi
604 3893 780 3932 causa.
814 3878 1018 3933 Etenim
1046 3879 1211 3950 quivis
1238 3880 1566 3935 sacerdotum
1596 3890 1888 3935 nostrorum
1919 3882 2309 3936 Ambrosianum
2338 3882 2392 3936 in
2418 3882 2634 3936 rudibus
2665 3883 2812 3937 istius
2843 3883 3074 3954 mysterii
3120 3886 3416 3956 cognitione

129 3958 426 4024 instituendis
451 3970 704 4025 rationem
731 3979 781 4025 et
806 3970 1036 4026 laudabit
1064 3982 1114 4025 et
1134 3982 1374 4043 sequetur
1405 3988 1560 4042 quam
1583 3972 1934 4029 lubentissime
1956 3989 1975 4027 .·
1996 3972 2109 4042 quis
2130 3987 2248 4026 vero
2272 3972 2625 4027 ministrorum
2654 3976 2988 4027 sectariorum
3012 3976 3285 4030 tenendam
3311 3976 3413 4032 sibi

129 4052 255 4118 plane
270 4060 587 4115 contrariam
614 4076 715 4115 non
741 4062 994 4117 existimet
1016 4062 1040 4115 ?
1062 4061 1319 4116 Addimus
1346 4064 1498 4116 etiam
1519 4062 1808 4117 orthodoxo
1830 4062 2062 4134 dogmati
2089 4062 2398 4116 stabilienda
2420 4063 2473 4115 in
2501 4061 2598 4118 hac
2628 4062 2798 4127 opella
2822 4063 3144 4134 suppeditari
3172 4083 3415 4151 expressa

129 4151 389 4217 “positivo
409 4196 425 4221 ,
479 4162 535 4208 ut
582 4164 764 4209 vocant
783 4196 797 4220 ,
840 4156 1196 4223 firmamenta;
1226 4172 1344 4209 cum
1383 4163 1554 4208 tamen
1585 4153 1883 4208 Albertiuus
1914 4153 2325 4209 Carentonianus
2349 4153 2607 4224 quondam
2634 4153 2866 4210 minister
2905 4154 3026 4209 hinc
3054 4166 3413 4227 argumentum

127 4241 384 4304 probandce
412 4262 525 4299 sua:
551 4245 785 4316 opinioni
807 4245 1014 4300 nullum
1040 4244 1307 4317 depromat
1331 4262 1351 4311 ;
1382 4247 1472 4301 sed
1499 4255 1698 4300 tantum
1727 4245 1826 4300 sibi
1853 4254 2110 4317 proponat
2152 4244 2466 4341 objectiones
2490 4245 2639 4318 (Lib.
2664 4262 2702 4302 ιι
2730 4247 2794 4341 de
2819 4247 3147 4341 $acrament.
3177 4265 3298 4318 cap.
3326 4248 3408 4319 Ξ),

126 4331 284 4396 quibus
313 4352 414 4391 non
442 4337 547 4390 nisi
573 4335 752 4406 [utilia
773 4336 976 4406 penitus
1000 4353 1062 4391 ac
1099 4351 1231 4390 vana
1260 4336 1556 4408 respondet.
1604 4336 1758 4404 Atqui
1784 4344 2016 4391 constare
2043 4345 2242 4406 oportet
2286 4337 2431 4407 apud
2474 4353 2647 4409 aequos
2676 4333 3010 4395 testiniatores
3041 4355 3106 4394 ex
3139 4340 3236 4395 hoc
3260 4355 3412 4409 opere

123 4422 197 4476 ubi
224 4426 545 4495 familiariter
576 4429 760 4499 primis
788 4430 1054 4500 praeceptis
1083 4444 1238 4482 novos
1264 4427 1585 4483 Christianos
1603 4427 1902 4482 Ambrosius
1930 4427 2133 4495 imbuit,
2159 4427 2285 4499 quid
2314 4429 2579 4484 sententia:
2595 4445 2753 4499 super
2780 4430 3100 4485 eucharistia
3120 4430 3198 4484 illi
3222 4429 3377 4499 fuerit
3399 4470 3414 4496 ,

126 4516 272 4581 potius
294 4520 599 4575 discendum
625 4560 639 4584 ,
670 4536 826 4590 quam
850 4537 916 4575 ex
940 4520 1061 4574 aliis
1087 4520 1318 4590 ejusdem
1364 4518 1543 4579 libris;
1590 4518 2003 4589 quandoquidem
2044 4519 2095 4572 in
2126 4519 2206 4572 his
2232 4519 2296 4573 de
2324 4519 2580 4576 industria
2606 4530 2815 4591 propter
2843 4519 3079 4590 inﬁdeles
3103 4529 3252 4591 atque
3277 4528 3415 4574 cate-

124 4603 378 4665 ςΙωηιεηοε
407 4612 496 4682 qui
525 4626 644 4665 eum
674 4626 789 4664 cum
818 4609 1092 4681 baptizatis
1114 4611 1317 4682 confusi
1344 4608 1656 4675 audiebant,
1683 4609 1949 4664 obscurius
1976 4609 2328 4677 eloquebatur.
2510 4702 2543 4713 η
2884 4701 2898 4713 ¹
3028 4700 3040 4713 .
3320 4700 3331 4713 ο
3403 4702 3415 4713 η

184 4698 411 4775 Hujusce
440 4704 740 4777 scriptionis
765 4704 855 4773 qui
882 4704 1177 4768 meminere,
1221 4719 1407 4775 magno
1433 4717 1684 4756 consensu
1711 4717 1824 4755 eam
1851 4701 2124 4757 Ambrosio
2168 4717 2372 4770 semper
2398 4702 2775 4757 attribuerunt:
2806 4701 2898 4756 sed
2914 4700 3120 4757 tandem
3157 4700 3413 4773 superiori

118 4792 286 4846 seculo
310 4796 613 4849 exstiterunt
633 4794 843 4867 quidam
869 4792 1190 4859 heterodoxi,
1216 4794 1305 4862 qui
1329 4793 1645 4862 possessione
1677 4802 1782 4845 tam
1807 4792 2055 4845 diuturna
2084 4801 2317 4846 sanctum
2348 4790 2620 4846 Doctorem
2648 4792 2994 4847 abdicandum
3016 4791 3256 4848 arbitrati
3272 4802 3410 4848 sunt.

118 4879 405 4953 Reperimus
435 4889 573 4943 enim
595 4886 764 4942 Henr.
791 4885 1082 4956 Bullingeri
1111 4886 1179 4938 ad
1205 4884 1394 4938 Joach.
1434 4881 1727 4937 Vadianum
1756 4882 1953 4937 litteras
1991 4880 2135 4952 apud
2177 4889 2411 4987 sanctum
2439 4878 2648 4987 Gallum
2682 4881 2713 4934 7
2734 4882 2884 4955 julii,
2917 4898 3006 4935 an.
3040 4882 3182 4987 155?
3226 4882 3408 4987 datas,

114 4974 278 5042 quibus
308 4979 442 5033 hunc
470 4979 663 5034 librum
685 4994 801 5033 cum
823 4977 1144 5048 sequentibus
1175 4975 1243 5031 de
1272 4974 1642 5031 Sacramentis
1666 4990 1773 5028 una
1802 4973 2164 5046 complectens,
2188 4987 2305 5025 cum
2331 4970 2425 5024 illo
2452 4986 2507 5024 se
2530 4972 2595 5072 de
2621 4980 2843 5078 utroque
2866 4989 3019 5044 opere
3040 4975 3229 5078 sentire
3249 4975 3413 5078 signi-

113 5065 245 5134 ﬁcat,
266 5073 503 5127 nimirum
532 5072 783 5142 stupidos
810 5070 910 5125 hos
940 5084 1283 5141 nequaquam
1313 5081 1436 5124 csse
1484 5067 1723 5122 auctoris
1768 5065 1980 5170 optimi.
2005 5072 2064 5170 et
2100 5062 2714 5170 iudicii.emunctissimli
2747 5062 3001 5170 feturam:
3028 5064 3233 5170 Causas
3262 5066 3413 5122 istius

115 5156 183 5209 rei
208 5168 309 5213 tres
338 5158 485 5227 aﬁert
506 5203 522 5229 ,
554 5161 675 5232 styli
695 5159 1063 5226 differentiam,
1089 5159 1284 5213 variam
1314 5157 1399 5220 hic
1433 5167 1480 5212 et
1524 5158 1578 5213 in
1619 5156 1905 5229 exploratis
1946 5154 2205 5260 Ambrosii
2244 5153 2400 5260 libris.
2430 5155 2750 5260 exponenda:
2776 5155 3105 5260 eucharistite
3129 5158 3411 5260 rationem,

114 5253 458 5309 tractationem
477 5270 651 5308 rerum
674 5253 994 5325 frigidiorem
1016 5268 1167 5323 quam
1193 5249 1638 5321 proAmbrosiano
1669 5247 1905 5301 acumine
1926 5260 1986 5299 ac
2008 5242 2294 5315 diligentia.
2327 5242 2426 5298 His
2456 5244 2600 5297 addit
2630 5243 3026 5354 Erasmum‘etsi
3046 5246 3406 5354 dissimularil,

109 5350 156 5396 et
170 5343 428 5413 judicium
448 5349 625 5403 texerit
654 5364 825 5411 suum,
848 5364 910 5402 ne
930 5347 1186 5400 videretur
1215 5360 1387 5398 eorum
1411 5343 1473 5396 de
1496 5340 1832 5396 sacramentis
1852 5338 2156 5394 sententiam
2192 5338 2380 5392 sectari
2402 5355 2421 5403 ;
2447 5353 2577 5438 cum.
2594 5346 2763 5440 tamen
2784 5336 2879 5440 hos
2914 5337 3328 5440 librlos-rejecerit
3356 5341 3412 5396 in

105 5444 418 5502 postremum
442 5438 794 5493 Ambrosianus
814 5436 1055 5491 editionis
1075 5444 1290 5499 tomum,
1318 5448 1418 5486 non
1444 5431 1684 5486 dubitare
1710 5447 1765 5485 se
1790 5430 1915 5501 quin
1954 5428 2046 5483 ille
2073 5429 2287 5483 senserit
2336 5428 2605 5539 manggniJs
2631 5429 2924 5539 cuiuspiam
2961 5429 3096 5484 illud
3107 5447 3410 5539 esst-rapum.

111 5523 268 5592 Quasi
298 5543 414 5583 vero
452 5531 698 5587 Erasmus
738 5539 981 5601 quartum
1026 5543 1179 5583 suum
1215 5535 1408 5580 tomum
1454 5540 1521 5580 ex
1562 5523 1687 5579 solis
1736 5522 2044 5577 adulterinis
2090 5522 2455 5623 composuerit.
2487 5520 2755 5623 Sedmcum
2797 5522 2861 5576 de
2900 5524 3151 5622 sententia
3198 5524 3409 5581 Erasmi

103 5632 245 5672 mera
268 5620 337 5674 sit
366 5620 495 5677 isttec
530 5620 807 5678 hariolatio
828 5663 841 5684 .
868 5617 1191 5693 explodenda
1223 5616 1395 5686 potius
1417 5615 1619 5669 videtur
1646 5628 1802 5684 quam
1828 5612 2130 5682 refellenda.
2168 5609 2353 5720 Tribus
2383 5619 2552 5714 autem
2708 5626 2824 5682 qua:
2843 5612 3109 5719 pra’missa
3135 5623 3408 5720 sunt,uno

102 5712 257 5768 verbo
284 5716 694 5787 respondebimus
718 5715 1021 5770 catechesim
1052 5727 1181 5780 esse,
1212 5719 1365 5775 atque
1395 5707 1524 5762 adeo
1551 5706 1848 5761 charactere
1865 5707 1959 5760 sibi
1984 5706 2214 5775 praprio,
2241 5704 2294 5758 id
2316 5715 2407 5769 est,
2438 5703 2758 5775 simpliciter,
2787 5714 2961 5778 aperte
2978 5721 3040 5761 ac
3057 5706 3165 5763 sine
3188 5707 3408 5805 motibus
