3946 6180
473 228 579 294 387
1817 228 2062 297 ssucn
2099 236 2427 297 usuusu
3671 219 3769 288 $88

469 355 662 409 elitam
682 355 967 426 oportuisse
989 369 1007 406 :
1034 353 1237 406 interim
1266 350 1622 424 Bullingerum
1644 368 1906 407 censorem
1937 353 2397 407 Ambrosianorum
2424 352 2737 422 scriptorum
2757 362 2858 404 non
2886 340 3052 403 uideri
3079 347 3358 402 admodum
3400 347 3654 411 idoneum,
3682 348 3769 416 qui

467 460 570 512 quo
594 447 709 501 loco
738 455 840 498 tam
870 444 1061 498 lenibus
1081 443 1350 497 momentis
1381 442 1668 513 legitimum
1698 443 1928 497 extrudit
1955 447 2140 513 fetum,
2169 442 2538 497 commentaria
2561 442 2614 495 in
2646 438 2892 508 epistolas
2918 436 3075 492 Pauli
3100 437 3326 491 admittit
3356 436 3764 507 proindubitato.

546 537 605 593 Is
631 539 781 611 cujus
813 552 971 607 opera
1008 536 1349 591 Helmestadii
1372 536 1611 591 Censura
1643 534 1868 591 Roberti
1896 535 2026 591 Coci
2050 535 2212 607 praelo
2237 534 2474 599 subiecta
2505 538 2580 587 est
2602 533 2778 604 (Anno
2809 529 2994 599 1855),
3024 524 3123 583 hoc
3149 530 3303 582 etiam
3323 543 3455 599 opus
3477 542 3539 580 ex
3558 524 3772 579 Ambro-

476 628 746 684 sianorum
776 629 1014 699 catalogo
1034 630 1245 695 exemit,
1270 645 1374 699 qua
1400 630 1454 683 in
1472 645 1531 683 re
1553 644 1673 683 eum
1700 628 1933 683 Dalla’us
1954 643 2152 699 quoque
2176 627 2229 682 in
2252 624 2387 681 libro
2410 625 2483 682 de
2500 623 2936 680 Conﬁrmatioue
2962 630 3164 676 secutus
3184 632 3279 675 est.
3307 615 3576 677 Rationem
3590 618 3773 692 judicii

477 721 562 770 sui
587 721 806 786 primum
834 720 981 773 istam
1000 718 1209 773 reddit:
1248 719 1498 773 Alllrmat
1522 726 1734 785 auctor,
1766 719 1932 787 inquit
1957 718 2068 783 ille,
2093 716 2430 788 Scriptorum
2456 714 2649 771 testari
2679 714 2824 785 quod
2854 712 2921 770 ad
2949 720 3140 783 pretes
3181 700 3471 767 llierobaal
3505 711 3640 779 ignis
3681 706 3772 763 dc-

481 813 758 869 sceuderit
785 813 856 869 de
883 812 1045 869 caelo.
1100 813 1263 884 Atqui
1296 811 1429 867 nihil
1477 812 1587 867 tale
1624 812 1693 867 de
1721 811 2007 867 Hieroboal
2039 812 2236 883 legitur
2266 812 2318 865 in
2341 810 2642 881 Scriptura.
2691 808 2801 866 Sed
2820 809 2937 879 quis
2958 818 3060 862 non
3096 806 3266 861 uideat
3294 804 3380 859 hic
3415 802 3559 859 aliud
3585 803 3779 875 signiﬁ—

478 908 589 962 cari
630 907 785 972 nihil,
818 916 1160 979 prcterquam
1203 905 1342 976 quod
1381 905 1500 960 libri
1538 902 1790 959 Iudicum
1820 921 1936 976 cap.
1966 919 2021 958 Vl
2080 910 2352 964 narratur.
2392 902 2603 957 Gedeon
2643 901 2828 975 angelo
2866 896 3223 970 supplicasse,
3258 906 3317 951 ut
3345 898 3443 951 sibi
3479 895 3780 966 sacriﬁcium

478 1000 670 1070 offerre
698 1001 994 1053 concedere!
1020 1015 1038 1051 :
1073 1014 1174 1068 quo
1204 1006 1479 1059 annuente,
1504 1008 1620 1049 cum
1650 1006 1805 1064 super
1824 996 2024 1066 azymis
2051 994 2295 1067 panibus,
2324 993 2670 1060 'cnrnibusque
2692 991 2845 1046 elixis
2873 993 2967 1063 jus
2994 988 3293 1060 infudisset,
3324 988 3565 1058 angelum
3593 998 3782 1039 summa

476 1093 743 1162 sirgahcc
760 1091 1059 1165 contigisse,
1087 1106 1151 1145 ac
1174 1090 1423 1144 diuinitus
1450 1105 1477 1143 e
1504 1098 1677 1158 petra,
1715 1088 1801 1141 cui
1829 1088 2009 1141 eadem
2036 1088 2281 1158 imposito
2312 1088 2536 1156 fuerant,
2571 1087 2741 1157 ignem
2795 1086 3042 1156 erupisse.
3072 1082 3364 1138 Dicendum
3408 1083 3561 1153 igitur
3589 1090 3699 1150 qua:
3736 1080 3783 1132 in

482 1184 760 1255 Scriptura
786 1184 954 1253 fusius
982 1180 1353 1248 memorantur,
1378 1197 1439 1235 ea
1462 1181 1775 1234 contractius
1800 1179 1986 1249 referri
2009 1178 2072 1233 ab
2108 1178 2398 1233 Ambrosio.
2432 1176 2575 1232 Fieri
2595 1193 2715 1232 vero
2738 1178 2893 1232 etiam
2921 1176 3086 1248 potuit
3103 1218 3118 1243 ,
3163 1184 3218 1230 ut
3262 1174 3396 1229 hanc
3430 1174 3698 1227 historiam
3733 1172 3783 1225 in

478 1282 740 1337 codicibus
768 1280 878 1336 suis
899 1281 1057 1347 paulo
1086 1280 1238 1334 aliter
1264 1286 1416 1347 atque
1436 1279 1491 1331 in
1511 1276 1702 1330 nostris
1732 1284 2001 1330 narratam
2020 1275 2269 1329 inuenerit
2292 1290 2312 1328 :
2340 1274 2479 1345 quod
2516 1274 2573 1327 in
2600 1274 2720 1328 aliis
2766 1271 3089 1344 quoqueipsi
3112 1272 3388 1343 contigisse
3416 1286 3521 1323 non
3544 1270 3714 1333 semel,
3739 1279 3789 1321 at

476 1371 738 1443 precipere
763 1371 819 1424 in
839 1378 997 1440 caput
1018 1369 1260 1424 ultimum
1286 1367 1404 1421 libri
1424 1366 1495 1422 de
1521 1364 1789 1432 Nabuthe,
1812 1364 2211 1419 observavimus.
2261 1358 2329 1418 Et
2354 1364 2454 1418 hoc
2486 1380 2612 1419 sane
2640 1365 2834 1418 mirum
2860 1365 2942 1419 Μ
2968 1376 3071 1418 non
3094 1362 3374 1428 uidebitur,
3402 1363 3494 1432 qui
3522 1361 3788 1415 adverterit

476 1470 677 1517 tantam
704 1463 831 1517 olim
853 1460 1089 1516 codicum
1116 1460 1299 1515 ueteris
1323 1458 1610 1512 testamenti
1654 1456 1813 1527 {uisse
1837 1455 2211 1518 diversitatem.
2243 1466 2303 1509 ttt
2327 1464 2447 1525 quot
2471 1454 2740 1521 Ecclesia,
2774 1462 2848 1509 tot
2868 1456 3015 1508 uaria
3052 1450 3508 1524 circumferrentur
3539 1454 3789 1522 empla-

480 1557 563 1609 ria
585 1597 602 1621 ,
633 1556 768 1610 sicut
799 1553 1146 1625 Hieronymus
1186 1553 1239 1607 in
1279 1549 1685 1622 Prtefationibus
1723 1549 1833 1604 suis
1859 1550 2053 1620 passim
2082 1556 2322 1604 ωηατ»
2354 1548 2502 1603 idem
2520 1552 2681 1619 ferme
2706 1548 2855 1603 habet
2885 1548 2949 1604 S.
2979 1547 3302 1620 Augustinus
3324 1547 3393 1603 de
3414 1545 3572 1601 Dect.
3603 1547 3788 1604 Christ.

478 1649 574 1705 lib.
607 1664 671 1716 ιι,
696 1647 928 1717 cup,ll.

559 1740 803 1796 Secunda
823 1740 1179 1812 expunctionis
1200 1739 1335 1793 ratio
1361 1738 1473 1793 hac
1492 1748 1604 1793 est:
1637 1736 1795 1803 Quod
1824 1746 2015 1792 auctor
2034 1736 2163 1799 iste,
2206 1737 2394 1808 adﬁcit
2421 1737 2578 1801 idem,
2603 1735 2897 1807 Psralytici
2926 1735 3126 1792 verba:
3158 1736 3444 1791 Hominem
3472 1751 3583 1791 non
3608 1735 3792 1802 habeo,

485 1837 557 1888 ita
609 1832 856 1902 exponit,
888 1832 1043 1903 quasi
1095 1848 1191 1903 per
1242 1832 1519 1886 hominem
1557 1830 1895 1901 Puralyticus
1937 1826 2273 1886 intellexerit
2314 1827 2591 1885 Christum
2640 1829 2995 1885 mediatorum
3024 1872 3040 1897 ,
3074 1842 3330 1900 perquam
3379 1830 3669 1886 leviculam
3717 1838 3797 1885 est

482 1924 667 1997 (loqu.
695 1943 750 1994 ν,
780 1926 859 1997 7).
885 1925 994 1983 Sed
1020 1941 1264 1997 perquam
1299 1924 1545 1979 leviculus
1566 1934 1640 1979 est
1666 1925 1755 1995 qui
1782 1925 1859 1977 sic
1880 1924 2070 1995 arguit.
2108 1919 2385 1977 Enimvero
2410 1921 2492 1977 uel
2536 1936 2641 1977 non
2662 1922 2925 1994 intelligit,
2948 1922 3029 1977 vel
3059 1936 3161 1977 non
3182 1922 3474 1995 intelligere
3493 1939 3548 1978 se
3577 1923 3717 1993 lingit
3745 1920 3797 1975 id

482 2019 661 2074 eodem
679 2018 795 2073 loco
821 2035 974 2090 agere
992 2029 1231 2073 sanctum
1260 2018 1574 2081 Antistitem,
1592 2028 1648 2071 ut
1666 2017 1721 2071 in
1736 2018 1939 2087 piscina
1960 2018 2184 2088 ﬁguram
2194 2017 2546 2089 baptismatis,
2568 2018 2625 2070 in
2643 2018 2853 2071 homine
2877 2032 3074 2091 agrum
3094 2018 3148 2071 in
3174 2034 3285 2071 eam
3314 2019 3609 2073 demittente
3628 2030 3799 2089 typum

483 2109 650 2180 ipsius
672 2107 889 2174 Christi,
917 2110 971 2163 in
997 2122 1138 2179 tegro
1160 2109 1364 2164 demum
1393 2108 1616 2162 honsiuis
1663 2108 1949 2179 peccatoris
1981 2106 2272 2179 sgmbslam
2313 2109 2572 2163 exstitisse
2614 2108 2904 2162 escenderet
2938 2126 2959 2175 ;
2988 2115 3142 2180 atque
3171 2109 3299 2163 adeo
3344 2108 3430 2163 hic
3470 2109 3800 2182 paralyticum

486 2205 759 2274 mysticum
784 2203 905 2269 sive,
926 2212 982 2257 ut
1004 2203 1169 2257 sancti
1196 2202 1358 2256 nostri
1382 2212 1589 2255 utamur
1610 2199 1786 2268 uerbo,
1814 2199 2217 2273 intelligibilem,
2244 2200 2623 2271 accipiendum.
2672 2196 2788 2266 Quo
2811 2198 2937 2270 quid
2980 2216 3100 2254 cum
3125 2200 3470 2256 Ambrosium
3500 2200 3802 2272 exponenda

490 2294 778 2368 Scriptum
796 2293 952 2350 modo
978 2293 1143 2364 magis
1166 2292 1496 2364 congruum?

562 2385 795 2441 Tertiam
821 2385 1161 2459 objectioncm
1188 2385 1262 2439 ita
1291 2386 1535 2457 exprimit
1560 2399 1581 2439 :
1605 2383 1760 2451 Quod
1794 2384 1846 2438 in
1876 2382 1966 2439 his
1999 2381 2155 2438 libris
2176 2393 2397 2453 peccata
2426 2385 2670 2454 propria,
2697 2384 2750 2439 l.
2785 2383 3055 2451 Actuslia,
3076 2394 3181 2454 per
3209 2378 3542 2454 baptismum
3576 2382 3801 2440 relaxari

489 2477 638 2534 dicat
665 2496 678 2532 :
704 2478 1061 2535 haereditaria
1090 2493 1243 2544 vero,
1278 2480 1329 2533 Ι.
1361 2477 1683 2550 Originaliu,
1715 2492 1812 2548 per
1840 2477 2103 2532 lotiouem
2135 2476 2352 2546 pedum,
2385 2485 2538 2532 certe
2560 2476 2885 2532 haerent-um
2912 2486 3019 2533 est.
3048 2476 3187 2533 Cum
3213 2476 3515 2550 Theologis
3538 2487 3595 2533 et
3623 2474 3803 2533 Eccle-

484 2570 580 2625 sia:
610 2570 861 2626 doctrina
893 2586 1004 2625 non
1036 2570 1314 2636 convenit,
1357 2578 1497 2625 teste
1527 2568 1859 2624 Maldonato.
1909 2567 1978 2621 Et
2012 2566 2110 2621 hoc
2136 2566 2346 2635 quidem
2394 2575 2502 2621 tam
2545 2569 2776 2623 ualidum
2822 2577 3029 2638 tamque
3064 2568 3402 2624 ineluctabile
3450 2577 3801 2641 argumentum

487 2659 693 2716 Dallteo
723 2662 888 2716 visum
913 2668 987 2716 est
1021 2661 1161 2731 (Lib.
1185 2677 1242 2717 III
1260 2702 1275 2728 ,
1306 2661 1371 2715 de
1397 2660 1647 2730 Conﬁrm.
1670 2701 1687 2727 ,
1716 2676 1837 2729 cap.
1867 2659 1923 2731 8)
1950 2702 1964 2726 ,
1993 2668 2050 2713 ut
2077 2660 2169 2732 qui
2198 2658 2306 2714 alia
2335 2662 2487 2731 quasi
2512 2661 2678 2734 digito
2704 2662 2942 2716 indicare
2970 2663 3099 2717 satis
3125 2662 3377 2718 habuerat
3396 2698 3416 2732 ,
3442 2664 3577 2719 illud
3602 2663 3803 2735 proprio

485 2757 709 2811 noluerit
750 2760 1022 2812 cumulare
1049 2755 1325 2828 suffragio.
1363 2754 1503 2809 Nam
1534 2771 1650 2809 cum
1693 2763 1741 2808 et
1769 2753 1931 2826 hujus
1959 2755 2131 2822 aperis
2158 2764 2207 2808 et
2235 2754 2486 2808 librorum
2512 2755 2585 2811 de
2618 2754 2992 2812 Sacramentis
3021 2764 3281 2810 uictorem
3310 2755 3378 2811 ds
3400 2757 3597 2811 latione
3626 2756 3801 2826 pedum

484 2851 810 2904 incommode
836 2867 899 2904 ac
928 2850 1248 2921 perabsurde
1285 2847 1677 2920 philosophatus
1704 2850 2074 2916 contendisset,
2099 2849 2278 2905 allatis
2305 2848 2369 2905 de
2389 2849 2579 2920 quibus
2604 2850 2848 2923 agebatur
2869 2850 3019 2916 locis,
3048 2852 3150 2906 ista
3172 2851 3447 2926 subjuugit
3471 2869 3491 2907 :
3518 2851 3805 2919 Utrumque

486 2939 782 3007 somnium,
815 2939 959 3011 quod
997 2940 1086 2996 vel
1126 2940 1285 3009 plane
1313 2938 1394 2994 vel
1436 2954 1575 3009 pene
1623 2938 1764 2994 idem
1807 2948 1913 3002 est.
1939 2939 2221 3009 ineptum,
2254 2950 2311 2996 et
2360 2940 2612 2996 instituto
2638 2957 2668 2994 ει
2697 2938 2920 2997 Christo
2964 2942 3284 3012 Μαιωτιιί
3330 2943 3801 3007 contumeliosum,

482 3033 619 3087 satis
644 3033 885 3088 ostendit
916 3032 1165 3087 neutrius
1194 3032 1441 3101 opusculi
1472 3041 1753 3088 auctorem
1785 3046 1906 3087 esse
1935 3031 2311 3090 Ambrosium.
2343 3031 2664 3088 Gravissima
2705 3044 2802 3102 est,
2845 3051 2939 3090 nec
2974 3036 3297 3107 difﬁtemur,
3342 3038 3492 3093 istac
3528 3036 3800 3093 accusatio.

487 3123 597 3180 Sed
629 3124 728 3178 hoc
756 3124 1079 3178 incommode
1099 3139 1160 3177 ac
1188 3122 1506 3195 perabsurde
1531 3123 1922 3179 accusatoribus
1947 3125 2080 3195 ipsis
2105 3125 2320 3189 accidit,
2349 3134 2406 3179 ut
2440 3125 2576 3180 idem
2609 3126 2747 3180 illud
2774 3127 2862 3181 cui
2889 3137 2994 3181 tam
3022 3129 3228 3199 nigrum
3250 3130 3399 3185 theta
3428 3133 3710 3205 praeﬁgunt
3722 3127 3807 3183 isti

486 3218 766 3273 aristarchi
793 3258 808 3284 ,
835 3234 940 3273 non
970 3218 1122 3273 modo
1152 3218 1206 3272 in
1245 3217 1365 3273 aliis
1392 3233 1510 3288 qua:
1536 3226 1740 3272 exstant
1781 3218 2040 3274 Ambrosii
2066 3217 2312 3288 operibus
2342 3234 2445 3274 non
2470 3221 2815 3275 controversis
2857 3222 3090 3277 inuenire
3116 3225 3214 3288 sit,
3244 3238 3426 3279 verum
3446 3227 3610 3281 etiam
3649 3225 3700 3277 in
3722 3223 3807 3275 de—

487 3308 705 3381 perditis
742 3325 964 3380 quorum
1007 3310 1108 3365 loci
1146 3320 1423 3365 occurrunt
1466 3310 1607 3383 apud
1652 3310 2016 3379 ﬁdelissimum
2047 3313 2217 3382 ipsius
2255 3312 2573 3385 discipulum
2619 3315 2973 3388 Augustinum
2995 3317 3053 3372 in
3078 3321 3190 3375 suis
3214 3320 3474 3377 adversus
3507 3321 3806 3393 Pelagianos

486 3405 968 3477 disceptationibus,
993 3406 1082 3460 ubi
1122 3405 1339 3460 dubium
1380 3406 1593 3479 dogma,
1621 3405 1811 3461 nedum
1841 3406 2142 3462 hereticus:
2167 3422 2452 3477 numquam
2492 3411 2703 3478 impune
2747 3414 3127 3483 proposuisset.
3173 3413 3303 3470 Hinc
3328 3418 3375 3470 si
3405 3417 3803 3471 eonsiderassent

487 3497 569 3552 illi
599 3500 901 3571 scriptam,
932 3499 988 3552 in
1013 3498 1319 3553 sententiam
1347 3512 1466 3552 cum
1503 3507 1768 3553 tantorum
1796 3499 2086 3565 doctorum,
2118 3507 2229 3553 tum
2250 3501 2411 3554 etiam
2438 3502 2626 3557 ueteris
2648 3502 2901 3559 Ecclesia:
2925 3508 3236 3562 auctoritate
3254 3511 3516 3565 munitam
3556 3510 3696 3564 haud
3718 3510 3807 3562 in-

491 3593 835 3646 surreuissent
869 3592 1030 3647 tantis
1057 3591 1267 3647 animis.
1317 3590 1509 3645 Verum
1541 3607 1630 3646 eos
1658 3591 1798 3662 quod
1842 3608 1989 3647 uoces
2020 3590 2372 3648 Imreditoris
2400 3602 2619 3663 pe¢cata
2646 3595 2834 3666 quibus
2870 3598 3003 3654 nihil
3031 3601 3132 3654 nisi
3160 3604 3582 3673 concupiscentia
3607 3604 3730 3668 sive,
3755 3609 3805 3654 ut

486 3686 599 3759 ipse
635 3691 731 3757 ait,
772 3690 1038 3746 lubricum
1080 3688 1459 3759 delinquendi,
1485 3688 1833 3759 signiﬁcatur,
1865 3704 2190 3759 nequaquam
2218 3698 2357 3744 recte
2384 3686 2735 3746 intellexerint
2784 3694 2839 3747 in
2879 3710 3109 3750 errorem
3132 3697 3380 3754 inductos
3402 3701 3476 3753 ad
3505 3712 3620 3754 eum
3646 3699 3804 3753 locum

486 3783 955 3839 demonstrabimus
980 3781 1137 3854 (Cap.
1168 3782 1226 3849 6,
1257 3798 1406 3837 num.
1433 3782 1552 3852 32).

565 3878 765 3934 Ultima
788 3880 1004 3935 Cocieni
1028 3878 1242 3934 editoris
1270 3878 1406 3933 ratio
1433 3887 1540 3932 tam
1570 3876 1735 3947 futilis
1758 3887 1856 3944 est,
1885 3886 1942 3932 ut
1967 3893 1999 3931 a
2023 3877 2174 3933 nobis
2192 3878 2382 3949 referri
2403 3878 2490 3933 vis:
2517 3881 2899 3947 mereatur;uit
2922 3882 3059 3936 enim
3087 3884 3228 3955 quod
3254 3882 3310 3939 in
3340 3883 3613 3955 baptismo
3633 3884 3804 3953 expri-

490 3972 719 4028 mendus
742 3986 869 4029 esse
898 3981 1013 4028 tres
1040 3982 1308 4043 personas
1331 3970 1550 4027 divinas
1574 3971 1657 4024 hic
1682 3980 1866 4025 auctor
1891 3970 2050 4037 dicit,
2078 3986 2197 4025 eum
2227 3985 2287 4024 eo
2329 3985 2562 4042 pugnare
2588 3972 2727 4043 quod
2758 3973 2814 4028 in
2843 3972 2989 4030 libris
3014 3976 3080 4030 de
3108 3974 3311 4047 Spiritu
3332 3989 3520 4033 sancto
3540 3977 3801 4036 asserum

490 4072 558 4125 ad
584 4068 908 4143 Baptismum
950 4069 1354 4125 invocationem
1386 4069 1555 4122 unius
1576 4078 1825 4137 persona:
1857 4065 2054 4120 divinae
2086 4074 2294 4121 tantum
2325 4065 2588 4135 sufﬁcere.
2638 4066 2748 4122 Sed
2790 4068 2835 4121 si
2878 4066 3235 4123 admitteretur
3280 4070 3393 4125 lucc
3431 4066 3806 4132 consecutio,ii

492 4179 670 4219 omnes
698 4163 816 4219 libri
844 4165 896 4218 in
923 4162 1105 4231 quibus
1137 4170 1238 4216 tres
1265 4160 1471 4215 divinas
1498 4172 1748 4233 personas
1767 4158 1823 4212 in
1856 4159 2109 4230 baptismo
2138 4158 2476 4229 proferendus
2498 4158 2744 4227 traditur,
2775 4160 3111 4235 abjudicandi
3139 4173 3307 4218 essent
3335 4164 3613 4229 Ambrosio
3636 4183 3654 4218 :
3677 4158 3803 4233 quod

491 4255 746 4328 affirmare
770 4256 849 4309 vel
874 4254 980 4326 ipsi
1017 4253 1307 4307 adversarii
1337 4253 1711 4308 erubescerent.
1745 4250 1811 4304 At
1839 4252 1977 4304 enim
2008 4258 2245 4318 quamam
2270 4252 2325 4305 in
2350 4268 2415 4307 eo
2440 4255 2805 4325 repugnantia,
2842 4256 2888 4310 si
2911 4255 3033 4326 quis
3062 4257 3127 4311 tle
3157 4260 3420 4313 communi
3453 4261 3615 4325 huius
3638 4270 3803 4313 sacra-

492 4351 649 4406 menti
670 4347 1081 4403 ndministrandi
1110 4347 1310 4401 ratione
1338 4362 1517 4415 agens,
1549 4346 1867 4400 invocandas
1891 4347 1991 4400 tres
2022 4360 2265 4416 personas
2293 4347 2496 4403 diuinas
2523 4350 2699 4416 dicat;
2722 4350 2861 4406 idem
2896 4360 3067 4406 tamen
3099 4352 3376 4424 disputans
3415 4364 3591 4408 utrum
3619 4348 3802 4419 baptis-

493 4458 635 4499 mum
670 4441 957 4513 nliqaando
990 4439 1081 4494 sub
1110 4454 1345 4511 persona:
1369 4439 1521 4494 unius
1542 4439 1869 4495 invocatione
1900 4440 2147 4495 collatum
2178 4454 2273 4510 pro
2303 4440 2473 4497 ualido
2512 4443 2689 4498 haberi
2725 4454 2982 4515 Oporteat,
3014 4445 3365 4517 afﬁrmantem
3410 4456 3585 4502 teneat
3610 4442 3806 4514 opinio-

496 4550 631 4592 nem.
675 4535 783 4592 Sed
809 4551 871 4590 ea
915 4535 979 4589 tle
1009 4550 1063 4588 re
1090 4542 1301 4604 agemus
1345 4548 1439 4588 suo
1480 4528 1613 4591 luco.
1658 4530 1879 4588 Interim
1909 4533 2029 4589 illos
2071 4533 2283 4603 pudeat,
2330 4535 2421 4606 qui
2459 4534 2563 4589 tum
2614 4536 2806 4592 levibus
2851 4539 3118 4593 momentis
3160 4538 3345 4594 bonum
3385 4540 3713 4612 scriptionem
3760 4544 3803 4588 et

498 4630 765 4685 Ambrosio
817 4628 1028 4683 minime
1078 4626 1346 4697 indignam
1391 4626 1621 4697 legitimo
1673 4628 1876 4697 parenti
1920 4637 2152 4701 ereptum
2194 4630 2311 4681 eant
2338 4669 2352 4691 ,
2380 4625 2539 4699 idque
2584 4644 2689 4683 non
2738 4636 2937 4683 tantum
2978 4641 3159 4685 contra
3198 4642 3324 4687 mss.
3356 4634 3614 4692 omnium.
3641 4640 3804 4686 verum

496 4725 651 4781 etiam
677 4732 858 4780 contra
887 4731 958 4778 tot
980 4738 1041 4777 ac
1065 4731 1328 4777 tantorum
1357 4721 1585 4775 virorum
1612 4732 1713 4792 qua
1735 4720 2131 4786 catholicorum,
2159 4734 2263 4792 qua
2283 4722 2648 4788 sectaﬁorum,
2674 4738 2772 4793 qua
2795 4731 3039 4793 veterum,
3070 4740 3170 4796 qua
3188 4724 3473 4781 recentium
3500 4721 3801 4785 testimonia,

498 4832 552 4876 ut
594 4823 640 4878 si
683 4819 849 4875 nolint
893 4834 1071 4873 eorum
1113 4816 1425 4871 auctoritate
1461 4814 1784 4888 persuaderi,
1836 4816 2016 4870 saltem
2057 4812 2392 4869 multitudine
2437 4812 2584 4869 obrui
2625 4816 2842 4886 possint.
2888 4810 3000 4870 Nec
3048 4816 3344 4872 dubitamus
3390 4815 3492 4871 hoc
3534 4811 3809 4889 pervidisss

498 4917 778 4985 scriptores
814 4911 1029 4978 multos,
1080 4910 1357 4983 magnique
1402 4908 1625 4965 nominis
1666 4904 1723 4963 in
1762 4908 2126 4963 communione
2171 4904 2481 4963 Calviniana
2524 4904 2820 4981 (Mendet,
2847 4905 3088 4977 Falcar.,
3118 4908 3350 4977 Artem,
3381 4905 3551 4981 cla);
3580 4907 3806 4980 quando-

503 5008 710 5083 quidem
738 5016 1024 5080 paucorum
1048 5020 1075 5057 e
1097 5005 1206 5061 suis
1248 5020 1466 5060 censura
1493 5004 1707 5077 insuper
1735 5001 1932 5069 habita,
1967 5000 2228 5057 calculum
2271 5016 2424 5056 suum
2462 5016 2566 5056 non
2607 5001 2909 5058 'subtraxere
2946 5004 3167 5060 veritati.

572 5100 702 5157 Cum
746 5100 907 5175 igitur
950 5099 1279 5156 Ambrosium
1329 5098 1487 5172 hujus
1536 5098 1656 5152 libri
1702 5096 2024 5166 possessione
2066 5093 2199 5150 nihil
2237 5093 2479 5169 ldejiciat,
2523 5096 2635 5164 iant
2676 5096 3011 5166 quaerendum
3051 5106 3128 5153 est
3169 5102 3381 5166 quotum
3422 5098 3593 5154 eidem
3623 5100 3806 5152 annum

500 5193 862 5249 attribuamus.
894 5186 962 5246 In
992 5193 1107 5264 ipso
1134 5190 1308 5245 statim
1354 5187 1540 5260 Operis
1574 5184 1721 5243 initio
1763 5186 1905 5242 illius
1937 5187 2150 5242 innuere
2192 5194 2391 5257 tempus
2429 5184 2629 5241 videtur
2672 5196 2881 5244 sanctus
2923 5188 3187 5258 Antistes;
3214 5186 3298 5245 hic
3339 5186 3537 5263 quippe
3578 5188 3727 5263 (Cap.
3753 5185 3801 5251 1,

504 5304 647 5343 num.
686 5287 738 5357 l)
783 5285 855 5340 ait
890 5285 953 5340 de
996 5282 1277 5339 moralibus
1314 5276 1677 5351 quotidianum
1714 5295 1999 5335 sermonem
2032 5280 2087 5334 in
2125 5276 2443 5351 exponendis
2489 5278 2904 5347 patriarcharum
2939 5281 3095 5351 gestis
3124 5294 3183 5335 se
3217 5274 3463 5336 habuisse
3492 5296 3512 5336 :
3542 5281 3632 5336 ubi
3661 5274 3806 5334 libros

504 5376 567 5432 de
594 5376 880 5443 Abraham,
909 5373 1064 5429 Isaac
1099 5382 1146 5428 et
1185 5369 1371 5437 Jacob,
1412 5382 1458 5426 et
1498 5371 1629 5426 alios
1665 5369 1728 5424 ab
1769 5386 1828 5426 eo
1868 5370 2089 5441 intelligi
2128 5369 2233 5425 ueri
2270 5376 2406 5424 certe
2448 5368 2768 5425 simillimum
2810 5381 2904 5427 est.
2955 5370 3203 5428 Fatemur
3250 5383 3420 5428 tamen
3460 5372 3587 5430 inde
3622 5367 3806 5444 aliquid

506 5468 699 5522 aboriri
742 5464 1092 5537 difﬁcultatis,
1116 5461 1255 5534 quod
1293 5461 1473 5517 eadem
1509 5461 1573 5515 de
1599 5461 1817 5514 materia
1846 5459 2001 5514 variis
2030 5459 2178 5515 annis
2216 5456 2450 5512 habuerit
2496 5468 2777 5528 sermones,
2808 5460 2946 5532 quod
2970 5473 3019 5518 et
3045 5479 3138 5519 nos
3171 5463 3277 5520 suis
3302 5460 3432 5521 tarn
3477 5458 3806 5521 indicavimus

508 5556 601 5630 (In
641 5553 961 5627 Admonit.).
1017 5552 1383 5609 Verumtamen
1430 5567 1548 5606 cum
1584 5546 1827 5606 credibile
1858 5549 1924 5605 sit
1961 5551 2077 5604 eum
2102 5548 2400 5621 praecipuos
2441 5556 2641 5603 tantum
2677 5549 2992 5624 signiﬁcare,
3022 5566 3123 5607 non
3168 5560 3415 5622 putamus
3451 5554 3635 5611 eadem
3669 5548 3807 5609 verba

506 5650 694 5706 rectius
732 5649 801 5704 ad
841 5646 974 5702 alios
1014 5646 1197 5718 referri
1233 5661 1383 5719 posse
1422 5661 1575 5715 quam
1614 5634 1685 5699 ad
1725 5652 2069 5707 memoratos;
2109 5638 2427 5714 proindeque
2469 5646 2662 5695 annum
2696 5640 2818 5697 huic
2848 5634 3034 5715 opella
3067 5634 3174 5701 387
3208 5638 3420 5701 circiter
3454 5644 3696 5703 duximus
3728 5654 3804 5700 as—

510 5741 841 5814 signandum.
