3952 6178
522 218 621 276 591

1882 216 2126 276 SANCTI
2165 217 2489 280 AMBROSII

3744 221 3865 276 392

522 340 643 410 ejus
668 353 730 394 ac
751 336 1142 409 voluptatibus.
1167 335 1402 392 Tenetur
1432 351 1534 392 vox
1563 345 1674 403 tua,
1701 350 1806 392 non
1837 336 1890 392 in
1926 338 2129 393 tumulo
2155 343 2206 402 Α
2238 339 2290 392 in
2332 338 2498 408 ipsius
2546 335 2736 393 mundi
2782 335 3182 408 prmﬁguratum
3213 335 3444 408 origine.
3473 335 3530 392 In
3557 337 3862 408 principio

526 441 896 494 mortuorum,
926 427 1021 484 sed
1051 429 1103 484 in
1139 429 1276 484 libro
1305 428 1622 485 viventium.

593 522 648 577 6.
695 521 886 577 Vidisti
934 521 1046 575 illic
1096 521 1352 592 levitam,
1386 529 1412 558 α
1441 521 1621 577 vidisti
1652 522 2015 588 sacerdotem,
2048 523 2128 577 vi-

521 614 648 670 disti
680 628 948 670 summum
996 613 1363 669 sacerdotem.
1403 613 1526 670 Noli
1555 614 1905 669 considerare
1932 629 2128 685 corpe-

521 729 639 769 rmn
670 714 890 784 liguras,
921 710 1017 766 scd
1063 711 1448 783 mysteriorum
1479 711 1728 782 gratiam.
1765 709 2126 765 Praesentibus

519 808 726 879 angelis
773 807 984 862 loeutus
1030 821 1089 861 es
1119 847 1133 871 ,
1163 805 1305 860 sicut
1345 803 1606 874 scripturn
1657 812 1742 858 est
1776 819 1788 856 :
1823 801 1961 870 Quia
1991 801 2128 856 labia

517 900 798 956 sacerdotis
828 897 1125 952 custodiunt
1155 897 1422 952 scientiam
1447 937 1461 963 ,
1487 906 1531 950 et
1559 897 1720 964 legem
1765 894 2040 964 exquirunt
2066 909 2130 946 ea:

519 1013 607 1050 ore
647 995 844 1064 ipsius;
871 993 1114 1063 quoniam
1156 991 1372 1062 angelus
1409 1000 1483 1044 est
1508 987 1536 1026 δ
1569 987 1778 1042 Domini
1807 987 2130 1058 omnipoten-

516 1087 582 1142 tis
613 1085 831 1159 (Malae.
880 1099 940 1148 tt,
973 1082 1051 1156 7).
1080 1083 1198 1139 Non
1227 1094 1309 1138 eSt
1341 1082 1562 1147 fallere,
1595 1095 1703 1134 non
1751 1086 1835 1133 est
1882 1093 2078 1148 negare
2112 1094 2125 1129 :

519 1179 749 1251 angelus
794 1187 878 1232 est
924 1177 1014 1247 qui
1064 1191 1289 1246 regnum
1319 1171 1519 1228 Christi
1557 1182 1612 1228 et
1657 1171 1820 1225 vitam
1870 1181 2126 1224 teternam

519 1272 824 1327 annuntiat.
855 1268 974 1324 Non
1005 1267 1192 1338 specie
1225 1267 1317 1322 tibi
1348 1267 1508 1338 327
1538 1262 1886 1320 aestimandus
1914 1263 2004 1328 sit,
2033 1260 2128 1316 sed

520 1383 769 1424 munere.
817 1364 958 1434 Quid
1000 1362 1284 1418 tradiderit
1329 1359 1635 1423 considera,
1663 1373 1819 1413 usum
1865 1355 1984 1425 ejus
2028 1370 2127 1409 ex-

521 1461 724 1533 pende,
754 1470 809 1518 et
839 1469 1038 1516 statum
1071 1460 1190 1531 ejus
1218 1473 1473 1530 agnosce.

594 1557 982 1624 7.1ngressus
1062 1569 1123 1609 es
1194 1553 1356 1623 igitur
1419 1560 1477 1605 ut
1533 1548 1903 1605 adversarium
1980 1555 2126 1600 tuum

521 1664 819 1716 cerneres,
889 1648 1020 1704 ccui
1069 1645 1496 1702 renuntiandum
1559 1643 1610 1697 in
1663 1657 1726 1696 os
1777 1639 2028 1712 putaris:
2061 1639 2128 1691 ad

2229 432 2380 502 ipso,
2414 430 2629 500 quando
2660 430 2783 486 fecit
2812 429 2954 485 Deus
2986 429 3183 485 coelum
3213 437 3270 483 ct
3301 439 3527 495 terram,
3560 429 3819 498 Spiritus
3840 472 3856 497 ,

2232 525 2432 594 inquit,
2482 523 2908 595 supcrfcrebatur
2946 539 3096 595 super
3139 539 3300 593 aquas
3335 522 3493 592 (Gen.
3521 539 3571 587 t,
3612 521 3711 594 2).
3747 520 3859 590 Qui

2230 617 2674 688 superlerehatur
2712 631 2876 686 super
2916 630 3116 686 aquas,
3161 629 3269 670 non
3302 613 3632 684 Operabatur
3676 630 3861 683 super

2233 712 2497 784 aquas?“
2547 712 2652 768 Sed
2715 711 2844 782 quid
2908 710 3084 765 dicam
3150 709 3519 780 operabatur?
3572 709 3732 780 quod
3787 709 3861 764 ad

2233 807 2580 875 praesentiam
2631 813 2873 874 spectat,
2933 802 3401 872 superlcrebatur.
3458 800 3574 857 Non
3645 815 3863 870 Opera-

2232 898 2412 963 batur,
2463 898 2552 968 qui
2594 895 3084 966 superferehatnr?
3138 894 3418 965 Cognosce
3464 893 3587 964 quia
3645 907 3862 963 opera-

2233 990 2393 1045 batur
2435 991 2486 1043 iu
2521 990 2607 1044 illa
2638 988 2824 1044 mundi
2857 987 3055 1042 fabrica
3084 1029 3098 1052 ,
3138 985 3355 1054 quando
3393 984 3491 1040 tibi
3528 984 3666 1040 dicit
3715 985 3859 1038 l’ro-

2236 1083 2444 1153 pheta:
2499 1082 2662 1138 Verbo
2712 1081 2926 1137 Domini
2957 1082 3073 1136 cwli
3099 1082 3292 1152 ﬁnnati
3343 1090 3483 1143 sunt,
3531 1088 3575 1133 et
3634 1079 3862 1149 Spiritu

2233 1178 2338 1231 oris
2352 1180 2462 1244 eius
2481 1180 2646 1231 onmis
2659 1177 2822 1232 virtus
2840 1192 3019 1230 eorum
3043 1172 3218 1248 (Psal.
3253 1188 3420 1239 xxxii,
3445 1169 3862 1241 6).Utrunique

2234 1269 2552 1341 prophetico
2572 1269 2864 1325 subnixum
2889 1278 2972 1324 est
2987 1267 3299 1323 testimonio
3317 1307 3331 1331 ,
3365 1276 3417 1321 et
3439 1265 3566 1335 quia
3588 1262 3862 1334 superle-

2232 1365 2456 1418 rebatur
2507 1374 2560 1419 et
2592 1366 2718 1432 quia
2773 1362 3120 1432 operabatur.
3167 1361 3302 1427 Quia
3350 1357 3859 1428 superferebatur,

2234 1457 2449 1528 Moyses
2497 1457 2628 1512 dicit
2663 1458 2824 1528 :quia
2860 1456 3207 1526 operabatur,
3265 1452 3432 1508 David
3489 1451 3862 1508 testiﬁcatur.

2307 1550 2392 1605 10.
2427 1551 2630 1620 Accipe
2658 1550 2803 1605 aliud
2837 1551 3228 1606 testimonium.
3260 1547 3530 1619 Corrupta
3567 1557 3859 1604 eratcaro

2233 1643 2407 1697 omnis
2455 1643 2523 1698 ab
2577 1643 2952 1713 iniquitatibus
3001 1642 3133 1697 suis.
3179 1639 3302 1695 Non
3350 1640 3675 1710 permanebit
3707 1679 3723 1704 ,
3769 1640 3857 1692 in-

521 1745 788 1800 orientem
835 1738 1216 1805 converteris;
1259 1739 1350 1810 qui
1379 1738 1524 1792 enim
1567 1735 1843 1792 renuntiat
1871 1733 2124 1800 diabolo,
2159 1753 2207 1812 Β
2233 1736 2351 1806 quit
2381 1736 2524 1791 Deus
2550 1778 2564 1803 ,
2599 1735 2828 1807 Spiritus
2861 1753 3002 1790 meus
3044 1737 3098 1790 in
3130 1734 3421 1789 hominibus
3448 1776 3461 1799 ,
3496 1735 3621 1804 quia
3664 1750 3855 1788 carnes

521 1835 590 1891 ad
629 1834 907 1891 Christum
937 1832 1315 1900 convertitur,
1356 1831 1508 1885 illum
1559 1829 1765 1885 directo
1804 1827 1983 1883 cernit
2028 1828 2125 1884 ob—

523 1939 666 1986 tutu.

1136 2021 1366 2080 CAPUT
1407 2021 1494 2076 III.

525 2113 593 2172 In
631 2132 766 2188 aqua
799 2124 843 2171 et
883 2116 1043 2172 sacris
1083 2116 1334 2172 ministris
1381 2115 1709 2184 praesentiam
1747 2121 1898 2185 atque
1941 2127 2125 2184 Opera-

2231 1839 2347 1883 sunt
2403 1828 2561 1899 (Gen.
2597 1845 2686 1894 vt,
2745 1829 2828 1902 ii.)
2891 1829 3010 1897 Quo
3067 1828 3310 1884 ostendit
3350 1829 3492 1883 Deus
3549 1829 3685 1898 quia
3733 1842 3857 1884 car-

2228 1921 2337 1977 nali
2364 1922 2728 1990 immunditia,
2801 1931 2856 1976 et
2902 1922 3168 1992 gravioris
3217 1922 3340 1976 labe
3399 1921 3610 1990 peccati
3669 1919 3848 1992 gratia

2227 2015 2488 2084 spiritalis
2515 2017 2799 2070 avertitur.
2842 2014 2997 2071 Unde
3020 2015 3210 2071 volens
3241 2015 3382 2071 Deus
3413 2029 3683 2085 reparare
3705 2013 3850 2084 quod

2227 2107 2437 2174 deerat,
2490 2107 2754 2162 diluvium
2808 2109 2955 2173 fecit,
3011 2118 3066 2164 et
3108 2109 3316 2178 justum
3368 2107 3484 2163 Noe
3541 2109 3596 2161 in
3660 2123 3849 2163 aream

595 2211 786 2265 tionem
840 2210 1128 2264 divinitatis
1185 2206 1618 2264 considerandam
1680 2222 1833 2272 esse,
1889 2203 2124 2276 pluribus
2182 2196 2386 2276 [jussit
2434 2199 2734 2255 ascendere
2775 2199 2936 2271 (Gen.
2987 2215 3099 2262 vit,
3158 2202 3256 2252 let
3300 2198 3431 2271 seq.)
3483 2196 3502 2236 τ
3527 2198 3639 2267 Qui
3695 2199 3848 2263 dum,

597 2303 782 2378 ﬁguris
812 2302 997 2374 quibus
1024 2302 1276 2372 baptisma
1304 2305 1419 2374 jam
1448 2300 1572 2354 inde
1599 2317 1630 2354 a
1658 2299 1840 2352 mundi
1869 2295 2125 2351 creatione
2179 2291 2195 2378 χ
2223 2293 2527 2350 decedente
2550 2293 2777 2358 diluvio,
2811 2308 3036 2348 corvum
3068 2292 3367 2347 dimisisset
3387 2291 3565 2362 prius,
3595 2294 3696 2363 qui
3731 2307 3838 2346 non

592 2413 652 2452 ac
691 2407 868 2467 postea
900 2395 1303 2466 prwnuntiatum
1329 2405 1405 2450 est
1428 2434 1444 2461 ,
1477 2393 1646 2448 docet.

595 2576 649 2633 8.
691 2575 832 2645 Quid
871 2573 1095 2630 vidisti?
1135 2575 1322 2644 Aquas
1373 2572 1591 2641 utique,
1641 2569 1739 2626 sed
1787 2584 1896 2624 non
1937 2569 2120 2624 solas:

524 2671 718 2728 levitas
785 2670 900 2725 illic
976 2668 1389 2731 ministrantes,
1443 2679 1715 2719 summum
1780 2661 2122 2717 sacerdotem

523 2763 952 2832 interrogantem
985 2757 1014 2796 ἀ
1058 2769 1116 2814 et
1172 2767 1610 2814 eonsecrantem.
1655 2755 1838 2810 Primo
1875 2754 2120 2808 omnium

523 2855 710 2912 docuit
774 2864 825 2910 te
876 2852 1178 2925 Apostolus
1223 2866 1331 2906 non
1379 2866 1439 2906 ea
1491 2838 1912 2919 contemplanda
1965 2847 2124 2903 nobis

521 2965 635 3021 qua:
679 2948 938 3014 videntur,
986 2949 1077 3000 sed
1123 2961 1239 3017 qua:
1286 2961 1386 2998 non
1425 2943 1679 3008 videntur,
1710 2943 1955 3012 quoniam
2008 2957 2122 3009 qua:

520 3045 780 3110 videntur,
816 3041 1118 3112 temporalia
1167 3048 1285 3094 sunt
1312 3057 1330 3093 :
1353 3054 1467 3110 qua:
1491 3047 1663 3092 autem
1702 3053 1803 3090 non
1850 3034 2115 3099 videnlur,

2228 2389 2494 2454 revertit;
2525 2386 2736 2443 dimisit
2773 2385 3116 2454 columbam,
3159 2401 3281 2456 qua:
3323 2399 3444 2440 cum
3477 2399 3640 2439 ramo
3683 2385 3849 2456 328

2185 2439 2199 2514 ί
2227 2439 2378 2540 οἷέεέ
2399 2439 3303 2552 tuastuas...(cui...
3330 2520 3344 2546 ,
3368 2439 3373 2440 ί
3401 2479 3432 2534 7
3463 2520 3478 2545 ,
3532 2479 3618 2548 ε).
3678 2439 3845 2534 ἵίῖἔὲ

2227 2589 2422 2645 aquam
2443 2616 2457 2639 ,
2488 2572 2643 2629 vides
2671 2573 2901 2644 lignum,
2939 2571 3250 2628 columbam
3282 2571 3500 2642 aspicis,
3534 2581 3596 2627 et
3627 2571 3844 2629 dubitas

2227 2665 2294 2721 de
2322 2663 2628 2736 mysterio?

2299 2759 2385 2813 Η.
2428 2757 2581 2828 Aqua
2622 2766 2704 2814 est
2758 2773 2889 2827 ergo
2928 2773 3033 2828 qua
3083 2771 3213 2812 caro
3256 2756 3540 2826 mergitur,
3583 2768 3646 2813 ut
3677 2773 3839 2813 omne

2227 2853 2530 2908 sabluatur
2569 2853 2789 2908 carnale
2829 2861 3137 2924 peccatum.
3179 2852 3456 2924 Sepelitur
3512 2851 3632 2908 illic
3683 2867 3840 2907 omne

2225 2945 2506 3013 ﬂagitium.
2553 2945 2782 3014 Lignum
2822 2957 2906 3002 est
2936 2945 2988 3000 in
3029 2960 3137 3017 quo
3182 2944 3416 3000 sufﬁxus
3447 2955 3532 3000 est
3568 2946 3836 3001 Dominus

2223 3039 2415 3103 Jesus,
2471 3054 2592 3094 cum
2646 3048 2924 3109 pateretur
2959 3055 3060 3110 pro
3109 3038 3286 3094 nobis.
3340 3035 3610 3093 Columba
3655 3047 3740 3093 est
3786 3041 3834 3091 in

520 3148 713 3192 (eterna
762 3134 828 3208 (Il
860 3133 982 3189 Cor.
1026 3149 1076 3188 IV
1098 3175 1112 3200 ,
1147 3132 1257 3204 l8).
1291 3131 1423 3187 Nam
1466 3141 1521 3186 et
1567 3131 1694 3187 alibi
1733 3129 1901 3184 habes
1932 3145 1946 3183 :
1982 3127 2120 3193 Quia
2147 3141 2191 3202 ς
2225 3131 2381 3201 cujus
2408 3131 2592 3202 specie
2636 3131 2923 3187 descendit
2949 3131 3183 3202 Spiritus
3214 3143 3466 3197 sanctus,
3498 3131 3650 3187 sicut
3695 3131 3833 3186 didi-

519 3228 800 3284 invisibilia
830 3225 929 3282 Dei
958 3244 988 3280 a
1018 3236 1252 3281 creatura
1292 3226 1468 3280 mundi
1495 3241 1586 3296 per
1609 3240 1669 3278 ea
1698 3240 1811 3293 qua;
1835 3226 1973 3293 facta
2001 3230 2119 3275 sunt

517 3321 1022 3392 comprehenduntur
1067 3338 1086 3376 :
1113 3321 1425 3390 sempiterna
1470 3335 1670 3389 quoque
1714 3321 1873 3372 uirtus
1901 3321 2015 3390 ejus
2063 3333 2123 3369 ac

516 3415 762 3470 divinitas
797 3414 1059 3485 operibus
1097 3414 1399 3468 aestimatur
1429 3412 1605 3483 (Rom.
1641 3428 1692 3477 ι,
1732 3409 1848 3479 20).
1890 3408 2046 3465 Unde
2067 3417 2122 3463 et

513 3509 633 3579 ipse
675 3506 936 3562 Dominus
965 3505 1040 3560 ait
1069 3522 1082 3558 :
1115 3505 1175 3561 Si
1226 3503 1352 3557 mihi
1384 3519 1486 3558 non
1515 3503 1744 3566 creditis,
1773 3500 1856 3556 vel
1883 3501 2121 3570 operibus

514 3598 710 3654 credite
758 3596 938 3669 (Joan.
997 3613 1070 3662 ι,
1102 3595 1218 3667 58).
1254 3595 1433 3651 Crede
1479 3610 1613 3666 ergo
1661 3593 1962 3648 divinitatis
2011 3593 2122 3648 illic

513 3691 708 3749 adesse
748 3691 1116 3763 praesentiam.
1151 3689 1536 3761 Operationem
1557 3688 1776 3755 credis,
1810 3704 1914 3742 non
1943 3686 2120 3743 credis

515 3786 904 3857 praesentiam?
951 3783 1110 3841 Unde
1153 3793 1481 3855 sequeretur
1525 3783 1794 3854 operatio,
1835 3781 1941 3838 nisi
1983 3797 2123 3854 prte-

512 3881 737 3937 cederet
771 3891 898 3936 ante
929 3879 1258 3951 praesentia?

586 3975 644 4028 9.
683 3972 982 4030 Considera
1032 3981 1213 4028 autem
1251 3987 1414 4043 quam
1461 3981 1616 4028 vetus
1657 3971 1978 4043 mysterium
2008 3971 2118 4035 sit,

513 4116 854 4185 Ambrosius,
882 4117 1020 4174 hanc
1043 4126 1221 4173 tamen
1251 4117 1408 4184 cujus
1438 4132 1597 4171 nemo
1624 4116 1740 4173 lere
1768 4117 1987 4172 Patrum
2019 4133 2124 4172 non

513 4191 791 4257 meminit,
839 4190 1099 4244 omissam
1154 4189 1350 4254 noluit,
1401 4197 1587 4258 utpote
1635 4191 1777 4243 inter
1822 4189 2126 4258 praecipuas

510 4271 944 4318 annumeratam.

584 4344 606 4370 ⁸
650 4334 811 4389 Rom.
858 4331 991 4386 edit.
1038 4331 1151 4384 sola
1174 4373 1187 4396 ,
1236 4331 1410 4385 vidisti
1455 4331 1748 4384 sacerdotes
1775 4371 1788 4395 ,
1821 4341 1876 4385 et
1906 4345 2038 4385 sane
2069 4330 2120 4385 in

511 4405 606 4460 lib.
637 4421 653 4459 ι
691 4404 760 4459 de
804 4402 1054 4458 Sacram.
1084 4444 1098 4466 ,
1132 4416 1251 4472 cap.
1279 4401 1336 4468 2,
1383 4402 1670 4473 presbyter
1702 4412 2039 4456 memoratur
2067 4403 2120 4455 in

508 4475 788 4548 singulari.
816 4475 920 4528 Pcr
947 4477 1083 4548 hanc
1127 4483 1305 4548 autem
1339 4487 1527 4548 vocem
1560 4489 1669 4548 non
1697 4473 2034 4548 episcopum,
2065 4484 2122 4526 ut

507 4533 668 4613 solét,
697 4547 944 4617 designat
971 4545 1028 4600 S.
1063 4544 1288 4617 Praesul,
1321 4542 1418 4598 sed
1449 4543 1672 4617 secundi
1704 4533 1912 4598 ordinis
1936 4533 2121 4617 sareer-
2148 4533 2202 4593 D

507 4618 722 4684 dotem,
754 4616 836 4673 ad,
865 4618 1020 4688 cujus
1062 4616 1468 4671 distinctionem
1515 4616 1804 4688 episcopus
1857 4616 2118 4688 continuo

545 4700 631 4746 ost
667 4704 912 4746 summus
933 4685 1208 4744 sacerdos
1255 4689 1588 4742 nominatur.
1639 4687 1835 4740 herum
1870 4701 1999 4740 vero
2031 4685 2117 4739 ubi

531 4762 727 4817 Erasm.
759 4777 882 4817 cum
919 4775 1039 4831 seq.
1064 4759 1197 4815 edit.
1229 4767 1280 4812 et
1309 4775 1439 4813 mss.
1495 4760 1726 4831 aliquot,
1758 4759 2118 4831 mysteriorum

506 4834 764 4906 gratiam;
809 4829 1034 4888 Amerb.
1067 4846 1189 4886 cum
1237 4831 1479 4901 pluribus
1523 4847 1585 4885 ac
1619 4829 1942 4901 potioribus,
1980 4831 2116 4883 utin

509 4914 678 4960 textu.

577 4974 604 5013 ι)
647 4976 772 5031 Mss.
837 4973 1082 5029 nonnulli
1131 4989 1253 5028 cum
1302 4984 1454 5031 textu
1503 4973 1724 5030 hehrrco
1769 4984 1824 5028 et
1871 4973 2113 5030 version.

509 5046 665 5116 Vulg.
697 5058 752 5101 et
777 5045 970 5102 Cbald.
1005 5044 1218 5099 Domini
1247 5049 1587 5100 exercituum.
1622 5045 1834 5116 Reliqui
1883 5056 1937 5101 et
1982 5045 2116 5100 edit.

504 5132 699 5199 omnes
719 5134 840 5174 cum
872 5116 1017 5172 LXX
1039 5159 1054 5185 ,
1087 5118 1308 5189 Syriaca
1343 5129 1394 5172 et
1424 5119 1676 5181 Arabica,
1711 5116 1921 5170 Domini
1951 5117 2118 5169 omni-

506 5199 743 5260 potentis.

581 5273 603 5300 ο
627 5261 829 5316 Omnes
879 5260 1034 5329 edit.,

505 5330 706 5388 Omnes
742 5347 896 5395 mss.,
929 5335 1012 5387 cui
1041 5332 1448 5387 renuntiandum
1478 5333 1531 5384 in
1559 5349 1614 5386 os
1636 5373 1649 5393 .
1680 5330 1900 5402 quidam
1951 5342 2106 5400 puta-

503 5419 607 5469 res,
639 5404 820 5474 plures
850 5406 1073 5473 putaris,
1104 5419 1244 5459 unus
1273 5405 1435 5458 etiam
1461 5403 1708 5468 sputaris.
1745 5403 1800 5456 ln
1832 5417 1893 5456 os
1919 5413 2097 5456 autem

504 5475 984 5549 renuutiarejidem
1004 5485 1193 5549 estgac
1214 5475 1386 5543 palam
1415 5484 1468 5528 et
1488 5484 1700 5549 aperte,
1723 5474 1813 5527 Sic
1836 5476 2096 5549 sig_1rpoa'-

506 5569 642 5603 ωπον
703 5543 938 5619 sumitur
1001 5548 1054 5601 in
1099 5547 1328 5619 Didymo
1381 5543 1717 5619 etSclroliis
1763 5543 2096 5619 graecis'pro

503 5617 1028 5693 parspéc._Sumitur
1071 5611 1232 5672 etiam
1276 5619 1348 5693 in‘
1375 5618 1494 5671 aliis
1523 5611 2096 5693 scltoliis__pro-&:vai_¢a-

506 5686 710 5758 χάνιξως
761 5687 1104 5758 impudenter
1139 5707 1150 5740 :
1185 5705 1290 5758 quo
1329 5689 1466 5743 forte
1493 5703 1658 5743 sensu
1687 5686 1855 5758 Joh},
1889 5688 1975 5752 ll,
2013 5689 2093 5741 in-

505 5755 740 5812 venitur.
789 5757 895 5813 Nec
924 5760 1086 5814 etiam
1132 5755 1353 5815 nimium
1386 5760 1637 5831 displicet
1676 5755 1818 5831 quod
1865 5758 2093 5814 habetur

1121 5262 1202 5315 cui
1245 5262 1648 5315 renuntiandum
1705 5277 1828 5315 mox
1875 5251 2128 5331 putares.'

2221 3225 2344 3280 cisti
2395 3225 2447 3279 in
2501 3241 2642 3279 novo
2685 3225 3039 3281 Testamento
3067 3225 3286 3298 (Matth.
3325 3241 3414 3292 ut,
3448 3223 3562 3296 16),
3600 3225 3700 3296 qui
3743 3224 3831 3279 tibi

2225 3332 2410 3387 pacem
2483 3319 2731 3383 animm,
2781 3318 3232 3388 tranquillitatem
3309 3319 3506 3373 mentis
3579 3318 3826 3390 inspirat.

2221 3411 2437 3466 Corvus
2481 3421 2568 3466 est
2602 3411 2768 3481 llgura
2807 3413 3048 3482 peccati,
3077 3414 3222 3483 quod
3253 3411 3395 3481 exit,
3430 3422 3622 3470 etnon
3649 3428 3831 3470 rever-

2224 3503 2398 3568 titur;
2454 3503 2500 3557 si
2537 3503 2589 3558 in
2627 3513 2675 3560 te
2704 3519 2919 3575 quoque
2948 3504 3081 3575 justi
3124 3492 3368 3560 eustodia
3409 3513 3464 3562 et
3507 3505 3687 3562 forma
3714 3521 3827 3562 ser-

2226 3603 2405 3649 νθιυν.

2298 3690 2386 3744 12.
2428 3690 2672 3747 Tertium
2727 3708 2942 3765 quoque
2990 3693 3360 3749 testimonium
3409 3703 3524 3762 est,
3581 3696 3724 3754 sicut
3776 3705 3821 3751 tc

2225 3785 2520 3854 Apostolus
2550 3786 2712 3842 ducet
2747 3804 2761 3842 :
2801 3788 3058 3856 Quoniam
3090 3801 3264 3862 patres
3311 3792 3477 3845 nostri
3521 3809 3703 3848 omnes
3738 3791 3821 3846 sub

2223 3877 2353 3933 nube
2384 3883 2622 3948 fuerunt,
2657 3892 2704 3937 et
2735 3898 2913 3938 omnes
2946 3900 3086 3938 mare
3116 3884 3464 3953 transierunt,
3494 3896 3542 3940 et
3574 3903 3748 3942 omnes
3774 3886 3820 3937 in

2226 3972 2406 4045 Moyse
2450 3975 2696 4047 baptizati
2736 3987 2875 4046 sunt,
2921 3979 2975 4032 in
3006 3979 3137 4033 nube
3179 3989 3224 4033 et
3260 3979 3312 4033 in
3357 3980 3492 4034 mari
3531 3981 3575 4050 (l
3606 3983 3723 4037 Cor.
3755 3995 3815 4044 ι,

2232 4118 2285 4172 in
2314 4118 2436 4193 cod.
2464 4118 2630 4193 _Reg.,
2663 4120 2892 4193 sputaris
2924 4162 2938 4184 ,
2979 4119 3081 4175 hoc
3111 4130 3215 4185 est,
3257 4136 3319 4193 os
3357 4121 3451 4176 tibi
3481 4132 3648 4193 sputo
3669 4121 3817 4193 illini:

2229 4198 2336 4244 tur.
2369 4190 2478 4265 sed
2504 4200 2647 4265 tunc
2679 4190 2918 4265 membra
2966 4194 3045 4246 sic
3078 4201 3267 4247 essent
3291 4190 3709 4265 distinguenda.
3740 4191 3815 4246 cui

2226 4262 2652 4316 renuntiandum.
2707 4261 2772 4316 lu
2819 4280 2875 4318 os
2905 4265 3152 4333 sputaris,
3185 4272 3289 4318 etc.
3325 4261 3597 4320 Discimus
3644 4275 3811 4319 autem

2225 4348 2291 4405 ex
2325 4335 2425 4388 hoc
2472 4333 2591 4388 loco
2625 4334 2789 4389 moris
2821 4335 3006 4399 fuisse,
3055 4344 3112 4388 ut
3141 4336 3230 4405 qui
3278 4334 3496 4389 diabolo
3542 4336 3813 4390 renuntia-

2225 4403 2375 4469 bant,
2426 4405 2476 4458 in
2527 4405 2866 4478 occidentem
2907 4403 3346 4470 obverterentur,
3380 4406 3810 4478 quandoquidem

2227 4488 2410 4545 postea
2437 4486 2495 4529 ιιι
2537 4474 2810 4531 Christum
2839 4478 3084 4545 aspiciat.
3105 4479 3507 4533 eonvertiturin
3522 4474 3806 4534 orientem.

2295 4544 2322 4583 ἀ
2354 4547 2428 4602 De
2455 4546 2621 4602 fontis
2651 4544 3062 4603 consecratione
3089 4549 3284 4603 dicitur
3311 4549 3402 4602 lib.
3428 4567 3444 4604 ι
3475 4548 3544 4604 de
3569 4549 3804 4605 Sacram.

2224 4633 2344 4686 cap.
2373 4619 2428 4677 5.
2455 4634 2616 4688 quam
2645 4621 2805 4672 etiam
2838 4628 3052 4674 constat
3083 4630 3262 4674 notam
3300 4619 3467 4676 fuisse
3506 4636 3615 4675 non
3643 4622 3807 4675 solum

2223 4690 2538 4744 auctoribus
2578 4689 2811 4744 Constit.
2846 4692 3036 4760 Apost.
3088 4691 3182 4745 lib.
3217 4706 3317 4755 vn,
3347 4706 3466 4761 cap.
3499 4689 3557 4757 4,
3603 4701 3659 4747 et
3688 4705 3806 4759 ope-

2227 4762 2301 4814 ris
2323 4762 2391 4814 de
2423 4761 2626 4816 Ilierar.
2677 4761 2898 4826 eccles.,
2927 4775 3048 4830 cap.
3082 4763 3145 4816 de
3174 4761 3479 4830 Baptismo;
3524 4763 3620 4818 sed
3649 4765 3803 4816 etiam

2221 4831 2320 4903 (SS.
2375 4831 2645 4902 Cypriano
2689 4833 2850 4899 epiSt.
2882 4833 3088 4903 Synod.
3130 4835 3198 4887 ad
3247 4831 3470 4887 Januar.
3505 4843 3564 4890 et
3588 4845 3806 4890 caeteros

2223 4902 2486 4957 Numidas
2513 4902 2934 4974 episc.,Basi|io
2963 4905 3016 4958 In
3043 4905 3180 4974 psal.
3212 4920 3341 4970 Lxx,
3389 4903 3553 4974 Grcg.
3582 4905 3805 4974 Nisseno

2223 4984 2278 5048 et
2305 4975 2446 5048 aliis.
2486 4973 2642 5030 Unde
2670 4977 2870 5048 merito
2887 4972 3065 5048 editor
3089 4977 3288 5048 Anglus
3311 4972 3537 5045 operum
3558 4972 3802 5048 Cypriani

2223 5046 2342 5100 loco
2383 5047 2567 5108 citato,
2621 5056 2781 5116 negat
2820 5046 2940 5101 illas
2988 5045 3248 5101 formulas
3281 5058 3384 5101 tam
3430 5045 3658 5114 nuperos
3705 5059 3804 5100 esse

2217 5133 2372 5190 quam
2417 5129 2684 5190 novatores
2706 5117 2804 5190 sibi
2829 5127 2876 5172 et
2904 5119 3021 5190 aliis
3047 5117 3356 5190 persuadere
3380 5129 3658 5173 conantur.

2294 5200 2317 5226 θ
2343 5189 2500 5242 Rom.
2534 5189 2667 5245 edit.
2715 5189 2852 5255 sola,
2889 5188 2994 5245 Sed
3037 5183 3205 5244 dicam
3267 5191 3601 5256 operabatur.
3663 5183 3800 5254 Quod

2215 5260 2284 5312 ad
2331 5267 2658 5334 prtesentiam
2696 5271 2908 5334 spectat,
2958 5259 3388 5334 superferebutur.
3436 5260 3592 5334 Quod
3639 5269 3794 5334 autem

2215 5329 2544 5403 aperabatur,
2575 5333 2660 5405 qui
2708 5329 3122 5405 superferebatur
3162 5333 3215 5385 in
3255 5331 3351 5386 illa
3379 5332 3561 5387 mundi
3612 5329 3794 5405 fabrica

2210 5419 2457 5474 cognosce
2485 5404 2691 5474 quando
2727 5404 2837 5469 tibi,
2867 5413 2972 5458 etc.

2283 5475 2302 5512 τ
2330 5475 2456 5528 Mss.
2493 5474 2761 5540 noumilli,
2782 5475 2986 5542 quando
3009 5473 3345 5530 descendente
3372 5473 3591 5530 diluvio.

2270 5555 2295 5592 ε
2317 5545 2516 5617 omnes
2559 5544 2690 5599 edit.
2723 5560 2787 5617 ac
2820 5562 2951 5601 mss.
2979 5545 3205 5616 aliquot,
3237 5545 3482 5600 abluatur
3515 5554 3784 5617 peccatum.

2199 5615 2458 5687 Sepelitur
2509 5631 2656 5669 omne
2680 5616 2897 5683 vitium;
2947 5615 3136 5686 reliqui
3166 5633 3297 5672 mss.
3331 5615 3525 5684 majori
3576 5626 3788 5672 numero

2195 5699 2251 5743 et
2303 5688 2639 5755 antiquitne,
2701 5698 2758 5742 ut
2802 5706 2851 5742 Ill
2905 5697 3090 5754 textu;
3126 5705 3263 5744 unus
3315 5696 3522 5756 tamen,
3562 5689 3784 5743 abluatur

2193 5759 2444 5814 chttritate
2465 5771 2749 5830 peccatum.
