3946 6180
185 188 258 247 595

1235 195 1323 254 DE
1362 197 1734 261 MYSTERIIS
1771 204 1975 263 LIBER
2015 207 2219 265 UNUS.

3272 223 3378 282 δθι

185 305 319 377 1,Ξ).
365 307 576 380 Denique
618 318 677 365 et
721 307 836 380 ipse
876 306 1090 382 Moyses
1132 309 1263 366 dicit
1313 312 1367 367 in
1407 311 1674 372 Cantico:
1705 319 1758 378 Α
1783 319 1967 386 sisset,
2013 329 2069 375 et
2099 336 2391 393 numquam
2422 321 2448 360 ἀ
2483 341 2513 378 a
2551 325 2701 396 lepra
2731 338 2880 387 esset
2915 332 3166 400 ablutus;
3198 351 3376 408 eoque

181 396 320 451 Misisti
358 399 588 468 Spiritum
616 412 799 469 tuum,
849 413 898 458 et
927 400 1134 472 operuit
1172 420 1259 458 eos
1296 422 1438 461 utare
1476 405 1678 479 (Exod.

180 503 256 552 xv,
289 489 379 559 10).
403 491 638 548 Advertis
679 495 825 565 quod
853 494 906 548 in
940 494 1033 549 illo
1061 494 1415 553 Hebraeorum
1448 501 1679 554 transitu

173 581 250 650 jam
282 593 384 638 tunc
423 586 552 641 sacri
594 586 941 658 baptismatis
984 587 1157 658 ﬁgura
1205 592 1577 659 praecesserit,
1627 592 1680 647 in

175 691 250 743 quo
270 662 517 749 Aigyptius
543 681 752 737 interiit
778 691 833 738 et
862 681 1126 739 Hebraeus
1146 685 1338 740 evasit.
1367 683 1505 752 Quid
1536 685 1680 741 enim

171 767 273 822 aliud
310 769 358 825 in
401 773 497 828 hoc
548 774 795 845 quotidie
837 784 1184 832 sacramento
1236 775 1524 839 docemur,
1577 776 1680 832 nisi

165 860 257 930 ἠυίθ
288 863 419 934 culpa
449 867 739 938 mergitur,
772 876 825 923 et
865 883 1022 924 error
1049 868 1305 925 aboletur
1332 887 1346 924 :
1372 870 1549 940 pietas
1587 884 1683 925 au-

160 936 242 1007 lem
272 965 316 1010 et
337 936 627 1016 innocentia
658 971 684 998 α
710 971 821 1017 tuta
850 962 1183 1032 permansit?

160 1036 162 1038 ’
215 1049 280 1104 l3.
305 1051 457 1109 Audis
484 1055 607 1126 quia
649 1054 753 1111 sub
795 1056 939 1112 nube
988 1056 1208 1112 fuerunt
1255 1066 1438 1128 patres
1485 1058 1678 1123 nostri,

156 1128 331 1197 lethona
359 1145 522 1212 nube,
556 1163 679 1219 qua:
708 1148 1009 1203 carnalium
1054 1148 1396 1220 refrigeravit
1434 1151 1682 1206 incendia

163 1234 430 1301 passionum.
456 1238 603 1296 Bona
641 1240 813 1296 nubes
839 1241 1131 1297 obumbrat
1167 1258 1306 1313 quos
1334 1244 1523 1299 revisit
1563 1244 1686 1314 Spi-

156 1315 255 1379 ritus
288 1339 507 1386 sanctus.
552 1319 799 1402 Denique
841 1334 1160 1403 supervenit
1189 1335 1262 1390 ’in
1302 1335 1528 1391 Mariam
1574 1337 1685 1392 vir-

151 1401 308 1487 ginem,
325 1431 373 1478 et
394 1408 564 1481 virtus
583 1401 848 1482 Altissimi
869 1401 1214 1484 obumbravit
1233 1430 1283 1485 ei
1313 1428 1470 1501 (Luc.
1503 1447 1543 1498 ι,
1566 1429 1680 1500 75);

153 1512 321 1578 quando
367 1515 796 1589 redemptionem
846 1519 995 1590 genti
1058 1521 1244 1590 genuit
1291 1520 1564 1585 humanae.
1620 1521 1688 1576 Et

155 1601 250 1659 illud
288 1609 595 1666 miraculum
645 1625 744 1682 per
787 1611 1008 1683 Moysen
1056 1612 1110 1668 in
1152 1613 1323 1683 ﬁgura
1371 1613 1572 1669 factum
1603 1623 1688 1670 est

153 1694 303 1767 (Exod.
339 1718 460 1770 xiv,
504 1704 575 1759 21
625 1715 674 1758 et
722 1705 879 1776 seq.).
921 1703 980 1762 Si
1029 1719 1159 1776 ergo
1208 1706 1262 1760 in
1311 1705 1482 1776 ﬁgura
1516 1704 1689 1760 adfuit
1718 1700 1768 1762 B

142 1780 375 1864 ‘Spiritus,
414 1814 520 1855 non
552 1799 709 1856 adest
748 1800 803 1855 in
836 1799 1098 1866 veritate,
1128 1815 1251 1857 cum
1277 1800 1561 1871 Scriptura
1592 1799 1690 1856 tibi

149 1881 257 1940 dicat
284 1905 296 1940 :
327 1889 455 1957 Quia
487 1892 577 1947 (ea:
625 1907 717 1962 per
765 1890 978 1963 Moysen
1015 1893 1142 1970 data
1168 1882 1281 1959 est,
1312 1894 1478 1964 gratia
1521 1903 1690 1948 autem

148 1985 183 2028 tt
211 1980 364 2036 veritas
386 1982 681 2054 perlesum
710 1983 970 2039 Christum
1007 1987 1147 2056 facta
1175 1995 1248 2040 est
1287 1984 1470 2058 (Joan.
1499 2001 1540 2052 ι,
1574 1985 1692 2056 17).

200 2074 269 2130 lt.
305 2078 513 2136 Merrha
545 2079 674 2136 fons
702 2064 1079 2156 am‘arissimus
1107 2089 1228 2136 erat
1257 2098 1270 2134 :
1304 2081 1453 2137 misit
1483 2080 1536 2135 in
1568 2096 1692 2137 eum

145 2160 308 2236 Moyses
322 2171 547 2242 lignum,
576 2184 633 2230 et
657 2159 851 2230 [dulcis
873 2183 955 2230 est
979 2174 1155 2231 factus
1187 2173 1387 2247 (Exod.
1411 2191 1481 2230 xv
1506 2217 1521 2241 ,
1548 2175 1621 2232 2⁸5
1645 2185 1694 2231 et

143 2259 304 2330 uti)?
316 2263 458 2337 Aqua
472 2268 629 2324 enim
648 2268 768 2324 sine
792 2267 1184 2339 praedicatione
1205 2268 1697 2341 Dominigcazcrucis

136 2337 191 2429 :ad
213 2354 368 2415 nullos
382 2374 511 2417 usus
539 2360 738 2417 futurae
769 2337 958 2415 salutis
987 2370 1070 2417 est
1094 2379 1108 2416 :
1138 2377 1260 2417 cum
1291 2377 1423 2418 vero
1443 2361 1699 2418 salutaris

140 2441 450 2509 iueritcrucis
465 2453 734 2525 mysterio
756 2460 1097 2519 consecrata,
1123 2462 1250 2508 tunc
1266 2452 1333 2508 ad
1363 2468 1520 2508 usum
1547 2451 1701 2524 spiri-

141 2539 238 2596 talis
249 2543 429 2604 lavacri
441 2558 498 2606 et
513 2547 771 2604 salutaris
782 2547 959 2619 poculi
975 2555 1324 2618 temperatur.
1338 2547 1488 2604 Sicut
1500 2561 1629 2618 ergo
1643 2545 1697 2600 in

141 2630 263 2691 illum
283 2637 472 2698 fontem
505 2642 726 2712 Moyses
743 2651 764 2679 ε
783 2639 928 2696 misit
947 2639 1174 2711 lignum,
1195 2639 1392 2696 hocest
1414 2638 1698 2711 propheta;

142 2724 197 2781 ita
219 2732 335 2787 etin
362 2733 508 2792 hunc
539 2733 748 2790 fontem
775 2732 1032 2789 sacerdos
1060 2731 1504 2804 praedicationem
1530 2731 1703 2787 Domi-

139 2820 249 2879 nic'e
270 2827 437 2884 crucis
481 2829 674 2895 mittit,
719 2839 775 2884 et
800 2842 936 2898 aqua
969 2826 1030 2881 ﬁt
1055 2825 1230 2883 dulcis
1255 2827 1322 2882 ad
1353 2827 1601 2898 gratiam.

198 2917 269 2973 15.
306 2920 418 2979 Non
466 2938 608 2996 ergo
652 2922 789 2978 solis
830 2921 1079 2992 corporis
1115 2923 1193 2977 tui
1236 2921 1430 2978 credas
1480 2920 1704 2977 oculis:

142 3012 284 3083 magis
305 3017 526 3075 videtur
568 3017 718 3090 quod
765 3031 873 3072 non
903 3015 1154 3082 videtur;
1210 3017 1335 3088 quia
1379 3015 1523 3072 istud
1572 3024 1709 3072 tem-

1783 420 2073 468 revocatus
2101 428 2207 468 non
2234 414 2527 472 obediebat
2553 419 2826 476 mandatis
2853 424 3135 494 propheta:
3163 446 3178 482 :
3205 430 3302 486 sed
3325 440 3381 487 et

1782 504 2060 561 admonitu
2115 519 2171 564 et
2221 512 2668 578 persuasionibus
2695 517 3039 574 servulorum
3083 523 3376 593 acquievit,

1781 610 1846 651 ac
1882 598 2092 653 mersit.
2147 598 2542 673 Mundatusque
2586 604 2732 662 illico
2763 607 3033 666 intellexit
3077 627 3184 669 non
3216 630 3380 688 aqua-

1782 701 1902 742 rum
1932 703 2055 745 esse
2095 693 2239 760 quod
2271 694 2645 766 unusquisque
2671 699 3000 769 mundatur,
3031 703 3127 758 sed
3164 708 3376 776 gratiae.

1855 782 1945 837 18.
1987 782 2266 854 Cognosce
2293 801 2436 842 nunc
2465 803 2588 859 qum
2619 790 2688 844 sit
2718 790 2807 846 illa
2837 794 3014 862 puella
3039 810 3107 850 ex
3149 799 3379 869 captivis

1775 875 2002 946 junior,
2055 877 2264 935 scilicet
2304 896 2370 936 ex
2408 883 2662 952 gentibus
2701 888 3051 958 congregatio
3076 930 3091 954 ,
3145 890 3198 944 id
3255 901 3342 948 est
3368 936 3380 958 ,

1783 968 2029 1026 Ecclesia
2070 971 2282 1027 Domini
2328 973 2584 1044 depressa
2617 985 2745 1033 ante
2790 980 3110 1049 captivitate
3149 987 3380 1052 peccati,

1783 1061 2004 1130 quando
2035 1062 2346 1120 libertatem
2374 1066 2550 1123 adhuc
2576 1069 2764 1139 gratia:
2795 1086 2902 1126 non
2932 1072 3198 1139 habebat;
3229 1079 3387 1148 cujus

1784 1153 2020 1208 consilio
2049 1171 2220 1210 vanus
2238 1156 2329 1212 ille
2352 1159 2585 1228 populus
2616 1161 2895 1217 nationum
2922 1165 3148 1221 verbum
3179 1169 3388 1225 audivit

1788 1247 2167 1316 propheticum
2188 1290 2201 1312 ,
2234 1249 2302 1305 de
2329 1265 2438 1320 quo
2473 1262 2600 1308 ante
2629 1252 2721 1308 diu
2753 1254 3058 1321 dubitavit;
3093 1269 3280 1329 postea
3307 1271 3385 1317 ta-

1787 1353 1913 1392 men
1975 1338 2064 1393 ubi
2114 1339 2349 1396 credidit
2401 1345 2851 1414 exsequendum,
2905 1349 3122 1406 ablutus
3175 1361 3262 1409 est
3316 1355 3386 1410 ab

1789 1430 1936 1484 omni
1969 1432 2294 1504 contagione
2333 1435 2612 1491 vitiorum.
2643 1437 2712 1493 Et
2741 1439 2832 1496 ille
2857 1441 3076 1511 quidem
3099 1444 3389 1517 dubitavit,

1789 1531 2078 1594 antequam
2142 1537 2431 1583 sanaretur
2459 1540 2475 1584 :
2507 1538 2564 1584 tu
2607 1529 2720 1600 jam
2765 1543 2989 1592 sanatus
3030 1551 3124 1603 es,
3165 1547 3222 1594 et
3263 1540 3389 1598 ideo

1790 1611 2041 1671 dubitare
2072 1630 2179 1671 non
2207 1615 2396 1674 debes.

2404 1734 2633 1792 CAPUT
2671 1736 2761 1793 ιν.

1795 1818 1993 1891 Aquam
2021 1839 2122 1876 non
2165 1825 2420 1880 mundare
2442 1828 2555 1884 sine
2585 1829 2790 1900 Spiritu
2809 1874 2822 1897 ,
2846 1832 3069 1893 Joannis
3099 1839 3389 1898 testimonio

1865 1921 1912 1966 et
1957 1913 2082 1983 ipsis
2127 1916 2313 1986 quibus
2358 1919 2496 1974 idem
2528 1933 2915 1978 sacramentum
2963 1929 3392 1998 administratur,

1865 2004 2028 2059 verbis
2058 2006 2368 2064 declaratur.
2428 2012 2580 2079 Quod
2627 2014 2779 2068 etiam
2825 2021 3072 2074 asseritur
3124 2025 3394 2095 signiﬁca-

1869 2106 1976 2150 tum
2024 2114 2114 2167 per
2162 2099 2531 2173 Evangelicant
2571 2107 2824 2174 piscinam
2849 2153 2864 2178 ,
2909 2122 2956 2166 et
2998 2117 3338 2187 paralyticum
3366 2137 3398 2173 a

1869 2187 2094 2246 Domino
2133 2193 2206 2246 ibi
2271 2208 2509 2251 sanatum
2547 2215 2566 2252 :
2600 2217 2701 2268 quo
2746 2203 2858 2258 loco
2901 2205 3132 2276 Spiritus
3188 2225 3398 2268 sanctus

1812 2261 1830 2273 '
1869 2280 1923 2333 in
1967 2284 2199 2353 ejusdem
2227 2283 2419 2340 Christi
2445 2288 2695 2360 baptismo
2719 2309 2834 2349 vere
2871 2261 3196 2356 dcicendisse
3228 2315 3400 2359 osten-

1873 2372 2032 2441 ditur,
2063 2385 2112 2430 et
2137 2378 2262 2446 quid
2306 2379 2360 2433 in
2385 2379 2484 2435 hoc
2512 2386 2755 2453 mysterio
2781 2387 3221 2461 intelligendum?

1875 2529 1964 2586 19.
2009 2531 2137 2588 Ideo
2193 2534 2290 2590 tibi
2340 2546 2470 2594 ante
2515 2541 2838 2610 praedictum
2889 2557 2991 2613 cst,
3049 2558 3108 2605 ut
3152 2567 3260 2609 non
3298 2553 3399 2611 hoc

1803 2623 1980 2681 solum
2029 2627 2282 2686 crederes
2327 2633 2488 2704 quod;
2517 2635 2782 2704 videbas;
2840 2656 2907 2696 nc
2958 2642 3099 2700 forte
3137 2656 3193 2702 et
3223 2658 3277 2704 tu
3322 2651 3406 2706 di-

1805 2736 1964 2779 ceres
1988 2739 2002 2777 :
2031 2723 2149 2780 Hoc
2170 2735 2254 2782 est
2275 2726 2406 2783 illud
2430 2744 2682 2802 magnum
2698 2736 3017 2804 mysterium
3036 2757 3050 2805 ;
3069 2743 3208 2810 quod
3227 2745 3407 2800 oculus

1808 2830 1910 2869 non
1937 2816 2085 2883 vidit,
2127 2834 2217 2873 nec
2267 2821 2412 2875 auris
2453 2824 2672 2893 audiuit,
2702 2827 2866 2900 330
2894 2847 2987 2885 nec
3032 2833 3085 2886 in
3127 2850 3215 2889 cor
3241 2837 3407 2893 homi-
3453 2816 3460 2822 ’

1810 2906 1890 2961 nis
1916 2911 2146 2963 ascendit
2192 2910 2234 2981 (l
2263 2911 2383 2967 Cor.
2408 2930 2468 2981 η,
2493 2914 2547 2988 9)
2571 2917 2594 2970 ?
2623 2916 2809 2988 Aquas
2855 2921 3018 2979 video
3045 2964 3060 2990 ,
3094 2942 3230 2996 quas
3260 2929 3414 2986 vidc-

1810 2996 1935 3054 ham
1976 3001 2261 3071 quotidie:
2295 3004 2414 3060 ista:
2456 3022 2545 3063 me
2592 3009 2794 3066 habent
2839 3015 3125 3085 mundare,
3175 3020 3229 3074 in
3277 3036 3415 3092 quas

137 3105 310 3174 panic,
360 3109 498 3166 “Iud
547 3117 813 3165 ειεηιυη,
858 3107 1163 3179 aspidm...
1193 3108 1338 3180 quod
1388 3107 1567 3164 oculis
1599 3122 1709 3164 ηοη
1738 3093 1783 3155 C
1816 3105 1962 3163 saepe
2007 3094 2291 3162 descendi,
2323 3106 2378 3154 et
2404 3115 2694 3172 numquam
2736 3107 3029 3165 mundatus
3070 3114 3230 3166 sum?
3274 3113 3416 3171 l'linc

139 3199 613 3267 comprehenditur,
654 3200 842 3254 animo
882 3208 1064 3255 autem
1112 3214 1177 3257 ac
1221 3208 1404 3255 mente
1446 3200 1708 3255 cernitur.

188 3288 264 3344 16.
307 3291 562 3366 Denique
591 3291 790 3349 doceat
831 3301 884 3348 te
923 3291 1153 3348 decursa
1186 3292 1494 3363 Regnorum
1524 3293 1710 3349 lectio.

133 3375 206 3446 (Π
233 3381 355 3458 Reg.
386 3402 450 3454 v,
493 3387 523 3441 1
559 3394 606 3441 et
624 3383 1039 3456 seq.).Naaman
1057 3385 1224 3458 Syrus
1253 3395 1391 3451 erat,
1424 3397 1480 3441 et
1505 3386 1712 3458 lepram

130 3468 360 3543 habebat,
427 3492 547 3534 nec
597 3478 666 3534 ah
713 3477 828 3532 ullo
872 3478 1121 3535 mundari
1161 3487 1396 3550 poterat.
1451 3477 1604 3535 Tunc
1641 3479 1718 3534 ait

132 3569 286 3635 puella
313 3573 493 3647 329
537 3588 605 3629 ex
647 3573 916 3644 captivis,
969 3573 1224 3643 quoniam
1278 3580 1426 3628 esset
1453 3575 1716 3644 pr0pheta

126 3656 174 3714 in
216 3661 376 3721 Israel
409 3708 426 3734 ,
498 3665 592 3736 qui
652 3674 836 3736 posset
897 3679 1020 3720 eum
1075 3680 1104 3718 a
1159 3665 1323 3734 lepra:
1393 3665 1720 3736 contagione

131 3755 395 3815 mundare.
448 3759 692 3829 Sumpto
714 3800 729 3824 ,
769 3757 982 3829 inquit,
1013 3772 1146 3812 auro
1191 3764 1248 3812 et
1296 3765 1524 3826 argento
1550 3799 1565 3823 ,
1597 3773 1718 3828 per-

126 3850 252 3904 rexit
298 3851 366 3907 ad
421 3866 620 3924 regem
660 3850 848 3906 Israel.
897 3849 1000 3919 Qui
1051 3848 1266 3920 cognita
1309 3848 1575 3905 adventus
1602 3849 1722 3920 ejus

131 3952 273 3997 causa
300 3986 316 4013 ,
349 3945 530 4002 scidit
570 3945 894 4002 vestimenta
938 3957 1072 4009 sua,
1115 3941 1306 3998 dicens
1350 3943 1494 4014 quod
1548 3951 1724 3998 tenta-

129 4045 262 4092 retur
289 4040 519 4111 magis,
568 4052 690 4092 cum
729 4035 800 4092 de
827 4051 886 4092 se
926 4051 988 4092 ea
1022 4050 1144 4106 quae
1183 4049 1292 4090 non
1330 4045 1514 4092 essent
1540 4043 1726 4106 potes-

131 4129 242 4183 tatis
283 4133 458 4204 regize
481 4172 501 4200 ,
544 4139 903 4202 poscerentur
930 4146 944 4184 :
975 4128 1208 4185 Elisaaus
1235 4137 1417 4185 autem
1448 4129 1562 4200 regi
1594 4128 1725 4184 inti-

127 4222 280 4279 mavit
304 4229 386 4289 ﬁut
415 4225 491 4281 ad
531 4239 594 4280 se
646 4223 906 4295 dirigeret
949 4221 1146 4293 Syrum
1173 4264 1189 4291 ,
1233 4237 1344 4294 quo
1371 4231 1729 4293 cognosceret

130 4316 260 4383 quod
287 4327 441 4375 esset
467 4317 618 4375 Deus
645 4316 701 4372 in
740 4314 932 4371 Israel.
976 4313 1195 4370 Etcum
1239 4316 1522 4382 venisset,
1572 4330 1728 4372 man-

128 4404 271 4466 davit
299 4410 351 4467 ei
385 4422 451 4467 ut
484 4410 694 4480 septies
722 4417 1058 4480 mergeretur
1077 4408 1130 4463 in
1153 4407 1392 4466 Iordane
1430 4409 1619 4465 ﬂuvio.

1815 3199 2085 3256 cognosce
2109 3190 2255 3260 quod
2295 3206 2433 3263 aqua
2464 3209 2572 3249 non
2603 3198 2827 3254 mundat
2860 3201 2981 3257 sine
3003 3203 3231 3274 Spiritu.

1886 3279 1978 3336 20.
2019 3281 2252 3355 Ideoque
2283 3284 2463 3357 legisti
2493 3289 2637 3358 quod
2669 3299 2781 3346 tres
2811 3301 2978 3351 testes
3002 3295 3056 3352 in
3085 3297 3415 3371 baptismate

1817 3389 1984 3429 unum
2031 3385 2197 3444 sunt,
2241 3392 2416 3448 aqua,
2462 3383 2721 3452 sanguis,
2780 3394 2836 3440 et
2894 3388 3131 3458 Spiritus
3179 3392 3412 3463 (lJoan.

1817 3481 1889 3532 v,
1924 3466 2000 3536 7);
2042 3467 2170 3537 quia
2219 3467 2265 3523 si
2310 3469 2364 3524 in
2415 3486 2581 3527 unum
2612 3472 2810 3530 horum
2859 3476 3136 3548 detrahas,
3173 3498 3281 3538 non
3314 3494 3426 3542 stat

1818 3559 2159 3630 baptismatis
2189 3575 2612 3622 sacramentum.
2646 3568 2786 3636 Quid
2830 3580 2914 3626 est
2964 3574 3109 3628 enim
3140 3591 3278 3646 aqua
3303 3579 3425 3637 sine

1820 3667 1984 3710 cruce
2049 3654 2291 3710 Christi?
2349 3655 2688 3714 Elementum
2742 3676 3074 3734 commune,
3134 3668 3254 3724 sine
3306 3670 3422 3727 ullo

1819 3746 2147 3800 sacramenti
2179 3746 2398 3802 etl'ectu.
2426 3749 2535 3806 Nec
2563 3751 2760 3807 iterum
2791 3755 2910 3810 sine
2938 3770 3098 3826 aqua,
3130 3774 3420 3830 regenera-

1825 3836 1988 3892 tionis
2029 3837 2354 3908 mysterium
2394 3839 2662 3896 estzNisi
2693 3845 2825 3898 enim
2871 3848 2985 3915 quis
3012 3859 3226 3906 renatus
3267 3857 3424 3924 fuerit

1825 3946 1889 3985 ea:
1917 3945 2051 4001 aqua
2085 3940 2133 3984 et
2171 3931 2395 4002 Spiritu,
2426 3950 2528 3988 non
2551 3946 2716 4005 potest
2749 3939 2964 3994 introire
2987 3941 3042 3996 in
3078 3960 3290 4019 regnum
3323 3947 3424 4005 Dei

1829 4023 2011 4096 (Joan.
2065 4039 2152 4090 nt,
2197 4024 2277 4094 5).
2325 4021 2510 4080 Credit
2557 4035 2738 4084 autem
2787 4031 2952 4088 etiam
3000 4036 3425 4098 catechumenus

1827 4116 1882 4172 in
1946 4131 2164 4172 crucem
2213 4117 2425 4172 Domini
2491 4117 2647 4187 Jesu,
2696 4137 2800 4192 qua
2852 4133 2911 4180 et
2962 4125 3081 4196 ipse
3138 4128 3424 4198 signatur;

1833 4221 1857 4248 ε
1881 4211 1978 4269 sed
2003 4213 2108 4270 nisi
2142 4213 2448 4284 baptizatus
2485 4215 2653 4274 fuerit
2680 4216 2734 4271 in
2770 4218 2990 4278 nomine
3016 4222 3193 4280 Patris
3216 4235 3272 4281 et
3299 4225 3426 4283 Filii

1830 4318 1887 4368 et
1914 4308 2149 4381 Spiritus
2175 4310 2348 4366 sancti
2375 4352 2390 4377 ,
2421 4312 2800 4369 remissionem
2832 4330 2940 4371 non
2972 4326 3151 4388 potest
3177 4320 3429 4392 accipere

1833 4412 2208 4473 peccatorum,
2251 4417 2354 4458 nec
2387 4404 2684 4474 spiritualis
2712 4407 2900 4476 gratia:
2947 4424 3142 4466 munus
3193 4412 3431 4470 haurire.

195 4501 280 4555 17.
319 4502 484 4558 Tunc
507 4479 603 4558 ille
628 4514 814 4557 secum
843 4479 1079 4556 tractare
1105 4501 1272 4570 cmpit
1296 4499 1442 4572 quod
1470 4499 1724 4556 meliores
1749 4479 1804 4540 D
1899 4496 1990 4552 21.
2018 4496 2159 4567 Ergo
2180 4495 2272 4552 ille
2288 4495 2456 4567 Syrus
2477 4498 2680 4569 septies
2701 4503 2892 4555 mersit
2913 4501 2966 4556 in
2984 4501 3158 4572 Lege:
3180 4503 3270 4574 (IV
3297 4504 3431 4579 Reg.

127 4607 285 4664 aquas
311 4596 554 4653 haberet
580 4593 773 4667 patria:
813 4608 961 4661 suas,
1010 4593 1064 4648 in
1091 4593 1290 4665 quibus
1321 4609 1380 4650 se
1406 4608 1552 4664 saepe
1576 4608 1720 4650 mer-

130 4784 145 4798 ’
198 4798 222 4826 ⁸
252 4789 379 4847 νει.
412 4791 549 4847 edit.
581 4804 648 4846 ac
677 4789 836 4859 pauci
866 4803 1025 4855 mss.,
1059 4795 1166 4842 tota
1193 4787 1474 4860 permansit
1499 4801 1517 4851 ;
1547 4785 1705 4860 Rom.
1724 4825 1739 4852 ,

131 4868 232 4914 tuta
280 4873 502 4929 ntanet;
557 4877 694 4918 mss.
725 4861 956 4932 aliquot,
1016 4869 1128 4914 tuta
1184 4859 1480 4930 permanet;
1532 4859 1737 4928 plures,

131 4935 605 5011 ιιιςιι-ιχςιςηξιῃηίι.Δ
826 5003 839 5011 ⁸
883 5003 895 5011 ⁸
1022 5002 1036 5011 _
1304 5007 1314 5011 _
1396 4999 1428 5011 _,
1506 4997 1562 5011 ,.

195 5002 550 5084 {Videbitur
579 5003 724 5060 forte
754 5003 988 5084 cuipiam
1021 5002 1178 5084 inea
1201 4999 1466 5084 sententia
1506 4997 1595 5054 hic
1622 5013 1742 5084 esse

127 5075 487 5154 Ambrosius,
538 5083 613 5154 ut_
643 5071 860 5146 aquam'
885 5074 990 5154 nisi
1021 5075 1192 5154 prius
1217 5072 1478 5154 oratione.
1505 5071 1748 5154 sanctifi-

127 5157 249 5201 cata
310 5148 414 5213 sit,
466 5144 738 5218 baptismo
789 5147 1003 5224 penitus
1048 5144 1340 5224 inhabilem
1394 5144 1744 5224 existimarit.

122 5217 236 5296 Sed
260 5215 686 5296 observandum
717 5215 825 5273 non
852 5217 942 5296 hic
979 5215 1063 5295 agi
1106 5215 1174 5270 de
1214 5216 1450 5296 jureLut
1477 5215 1649 5296 aiunt,
1671 5224 1750 5296 ac

126 5289 438 5368 validitate
461 5307 474 5342 :
503 5301 560 5343 at
599 5289 774 5344 solum
827 5282 1534 5368 referri'oconsuetudinem,
1567 5291 1624 5339 et
1671 5282 1751 5338 illi

123 5371 387 5418 veterem
423 5360 640 5429 tiguram
664 5359 1081 5416 accommodari.

203 5444 227 5470 ε
256 5426 592 5487 Abstulerat
622 5431 752 5512 edit:
783 5432 940 5486 Rom.
985 5443 1169 5512 voces,
1205 5428 1417 5512 hocﬂest
1461 5426 1750 5512 propheta;

123 5517 256 5569 quae
291 5513 492 5556 tamen
533 5503 792 5559 vocabulo
827 5501 1068 5557 sacerdos
1099 5516 1195 5572 per
1232 5499 1528 5556 antithesin
1557 5499 1752 5572 quam-

120 5573 260 5629 dam
295 5582 678 5642 oppOnuntur.

201 5643 232 5681 ει
261 5643 459 5724 Edim,
489 5660 522 5696 a
553 5644 692 5724 ἔφη
716 5653 843 5724 esset
867 5644 1170 5724 mundatus.
1276 5723 1279 5724 ν
1370 5715 1385 5724 _
1646 5709 1658 5724 .

209 5724 241 5753 ε
270 5712 412 5768 Duo
439 5729 505 5771 ex
553 5712 636 5772 his
664 5717 844 5774 verbis
873 5717 1160 5773 advertere
1203 5723 1290 5773 est
1318 5733 1333 5774 :
1365 5715 1423 5773 1ο
1449 5712 1752 5774 necessita-

691 5812 970 5876 Ρλτιιοι.
1001 5807 1176 5875 XVI.

1826 4608 1883 4659 ν,
1915 4589 2010 4660 id)
2041 4588 2060 4627 τ
2093 4599 2149 4645 ιιι
2171 4597 2349 4645 autem
2378 4588 2681 4661 baptizatus
2705 4605 2764 4648 es
2791 4592 2844 4647 in
2875 4594 3092 4651 nomine
3123 4595 3440 4668 Trinitatis,

1843 4791 1954 4840 tem
1986 4778 2238 4850 baptismi
2269 4778 2338 4834 ad
2360 4788 2716 4850 peccatorum
2745 4781 2908 4836 etiam
2937 4781 2990 4836 in
3023 4784 3436 4843 catecliumenis

1842 4849 2199 4914 ablutionem,
2231 4849 2374 4921 quod
2409 4851 2667 4921 ‘similiter
2711 4850 2938 4907 docetur
2967 4855 3019 4907 in
3049 4853 3193 4910 Psal.
3245 4873 3434 4921 cxvm.

1845 4939 2013 4982 serm.
2064 4924 2120 4985 5,
2161 4935 2282 4990 pag.
2320 4918 2449 4984 991,
2491 4922 2644 4990 unde
2672 4921 2954 4978 inferimus
3005 4925 3349 4982 Ambrosium
3380 4918 3435 4984 in

1847 5011 1912 5053 ea
1961 4989 2220 5063 opinione
2242 4989 2371 5060 qua:
2401 4989 2504 5062 ipsi
2554 4990 2643 5066 de
2673 4991 3054 5066 Valentiniano
3107 4997 3437 5066 imperatore

1853 5062 2130 5129 tribuitur,
2185 5076 2524 5136 nequaquam
2573 5063 2740 5118 fuisse
2770 5081 2785 5119 :
2817 5062 2882 5117 2°
2911 5065 2979 5118 ad
3027 5062 3278 5136 baptismi
3328 5071 3437 5126 for-

1849 5151 1996 5194 mam
2051 5145 2161 5190 tres
2215 5132 2423 5188 divinas
2495 5148 2758 5210 personas
2825 5132 3134 5210 necessario
3204 5142 3437 5210 exprimi

1855 5216 2140 5282 oportere;
2180 5220 2252 5282 es
2286 5218 2407 5282 quo
2454 5206 2780 5261 sententiam
2799 5205 2879 5282 _de
2907 5212 3232 5282 sacramenti
3279 5205 3440 5282 ejus-

1855 5275 1979 5335 dem
2023 5275 2126 5332 sub
2173 5275 2373 5331 Christi
2416 5285 2619 5331 tantum
2666 5277 2888 5334 nomine
2917 5277 3280 5338 administrati
3306 5275 3440 5338 vali-

1855 5350 2026 5407 ditate
2053 5361 2337 5431 perperam
2368 5347 2473 5418 ipsi
2504 5347 2707 5418 imponi
2736 5349 3073 5406 deducimus.
3101 5351 3172 5408 At
3199 5354 3266 5409 de
3292 5362 3442 5411 utra-

1854 5437 1961 5494 que
1979 5418 2198 5494 re'Suis
2219 5419 2374 5494 locis.

1933 5491 1952 5532 ί
1976 5493 2137 5548 Rom.
2170 5489 2300 5546 edit.
2354 5504 2476 5545 cum
2510 5505 2618 5546 uno
2646 5500 2740 5545 aut
2777 5491 2953 5547 altero
2993 5507 3153 5561 mss.,
3185 5505 3241 5550 tu
3267 5505 3440 5551 autem

1854 5565 1910 5634 in
1951 5564 2120 5634 gratia
2167 5562 2452 5634 baptizatus
2488 5578 2540 5616 es
2567 5578 2586 5616 :
2611 5561 2806 5617 melius
2835 5577 2966 5620 vero
3006 5571 3116 5620 vet.
3151 5567 3282 5623 edit.
3315 5582 3440 5624 cum

1856 5623 1982 5694 oud".
2011 5623 2243 5707 reliquis
2268 5633 2548 5701 omittunt,
2572 5634 2626 5687 in
2647 5633 2833 5705 gratia.

2801 5803 2876 5867 13
