3952 6178
140 117 224 176 597

136 329 238 383 ciem
263 329 362 400 ejus
391 324 589 380 vidistis
616 322 795 396 (Joan.
822 335 878 384 ν,
904 321 1022 391 57).

717 435 942 494 CAPUT
984 435 1050 491 ν.

134 535 438 605 Couﬁnuatar
495 533 680 588 adesse
743 527 1002 584 Christum
1044 527 1098 582 in
1148 525 1486 596 baptismate,
1533 532 1686 594 atque

191 629 302 681 adeo
365 645 465 681 non
510 623 911 680 considerandos
975 625 1089 695 ejus
1136 621 1418 675 ministros.
1467 617 1687 676 Danum

187 719 418 790 confessio
465 717 737 776 Trinitatis
785 734 817 772 α
864 715 1134 787 baptisatis
1183 713 1267 773 edi
1307 712 1465 769 solita
1510 712 1689 782 paucis

187 814 485 885 expenditur.

1229 102 1319 160 DE
1360 97 1733 168 MYSTERIIS
1771 95 1974 163 LIBER
2013 98 2215 160 UNUS.

141 247 184 290 ut
207 237 333 288 torno
364 231 524 304 (Phil.
554 247 622 293 tt,
651 228 737 302 7);
766 236 819 285 et
863 227 929 283 de
959 225 1117 284 Patro
1145 225 1256 284 Deo
1290 241 1302 277 :
1338 223 1520 296 Neque
1560 239 1676 297 spe-
1703 223 1754 284 Α

3276 93 3384 153 398

2396 213 2625 272 CAPUT
2666 213 2754 270 Vl.

1787 335 2023 409 Egressis
2043 351 2070 388 e
2085 337 2226 406 fonte
2253 331 2573 402 baptismatis
2597 345 2758 402 quare
2780 329 2954 384 unctio
2981 329 3072 398 ﬁat
3092 328 3145 382 iu
3173 328 3340 400 capite
3363 342 3382 383 ε

1857 443 1951 484 cur
1978 427 2134 482 etiam
2157 425 2348 498 pedum
2375 425 2499 480 lotio
2545 433 2657 495 post
2687 423 2995 495 baptismum
3017 437 3037 487 ;
3059 436 3234 492 quam
3260 438 3385 492 pec-

1860 529 1976 576 cata
1998 521 2224 590 utrisque
2247 520 2588 576 remittantur.

1861 702 1954 760 29.
1997 702 2126 760 Post
2158 701 2276 758 hcce
2323 701 2510 769 utique
2555 699 2852 757 'sscendisti
2896 698 2963 754 ad
2993 698 3333 755 sacerdotem
3371 715 3385 753 :

1790 793 2078 849 considera
2130 793 2256 864 quid
2300 801 2552 852 secutum
2592 793 2684 850 sit.
2715 791 2905 848 Nonne
2946 792 3080 847 illud
3130 791 3272 863 quod
3315 792 3392 846 ait

1798 887 1963 948 David
1997 904 2008 941 ;
2042 888 2192 944 Sicut
2222 896 2538 959 unguentum
2564 887 2618 940 in
2653 887 2844 957 capite,
2874 885 3014 955 quod
3039 883 3300 940 descendit
3337 886 3391 940 in

182 968 262 1023 36.
301 967 467 1024 Estne
518 966 699 1023 adhuc
728 965 870 1038 quod
903 965 1153 1020 dubitare
1184 963 1410 1030 debeas,
1431 976 1552 1016 cum
1579 961 1692 1016 evi-
1794 980 2003 1038 δαΐδων,
2028 1022 2044 1048 ,
2073 981 2284 1038 barbam
2326 985 2501 1037 Aaron
2546 979 2722 1050 (put.
2756 995 2970 1044 ειχχη,
3003 980 3104 1050 2)?
3151 979 3264 1035 Hoc
3310 989 3395 1036 est

129 1064 292 1116 dcnter
319 1060 411 1114 tibi
439 1061 636 1115 clamet
667 1065 717 1113 in
764 1059 1056 1129 Evangelio
1085 1057 1281 1120 Pater,
1312 1057 1400 1126 qui
1430 1055 1504 1110 ait
1537 1072 1548 1108 :
1595 1053 1694 1108 llic
1799 1085 2165 1145 υηςυεηιυω,
2217 1075 2288 1131 de
2325 1091 2432 1144 quo
2483 1083 2543 1130 οι
2586 1073 2843 1130 Salomon
2885 1074 3007 1128 ,ηε
3063 1073 3394 1144 Unguentum

128 1168 182 1211 est
224 1155 387 1210 Filius
439 1173 580 1210 meus
629 1156 681 1209 in
708 1171 808 1228 quo
859 1152 1147 1224 complacui
1197 1150 1410 1224 (Matth.
1446 1151 1532 1216 ιιι,
1569 1147 1691 1219 l7);

1797 1168 2118 1226 exinanitum
2167 1177 2450 1225 estnomen
2479 1176 2655 1233 tuum,
2687 1175 2959 1238 prapterea
2998 1166 3398 1221 adolescentulru

128 1251 295 1306 clamet
319 1250 517 1318 Filius,
549 1265 712 1320 super
739 1264 899 1318 quem
933 1249 1076 1304 sicut
1105 1245 1352 1302 columba
1382 1260 1439 1301 se
1468 1243 1698 1300 demon-

1844 1260 2089 1316 uexerunt
2114 1267 2194 1324 te,
2232 1255 2260 1298 ἀ
2285 1269 2334 1314 et
2366 1267 2690 1316 attraxerant
2717 1268 2764 1312 te
2787 1255 2966 1328 (Cant.
3001 1273 3040 1323 ι,
3067 1256 3145 1329 ε).
3171 1257 3397 1325 Quanta:

129 1346 529 1416 stravitSpiritus
548 1354 791 1410 sanctus;
815 1343 1012 1401 clamet
1027 1353 1078 1398 et
1098 1341 1334 1411 Spiritus
1348 1347 1588 1404 sanctus,
1604 1336 1695 1408 qui

1802 1351 1964 1412 hodie
1994 1361 2267 1408 renovatae
2294 1351 2492 1407 animm
2517 1349 2828 1406 dilexerunt
2857 1359 2909 1405 te
2931 1391 2946 1414 ,
2979 1350 3209 1406 Domine
3233 1349 3360 1405 Jesu
3385 1391 3399 1413 ,

130 1441 244 1493 sicut
266 1438 513 1494 columba
541 1436 857 1500 descendit;
882 1437 1081 1494 Clamet
1108 1433 1270 1492 υθνὶά
1298 1451 1309 1486 ε
1346 1431 1463 1488 γοα)
1484 1429 1700 1490 Domini
1803 1443 2048 1499 dicentes
2079 1461 2090 1495 :
2119 1442 2335 1496 Attrahe
2378 1458 2470 1496 nos
2501 1451 2614 1510 post
2645 1451 2727 1508 te,
2756 1442 2810 1495 in
2832 1442 3042 1496 odorem
3079 1443 3403 1500 uestimento—

129 1549 254 1600 sttper
276 1548 456 1602 aquas,
479 1527 622 1584 Deus
650 1530 933 1602 majestatis
961 1529 1184 1582 intonuit
1217 1543 1234 1580 :
1268 1524 1522 1581 Dominus
1544 1538 1700 1594 super

1804 1554 1922 1594 rum
1951 1548 2157 1594 tuorum
2205 1537 2461 1597 currimus
2511 1534 2706 1606 (Ibid.,
2738 1536 2824 1605 ὅ),
2856 1545 2913 1592 ιιι
2955 1535 3182 1596 odorem
3223 1549 3404 1592 resur-

129 1625 260 1699 332
283 1642 440 1697 aquas
471 1624 665 1680 multas
692 1620 864 1696 (Psal.
899 1637 1088 1686 XXVIII,
1119 1619 1177 1691 5)
1205 1635 1219 1685 ;
1251 1616 1384 1674 Cum
1422 1616 1519 1670 tibi
1549 1614 1698 1671 δοτί-
1732 1622 1780 1690 Β
1808 1631 2069 1688 rectionis
2101 1629 2422 1688 haurirent!

131 1729 258 1789 plura
283 1719 358 1788 (Ι,
381 1736 434 1790 q.
465 1721 521 1786 1,
550 1735 598 1772 c.
626 1715 755 1770 Cum
785 1715 1010 1788 Script.)
1036 1722 1262 1768 testetttr
1288 1709 1431 1782 quod
1476 1707 1542 1762 ad
1577 1707 1706 1762 Hie-

129 1814 284 1868 roltaal
328 1828 526 1883 preces
550 1811 688 1883 ignis
718 1809 1065 1866 descenderit
1109 1807 1178 1864 de
1207 1807 1348 1864 coelo
1395 1802 1598 1877 (Judic.
1627 1817 1704 1865 vt,

127 1906 222 1976 2|),
246 1917 295 1962 et
319 1922 516 1962 rursus
562 1913 819 1980 precante
852 1904 1000 1967 Elia,
1034 1902 1175 1973 ignis
1219 1901 1291 1958 sit
1335 1899 1536 1956 missus
1558 1906 1584 1933 λ
1615 1894 1706 1965 qui

130 2001 427 2056 sacriﬁcium
456 1999 806 2056 consecravit
828 1997 919 2068 (lli
949 1995 1082 2069 Reg.
1109 2011 1264 2060 xvtn,
1290 1990 1424 2064 38)?

181 2094 261 2148 27.
297 2095 410 2150 Non
437 2094 645 2150 merita
693 2105 1048 2162 personarum
1079 2086 1424 2153 consideres,
1454 2083 1548 2143 sed
1588 2082 1710 2139 oili-

129 2187 194 2241 cia
219 2188 583 2244 snccrdotum.
620 2184 688 2239 Et
738 2185 782 2240 si
833 2184 1024 2238 merita
1072 2191 1322 2251 spectes;
1352 2179 1491 2236 sicut
1537 2177 1709 2233 Eliam

131 2281 416 2337 Consideres
450 2323 466 2348 ,
547 2277 696 2334 Petri
761 2291 979 2348 quoque
1043 2274 1234 2330 merita
1285 2279 1562 2343 spectato,
1627 2269 1712 2326 vel

129 2372 274 2438 Pauli,
304 2375 392 2447 qui
438 2380 732 2442 acceptum
777 2385 806 2423 a
835 2367 1066 2424 Domino
1095 2366 1222 2423 Jesu
1251 2366 1355 2421 hoc
1382 2364 1711 2434 nobis-mys-

129 2466 292 2520 terium
340 2464 715 2521 tradiderunt.
769 2460 915 2532 Ignis
969 2459 1076 2514 illis
1123 2458 1355 2512 visibilis
1398 2456 1715 2510 mittebatur

129 2558 166 2625 (I
187 2601 199 2623 ,
225 2577 272 2623 q.
300 2560 350 2626 Ι,
380 2576 428 2614 c.
461 2557 603 2612 Cum
633 2554 913 2626 Script.,§
952 2551 1143 2626 Ignis),
1175 2560 1232 2605 ut
1257 2549 1548 2605 crederent
1578 2564 1590 2600 :
1616 2561 1715 2601 no-

129 2648 194 2705 bis
220 2650 511 2709 invisibilis
541 2657 836 2720 operatur,
870 2646 957 2716 qui
987 2643 1259 2700 credimus
1291 2660 1302 2696 :
1335 2640 1437 2698 illis
1479 2639 1544 2696 ad
1583 2639 1718 2709 ligu-

126 2757 242 2809 ιιιιι,
269 2745 422 2800 nobis
445 2742 473 2781 δ
507 2742 578 2796 ad
609 2739 1116 2796 commonitionem.
1145 2734 1322 2791 Crede
1349 2749 1479 2802 ergo
1525 2731 1719 2786 adesse

132 2832 384 2890 Bootinunt
435 2835 633 2891 Jesum
681 2832 997 2886 invocatum
1031 2827 1286 2898 precibus
1332 2823 1716 2888 sacerdotum,

129 2930 200 2998 qui
228 2929 295 2981 ait
327 2945 340 2983 :
374 2927 479 2984 Ubi
513 2927 708 2997 fuerint
731 2925 834 2982 duo
856 2921 934 2979 uel
961 2932 1081 2986 tres,
1107 2919 1180 2975 ibi
1207 2929 1253 2974 et
1273 2935 1364 2990 ego
1387 2935 1503 2974 sum
1534 2917 1714 2989 (Matt.

1879 1726 2193 1793 50..Quare
2241 1726 2346 1782 hoc
2378 1725 2471 1782 ﬁat
2519 1725 2794 1796 intelligo,
2823 1725 2948 1795 quia
2977 1725 3118 1780 oeuli
3163 1725 3407 1794 sapientis

1812 1822 1868 1876 in
1897 1821 2064 1891 capite
2092 1823 2205 1893 ejus
2225 1818 2453 1891 (Eccles.
2477 1835 2536 1886 ιι,
2565 1817 2674 1890 Ib).
2704 1817 2833 1874 Ideo
2859 1819 2914 1873 in
2939 1817 3161 1874 barbam
3189 1817 3403 1883 deﬂuit,

1813 1913 1865 1972 id
1892 1921 1996 1978 est,
2025 1914 2082 1968 in
2103 1913 2330 1983 gratiam
2354 1913 2691 1982 iuventutis;
2717 1911 2839 1969 ideo
2862 1911 2918 1966 in
2947 1911 3172 1968 barbam
3193 1914 3372 1967 Aaron
3391 1950 3407 1975 ,

1813 2015 1872 2060 ut
1903 2005 2002 2064 ﬁas
2029 2006 2264 2062 electum
2292 2020 2468 2076 genus
2493 2046 2507 2070 ,
2537 2003 2901 2069 sacerdotale,
2933 2004 3263 2074 pretiosum;
3293 2020 3411 2058 om—

1815 2111 1912 2154 nes
1938 2096 2081 2156 euim
2106 2107 2128 2134 ο
2152 2097 2203 2151 in
2235 2111 2464 2168 regnum
2492 2095 2586 2153 Dei
2614 2103 2670 2152 et
2683 2095 2745 2152 in
2767 2094 3133 2153 sacerdotium
3163 2096 3413 2166 angimur

1814 2191 1985 2258 gratia
2015 2187 2270 2257 spiritali.

1887 2281 1981 2338 51.
2023 2278 2329 2336 Ascendisti
2375 2279 2444 2335 de
2494 2278 2690 2345 ,l'onte,
2740 2287 3015 2336 memento
3070 2277 3416 2348 Evangeticae

1816 2373 2092 2430 lectionis.
2125 2371 2342 2428 Etenim
2371 2372 2632 2430 Dominus
2676 2380 2864 2428 noster
2896 2370 2916 2410 ί
2946 2371 3106 2430 Jesus
3134 2371 3189 2428 in
3235 2371 3415 2431 Evan—

1818 2467 1962 2537 gelio
2004 2465 2134 2522 lavit
2182 2464 2349 2536 pedes
2394 2464 2678 2536 discipulis
2728 2465 2864 2521 suis.
2893 2463 3124 2532 Quando
3169 2464 3314 2520 venit
3349 2463 3418 2519 ad

1822 2560 2102 2617 Simonem
2134 2558 2374 2622 Petrum,
2405 2559 2482 2613 ait
2505 2559 2737 2613 Petrus:
2774 2557 2898 2612 Non
2931 2559 3072 2614 lavas
3109 2558 3237 2612 mihi
3271 2559 3423 2628 pedes

1819 2652 1875 2706 in
1899 2661 2145 2706 (sternunt
2174 2650 2355 2721 (toan.
2386 2667 2481 2706 χιιι
2501 2693 2515 2717 ,
2542 2652 2629 2722 8);
2660 2666 2766 2706 non
2798 2651 3034 2706 advertit
3061 2650 3378 2724 mysterium
3407 2692 3420 2716 ,

1821 2752 1876 2798 et
1908 2742 2029 2797 ideo
2080 2742 2443 2800 ministerium
2491 2741 2790 2811 recusavit;
2826 2743 2968 2815 quod
2997 2753 3022 2790 8
3065 2744 3278 2814 gravari
3325 2743 3426 2798 ltu-

1824 2835 2108 2892 militatem
2159 2836 2302 2893 servi
2349 2836 2636 2902 crederet,
2669 2838 2714 2892 si
2761 2837 2869 2894 sibi
2896 2836 3223 2908 obsequium
3264 2837 3430 2909 333

1825 2926 2033 2981 domini
2083 2927 2356 2996 patienter
2402 2927 2730 2984 admitteret.
2768 2929 2864 2984 Cui
2917 2930 3201 2998 respondit
3247 2929 3434 2984 Domi-

130 3033 254 3087 ιιίιι,
281 3021 405 3092 20);
439 3029 655 3092 quanto
686 3017 860 3088 magis
889 3016 976 3071 ulti
1027 3021 1113 3070 est
1139 3011 1382 3068 Ecclesia
1406 3051 1420 3077 ,
1453 3008 1542 3065 ubi
1573 3023 1716 3080 mys-
1749 3015 1794 3080 C
1830 3035 1931 3074 nus
1965 3037 1979 3073 :
2011 3019 2074 3076 Si
2117 3037 2221 3075 non
2270 3021 2440 3076 lavero
2477 3022 2570 3076 tibi
2620 3021 2778 3093 pedes
2802 3064 2816 3087 ,
2847 3038 2948 3079 non
2995 3021 3205 3078 habebis
3234 3032 3434 3092 partem

133 3115 239 3166 tcria
272 3130 365 3170 sua
401 3123 578 3180 sunt,
613 3112 685 3167 ibi
720 3109 974 3179 dignatur
1002 3122 1152 3164 suam
1179 3105 1459 3176 impertire
1491 3117 1731 3174 prmsen-

134 3205 238 3262 tiam
265 3208 278 3262 ε

188 3303 267 3359 28.
295 3298 642 3364 Descendisti
669 3297 868 3370 igitur;
898 3295 1190 3354 recordare
1211 3291 1339 3363 quid
1362 3287 1732 3360 responderis,

133 3396 254 3466 Quod
292 3396 490 3454 credas
523 3395 582 3449 in
617 3394 856 3457 Patrem,
889 3389 1082 3446 credas
1115 3389 1166 3442 in
1196 3387 1393 3442 Filium
1415 3427 1428 3452 ,
1458 3381 1648 3439 credas
1677 3382 1730 3436 in

135 3489 369 3558 Spiritum
402 3495 684 3546 sanctum.
717 3485 832 3541 Non
879 3484 1048 3544 habes
1078 3481 1194 3538 illic
1223 3499 1234 3534 :
1265 3491 1285 3518 ε
1315 3477 1492 3536 Credo
1533 3477 1588 3532 itt
1621 3490 1735 3531 ma-

133 3581 285 3651 jorem
314 3595 370 3641 et
393 3585 679 3644 minorem
711 3589 763 3635 et
787 3578 1034 3636 ultimum
1062 3595 1074 3631 :
1107 3575 1201 3631 sed
1232 3572 1420 3629 eadem
1451 3567 1600 3626 vocis
1631 3578 1736 3626 tua:

136 3681 370 3735 cautione
421 3672 874 3744 constringeris,
911 3681 970 3725 ut
1014 3669 1270 3726 similiter
1317 3665 1510 3722 credas
1555 3665 1607 3718 in
1647 3662 1736 3716 Fi-

138 3770 280 3841 lium,
310 3772 455 3829 sicut
486 3773 545 3827 in
579 3769 795 3823 Patrem
827 3765 1006 3823 credis
1043 3782 1054 3818 :
1088 3763 1341 3820 similiter
1391 3761 1443 3816 in
1473 3760 1736 3831 Spiritum

138 3875 358 3922 sanctum
381 3863 630 3930 credas,
660 3862 801 3916 sicut
848 3857 1029 3915 credis
1070 3857 1123 3912 in
1194 3855 1428 3919 Filium;
1471 3853 1575 3909 hoc
1618 3851 1738 3908 solo

141 3968 347 4030 excepto
369 3999 387 4022 ,
422 3955 578 4028 quod
601 3955 654 4009 in
685 3967 904 4012 crucem
951 3951 1121 4006 solius
1155 3947 1366 4003 Domini
1391 3945 1518 4000 Jesu
1549 3942 1736 3999 fateris

142 4054 219 4110 tibi
243 4071 362 4129 esse
393 4052 765 4112 credendum.

187 4224 221 4268 ,⁸
239 4215 394 4271 Rom.
415 4215 559 4272 edit.
578 4212 715 4279 sola,
733 4211 820 4283 qui
837 4208 1152 4283 sacriﬁcium
1167 4203 1505 4283 c‘ottsumpsit.
1531 4199 1742 4283 lteigne

143 4294 302 4341 autem
349 4271 438 4341 ini
460 4271 758 4339 Ilierobaai
793 4271 1122 4336 sacriﬁcium
1171 4271 1542 4351 descendente
1565 4313 1594 4338 ,_
1615 4271 1743 4351 vide

145 4371 246 4423 qttzu
302 4359 355 4412 in
408 4355 810 4413 Adtnonitione
865 4352 1125 4409 diximus.
1166 4349 1603 4423 CitaturAporro
1655 4343 1744 4396 hic

1834 3128 2050 3168 mecum.
2105 3113 2224 3181 Quo
2268 3113 2450 3167 tttdito
2474 3153 2489 3178 ,
2524 3111 2716 3170 Petrus
2745 3130 2759 3166 :
2791 3110 3012 3174 Domine
3033 3156 3046 3180 ,
3086 3131 3192 3170 non
3235 3123 3434 3169 tantum

1837 3207 2013 3276 pedes,
2043 3206 2238 3276 inquit,
2264 3207 2353 3262 sed
2374 3216 2420 3261 et
2446 3223 2628 3261 manus
2653 3216 2702 3261 et
2733 3217 2904 3279 caput.
2930 3207 3234 3279 Respondit
3255 3208 3437 3264 Domi—

1837 3313 1940 3353 nus
1971 3315 1984 3350 :
2022 3298 2124 3364 Qui
2154 3299 2292 3353 lotus
2320 3309 2425 3364 est,
2458 3315 2559 3353 non
2605 3298 2801 3374 indiget
2852 3300 3030 3358 nisiut
3055 3302 3210 3372 pedes
3257 3299 3433 3367 lavet;

1837 3393 1926 3446 sed
1953 3400 2025 3448 est
2054 3391 2278 3446 mundus
2303 3399 2442 3446 totus
2465 3387 2654 3461 (Ibid.,
2680 3389 2759 3461 9).

1910 3483 2000 3539 52.
2034 3483 2266 3540 Mundus
2308 3494 2428 3539 erat
2456 3482 2686 3548 Petrus,
2720 3482 2816 3538 sed
2847 3483 3085 3552 plantam
3113 3484 3297 3540 lavare
3338 3486 3437 3540 de-

1838 3575 2031 3640 bebat;
2065 3575 2300 3631 trahebat
2326 3575 2470 3630 enim
2516 3575 2676 3644 primi
2710 3574 2948 3630 hominis
2977 3575 3046 3630 de
3088 3575 3441 3630 successione

1842 3677 2119 3739 peccaturo
2157 3686 2170 3724 :
2220 3666 2438 3740 quando
2485 3683 2608 3724 eum
2657 3666 3025 3736 supplantavit
3071 3681 3330 3736 serpens,
3381 3675 3438 3722 ct

1841 3761 2106 3830 persuasit
2152 3775 2398 3817 errorum
2448 3757 2603 3826 (Gen.
2635 3774 2712 3823 ιιι,
2745 3757 2824 3825 6).
2859 3756 2885 3794 ¹ι
2930 3757 3056 3814 Ideo
3104 3758 3288 3827 planta
3319 3757 3440 3828 ejus

1841 3851 2110 3916 abluitur,
2137 3858 2197 3904 ut
2245 3848 2590 3904 hereditaria
2642 3856 2863 3918 peccata
2911 3849 3199 3913 tollantur;
3253 3859 3438 3904 nostra

1842 3944 1985 4010 enim
2019 3943 2236 4016 propria
2267 3957 2362 4013 per
2391 3941 2716 4012 baptismum
2744 3941 3076 3998 relaxantur.

1910 4036 2003 4094 ὅτι.
2045 4035 2217 4096 Simul
2269 4048 2539 4106 cognosce
2586 4033 2907 4105 mysterium
2950 4034 3004 4089 in
3056 4034 3176 4104 ipso
3218 4035 3440 4092 humili-

1849 4211 1968 4266 qua
1992 4209 2136 4251 vers.
2166 4195 2320 4264 Quod
2368 4210 2497 4250 vero
2546 4195 2613 4251 ad
2640 4178 2870 4251 alterum
2890 4238 2905 4264 ,
2940 4197 3120 4253 omnia
3145 4195 3442 4267 Scriptura:

1850 4267 2110 4324 idiomata
2152 4267 2330 4324 eidem
2381 4268 2580 4322 favent.
2614 4269 2865 4324 Attamen
2912 4268 3088 4324 locum
3121 4271 3262 4324 hunc
3289 4279 3448 4339 putu-

1852 4355 1972 4396 mus
2001 4341 2070 4394 ita
2113 4341 2334 4394 citatum
2368 4340 2435 4393 ab
2464 4341 2782 4411 Ambrosio,
2815 4349 2876 4396 ut
2915 4342 3074 4396 simul
3107 4341 3173 4396 ad
3204 4343 3445 4411 fragran-

145 4410 276 4502 llicus
302 4410 373 4485 ξι,
393 4410 606 4502 λξιὲετό
637 4410 732 4482 lib,
767 4441 828 4480 tu
857 4423 924 4481 de
969 4424 1214 4502 Sacram.
1245 4434 1366 4502 cap.
1532 4425 1593 4502 ut
1620 4429 1732 4483 pro-
1767 4419 1820 4480 Ι)
1848 4411 1988 4502 tiam.
2009 4410 2650 4502 vestimentorumidajcob
2670 4411 2974 4502 fraternam
3002 4410 3437 4469 benedictidnem

148 4499 223 4554 bet
249 4517 368 4556 vera
403 4488 756 4556 sacra-menta
785 4511 909 4552 esse
934 4494 1075 4564 apud
1100 4490 1413 4564 haereticos.
1447 4488 1740 4564 Gratianus

146 4586 342 4641 quoque
369 4573 574 4628 eodem
602 4569 842 4624 consilio
865 4559 1204 4641 ltuu'cjpstun
1228 4560 1529 4641 adhibutniu
1559 4559 1736 4641 Oesn,

150 4630 228 4695 sed
249 4630 616 4710 corruptum;
653 4655 774 4694 cum
832 4653 950 4710 pro
983 4630 1272 4710 Hierobaal
1293 4673 1305 4696 ,
1337 4631 1587 4701 praeferat
1620 4630 1744 4710 llic-

150 4712 375 4770 roboam.
407 4707 682 4770 Observat
732 4707 861 4764 vero
905 4707 1150 4777 eiusdem
1194 4712 1605 4777 commentator
1624 4707 1745 4754 istic

149 4797 240 4839 n0n
265 4786 347 4853 agi
377 4787 450 4840 de
478 4782 861 4841 sacerdotibus
893 4772 1193 4853 improbis,
1221 4773 1557 4846 proindeque
1595 4772 1645 4826 in
1678 4785 1742 4828 ea

149 4849 473 4912 causa—male
505 4855 728 4924 allegat'i
759 4853 862 4907 hoc
887 4849 1277 4924 testiinonium.

176 4924 235 5006 ,δ
262 4927 388 4981 Mss.
420 4915 643 4997 aliquoi
685 4940 790 4979 non
819 4921 1095 4979 inferioris
1143 4926 1320 4983 notae,
1349 4916 1416 4972 ad
1458 4915 1746 4969 communi-

150 5005 346 5052 tionem.

216 5080 236 5106 ε
265 5068 380 5125 Non
415 5071 524 5127 alia
557 5066 851 5126 efﬁcttciori
880 5065 1201 5138 probatione
1229 5056 1596 5138 omnimodant
1629 5070 1753 5124 pcr-

151 5151 396 5194 sonarum
452 5142 761 5194 divinarum
813 5127 1181 5208 mqualitatent
1231 5144 1420 5188 contra
1480 5127 1748 5208 At-irtttos,

150 5211 384 5281 aliosque
435 5221 651 5268 Veteres
701 5209 988 5281 haereticos
1035 5207 1750 5281 detntmstraruntJanttqut

153 5273 333 5354 Patres
353 5325 369 5350 ,
403 5299 569 5354 quam
600 5298 662 5338 ca
691 5297 811 5349 qum
842 5279 1040 5354 petitur
1086 5293 1152 5354 ex
1185 5274 1360 5354 forma
1372 5273 1750 5354 baptismatis.

152 5350 261 5418 Quo
312 5340 771 5410 ιέιίιέιὶίιιιιιιιιὶιι
835 5340 1110 5406 Sociniani
1166 5340 1573 5418 cottiudittntur.
1638 5340 1746 5398 Ad-

153 5416 302 5494 retjte
336 5441 476 5481 vero
510 5426 596 5481 hic
623 5424 890 5494 baptisma
925 5421 1037 5494 tieri
1071 5436 1162 5488 per
1190 5416 1617 5494 iututetsiottetu.

218 5491 242 5529 ι’
273 5495 439 5551 Boni.
475 5495 609 5552 edit.
661 5481 822 5559 solm,
855 5481 1083 5564 Attralte'
1126 5505 1217 5564 nos
1241 5495 1359 5564 post
1388 5485 1554 5564 te._Et
1578 5481 1750 5564 intra,

155 5565 204 5638 in
229 5567 443 5638 odorem
474 5557 875 5638 unguentorum.
907 5563 1060 5638 Quod
1080 5561 1150 5638 ad
1177 5557 1756 5638 primumﬂi’congruit

161 5635 321 5690 ιιι-ιιι.
354 5625 568 5692 textus"
586 5646 750 5706 atque
777 5625 951 5706 Vulg.w
966 5633 1124 5689 nobis
1166 5625 1346 5686 autem
1376 5626 1519 5682 LXX
1546 5634 1602 5682 ct
1631 5625 1756 5680 reli-

1843 4498 1872 4538 a
1907 4492 2057 4552 patre
2081 4482 2395 4538 sulfurautis
2420 4482 2709 4538 alluderet.

1869 4627 1879 4637 ο
1919 4565 1940 4591 ο
1970 4555 2098 4609 Mss.
2137 4569 2245 4609 non
2301 4554 2490 4624 pauci,
2524 4555 2575 4608 in
2630 4571 2842 4624 regnum
2871 4553 2971 4610 Dei
3012 4566 3059 4610 et
3100 4557 3438 4610 consacerdo-

1841 4636 1991 4680 ltum.

1922 4695 1938 4733 ί
1974 4697 2172 4752 Eadem
2199 4697 2328 4751 edit.
2359 4697 2515 4750 Rom.
2547 4697 2860 4767 sola,lesus
2887 4698 3009 4752 lavit
3035 4696 3444 4767 pedes,sublato

1846 4769 2104 4824 nimirum
2131 4809 2144 4831 ,
2176 4769 2230 4820 in
2281 4767 2581 4837 Evangelia.
2615 4766 2756 4822 Infra
2791 4785 2923 4824 vero
2971 4766 3066 4838 pro
3109 4783 3176 4823 eo
3213 4771 3354 4838 quod
3386 4771 3438 4824 itt

1849 4840 1979 4896 edit.
2040 4838 2292 4893 omnibus
2327 4849 2383 4893 et
2424 4853 2554 4892 mss.
2589 4841 2866 4894 nonnullis
2914 4841 3175 4905 habetur,
3207 4842 3442 4894 ministe-

1851 4911 1990 4966 rium
2040 4910 2328 4982 recusavit;
2361 4909 2556 4977 legitur
2595 4908 2647 4963 in
2695 4911 2918 4982 reliquis
2961 4925 3117 4976 mss.,
3147 4914 3442 4982 mysterium

1850 4983 2123 5035 recusauit.
2157 4979 2305 5034 Haud
2342 4984 2475 5034 satis
2504 4989 2669 5036 recte.

1927 5064 1951 5101 ες
1985 5052 2113 5106 Mss.
2140 5051 2384 5121 aliquot,
2417 5051 2623 5120 gravari
2649 5051 2940 5106 humi-litate
2965 5071 3019 5107 se
3044 5069 3217 5107 serens
3259 5054 3440 5109 credit.

1923 5124 1953 5163 ιι
1985 5123 2082 5178 Hic
2113 5123 2261 5177 locus
2287 5123 2397 5193 jam
2428 5138 2456 5176 a
2502 5124 2664 5192 longo
2695 5125 2967 5191 negotium
3003 5125 3250 5192 plurimis
3279 5127 3442 5183 faces.

1855 5195 2001 5250 sivit.
2031 5193 2246 5249 Etenim
2296 5196 2347 5249 in
2396 5197 2635 5264 margine
2680 5195 2804 5249 cod.
2835 5196 3072 5250 Claram.
3105 5197 3301 5251 eadem
3337 5214 3441 5264 qua

1856 5277 2036 5322 textus
2079 5281 2240 5337 manu
2289 5274 2530 5320 notatum
2579 5265 2710 5320 illud
2746 5267 3030 5320 occurrit:
3066 5266 3256 5321 Mirum
3307 5272 3447 5337 quod

1858 5338 1984 5392 dicit
2015 5338 2067 5390 in
2107 5336 2360 5408 baptismo
2405 5337 2614 5409 propria
2671 5346 2876 5403 peccata
2926 5338 3088 5392 lavari
3113 5341 3211 5404 ,‘in
3260 5336 3448 5409 pedum

1850 5409 2112 5483 ablatione
2137 5426 2167 5462 a
2193 5407 2414 5483 Domino
2451 5407 2724 5483 discipulis
2744 5410 3194 5483 factaﬂorigiualia
3223 5407 3438 5483 peccata

1852 5482 1987 5537 tolli.
2021 5480 2136 5536 Non
2167 5481 2273 5535 alio
2318 5481 2478 5535 etiam
2507 5478 2856 5550 respiciebat
2880 5478 3034 5550 Ηιιει)
3076 5478 3288 5546 Victor,
3315 5497 3438 5539 cum

1854 5555 1908 5607 in
1933 5551 2090 5624 Joan.
2114 5567 2210 5624 sttit
2229 5549 2743 5624 scriberetaliquos,
2764 5547 2955 5604 latione
2969 5547 3158 5620 pedum
3176 5566 3444 5624 peccatum

1855 5623 2104 5695 originale
2130 5622 2318 5677 dicanti
2348 5629 2463 5691 post
2487 5620 2798 5690 boplimm
2823 5625 3148 5683 asseruisse.
3176 5620 3255 5685 Ὰι
3278 5628 3449 5688 multo
