3952 6178
509 185 616 242 399

1737 175 1740 178 ’
1831 160 1833 162 ’
1871 155 2125 231 ςωυτι·
2153 168 2479 232 Αιιιςιιυειι
2509 148 2532 153 ”

3701 168 3801 231 400

421 291 426 297 ’
507 302 636 359 tatis
663 311 691 343 α
715 302 1016 358 consistere
1065 295 1403 360 ministerio;
1434 295 1509 349 ait
1559 292 1706 348 enim
1739 309 1751 346 :
1783 292 1845 347 Si
1880 307 1974 363 ego
2003 292 2102 346 lavi
2210 291 2373 347 tionis
2403 288 2567 362 33a.
2609 302 2724 344 sua:
2753 286 2980 360 gloriam
3009 287 3061 343 iu
3097 285 3387 360 Evangelia
3414 285 3631 358 (Matth.
3665 305 3796 350 xvn.

509 397 651 452 vobis
677 396 831 468 pedes
854 393 1102 448 Dominus
1132 402 1178 446 et
1211 391 1452 462 magister
1475 406 1494 455 ;
1520 396 1710 459 quanto
1739 388 1904 458 magis
1931 397 1977 441 et
2022 404 2110 442 vos

511 488 700 544 debetis
750 489 921 541 lavare
956 484 1109 556 pedes
1159 485 1376 538 invicem
1427 481 1569 537 vobis
1617 479 1800 552 (Joan.
1830 495 1944 534 xm.
1978 480 2106 550 id)!

510 582 647 638 Cum
679 579 824 635 enim
869 579 986 648 ipse
1033 586 1226 633 auctor
1255 575 1447 632 salutis
1475 589 1572 646 per
1617 572 1983 629 obedientiam
2013 587 2112 628 nos

507 675 835 738 redemerit;
883 681 1086 744 quanto
1134 673 1304 744 magis
1358 685 1458 727 nos
1502 667 1708 725 servuli
1757 667 1875 737 ejus
1931 667 2114 722 humi-

504 770 674 826 litatis
701 776 758 825 et
785 767 1110 823 obedientia:
1137 765 1397 822 exhibere
1444 762 1710 818 debemus
1744 759 2067 830 obsequium
2095 759 2106 812 !

650 907 654 910 .
1109 857 1340 914 CAPUT
1388 855 1499 912 VII.
1605 877 1608 880 λ
1945 845 1948 847 Α

517 957 842 1016 Vestimeutis
872 953 1108 1009 candidis
1142 959 1468 1022 peccatorum
1503 949 1818 1004 ablutionem
1845 944 2067 1002 indicari
2099 960 2116 1000 :

583 1053 732 1123 cujus
765 1063 924 1119 opera
973 1055 1030 1099 ut
1086 1042 1315 1099 Ecclesia
1361 1058 1417 1097 se
1461 1042 1666 1112 nigram
1690 1034 1839 1110 atque
1877 1037 2117 1093 decorant

584 1143 797 1204 diceret,
823 1137 1063 1206 e/Tectum
1091 1144 1183 1191 est.
1219 1135 1443 1207 Angelos
1489 1135 1708 1188 nitorem
1737 1133 1848 1204 ejus
1889 1131 2022 1186 sicut
2067 1138 2118 1184 et

519 1221 534 1236 ⁸
588 1234 871 1290 Dontinica:
912 1233 1080 1286 carnis
1123 1232 1334 1285 miratos
1379 1245 1525 1296 csse;
1551 1229 1690 1300 quin”
1721 1226 2118 1294 immo'ipsum-

585 1337 685 1382 met
715 1326 980 1380 Christum
1005 1323 1096 1378 sub
1126 1323 1280 1378 variis
1310 1322 1497 1392 ﬁguris
1529 1319 1914 1374 commendasse
1939 1318 2115 1387 Spon-

585 1438 657 1478 ste
687 1437 795 1477 sua:
834 1421 1058 1491 formant
1086 1434 1105 1473 :
1135 1431 1358 1487 quorum
1399 1415 1455 1468 in
1480 1429 1534 1469 se
1563 1413 1728 1467 mutui
1766 1409 1986 1479 aﬂ'ectus
2023 1410 2116 1464 de-

511 1530 519 1561 ί
590 1517 905 1575 scribuntur.

588 1617 678 1672 34.
722 1607 992 1679 Accepisti
1021 1614 1146 1678 post
1174 1604 1291 1660 lure
1312 1602 1341 1641 δ
1373 1601 1697 1658 vestimenta
1745 1598 1973 1655 candida
2005 1596 2120 1671 (De

2212 383 2272 453 2)
2298 383 2726 439 demonstraret.
2756 382 2936 453 Super
2962 383 3141 437 nivem
3173 396 3304 452 ergo
3349 380 3670 448 dealbatur,
3715 381 3799 436 cui

2211 479 2372 550 culpa
2400 477 2710 532 dimittitur.
2747 468 2985 532 Unde'et
3018 491 3113 546 per
3143 475 3360 530 Esaiam
3394 474 3657 530 Dominus
3686 474 3758 528 ait
3786 492 3798 527 :

2216 573 2277 629 Si
2304 571 2496 642 fuerint
2542 577 2748 640 peccata
2790 578 2959 624 vestra
2997 568 3128 623 sicut
3175 566 3520 638 phwnicium,
3549 577 3603 621 ut
3649 567 3802 620 nivem

2215 667 2464 722 dealbabo
2491 664 2662 737 (Esai.
2686 680 2727 731 ι,
2764 664 2875 736 18).
2911 718 2913 720 ,

2231 775 2234 778 ‘
2286 760 2374 816 35.
2419 759 2545 815 Haec
2593 758 2918 814 vestimenta
2968 756 3176 813 habens
3225 754 3466 813 Ecclesia
3519 769 3618 826 per
3667 753 3804 810 lava-

2215 867 2366 909 crum
2397 850 2829 924 regenerationis
2857 857 3158 921 assumpta,
3177 849 3310 905 dicit
3335 848 3390 903 in
3419 847 3691 903 Canticis:
3713 845 3806 900 Ni-

2216 960 2311 1016 gra
2362 960 2476 999 sum
2525 953 2575 998 et
2602 943 2813 1009 decora,
2844 940 2870 978 ά
2904 941 3031 1011 ﬁlia:
3079 940 3411 996 Hierusalem
3444 939 3621 1011 (Cant.
3654 956 3697 1006 ι,
3728 939 3801 1010 ιι).

2215 1037 2380 1110 Nigra
2426 1053 2521 1108 per
2559 1036 2906 1107 fragilitatem
2937 1033 3270 1091 conditionis
3295 1033 3586 1098 humanae,
3618 1031 3806 1088 decora

2218 1145 2317 1202 per
2363 1130 2592 1201 gratiam
2625 1143 2640 1182 :
2674 1128 2859 1199 nigra,
2890 1127 3016 1198 quia
3063 1143 3132 1184 ex
3173 1127 3591 1198 peccatoribus;
3621 1126 3805 1183 decora

2218 1223 2346 1278 ﬁdei
2385 1231 2752 1278 sacramento.
2799 1221 2929 1277 Haec
2977 1221 3303 1278 vestimenta
3351 1212 3645 1277 cernentes
3694 1219 3807 1274 lilia:

2218 1315 2563 1372 Hierusalem
2595 1315 2920 1386 stupefacta:
2959 1314 3181 1372 dicunt:
3216 1315 3346 1383 Qua:
3375 1326 3451 1371 est
3481 1316 3592 1372 haec
3612 1330 3722 1385 qute
3748 1298 3815 1368 ιμ’

2219 1409 2420 1465 scendit
2439 1408 2684 1464 dealbata
2701 1406 2880 1479 (Cant.
2911 1423 3030 1474 vm,
3059 1406 3152 1479 5)?
3171 1406 3297 1464 Haec
3315 1415 3438 1464 erat
3466 1408 3643 1479 nigra,
3671 1405 3807 1464 unde

2118 1528 2123 1533 -
2219 1518 2366 1559 nunc
2392 1501 2575 1559 subito
2601 1502 2890 1559 dealbata!

2292 1598 2378 1654 56.
2425 1597 2820 1654 Dubitaverunt
2872 1596 3038 1653 etiam
3102 1597 3282 1670 angeli
3326 1611 3454 1653 cum
3514 1602 3810 1668 resurgeret

514 1714 731 1769 Consec.
761 1707 883 1761 dist.
909 1703 965 1770 4,
994 1720 1042 1756 c.
1077 1697 1376 1771 Accepsiti),
1410 1705 1469 1751 ut
1494 1694 1640 1752 esset
1688 1694 1944 1750 indicium
1971 1690 2117 1763 quod
2148 1689 2196 1749 B
2220 1691 2503 1758 Christus,
2533 1690 2916 1746 dubitaverunt
2941 1689 3244 1747 Potestates
3273 1689 3805 1771 cmloruin‘videntes

515 1802 736 1864 exueris
783 1797 1122 1855 involucrum
1151 1799 1498 1863 peccatorum
1521 1829 1537 1856 ,
1571 1786 1812 1843 indueris
1860 1788 2122 1840 innocen—

516 1899 607 1954 tiae
640 1900 788 1951 casta
817 1885 1116 1950 velamina,
1159 1883 1228 1938 de
1276 1881 1474 1952 quibus
1523 1875 1668 1935 dixit
1693 1876 1967 1949 Propheta
2001 1892 2014 1929 :
2051 1872 2122 1929 A4-

515 2004 720 2062 sperges
747 1999 826 2038 me
871 1982 1117 2052 hyssopo,
1151 1985 1198 2030 et
1228 1973 1517 2028 mundabor
1550 1988 1568 2026 :
1596 1969 1791 2027 lavabis
1819 1967 1925 2032 me,
1957 1977 2004 2022 et
2031 1984 2120 2022 su-

449 2111 451 2114 ι
515 2099 606 2154 per
636 2081 800 2134 nivem
846 2072 1126 2129 dealbabor
1157 2067 1327 2140 (Psal.
1364 2084 1423 2133 ι,
1457 2065 1537 2138 9).
1572 2064 1673 2133 Qui
1703 2065 1849 2120 enim
1880 2063 2120 2134 baptiza-

514 2185 636 2242 tur,
663 2180 720 2229 et
748 2166 1046 2226 secundum
1094 2163 1294 2234 Legem
1343 2169 1399 2215 et
1427 2159 1725 2216 secundum
1765 2157 2116 2228 Evangelium

513 2267 734 2324 videtur
763 2277 885 2319 esse
911 2258 1240 2316 mundatus:
1272 2253 1574 2310 secundum
1597 2249 1959 2324 Legem,quia
1988 2249 2118 2322 hys-

513 2361 636 2431 sopi
665 2355 924 2414 laseieulo
957 2352 1170 2424 Moyses
1219 2347 1547 2418 aspergebat
1571 2357 1593 2384 ο
1624 2343 1946 2416 sanguinem
1991 2342 2114 2414 agni

515 2451 719 2528 (Exod.
751 2466 848 2515 xu,
870 2445 964 2518 εἰ)
981 2443 1004 2498 ἐ
1030 2441 1333 2501 secundum
1356 2438 1730 2511 Evangelium,
1755 2438 1880 2509 quia
1908 2436 2115 2492 Christi

514 2553 672 2604 erant
718 2540 946 2600 candida
979 2537 1306 2594 vestimenta
1355 2531 1502 2587 sicut
1532 2530 1656 2595 nix,
1686 2544 1807 2585 cum
1838 2543 2116 2586 resurrec-

513 2703 890 2763 vehementius
936 2695 1182 2754 nonnulli
1228 2710 1298 2749 ex
1344 2689 1694 2763 heterodoxis
1738 2691 1792 2743 in
1836 2703 1957 2763 eam
1987 2704 2128 2750 sen-,

515 2760 742 2835 tentiam
764 2814 779 2837 ,
811 2780 869 2826 ut
911 2770 965 2824 in
997 2766 1383 2837 Admonitione
1406 2761 1642 2837 diximus
1661 2800 1676 2824 ,
1705 2760 2128 2837 escendeseens

517 2830 630 2914 les,
661 2847 732 2900 ob
767 2830 897 2898 'eam
932 2835 1448 2914 principueulibrum
1494 2830 1788 2914 Ambrosio
1825 2830 2109 2914 abjudieaf

514 2902 662 2975 runt.
687 2915 888 2969 Verum
935 2902 1120 2964 iamen
1169 2907 1278 2961 illis
1324 2905 1386 2975 in
1431 2911 1691 2975 mentem-
1721 2902 2113 2975 non_veni_ebat

513 2972 745 3046 duorum
773 2985 1037 3044 locorum,
1069 2979 1122 3032 in
1151 2977 1346 3046 quibus
1377 2973 1686 3046 huieplane
1707 2972 1922 3046 gemina
1953 2972 2114 3046 docet

514 3043 586 3118 Si
600 3043 826 3114 Doctor.
859 3043 1098 3107 Primum
1122 3043 1214 3119 qui
1243 3062 1274 3100 e
1303 3045 1605 3119 deperditis
1625 3043 1679 3097 in
1713 3044 1928 3098 Esaiam
1951 3043 2112 3119 Gom-

515 3140 684 3187 ment.

515 3149 684 3188 ment.
737 3149 934 3196 νειιιυδ
979 3149 1111 3184 Iun,
1158 3149 1488 3188 ιιυδιιδιιιιυο
1533 3149 1626 3170 nu.
1678 3149 1722 3168 ιν
1777 3149 1922 3169 euut.
1977 3149 2111 3171 υυαδ

514 3204 675 3272 epist.
728 3197 909 3272 Pelag.
940 3207 1063 3272 cap.
1096 3192 1170 3272 ll_
1206 3193 1338 3244 citat
1383 3189 1434 3272 in
1487 3187 1622 3272 huic.
1651 3186 1813 3272 verbs
1845 3201 1862 3272 ξ
1893 3185 1960 3240 Ει
1998 3188 2111 3272 .alio

517 3255 629 3329 ideo
651 3273 704 3324 in
729 3255 905 3322 eodem
938 3255 1107 3332 Opere
1153 3262 1363 3322 loquens
1389 3258 1452 3312 de
1476 3257 1712 3328 apostolo
1759 3255 1921 3311 Petro
1945 3272 1963 3311 :
1988 3255 2112 3325 Ipse

512 3362 591 3413 se,
618 3339 815 3413 inquit,
837 3335 1055 3397 obtulit,
1078 3332 1225 3413 quod
1268 3340 1385 3413 ante
1431 3333 1778 3413 putabat-esse
1815 3338 2109 3413 peccatum,

514 3400 817 3469 lanari'sib—i
867 3425 970 3461 non
1011 3400 1181 3460 solum
1213 3401 1366 3471 pedes
1417 3400 1462 3454 et
1510 3409 1665 3469 caput
1694 3415 1939 3471 poscens;
1969 3400 2108 3468 quod

512 3487 657 3540 illico
685 3479 1019 3537 intellexisset
1050 3470 1254 3530 lavacro
1295 3471 1514 3542 pedum,
1542 3471 1630 3540 qui
1674 3471 1727 3524 in
1774 3470 1941 3542 primo
1981 3471 2112 3542 lapsi

514 3567 636 3611 sunt
665 3553 890 3617 homine,
921 3547 1123 3602 sordem
1148 3541 1381 3617 obnoxia;
1405 3542 1743 3617 successionis
1767 3541 1980 3617 aboleri.
1997 3541 2114 3617 _Se-

513 3627 723 3685 eundus
770 3611 949 3676 antém
980 3620 1164 3682 locus,
1197 3615 1287 3684 qui
1328 3614 1396 3668 ab
1427 3613 1619 3669 eodem
1651 3611 1954 3685 Augustino
1997 3613 2113 3668 lau-

515 3683 676 3755 datur
723 3695 988 3751 adversus
1035 3683 1307 3744 lulianum
1329 3726 1341 3748 ,
1377 3685 1431 3738 in
1465 3685 1708 3751 Exposit.
1745 3683 1883 3752 psal.
1912 3699 2106 3751 mnu,

518 3787 662 3827 vers.
696 3769 764 3832 6,
792 3761 1029 3821 num.'8,
1061 3761 1141 3814 sic
1174 3758 1400 3832 habetur
1431 3773 1444 3809 :
1476 3755 1596 3832 {ilia
1619 3763 1700 3832 est
1718 3755 1964 3821 iniquitas
1992 3772 2114 3832 nos-

518 3826 620 3909 tra,
654 3826 762 3893 alia
789 3833 1012 3891 calcanei
1042 3831 1319 3909 nostri,_iu
1346 3843 1448 3909 quo
1473 3826 1643 3909 Adam
1667 3827 1816 3880 dente
1859 3827 2113 3909 serpentis

516 3898 952 3970 est'vulneratus,
983 3913 1030 3958 et
1071 3900 1345 3955 obnoxiam
1375 3898 1726 3953 [nereditatem
1771 3899 2111 3970 successionis

521 3967 758 4036 humana:
804 3993 897 4032 suo
926 3967 1133 4028 uulnere
1158 3971 1461 4039 dereliquit,
1487 3979 1542 4023 ut
1571 3984 1747 4023 omnes
1773 3967 1868 4022 illo
1900 3969 2112 4023 vulnere

520 4053 886 4107 claudicemus.
919 4045 1067 4101 Unde
1106 4043 1354 4098 Dominus
1395 4041 1664 4110 discipulis
1694 4039 1847 4110 pedes
1873 4040 2027 4104 lavit,
2055 4049 2112 4094 ut

518 4126 711 4179 lavaret
761 4135 949 4174 venena
997 4115 1298 4183 serpentis:
1342 4121 1391 4165 et
1440 4111 1627 4183 Petrus
1675 4111 2106 4183 reprehenditur,

517 4196 653 4262 quod
682 4191 989 4252 excusabat,
1024 4182 1090 4239 ne
1113 4185 1208 4262 sibi
1236 4182 1487 4262 Donntinus
1515 4182 1668 4262 pedes
1709 4182 1924 4262 lauaret:
1967 4220 1985 4262 .
2032 4222 2044 4234 .
2092 4221 2105 4235 .

519 4253 617 4320 ilui
650 4263 897 4319 Dominus
932 4256 1204 4323 respondet
1240 4270 1257 4307 :
1294 4253 1395 4319 Qui
1425 4254 1558 4306 lotus
1587 4260 1808 4323 estnon
1836 4253 1984 4306 habet
2020 4269 2110 4307 ne-

519 4353 659 4392 cesse
705 4344 759 4387 ut
791 4332 921 4385 lauet
955 4321 1054 4381 nisi
1085 4326 1272 4396 pedes,
1304 4323 1393 4377 sed
1423 4332 1496 4376 est
1525 4321 1748 4396 mundus
1783 4333 1943 4396 totus.
1969 4323 2108 4390 Quid

516 4409 604 4463 his
634 4406 806 4461 tribus
850 4392 1279 4468 reperiripossit
1329 4396 1499 4468 magis
1543 4392 1740 4468 aliine?
1771 4393 2105 4468 Quamquam

513 4493 647 4533 vero
675 4477 868 4531 iisdem
893 4464 960 4524 ad
993 4464 1328 4538 probandum
1354 4464 1616 4534 originale
1640 4472 1916 4538 peccatum
1940 4466 2108 4538 utitur

518 4550 718 4605 ibidem
771 4535 1131 4614 Augustinus,
1177 4552 1285 4614 non
1325 4544 1410 4614 est
1463 4545 1643 4589 tamen
1688 4535 2104 4614 existimandum

518 4607 936 4675 Ambrosianum
991 4612 1157 4666 fuisse
1201 4607 1510 4677 Opinionem
1552 4619 1748 4660 noxam
1790 4607 2107 4677 originalem

517 4689 788 4758 ejusmodi
839 4684 1040 4758 lotione
1065 4675 1304 4758 abnleri.
1333 4678 1464 4744 Quis
1497 4677 1647 4758 enim
1678 4675 2106 4758 credatAugus-

519 4748 691 4817 tinum
722 4760 838 4814 suis
861 4767 918 4813 et
933 4753 1210 4832 __E_ccles_iae
1237 4749 1561 4832 adversariis
1610 4748 1916 4832 testimonia
1942 4790 1956 4815 ,
1989 4766 2109 4832 quae

517 4851 548 4887 ει
580 4833 808 4888 veritate
837 4843 899 4884 ac
927 4826 1031 4881 lide
1058 4824 1412 4886 abhorreant,
1438 4819 1839 4890 oppositurum,
1874 4819 2110 4878 maxime

518 4920 642 4959 cum
673 4900 863 4960 eadem
895 4897 988 4954 illa
1014 4894 1323 4952 ceremonia
1371 4891 1427 4946 in
1458 4892 1641 4946 Africa
1666 4933 1681 4957 ,
1713 4902 1768 4945 ut
1798 4891 1925 4945 alibi
1957 4893 2108 4948 dieeo

518 4987 628 5038 tur,
659 4989 766 5028 non
797 4967 1104 5026 obtineret?
1134 4966 1242 5020 Aut
1268 4963 1389 5035 quis
1416 4978 1601 5038 rursus
1631 4963 1975 5017 Ambrosium
2015 4967 2106 5038 qui

520 5034 724 5115 ubi-que
777 5042 1045 5115 baptismo
1089 5034 1385 5115 peltrecmm
1427 5034 1690 5115 justitiam
1722 5037 2141 5115 _regei_ieratio--

519 5105 756 5185 nemque
780 5105 1026 5167 attribuit
1045 5151 1071 5185 ,_
1089 5105 1144 5163 et
1173 5107 1276 5162 hoc
1306 5107 1422 5185 ipso
1455 5108 1571 5161 loco
1598 5107 1737 5185 sicut
1772 5112 1828 5158 et
1849 5105 2106 5185 aliis‘_non

518 5175 708 5257 paucis
752 5187 996 5257 agnoscit
1042 5181 1259 5236 Petrqu
1303 5177 1477 5257 fuisse
1503 5175 1800 5257 mundum,
1833 5178 2108 5257 existimet

517 5246 572 5312 in
605 5273 668 5312 ea
717 5246 985 5310 sententia
1015 5267 1138 5306 esse
1167 5249 1409 5319 potuisse
1429 5287 1444 5313 ,
1474 5256 1533 5319 ut
1580 5246 1816 5319 originis
1841 5249 2105 5302 maculam

516 5328 715 5398 pedum
745 5327 944 5398 lotione
961 5364 989 5398 ,_
1005 5315 1184 5392 quani
1196 5333 1303 5398 non
1333 5315 1821 5398 igntgahatomitti
1847 5319 2027 5374 multis
2051 5319 2104 5374 in

517 5387 814 5462 Ecclesiis,
846 5395 993 5450 ablui
1023 5387 1416 5448 contenderet?
1446 5387 1555 5444 Sed
1579 5387 1709 5462 nihil
1744 5387 1830 5442 hic
1856 5404 1990 5462 opus
2021 5399 2104 5444 est

517 5459 879 5537 conjecturis,
912 5468 1027 5534 ipse
1074 5473 1331 5537 mentem»
1361 5475 1512 5537 suam
1560 5459 1706 5513 satis.
1735 5461 1910 5537 aperit
1942 5462 2101 5537 c_i_tat_a
2145 5501 2148 5504 .

516 5529 720 5609 Expos.
748 5529 884 5609 psal.
914 5529 1097 5599 liLVlll,
1130 5549 1276 5589 num.
1307 5534 1360 5609 9,
1393 5531 1446 5587 iu
1478 5533 1619 5609 hunc
1649 5531 1878 5609 modum
1907 5547 1920 5582 ε
1955 5529 2104 5609 Unde
2146 5573 2148 5575 μ

518 5599 658 5690 reor,
690 5599 889 5690 influit,
917 5609 1232 5678 iniquitatem
1262 5603 1705 5690 calcaneintagis.
1733 5599 2104 5690 lubricu'nsode:

519 5671 809 5753 linquendi,
838 5671 1014 5748 quam'
1038 5687 1237 5732 reatum
1272 5676 1508 5746 aliquem
1542 5671 1706 5730 nostri
1749 5688 1857 5728 esse
1901 5671 2099 5730 delicti.

2134 4499 2188 4558 D

2221 1785 2366 1855 quod
2397 1799 2527 1840 caro
2559 1785 2610 1838 in
2637 1783 2838 1840 ccelum
2865 1783 3211 1840 ascenderet.
3245 1785 3493 1854 Denique
3525 1770 3766 1840 dicebant
3791 1798 3816 1863 εΔ

2226 1877 2355 1944 Quis
2384 1886 2456 1932 est
2487 1876 2584 1931 iste
2612 1875 2726 1930 Rex
2751 1876 2970 1950 glorise?
2998 1877 3066 1932 Et
3096 1892 3217 1932 cum
3249 1876 3338 1932 alii
3371 1876 3620 1933 dicerent
3650 1894 3664 1931 :
3693 1874 3805 1930 Tol-

2221 1971 2310 2025 lite
2339 1979 2514 2040 portas
2538 1979 2561 2006 ο
2596 1967 2862 2039 Principis
2890 1969 3076 2036 vestri,
3109 1979 3156 2024 et
3185 1970 3455 2026 elevumiui
3486 1980 3647 2041 porta:
3665 1978 3806 2025 teter-

2222 2064 2395 2130 nales,
2423 2073 2471 2118 et
2500 2063 2729 2117 introibit
2759 2061 2875 2117 Rea:
2903 2063 3118 2135 glorise;
3148 2063 3241 2118 alii
3289 2063 3616 2121 dubitabant
3639 2059 3814 2119 dicen?

2226 2166 2310 2213 tes
2332 2174 2345 2212 :
2365 2155 2493 2222 Quis
2514 2163 2588 2210 est
2607 2154 2704 2210 iste
2727 2153 3033 2227 Rex'glorite
3054 2155 3400 2228 (Psal..xxut,
3424 2153 3806 2226 8,9)?,ltt.Esaia

2223 2265 2440 2321 quoque
2467 2248 2640 2304 habes
2667 2247 2983 2304 dubitantes
3021 2247 3250 2304 virtutes
3276 2249 3546 2305 cmlorum
3577 2248 3768 2304 dixisse
3794 2263 3806 2300 :

2227 2342 2357 2410 Quis
2382 2351 2456 2397 est
2487 2343 2584 2396 iste
2626 2342 2714 2412 qui
2758 2341 2989 2396 ascendit
3035 2357 3098 2396 ea:
3125 2340 3326 2403 Edam,
3350 2341 3512 2396 rubor
3557 2330 3813 2396 cestimim;

2225 2446 2395 2492 torum
2423 2437 2536 2508 ejus
2566 2451 2630 2490 ea;
2661 2433 2842 2505 Basor,
2867 2435 3129 2506 speciosus
3157 2433 3212 2490 in
3239 2433 3375 2490 stola
3405 2432 3628 2490 candida
3647 2430 3806 2504 (Esai.

2225 2549 2374 2599 Lxui,
2411 2531 2464 2602 1)
2487 2532 2510 2585 ?

2215 2689 2507 2760 Meritoque
2535 2689 2808 2746 Dominus.
2859 2732 2870 2742 .
2919 2729 2933 2744 .
2981 2729 2994 2743 .
3025 2691 3252 2746 lavemus
3281 2690 3456 2762 inquit
3484 2699 3529 2747 et
3557 2686 3729 2760 pedes,
3755 2697 3803 2762 ut

2215 2764 2445 2817 calcanei
2492 2763 2749 2817 lubricum
2796 2763 3050 2832 possimus
3099 2767 3328 2834 auferre,
3354 2761 3464 2833 quo
3513 2763 3618 2831 [ida
3666 2761 3804 2834 statio

2217 2835 2380 2901 possit
2426 2850 2533 2889 esse
2559 2835 2845 2898 uirtutum;
2875 2843 2924 2888 et
2972 2849 3036 2888 ne
3066 2832 3279 2904 paterno
3327 2832 3447 2904 quis
3474 2840 3646 2889 errore'
3675 2832 3805 2887 laba-

2216 2913 2319 2969 tur,
2348 2908 2436 2975 qui
2463 2921 2557 2959 suo
2584 2915 2795 2972 paratus
2823 2915 2900 2959 est
2928 2914 3067 2959 stare
3095 2905 3360 2974 proposito
3383 2921 3404 2958 :
3428 2915 3477 2960 et
3505 2922 3604 2961 non
3630 2912 3805 2958 metuat

2216 2973 2494 3048 lubricum
2516 2975 2832 3048 luereditatis
2853 3015 2866 3039 ,
2897 2976 2988 3048 qui
3015 2973 3157 3046 cupit
3196 2973 3476 3048 uestigium
3505 2986 3681 3048 tenere
3711 2973 3820 3048 air?

2217 3049 2362 3100 tutis.
2397 3047 2536 3113 Quid
2565 3057 2744 3102 autem
2775 3047 3012 3112 clarius,
3047 3062 3207 3117 quam
3239 3046 3344 3117 per“
3364 3048 3620 3102 lubricum
3649 3046 3802 3117 delia:

736 3107 934 3196 petitus
979 3121 1078 3175 fuit
1096 3161 1117 3196 ,_
1140 3107 1499 3196 :Augustinus
1533 3115 1626 3170 lib.
1678 3130 1728 3168 tv
1748 3123 1941 3196 ‘cout;
1977 3115 2112 3196 duas
2141 3107 2187 3170 C
2216 3107 2439 3196 quendi,‘
2455 3118 2708 3196 lubricum
2739 3107 3275 3196 calc_anei,'lubricum
3304 3117 3655 3196 htereditatis,
3682 3115 3802 3172 nihil

2215 3189 2363 3243 aliud
2395 3189 2656 3254 indicari,
2685 3199 2743 3243 ut
2792 3188 2859 3243 ad
2895 3189 3038 3244 hunc
3081 3191 3337 3246 eumdem
3384 3191 3566 3247 locum
3596 3197 3802 3244 annota-

2215 3259 2427 3325 vimus,
2461 3275 2624 3332 quam
2670 3260 3174 3330 concupiscentiam
3207 3262 3379 3332 iiquae
3431 3261 3639 3318 tametsi
3685 3273 3800 3314 vere

2215 3345 2279 3385 ac
2308 3334 2526 3401 proprie
2555 3330 2607 3384 in
2643 3333 2845 3402 renatis
2877 3345 2986 3386 non
3014 3334 3083 3387 sit
3116 3330 3397 3402 peccatum
3418 3375 3436 3400 ,
3472 3343 3647 3389 tamen
3688 3331 3798 3401 quia

2215 3416 2281 3458 ex
2315 3409 2547 3474 peccato
2569 3412 2672 3466 est,
2705 3411 2760 3474 et
2785 3401 3164 3474 adpeccatuin
3193 3403 3666 3470 inclinat,.dicitur
3692 3416 3798 3474 pec-

2216 3483 2396 3527 catum
2424 3473 2492 3527 ab
2523 3472 2913 3544 Apostolo.7Ut
2954 3475 3116 3544 igitur
3164 3474 3280 3530 hzec
3323 3474 3653 3530 hwreditaria
3687 3472 3796 3544 pec,-

2219 3553 2354 3607 cata,
2385 3546 2503 3618 sive
2530 3543 2663 3598 illud
2693 3543 2838 3614 quod
2867 3543 3062 3618 Petrus
3087 3545 3301 3601 habebat
3329 3547 3484 3618 primi
3512 3545 3723 3618 hominis
3743 3543 3798 3596 de

2213 3616 2538 3687 successione
2584 3626 2851 3686 peccatum
2903 3616 3215 3684 tolleretur,
3268 3615 3338 3672 iu'
3366 3619 3562 3687 pedum
3611 3615 3796 3687 lotione

2213 3686 2543 3757 peculiarem
2575 3687 2803 3756 gratiam
2831 3688 3072 3742 conferri
3097 3686 3452 3745 existimabat
3473 3686 3816 3757 Ambrosius:-

2213 3755 2357 3827 quod
2389 3760 2557 3829 majus
2581 3755 2875 3829 subsidium
2898 3759 3321 3827 sanctiﬁcationis
3345 3770 3507 3817 vocat
3535 3759 3664 3814 lidus
3689 3755 3794 3829 ejus

2214 3827 2518 3902 interpres,
2567 3828 2612 3881 si
2639 3837 2821 3902 tamen
2854 3843 2984 3902 non_
3005 3830 3328 3902 Ambrosius
3359 3833 3498 3902 ipse,
3528 3831 3620 3885 lib.
3651 3843 3709 3902 ut
3733 3827 3792 3882 de

2214 3898 2487 3973 Sacram.,
2511 3913 2637 3973 cap.
2675 3901 2700 3952 1
2725 3940 2742 3965 ,
2769 3915 2919 3973 num.
2954 3900 3010 3973 7.
3037 3899 3157 3957 Non
3202 3898 3516 3973 ignoramus
3553 3899 3790 3973 quosdam

2214 3985 2245 4025 e
2273 3970 2730 4044 catholicisuesse
2779 3971 3079 4040 theologis,
3126 3970 3480 4044 qui'peccata
3527 3970 3626 4028 ista
3658 3970 3790 4044 levia

2213 4057 2335 4114 qua;
2383 4041 2654 4114 naturalia
2683 4045 2924 4114 nominat
2964 4040 3298 4114 Augustinus
3321 4085 3336 4109 ,
3366 4040 3702 4101 haereditaria
3728 4040 3811 4104 ab,

2212 4111 2503 4168 Ambrosio
2551 4111 2659 4167 dici
2699 4111 3191 4172 arbitrenturCSed
3245 4131 3369 4170 eum
3413 4115 3638 4173 venialia
3679 4124 3790 4182 pec-

2211 4193 2333 4258 cata
2357 4198 2464 4258 non
2505 4182 2682 4238 minus
2715 4197 2878 4258 quam
2916 4186 3169 4258 capitalia
3212 4186 3264 4242 in
3305 4186 3572 4258 baptismo
3598 4181 3700 4242 elui
3733 4181 3788 4236 ii—

2211 4253 2311 4310 des
2337 4254 2534 4310 doceat
2553 4295 2566 4316 .
2595 4253 2819 4308 omnino
2869 4253 3122 4312 stan‘dum
3154 4257 3231 4313 illi
3261 4253 3616 4329 expositioni,
3643 4267 3784 4326 quam

2213 4325 2331 4379 inse
2358 4325 2666 4379 subpeditat
2691 4324 2749 4379 S.
2784 4325 3009 4379 Doctor.
3455 4347 3461 4354 ·
3604 4347 3606 4350 ν

2213 4325 2331 4396 ipse
2358 4325 2666 4394 suppeditat
2691 4324 2749 4381 S.
2784 4325 3009 4382 Doctor.
3332 4324 3348 4329 ⁷

2281 4407 2310 4471 _“
2342 4395 2571 4471 Quidam
2601 4411 2758 4463 mss.,
2786 4399 3064 4471 consistere
3094 4403 3414 4471 mysterium.

2281 4465 2696 4542 b(Jandidarum
2763 4469 2994 4542 vestium
3029 4512 3045 4538 ,
3108 4465 3305 4542 quibus
3355 4471 3505 4529 indui
3555 4469 3783 4542 solebsnt

2214 4552 2404 4594 recens
2433 4539 2690 4610 baptizati
2714 4539 2803 4606 qui
2831 4554 2938 4595 non
2984 4539 3319 4610 meminerit,
3351 4559 3418 4600 ex
3448 4540 3671 4610 antiquis
3695 4539 3785 4610 Pa-

2210 4610 2414 4688 tribus,
2443 4609 3058 4688 Ecclesiasticarumque
3100 4629 3281 4670 rerum
3307 4609 3672 4688 scriptoribus
3699 4609 3778 4664 vis

2208 4682 2363 4737 illum
2391 4683 2653 4751 reperias.

2287 4763 2308 4790 ε
2342 4748 2501 4828 ΙζοιῐὶΖ
2531 4752 2662 4828 edit.
2697 4753 2846 4822 sola,
2877 4757 3180 4828 sanguinem
3225 4757 3351 4813 auis.
3387 4757 3485 4816 Ubi
3521 4752 3712 4812 notavit
3732 4748 3780 4804 in

2213 4824 2455 4894 margine
2479 4824 2651 4879 Levit.
2685 4840 2795 4890 xiv,
2828 4827 2923 4881 sed
2951 4824 3251 4884 consensus
3274 4837 3385 4884 vet.
3411 4829 3540 4885 edit.
3571 4842 3630 4880 ac
3655 4837 3773 4879 mss.
3809 4888 3811 4892 ι

2212 4897 2452 4977 omnium
2484 4895 2702 4977 tacitus
2711 4897 2806 4977 _sit_
2822 4898 3159 4966 probabilius
3189 4901 3262 4972 ad
3285 4901 3462 4956 locum
3493 4915 3522 4954 a
3544 4895 3690 4954 nobis
3709 4908 3779 4947 as-

2263 4983 2291 5006 17

2209 4966 2479 5036 signatum
2513 4965 2628 5021 ﬁeri
2655 4965 2998 5024 allusibnem.
3260 4970 3262 4972 ’

2239 5108 2252 5119 ⁸
2281 5035 2426 5119 “.Sie
2451 5052 2662 5119 omnes
2665 5036 2798 5119 edit.
2825 5053 2948 5119 cum
2978 5056 3112 5119 mss_.
3145 5042 3351 5114 aliquot
3383 5060 3396 5096 :
3427 5042 3518 5099 alii
3545 5048 3778 5094 numero-

2207 5108 2432 5174 sissimi,
2469 5109 2582 5174 ﬁlia
2615 5107 2972 5177 Hierusalem;
3005 5111 3106 5168 sed
3145 5107 3333 5170 contra
3361 5125 3635 5170 sacrorum
3675 5121 3776 5162 om-

2211 5179 2361 5235 nium
2387 5179 2510 5234 cod.
2538 5182 2938 5238 auctoritatem.
3029 5183 3031 5185 ’

2283 5261 2305 5286 (⁵
2335 5250 2722 5326 Mss._p_artim,
2753 5254 3011 5326 principes
3062 5257 3216 5310 vestri
3238 5298 3253 5323 ,
3303 5255 3492 5325 partim
3537 5251 3773 5326 principes

2207 5330 2374 5408 petras
2393 5322 2532 5408 ;_.al‘ii
2563 5324 2714 5408 quiet
2747 5320 3440 5408 plures,_principis'_siestri.
3465 5320 3772 5408 De'qualec-

2210 5392 2597 5468 benedictum
2629 5402 2713 5468 est
2739 5393 2806 5468 ad
2837 5395 2938 5450 lib.
2956 5392 3025 5451 de
3052 5392 3224 5452 luSIit.
3248 5398 3394 5468 Virg.
3420 5412 3536 5468 cap.
3559 5396 3610 5460 5,
3638 5403 3770 5447 num-

2210 5463 2436 5541 59_.}Jbi
2461 5463 2740 5541 etiam_de
2785 5466 2888 5541 hac
2929 5469 3246 5541 angelorum
3294 5463 3622 5541 igﬁoraiione
3652 5473 3765 5518 non-

2212 5533 2349 5611 nihil
2395 5534 2776 5611 subjunximus
2810 5555 2838 5611 ε.
2856 5537 2926 5592 de
2953 5533 3056 5608 qua
3087 5533 3469 5611 insuper'cum
3492 5537 3643 5604 alibi,
3671 5541 3768 5587 tum

2210 5606 2306 5664 lib.
2337 5622 2354 5662 ι
2379 5605 2448 5663 de
2472 5604 2626 5675 Fide,
2655 5621 2776 5678 cap.
2809 5607 2864 5676 6,
2891 5604 3444 5668 tractatAmbrosius.
