3946 6180
47 457 66 1038 ί

193 291 262 347 401

1254 287 1343 344 DE
1383 287 1757 347 MYSTERIIS
1793 288 2002 348 LIBER
2044 291 2241 351 UNUS.

3315 300 3424 355 £02

239 406 310 460 57.
344 403 577 460 Christus
621 414 802 459 autem
855 403 1043 460 videns
1098 402 1401 460 Ec‘clesiam
1457 419 1611 459 suam
1657 405 1709 460 in
1739 411 1792 469 Α
1818 406 1940 463 ierit
1972 406 2039 461 ad
2066 406 2364 463 Christum.
2389 407 2457 463 Et
2486 407 2680 463 iterum
2707 409 2839 465 dicit
2874 410 2939 464 ad
2961 423 3080 466 eam
3123 411 3266 470 Deus
3288 411 3426 470 Ver-

185 497 472 553 vestiinentis
499 496 766 561 candidis,
802 511 898 566 pro
923 512 1026 563 qua
1059 497 1176 566 ipse
1197 539 1210 562 ,
1241 505 1300 552 ut
1338 495 1507 552 habes
1535 497 1587 551 in
1615 495 1718 550 Za-

180 590 339 645 chariae
381 589 515 644 libro
560 589 841 660 projihetae
885 579 1072 658 ἶΖαεΙι.
1107 605 1203 656 ιιι,
1233 590 1310 660 ⁸5),
1343 588 1566 644 sordida
1596 604 1717 645 ves-

185 683 361 737 timenta
373 684 786 753 susceperat,vel
800 683 1033 737 animam
1049 683 1480 752 regenerationis
1500 683 1716 738 lavacro

177 775 383 830 mundam
408 784 566 846 alque
589 775 853 841 ablutam,
877 774 1006 829 dicit
1035 793 1048 829 :
1075 774 1209 828 Ecce
1235 775 1465 844 formosa
1495 792 1567 842 es,
1595 791 1715 839 pro-

173 868 280 921 xima
303 883 431 933 mea,
459 885 570 922 ecce
607 885 664 924 es
691 869 919 938 formosa
940 912 956 933 ,
991 868 1129 921 oculi
1161 869 1235 921 tui
1284 869 1417 922 sicut
1464 868 1716 922 columbae

172 961 312 1030 (Cant.
340 976 412 1028 iv,
441 962 515 1029 l);
549 963 599 1017 in
649 962 806 1032 cujus
855 962 1040 1032 specie
1071 962 1310 1031 Spiritus
1351 969 1576 1016 sanctus
1618 961 1715 1016 de-

171 1054 414 1110 scenditde
439 1055 581 1112 coelo
599 1055 759 1130 (Luc.
791 1071 882 1123 ιιι,
913 1053 1032 1127 22).
1052 1055 1302 1110 Formosi
1330 1056 1471 1110 oculi
1503 1066 1529 1092 ι
1571 1057 1715 1111 sicut

167 1148 420 1215 columba),
447 1151 570 1220 quia
615 1150 684 1223 in.
708 1150 829 1221 ejus
859 1151 1044 1221 specie
1089 1148 1322 1220 Spiritus
1365 1159 1586 1206 sanctus
1616 1151 1711 1208 de-

169 1240 338 1296 scendit
362 1241 426 1297 de
453 1242 613 1299 ctelo.

217 1335 289 1391 58.
324 1335 389 1391 Et
413 1338 554 1393 infra
579 1357 592 1392 :
624 1337 820 1395 Dentes
851 1341 929 1394 tui
956 1340 1088 1394 sicut
1114 1357 1243 1410 grex
1271 1350 1564 1408 tonsarum,
1595 1358 1710 1411 qua:

160 1429 454 1510 ascenderunt
496 1433 560 1486 de
587 1432 825 1500 lauacro,
851 1448 966 1502 qua:
1012 1448 1189 1486 omnes
1219 1435 1446 1504 geminos
1494 1445 1705 1502 creant,

162 1532 196 1574 et
219 1523 468 1594 infecunda
494 1543 597 1582 non
627 1537 700 1582 est
731 1529 783 1581 in
814 1529 924 1593 eis;
954 1537 1009 1580 ut
1035 1528 1280 1582 resticula
1308 1529 1546 1600 coccinea
1573 1528 1710 1582 labia

165 1626 229 1668 tua
252 1613 452 1686 (Cantic.
489 1636 576 1687 IV,
601 1619 668 1686 2,
701 1619 776 1691 3).
807 1619 923 1675 Non
964 1619 1259 1676 mediocris
1301 1620 1402 1674 ista
1446 1619 1704 1674 laudatio.

158 1703 353 1764 Primum
395 1709 422 1750 δ
463 1713 610 1768 dulci
669 1714 1077 1783 comparatione
1136 1722 1453 1778 tonsarum;
1513 1728 1710 1783 capras

1821 501 1949 556 bum
1983 519 1995 554 :
2030 501 2170 567 Quid
2194 502 2415 571 pulchra
2443 512 2489 556 et
2515 504 2684 557 suavis
2719 505 2856 573 facta
2886 521 2938 560 es
2963 505 3192 560 charitas
3213 509 3266 561 in
3295 508 3429 563 deli-

1820 580 1914 647 ciis
1942 593 2084 647 tuis?
2115 593 2335 648 Statura
2361 603 2450 649 tua
2474 595 2659 650 similis
2681 595 2822 664 facta
2852 606 2923 651 est
2946 598 3158 668 palmas,
3191 608 3239 654 et
3267 599 3427 655 ubera

1818 695 1908 738 tua
1935 685 2093 739 botris
2126 685 2298 754 (Cant.
2327 703 2423 751 vn,
2448 687 2502 753 6,
2532 688 2611 759 7).

1889 777 1979 833 4t).
2021 776 2121 832 Cui
2150 779 2445 849 respondet
2474 780 2712 837 Ecclesia
2747 801 2760 836 :
2799 783 2929 852 Quis
2955 785 3098 839 dabit
3132 795 3198 854 te,
3237 790 3423 858 frater,

1816 869 1944 923 mihi
1970 871 2236 925 lactentem
2266 871 2422 926 ubera
2449 874 2628 928 matris
2655 891 2780 930 ntere
2800 877 2826 930 Ζ
2862 874 3142 931 lnveniens
3172 888 3219 932 te
3262 878 3418 948 foris,

1817 964 2090 1018 osculabar
2115 975 2165 1018 te
2191 981 2211 1018 :
2255 974 2304 1019 et
2334 965 2537 1035 quidem
2583 983 2686 1022 non
2730 979 2978 1038 spernant
3011 985 3108 1024 me.
3147 970 3424 1024 Assumam

1816 1068 1884 1123 te,
1915 1067 1963 1110 et
1984 1058 2225 1111 inducam
2254 1068 2302 1113 te
2326 1059 2379 1112 in
2403 1059 2615 1113 domum
2647 1062 2829 1115 matris
2855 1077 3006 1126 rnea’,
3031 1072 3079 1116 et
3104 1062 3157 1116 in
3171 1074 3423 1118 secretum

1815 1154 1932 1225 ejus
1967 1167 2080 1221 quin
2106 1153 2339 1222 concepit
2375 1169 2475 1206 me.
2513 1152 2736 1208 Docebis
2765 1172 2844 1208 me
2873 1153 3049 1225 (Cant.
3084 1171 3214 1222 vm,
3250 1157 3312 1222 1,
3341 1156 3421 1227 2).

1813 1241 1982 1298 Vides
2022 1243 2482 1314 quemadmodum
2517 1246 2782 1302 delectata
2811 1263 3038 1303 munere
3082 1249 3381 1319 gratiarum
3405 1293 3422 1314 ,

1811 1335 1878 1390 ad
1911 1336 2169 1391 interiora
2197 1338 2345 1407 cupit
2367 1339 2621 1410 mysteria
2650 1340 2956 1409 pervenire,
2985 1349 3040 1395 et
3082 1356 3273 1396 omnes
3299 1357 3423 1397 sen-

1812 1445 1906 1486 sus
1935 1444 2063 1485 suos
2095 1445 2420 1486 consecrare
2443 1431 2700 1487 Christo?
2727 1431 2918 1487 Adhuc
2942 1430 2968 1468 ιί
2997 1431 3215 1502 quaerit,
3241 1434 3423 1490 adhuc

1811 1524 2038 1580 suscitat
2065 1523 2409 1588 charitatem,
2433 1532 2488 1578 et
2508 1525 2757 1578 suscitari
2789 1525 2889 1578 sibi
2933 1541 3054 1580 eam
3085 1528 3260 1596 poscit
3290 1543 3318 1580 a
3357 1530 3421 1581 lio

1811 1614 1986 1670 liabus
2018 1615 2377 1678 Hierusalem,
2397 1630 2624 1686 quarum
2648 1616 2844 1686 gratia,
2869 1615 2971 1671 hoc
2985 1627 3092 1684 est,
3113 1619 3418 1673 animarum

1811 1706 2075 1775 fidelium,
2104 1708 2377 1780 Sponsum
2412 1709 2464 1762 in
2491 1723 2733 1765 amorem
2761 1710 2842 1765 sui
2875 1709 3182 1766 uberiorem
3209 1710 3423 1767 deside-

155 1802 268 1871 euim
295 1814 344 1876 et
367 1807 418 1860 in
464 1807 591 1863 altis
636 1809 784 1878 pasci
812 1809 932 1864 sine
963 1807 1208 1878 periculo
1245 1809 1530 1873 novimus,
1564 1817 1619 1862 et
1656 1808 1710 1860 in
1743 1810 1790 1870 Β
1818 1810 1903 1857 rat
1930 1804 2236 1870 provocari.

151 1900 393 1969 praeruptis
417 1915 648 1958 securas
680 1901 862 1956 cibum
893 1917 1089 1972 capere
1120 1921 1133 1957 :
1163 1901 1364 1957 deinde
1396 1917 1520 1957 eum
1547 1902 1708 1974 335

150 1989 415 2061 tondentur,
443 1994 741 2051 deonerari
792 1995 1101 2066 superﬂuis.
1136 1995 1336 2051 llarum
1369 1998 1517 2068 gregi
1564 2012 1711 2052 com-

145 2094 328 2152 paratur
350 2087 620 2157 Ecclesia,
649 2089 849 2143 multas
871 2089 924 2144 in
947 2104 1008 2145 se
1037 2089 1248 2145 habens
1271 2091 1575 2146 animarum
1603 2092 1710 2146 vir-

148 2183 432 2250 tutes,qua-.
479 2197 583 2253 per
626 2181 900 2237 lavacrum
951 2181 1227 2253 superﬂua
1273 2192 1494 2254 peccata
1543 2184 1712 2254 depo-

139 2278 280 2343 ‘nant,
321 2287 436 2343 qua:
483 2275 776 2346 mysticam
844 2274 1002 2329 [idem
1052 2284 1110 2330 et
1155 2276 1415 2331 moralem
1479 2279 1710 2347 gratiam

133 2360 346 2429 deterant
367 2364 596 2422 Christo
618 2407 635 2435 ,
663 2383 786 2438 qua:
811 2382 1028 2423 crucem
1058 2367 1274 2423 Domini
1303 2367 1431 2424 .lesu
1475 2369 1707 2441 loquan-

139 2461 223 2511 tur.

134 2599 142 2602 _
187 2550 263 2605 59.
301 2552 352 2608 ln
379 2555 444 2611 iis
474 2557 720 2612 formosa
749 2565 832 2612 est
861 2555 1124 2612 Ecclesia.
1150 2555 1307 2613 Unde
1329 2556 1396 2611 ad
1426 2571 1546 2612 eam
1573 2556 1706 2612 Ver-

130 2639 232 2697 bum
255 2643 387 2703 Deus
415 2647 554 2704 dicit
586 2665 598 2701 :
639 2647 774 2702 Tota
801 2649 1027 2719 formosa
1071 2666 1146 2714 es,
1174 2651 1433 2722 'proxima
1477 2667 1624 2717 mea;
1656 2662 1705 2705 et

131 2738 417 2802 reprehensio
447 2758 561 2795 non
603 2741 757 2795 estin
800 2753 878 2807 te;
908 2741 1035 2813 quia
1093 2741 1252 2812 culpa
1295 2741 1546 2797 demersa
1591 2751 1696 2798 est.

125 2828 276 2896 ,‘Ades
300 2832 396 2887 huc
416 2852 448 2888 a
469 2833 701 2900 Libano,
723 2833 954 2903 Sponsa,
980 2835 1104 2889 ades
1131 2835 1272 2888 liuca
1287 2834 1514 2890 Libano:
1533 2845 1703 2890 trans-

127 2919 224 2988 ibis,
249 2933 290 2978 et
310 2927 657 2995 pertransibis
699 2943 730 2980 τι
762 2927 1020 2999 principio
1047 2928 1170 2996 fidei
1189 2925 1381 2999 (lbid.,
1415 2929 1467 2992 7,
1495 2928 1593 2999 8);
1635 2942 1702 2983 eo

127 2999 243 3084 quod
259 3022 583 3077 renuntians
599 3019 803 3076 mundo
819 3020 1101 3075 transierit
1118 3020 1398 3086 sacculum,
1421 3031 1700 3090 pertrans-

181 3153 340 3211 ενοι.
391 3159 532 3214 edit.
585 3172 711 3212 cum
759 3173 893 3212 mss.

122 3237 271 3300 supra,
287 3231 408 3300 quia
419 3232 562 3286 sicut
577 3230 813 3283 columba
827 3230 1112 3284 descendit.
1135 3227 1203 3282 Et
1219 3229 1270 3281 in
1277 3231 1380 3300 fro,
1397 3240 1499 3285 etc.
1519 3230 1710 3286 Melius

122 3293 258 3370 Rom.
284 3293 415 3356 edit.
452 3316 586 3357 cum
618 3300 902 3354 codicibus
930 3299 1162 3370 reliquis
1193 3309 1252 3354 nt
1277 3293 1332 3353 in
1362 3311 1644 3358 contextu.

114 3434 118 3436 .
178 3365 204 3443 ῘΪ
234 3369 390 3443 Ῑξοιῐι.
426 3373 568 3429 edit.
599 3370 738 3441 Apta
763 3365 1162 3443 comparatione.

181 3439 202 3469 ‘
238 3440 390 3500 Gem.
422 3443 583 3510 cod.,
635 3439 819 3497 Adhuc
848 3439 900 3498 es
931 3460 962 3497 a
1008 3441 1237 3510 Libano,
1283 3461 1505 3515 sponsa,
1538 3446 1710 3498 adhuc

130 3526 194 3572 es,
219 3525 324 3569 etc.
921 3523 924 3527 ’

183 3580 206 3618 ἀ
234 3582 308 3639 ita
331 3587 470 3643 edit.
491 3587 657 3641 Rom.
674 3594 954 3654 cumparte
970 3585 1117 3650 c‘od.;
1138 3603 1269 3641 mss.
1294 3598 1506 3643 veteres
1526 3597 1706 3643 autem

119 3666 223 3730 cum
253 3659 378 3726 alia,
411 3658 979 3730 quieritsuscitantem,
1003 3671 1049 3712 ct
1067 3659 1424 3713 suscitarisibi
1443 3675 1579 3726 eam,
1598 3671 1703 3714 etc.

120 3723 275 3782 Minus
303 3723 630 3786 commode.

182 3807 200 3833 ε
235 3799 396 3856 Rom.
429 3801 573 3857 edit.
605 3800 743 3865 sola,
775 3801 914 3870 quod
945 3802 1138 3867 ablutce
1178 3802 1333 3857 nullis
1352 3807 1470 3870 jam
1509 3801 1709 3855 delictis

116 3871 387 3929 sordereut.
415 3871 635 3929 Timuit
653 3871 796 3928 forte
821 3887 892 3927 ne
933 3874 1287 3928 abuterentur
1333 3871 1709 3928 Ambrosianis

116 3942 279 3998 verbis
301 3954 638 4009 novatores,
664 3954 721 3998 ut
747 3943 937 3998 delicta
963 3960 1070 3998 non
1101 3945 1238 4009 tolli,
1257 3945 1350 4000 sed
1373 3945 1476 4013 tegi
1495 3952 1709 4013 astrue-

112 4025 238 4087 rent.
274 4016 494 4072 Verum
527 4015 701 4070 futilis
744 4024 889 4087 esset
932 4016 1156 4070 istorum
1205 4031 1266 4070 ea
1305 4012 1586 4087 probatio;
1637 4012 1709 4067 ibi

112 4084 364 4152 siquidem
401 4103 522 4143 non
551 4087 778 4140 sordent
806 4085 1024 4150 delicta,
1061 4089 1148 4140 ubi
1177 4084 1321 4140 nulla
1348 4095 1492 4140 sunt.

176 4156 191 4194 ί
219 4159 432 4214 Eadem
469 4159 629 4213 Rom.
661 4157 791 4212 edit.
819 4160 979 4212 etiam
1007 4160 1092 4211 hic
1117 4158 1229 4211 sola
1251 4155 1707 4226 postvocabulum

90 4243 422 4296 sacramento
480 4233 586 4284 ista
633 4229 1035 4296 subjunxcrat:
1082 4227 1149 4284 Ut
1194 4229 1517 4299 signaculum
1559 4244 1712 4296 super

110 4300 365 4355 brachium
397 4315 572 4362 luunt,
593 4318 693 4368 quo
716 4317 873 4368 opera
902 4310 1008 4353 tua.
1046 4340 1058 4352 .
1088 4341 1100 4352 .
1132 4303 1268 4370 facta
1288 4318 1360 4353 es.
1389 4302 1531 4365 Aqua
1551 4300 1713 4353 multa

107 4385 199 4425 non
215 4376 409 4438 poterit
428 4374 762 4440 exstinguere
781 4371 1104 4436 cltaritatent,
1121 4380 1178 4424 ut
1198 4371 1422 4424 Charitas
1445 4381 1551 4424 tua.
1565 4387 1710 4424 ..non

105 4448 313 4508 possint.
354 4443 520 4500 Unde
544 4444 569 4497 ?
598 4442 812 4511 Repete,
840 4445 980 4507 quia,
1012 4450 1117 4497 etc.

170 4524 191 4559 ε
224 4516 299 4571 De
320 4516 765 4573 Conlirmatione
789 4516 888 4567 hoc
909 4514 1012 4568 dici
1045 4522 1194 4568 extra
1226 4513 1446 4568 dubium
1470 4522 1574 4567 est.
1602 4511 1709 4567 Sed

103 4599 215 4640 cum
243 4557 672 4644 clir’i‘stnntionis
700 4587 905 4639 mentio
936 4583 1021 4638 hic
1066 4584 1208 4638 nulla
1257 4583 1380 4648 ﬁat,
1430 4585 1480 4636 id
1511 4584 1711 4638 multas
1738 4557 1794 4618 D

103 4659 229 4724 parit
244 4676 352 4716 nec
369 4659 606 4728 exiguas
628 4655 1134 4712 difﬁcultatesNam
1158 4655 1522 4710 contendebat
1536 4655 1713 4728 P.Sir-

105 4731 333 4786 mondus
364 4726 570 4786 recens
595 4729 882 4798 baptizatis
932 4744 1039 4781 non
1067 4728 1226 4781 aliam
1263 4728 1453 4798 primis
1501 4726 1715 4780 smculis

100 4803 422 4858 unctionem
477 4797 775 4856 adhibitam
811 4802 862 4852 in
908 4798 1340 4852 administrando
1380 4797 1483 4851 hoc
1531 4812 1714 4852 sacra-

103 4883 306 4940 mento,
339 4873 454 4928 nisi
487 4873 634 4927 illam
654 4914 666 4933 ,
697 4884 816 4940 qurc
847 4870 1115 4940 superiori
1163 4868 1338 4938 capite
1374 4868 1712 4937 designatur,

101 4957 203 5011 qua
230 4945 505 4999 sacerdos
532 4941 926 5013 egredientium
956 4957 988 4996 e
1025 4941 1366 5013 sacroil’onte
1404 4949 1566 5008 caput
1593 4940 1715 4993 lini-

97 5016 186 5068 hat
211 5035 225 5067 :
250 5017 529 5086 episcopo
554 5012 737 5068 autem
763 5023 1096 5086 reservatam
1125 5012 1295 5086 solam
1327 5024 1581 5086 manuum
1616 5013 1714 5064 iiii-

98 5084 822 5152 positionem.Acerrimum
838 5099 898 5138 ea
918 5085 970 5136 in
993 5099 1054 5138 re
1069 5084 1440 5137 adversarium
1458 5091 1718 5152 expertus

93 5165 176 5212 cst
205 5158 369 5212 Petr.
405 5158 728 5218 Aurelium,
758 5156 848 5225 qui
889 5154 1332 5209 chrismationem
1372 5168 1401 5206 a
1433 5153 1719 5225 sacerdote

95 5231 215 5283 tieri
251 5230 484 5284 solitam
529 5229 752 5283 verticis
775 5223 964 5280 luisse
993 5225 1336 5295 disputabat,
1383 5239 1448 5278 ac
1494 5223 1720 5292 proinde

95 5299 292 5362 aliam,
327 5299 529 5356 frontis
561 5299 835 5363 videlicet,
868 5298 1026 5365 adjici
1057 5297 1315 5350 debuisse
1343 5295 1411 5348 ab
1437 5297 1714 5364 episcopo.

93 5370 352 5427 Dallmns
368 5379 572 5426 tutatur
592 5369 868 5425 Sirmondi
886 5379 1092 5440 partes,
1111 5379 1164 5422 et
1192 5367 1285 5440 lib.
1304 5366 1440 5440 inde
1456 5366 1716 5421 Conﬁrm.

91 5457 224 5513 cap.
261 5445 329 5505 8,
379 5444 579 5500 diserte
611 5451 772 5510 negat
808 5436 972 5513 ullam
1009 5453 1184 5513 neque
1213 5436 1317 5513 hoc
1354 5437 1493 5513 loco,
1545 5452 1722 5513 neque

91 5509 199 5569 liti.
235 5529 304 5569 ιιι
336 5513 667 5572 deSacram.
687 5509 812 5584 cap.
841 5512 898 5584 2,
927 5512 1238 5566 unctionem
1262 5509 1588 5584 significari:
1621 5510 1720 5584 sed

89 5585 412 5641 contendit
436 5588 502 5641 ab
556 5588 642 5641 his
687 5579 1003 5638 auctoribus
1035 5590 1240 5636 tantum
1275 5580 1492 5650 agnosci
1521 5579 1723 5649 duplex

90 5657 484 5729 signaculum.
516 5673 689 5713 unum
719 5656 994 5729 corporis,
1023 5653 1091 5707 de
1116 5666 1223 5719 quo
1252 5665 1414 5729 supra
1457 5665 1577 5729 cap.
1609 5656 1640 5705 6
1668 5661 1724 5705 et

87 5722 204 5838 μῦ.
244 5739 312 5797 ιιι
345 5726 410 5781 de
430 5729 678 5785 Sacram.
711 5722 833 5796 cap.
865 5724 924 5786 ι;’
947 5726 1180 5792 alterum
1220 5723 1443 5791 Spiritus
1465 5761 1478 5785 ,
1519 5722 1587 5775 de
1616 5737 1724 5790 quo

114 5800 246 5838 ..υἷα
275 5797 444 5838 mhﬂn
472 5800 565 5838 nil.
597 5798 832 5838 mimum
865 5791 1248 5838 r-hrinmnt'n'nh
1277 5790 1467 5838 eodem
1499 5794 1724 5838 nreahw

114 5790 246 5851 uiris.
275 5793 444 5854 murto
472 5800 566 5855 cit.
597 5790 833 5869 primum
865 5790 1467 5866 chrismatnfabendcm
1499 5794 1725 5856 praebri

1806 1965 1813 1972 ο
1885 1899 1972 1953 41.
2018 1897 2174 1954 Unde
2216 1899 2478 1956 Dominus
2505 1901 2667 1956 Jesus
2714 1911 2770 1958 et
2797 1903 2911 1973 ipse
2944 1903 3207 1959 invitatus
3255 1915 3419 1961 tanta:

1813 1990 1994 2045 studio
2047 1991 2351 2059 charitatis,
2412 1992 2817 2062 pulchritudine
2850 1995 3066 2051 decoris
3101 2007 3157 2054 et
3194 1999 3414 2071 gratim;

1819 2083 2000 2153 "quod
2025 2083 2170 2137 nulla
2191 2083 2304 2154 jam
2334 2085 2386 2138 in
2415 2085 2614 2140 ablatis
2641 2086 2839 2142 delicta
2862 2089 3172 2158 sorderent,
3197 2092 3328 2147 dicit
3349 2092 3416 2146 ad

1813 2175 2150 2231 Ecclesiam:
2185 2175 2328 2231 Pone
2376 2195 2458 2232 nte
2487 2189 2541 2232 ut
2583 2180 2910 2252 signaculum
2955 2183 3010 2236 in
3038 2200 3126 2237 cor
3157 2195 3333 2252 tuum,
3359 2198 3418 2240 ut

1810 2269 2038 2339 sigillum
2065 2271 2116 2322 in
2144 2269 2410 2324 brachium
2441 2281 2586 2324 tuum
2612 2273 2805 2342 (lbid.,
2832 2273 2909 2343 6);
2934 2275 3035 2330 hoc
3061 2286 3145 2331 est
3173 2319 3187 2344 ,
3219 2277 3416 2334 decora

1810 2376 1893 2426 es,
1923 2363 2164 2433 proxima
2198 2377 2341 2428 mea,
2383 2370 2490 2418 tota
2523 2362 2762 2418 formosa
2795 2379 2856 2419 es
2878 2407 2892 2430 ,
2945 2367 3080 2421 nihil
3123 2367 3220 2423 tibi
3241 2368 3418 2424 deest.

1814 2455 1956 2511 Pone
1985 2473 2065 2510 me
2093 2467 2149 2510 ut
2175 2458 2503 2528 signaculum
2533 2459 2584 2512 in
2629 2474 2717 2512 cor
2747 2470 2925 2526 tuum;
2955 2461 3118 2534 336
3145 2477 3255 2532 quo
3282 2463 3416 2519 fides

1810 2558 1900 2604 tua
1938 2549 2100 2620 pleno
2143 2548 2349 2620 fulgeat
2385 2549 2404 2585 τ
2450 2559 2816 2606 sacramento.
2850 2551 3028 2622 Opera
3059 2568 3275 2624 quoque
3321 2563 3411 2609 tua

1809 2646 2047 2710 luceant,
2079 2653 2134 2699 et
2159 2645 2451 2716 imaginem
2477 2643 2575 2698 Dei
2605 2645 2917 2714 praeferant,
2947 2645 3014 2701 ad
3043 2646 3200 2715 cujus
3223 2648 3414 2717 imagi—

1807 2757 1929 2796 nem
1955 2740 2095 2796 facta
2125 2755 2206 2795 es.
2232 2737 2484 2795 Charitas
2512 2747 2600 2793 tua
2626 2737 2770 2793 nulla
2802 2739 3186 2809 persecutione
3204 2739 3416 2795 minua—

1806 2845 1912 2903 tur,
1943 2851 2103 2907 quam
2128 2835 2296 2891 multa
2319 2850 2455 2906 aqua
2485 2834 2795 2902 excludere,
2820 2835 3040 2891 ﬂumina
3063 2837 3272 2893 undare
3302 2852 3410 2893 non

1807 2930 2019 3000 possint
2042 2930 2060 2996 (
2080 2927 2221 2984 Ibid.
2250 2931 2328 2999 τ).

1876 3021 1966 3076 42.
2012 3021 2164 3079 Unde
2194 3031 2381 3092 repete
2411 3021 2537 3094 quia
2577 3021 2880 3092 accepistis
2930 3021 3268 3092 signaculum
3299 3022 3413 3091 spi-

949 3157 1265 3232 plerisqne,
1293 3160 1431 3232 sicut
1481 3159 1708 3232 dicimus
1737 3160 1782 3222 C
1817 3168 1933 3216 tero
1960 3162 2050 3232 qui
2081 3164 2340 3218 verticem
2372 3171 2624 3227 unxerat,
2645 3163 2698 3217 in
2725 3163 2903 3220 fronte
2925 3164 3122 3220 factum
3142 3163 3208 3219 ad
3232 3165 3414 3220 crucis

1818 3233 1990 3305 instar
2019 3251 2033 3288 :
2064 3235 2294 3288 alterum
2327 3249 2434 3300 quo
2465 3249 2562 3304 per
2592 3251 2846 3290 manuum
2898 3237 3156 3290 antistitis
3187 3236 3415 3305 imposi-

1816 3303 2018 3376 tionem
2043 3305 2346 3376 septil'ormi
2383 3303 2551 3376 gratia
2586 3321 2681 3361 cor
2710 3307 3076 3374 consignatur.
3100 3306 3205 3361 Sed
3236 3303 3414 3375 primo

1817 3375 1904 3430 hic
1934 3387 2079 3431 errat
2108 3377 2200 3432 ille
2242 3375 2508 3440 minister,
2557 3379 2701 3446 quod
2731 3381 3044 3433 unctionem
3075 3393 3193 3447 cap.
3230 3381 3264 3433 6
3313 3379 3418 3433 hu-

1809 3447 1968 3515 jusce
1991 3447 2112 3502 libri
2133 3491 2147 3513 ,
2171 3457 2227 3503 et
2254 3463 2375 3518 cap.
2409 3449 2432 3504 1
2471 3448 2565 3503 lib.
2589 3465 2643 3503 ιιι
2675 3449 2743 3503 de
2774 3449 3016 3504 Sacram.
3051 3449 3410 3519 signiﬁcatam

1814 3533 1846 3590 ξι
1875 3519 2196 3590 presbytero
2246 3521 2361 3574 ﬁeri
2407 3519 2600 3575 docet:
2649 3535 2771 3576 cum
2809 3537 2873 3575 ex
2900 3521 3133 3588 simplici
3163 3521 3410 3576 locorum

1815 3589 2152 3661 inspectiOne
2182 3591 2527 3646 manifestum
2571 3592 2764 3646 sitsoli
2789 3594 3047 3661 episcopo
3077 3591 3216 3645 hanc
3261 3606 3412 3646 arro-

1813 3661 1949 3728 gari.
1972 3659 2186 3732 Deinde
2209 3661 2350 3730 quod
2381 3662 2543 3716 infert
2567 3659 2836 3716 eamdem
2862 3659 3009 3716 illam
3038 3661 3412 3732 consignatio-

1814 3746 1939 3784 nem
1969 3731 2111 3785 inter
2132 3730 2471 3797 baptismatis
2497 3733 2885 3786 numerandam
2906 3747 3026 3787 esse
3046 3730 3409 3796 ceremonias,

1814 3803 1928 3870 pari
1984 3803 2148 3856 etiam
2193 3803 2316 3870 jure
2374 3801 2515 3856 idem
2566 3803 2635 3856 de
2691 3811 3036 3856 sacramento
3067 3802 3413 3858 eucharistiae

1813 3871 1997 3943 colligi
2027 3882 2211 3939 posset
2229 3890 2249 3943 :7
2287 3871 2430 3941 quod
2461 3888 2528 3926 ne
2573 3872 2667 3926 ille
2694 3873 2913 3940 quidem
2943 3888 3194 3943 umquam
3217 3887 3414 3930 conce-

1814 3941 1989 3997 deret.
2010 3943 2211 3998 Verum
2239 3942 2354 3998 haec
2383 3943 2610 3997 ulterius
2636 3945 2887 4012 prosequi
2930 3941 3153 3999 nonest
3185 3945 3288 4001 loci
3315 3947 3413 4000 liu-

1807 4012 1920 4084 jus.
1948 4013 2225 4068 Addemus
2249 4023 2431 4067 tamen
2464 4014 2954 4079 Sanctibmuvium,
2979 4016 3069 4084 qui
3098 4031 3162 4070 ex
3183 4017 3281 4072 SS.
3307 4017 3410 4072 PP.

1815 4083 2191 4139 cltrismationi
2217 4085 2467 4138 ell'ectum
2495 4094 2548 4138 et
2570 4086 2796 4155 gratiam
2827 4083 3264 4141 Conﬁrmationis
3293 4087 3414 4142 Dis-

1815 4164 1944 4228 sert.
1976 4157 2030 4223 5,
2060 4165 2162 4210 art.
2187 4156 2280 4221 2t,
2300 4155 2570 4224 attribuit,
2602 4172 2890 4225 numquam
2915 4172 3077 4228 agere
3097 4157 3165 4212 de
3187 4157 3413 4226 imposi-

1817 4227 1963 4282 tione
1989 4243 2268 4292 manuum,
2293 4228 2420 4296 quin
2461 4229 2772 4284 unctionem
2805 4229 3074 4298 superiori
3096 4230 3272 4296 capite
3294 4243 3412 4282 meo

1816 4310 2083 4353 moratam
2113 4300 2163 4354 ei
2195 4300 2498 4371 adjuugat.
2525 4299 2581 4356 Si
2608 4301 2730 4371 quis
2779 4310 2958 4356 autem
2992 4300 3127 4356 duas
3158 4300 3279 4354 illas
3326 4315 3413 4354 res

1818 4379 1928 4423 tum
1961 4371 2047 4424 hic
2076 4370 2218 4436 apud
2251 4370 2634 4434 Ambrosium,
2681 4383 2789 4426 tttm
2821 4373 2913 4426 lib.
2958 4387 3014 4426 ιιι
3048 4372 3117 4427 de
3165 4372 3410 4428 Sacram.

1815 4455 1936 4510 cap.
1965 4442 1990 4496 1
2024 4449 2078 4496 et
2098 4442 2133 4496 2
2165 4441 2390 4496 nimium
2415 4453 2692 4513 separatas
2719 4443 2938 4506 dixerit,
2971 4459 3131 4512 quam
3160 4453 3215 4497 ut
3247 4458 3411 4496 unum

1816 4527 1884 4585 ex
1912 4513 1991 4566 eis
2015 4524 2180 4585 coeat
2226 4526 2623 4568 sacramentum
2642 4557 2656 4581 ,
2686 4515 2834 4568 nullo
2867 4516 3083 4584 negotio
3113 4513 3414 4585 responde-

1820 4583 1966 4637 bitur
1997 4584 2114 4639 ﬁeri
2147 4587 2403 4654 potuisse,
2459 4594 2646 4640 utnon
2669 4583 3151 4655 sejungerenturin
3181 4583 3414 4639 admini-

1819 4655 2112 4719 stratione,
2143 4672 2264 4725 qum
2308 4657 2361 4710 in
2391 4658 2734 4725 expositione
2760 4658 3160 4724 disjunguntur.
3191 4657 3412 4710 Certum

1819 4725 1962 4796 enim
1995 4737 2078 4780 est
2099 4729 2279 4781 omnia
2318 4727 2510 4782 eodem
2542 4727 2767 4792 ordine,
2813 4742 2920 4795 quo
2949 4728 3276 4796 gerebantur
3304 4741 3412 4781 non

1819 4795 1908 4850 hic
1938 4799 2148 4862 referri;
2183 4799 2348 4851 immo
2379 4812 2509 4852 vero
2539 4814 2637 4853 nec
2667 4813 2832 4866 pauca
2857 4795 3018 4851 etiam
3046 4798 3412 4866 prmtermitti.

1821 4866 1934 4921 Hoc
1971 4868 2188 4935 quidem
2218 4870 2359 4921 lavet
2403 4883 2592 4922 eorum
2631 4869 2910 4938 opinioni,
2948 4870 3039 4938 qui
3076 4868 3413 4922 arbitrantur

1818 4953 1942 4993 cum
1973 4937 2133 4992 Petro
2159 4939 2378 4992 Aurelio
2406 4937 2731 5006 peculiarem
2767 4937 3003 4993 hocloco
3024 4938 3223 4993 includi
3243 4940 3418 4993 chris-

1825 5009 2138 5063 mationem.
2173 5008 2278 5063 Sed
2309 5009 2565 5078 quidquid
2597 5009 2837 5064 dixerint
2873 5009 3193 5064 heterodoxi
3221 5050 3235 5072 ,
3290 5026 3445 5065 cum-

1824 5080 2194 5151 probabilibus
2223 5079 2294 5134 sit
2319 5084 2628 5151 unctionem
2647 5121 2661 5144 ,
2711 5080 3164 5149 quemadmodum
3187 5081 3308 5136 loco
3335 5082 3415 5136 ci~

1826 5149 1936 5205 tato
1969 5167 2190 5218 pronos.
2241 5150 2274 5205 6
2305 5151 2466 5209 docet
2511 5149 2946 5206 Sanctibmuvius
2970 5193 2984 5216 ,
3039 5152 3417 5207 tantummodo

1821 5231 2030 5292 partem
2060 5223 2418 5292 integrantem
2441 5238 2561 5279 esse
2587 5221 3056 5289 Conﬁrmationis,
3081 5231 3283 5277 sariam
3308 5234 3420 5280 tec-

1827 5307 1935 5348 tam
1967 5293 2212 5362 ejusdem
2259 5295 2584 5350 sacramenti
2611 5294 2966 5350 substantiam
3008 5309 3223 5363 semper
3253 5295 3419 5350 habe-

1824 5368 2026 5420 bimus.
2075 5365 2345 5420 Czcterum
2387 5367 2539 5433 duas.
2566 5366 2985 5421 chrismationes
3028 5365 3191 5434 Greg.
3224 5365 3418 5421 Sacra-

1829 5437 2156 5491 mentarium
2201 5438 2483 5491 distinctas
2513 5448 2702 5502 notat;
2732 5438 2824 5491 sed
2855 5437 3050 5491 Gallic.
3093 5436 3336 5492 Sacram.
3367 5448 3426 5492 et

1825 5507 2062 5574 Missale,
2087 5517 2252 5574 atque
2272 5509 2400 5563 item
2432 5509 2646 5563 Missale
2673 5507 2972 5563 Gothicum'
2992 5522 3109 5562 eam
3135 5522 3255 5574 qua:
3269 5510 3421 5561 iron-

1825 5583 1896 5634 tis
1919 5589 2021 5644 est,
2037 5581 2208 5635 solam
2233 5589 2551 5634 memorant.
2578 5579 2904 5634 Verticalem
2924 5580 3084 5647 quam
3101 5594 3130 5631 a
3152 5577 3420 5634 SilveStro

1802 5649 1964 5721 'papa
1997 5653 2296 5705 institutam
2319 5651 2527 5712 volunt,
2549 5651 2600 5704 in
2627 5651 2690 5704 iis
2721 5649 2926 5703 locisin
2956 5650 3164 5721 quibus
3182 5648 3417 5704 necdum

1805 5720 2061 5776 admissa
2082 5722 2277 5786 fuerat,
2305 5721 2602 5776 verisimile
2625 5730 2707 5776 est
2739 5735 2947 5792 canone
2977 5720 3224 5792 aratisic.
3249 5721 3420 5792 recipi

1826 5793 2028 5858 jttssam
2056 5804 2411 5864 :lqnunquam
2437 5803 2611 5846 tamen
2646 5789 2880 5846 nlllrmnt
2907 5790 2965 5840 Ρ.
2999 5789 3241 5846 Morinos
3271 5790 3415 5853 eine--
