3952 6178
520 291 631 348 ιςθὸ

1885 291 2130 354 SANCTI
2171 291 2495 355 AMBROSII

3728 301 3832 359 λίοι

521 410 710 475 ritate,
755 407 1007 478 Spiritum
1055 407 1333 478 sapientia:
1369 417 1423 465 et
1471 409 1782 466 intellectus
1804 453 1817 477 ,
1869 413 2118 483 spiritum
2146 415 2200 477 Α
2227 414 2270 484 (Ι
2295 416 2416 472 Cor.
2456 417 2630 496 ",9),
2657 417 2800 488 Ergo
2834 434 2900 474 ne
2929 418 3050 490 quis
3077 418 3179 473 hoc
3206 418 3368 482 dicat.
3403 432 3622 473 summo
3654 420 3838 475 studio

527 502 736 557 consilii
770 510 930 571 alque
981 501 1233 568 virtutis,
1279 499 1530 571 spiritum
1591 503 1916 574 cognitionis
1964 511 2126 578 atque

526 593 762 665 pietatis,
792 592 1040 664 spiritum
1069 591 1242 648 sancti
1273 591 1672 666 timoris(Esai.
1697 611 1770 662 ιι,
1801 594 1857 666 2)
1890 605 1982 650 :et
2008 608 2126 652 ser-

521 702 586 741 va
616 685 758 756 quod
785 686 1063 754 accepisti.
1097 685 1339 756 Signavit
1370 695 1422 742 te
1452 686 1593 742 Deus
1621 686 1798 751 Pater,
1823 685 2120 742 confirma-

525 777 602 832 vit
631 786 684 832 te
712 776 960 832 Christus
988 777 1249 833 Dominus
1273 794 1288 844 ;
1315 789 1370 833 et
1392 778 1544 834 dedit
1575 778 1767 850 pignus
1803 777 2040 851 Spiritus
2073 781 2125 836 in

525 869 784 928 cordibus
836 871 977 936 tuis,
1023 871 1166 926 sicut
1219 870 1534 943 Apostoiica
1600 869 1834 928 lecdone
1892 871 2126 930 didicisti

527 966 594 1039 (ll
624 963 744 1020 Cor.
782 980 836 1031 v,
865 963 957 1036 2).

1123 1055 1354 1115 CAPUT
1393 1055 1531 1114 Vlli.

527 1167 604 1226 De
629 1169 844 1243 mystico
877 1169 1140 1226 Dominici
1167 1171 1347 1226 altaris
1385 1173 1613 1227 convivio
1646 1185 1665 1227 :
1713 1173 1852 1244 quod
1880 1191 1944 1230 ne
1983 1175 2128 1245 quis-

594 1267 735 1336 piam
763 1264 978 1320 minoris
1001 1267 1181 1339 faciat,
1207 1267 1494 1321 ostenditur
1518 1266 1816 1340 Synagogte
1843 1269 2006 1323 sacris
2031 1285 2128 1323 an-

599 1357 787 1425 tiquius
813 1374 956 1428 esse;
997 1375 1114 1412 cum
1145 1359 1200 1412 in
1226 1357 1480 1426 sacri/icio
1511 1356 1892 1413 Melchisedech
1921 1376 2129 1430 expres-

596 1467 710 1506 sum
749 1449 949 1521 fuerit:
995 1451 1112 1520 ipso
1154 1459 1324 1504 autem
1368 1467 1560 1504 manna
1595 1450 1744 1520 longe
1771 1451 2124 1520 prtestantius,

597 1561 711 1598 cum
735 1544 798 1596 sit
827 1559 1014 1614 corpus
1042 1541 1266 1609 Christi;
1285 1561 1344 1598 ac
1371 1543 1506 1597 inter
1531 1556 1804 1615 utrumque
1827 1543 2126 1618 perelegans

597 1637 912 1709 comparatio
940 1637 1248 1694 instituitur.

2233 509 2480 565 volumus
2518 511 2875 580 comprobare
2913 510 3056 582 quod
3085 521 3134 565 et
3163 511 3467 581 antiquiora
3497 518 3628 566 sunt
3659 525 3838 565 sacra-

2233 611 2412 656 menta
2464 599 2725 657 Ecclesia:
2755 617 2915 673 quam
2971 601 3304 674 Synagogm,
3354 612 3409 656 et
3457 603 3838 673 praestantiora

2231 711 2389 766 quam
2415 711 2608 750 manna
2639 705 2746 754 est.

2301 788 2392 843 45.
2437 788 2760 858 Antiquiora
2787 789 2945 845 docet
2991 789 3153 846 lectio
3175 787 3404 846 Genesis
3445 804 3566 860 qua:
3598 788 3834 846 decursa

2231 879 2510 950 est(Gen.
2545 898 2652 949 xxv,
2704 881 2846 955 18);
2895 883 3176 954 Synagoga
3224 882 3367 937 enim
3393 899 3459 936 ex
3493 882 3617 951 lege
3669 882 3841 953 Moysi

2233 975 2554 1045 principium
2579 975 2854 1050 sumpsit(
2883 975 3048 1030 Exod.
3083 991 3274 1043 xxxrv,
3311 975 3336 1029 l
3369 985 3417 1030 et
3444 974 3578 1046 seq.)
3616 993 3630 1029 :
3668 975 3843 1031 Abra-

2232 1068 2356 1123 ham
2389 1083 2520 1124 vero
2547 1069 2704 1140 longe
2734 1070 2996 1135 anterior,
3022 1069 3111 1140 qui
3141 1068 3295 1123 victis
3340 1067 3613 1131 hostibus,
3659 1077 3716 1122 et
3746 1083 3840 1122 ne-

2228 1169 2356 1233 pote
2386 1162 2600 1232 proprio
2631 1170 2868 1232 recepto.
2900 1177 3022 1216 cum
3072 1162 3338 1232 potiretur
3381 1159 3617 1215 victoria
3658 1176 3674 1224 ς
3711 1167 3842 1214 tunc

2229 1254 2306 1309 illi
2338 1254 2573 1308 occurrit
2603 1253 3036 1317 Melchisedech,
3083 1264 3137 1308 et
3167 1252 3388 1322 protulit
3417 1264 3477 1306 ea
3505 1265 3630 1322 quae
3664 1251 3842 1307 Abra-

2231 1343 2356 1401 ham
2390 1355 2680 1402 veneratus
2707 1346 2936 1418 accepit.
2987 1345 3100 1401 Non
3144 1340 3416 1400 Abraham
3456 1342 3722 1414 protulit,
3751 1343 3862 1399 sed.

2232 1437 2669 1504 Melchisedech;
2717 1437 2810 1508 qui
2835 1436 3112 1492 inducitur
3135 1436 3252 1490 sine
3281 1444 3456 1505 patre,
3491 1431 3615 1488 sine
3647 1443 3843 1501 matre,

2228 1545 2406 1602 neque
2437 1531 2644 1587 initium
2672 1528 2882 1586 dierum
2908 1575 2922 1598 ,
2963 1546 3141 1600 neque
3167 1528 3326 1584 linem
3368 1526 3578 1583 habens
3600 1571 3615 1594 ,
3647 1526 3846 1584 similis

2228 1631 2410 1679 autem
2451 1619 2587 1678 Filio
2641 1623 2731 1678 Dei
2769 1639 2783 1676 :
2834 1621 2901 1678 de
2929 1637 3036 1692 quo
3073 1621 3150 1675 ait
3177 1618 3378 1674 Paulus
3410 1619 3475 1673 ad
3528 1615 3841 1674 Hebraeos;

2231 1715 2366 1783 Quia
2395 1725 2567 1770 manet
2597 1714 2839 1770 sacerdos
2870 1713 2922 1767 in
2953 1722 3255 1786 perpetuum
3280 1710 3468 1784 (Hebr.
3494 1727 3568 1765 vn
3611 1719 3660 1765 et
3683 1705 3838 1780 seq);

599 1797 691 1852 45.
725 1794 819 1850 His
844 1795 1024 1849 abluta
1056 1795 1206 1865 plebs
1237 1795 1391 1852 dives
1413 1795 1734 1866 insignibus,
1769 1805 1794 1834 ι
1827 1797 1894 1854 ad
1927 1797 2133 1856 Christi
2162 1809 2210 1870 Β
2239 1809 2328 1879 qui
2369 1806 2816 1878 interpretatione
2857 1804 3043 1861 Latina
3076 1802 3277 1861 dicitur
3317 1818 3412 1858 rex
3443 1801 3712 1873 justitize,
3749 1817 3842 1856 res

521 1885 804 1943 contendit
841 1885 1056 1955 altaria,
1104 1885 1322 1942 dicens:
1359 1887 1425 1941 Et
1452 1889 1675 1943 introibo
1703 1889 1770 1942 ad
1795 1890 1961 1946 altare
2004 1889 2129 1960 Dei,

525 1982 594 2035 ad
610 1981 772 2035 Deum
795 1982 882 2052 Qui
911 1982 1141 2051 lwtiﬁcat
1155 1982 1473 2052 jureututens
1500 1997 1664 2037 meam
1685 1982 1860 2055 (Psal.
1885 1999 2012 2052 xw,
2041 1982 2128 2057 4);

531 2073 797 2145 depositis
827 2073 966 2129 enim
1022 2074 1313 2129 inveterati
1363 2075 1569 2130 erroris
1608 2077 1848 2143 exuviis,
1876 2084 2137 2132 renovata

528 2169 582 2222 in
615 2168 807 2238 aquila:
834 2168 1144 2238 iuventute,
1171 2169 1395 2224 cmieste
1422 2168 1552 2224 illud
1586 2169 1804 2225 festinat
1826 2171 1978 2227 adire
2004 2187 2137 2228 con-

531 2264 751 2319 vivium.
779 2264 938 2320 Venit
969 2264 1154 2335 igitur,
1183 2273 1237 2320 et
1261 2265 1452 2321 videns
1481 2265 1934 2321 sacrosanctumb
1963 2266 2135 2321 altare

531 2358 925 2429 eomposittun,
967 2359 1278 2414 exclamans
1323 2359 1439 2413 ait:
1502 2357 1713 2413 Parasti
1762 2360 1816 2414 tu
1863 2367 2136 2431 conspectu

533 2466 646 2504 meo
674 2463 921 2505 mensam.
957 2444 1107 2506 lianc
1130 2451 1440 2522 loquentem
1467 2450 1674 2506 inducit
1705 2451 1873 2506 David
1901 2451 2085 2508 dicens
2117 2468 2132 2506 :

533 2543 787 2598 Dominus
818 2543 982 2614 pascit
1003 2555 1104 2607 me,
1133 2554 1178 2597 et
1200 2543 1480 2598 nlhitmllu‘
1501 2542 1771 2596 deerit:trt
1802 2542 1915 2596 loco
1932 2557 2137 2613 pascua:

532 2634 605 2688 ibi
653 2650 733 2688 me
775 2635 1065 2688 collocavit.
1113 2634 1284 2705 Super
1325 2648 1514 2695 aquam
1563 2635 1862 2704 refectiouis
1897 2636 2136 2690 educavit

532 2739 613 2780 me
641 2725 816 2797 (Psal.
846 2739 981 2793 uti,
1032 2730 1082 2793 t,
1132 2728 1167 2780 2
1189 2727 1231 2795 ).
1265 2726 1332 2780 Et
1357 2725 1492 2780 lni'ra
1525 2741 1540 2779 :
1582 2725 1725 2779 Nam
1757 2728 1854 2781 etsi
1879 2727 2136 2783 antbulem

535 2821 590 2872 in
620 2819 788 2872 medio
817 2818 1012 2873 umbra:
1038 2819 1240 2881 mortis,
1271 2831 1371 2871 non
1391 2818 1577 2872 timebo
1612 2815 1783 2884 mala;
1806 2820 2052 2889 quoniam
2081 2829 2137 2874 tu

539 2928 734 2966 mecum
757 2927 830 2964 es.
870 2911 1030 2981 Virga
1053 2920 1142 2964 tua
1160 2919 1209 2964 et
1232 2910 1445 2964 baculus
1475 2911 1744 2981 tuus,ipsa
1769 2927 1848 2964 me
1871 2914 2138 2968 consolata

538 3017 675 3059 sunt.
733 3004 945 3058 Parain
974 3006 1027 3058 in
1056 3013 1333 3070 cortsiieuu
1372 3019 1482 3058 meo
1509 3019 1735 3059 mensam
1760 3005 1920 3078 337
1949 3007 2135 3063 adver-

536 3118 624 3154 sus
655 3117 740 3156 eos
767 3101 852 3166 qui
885 3099 1133 3153 tribulant
1175 3116 1273 3154 me.
1326 3098 1682 3175 Impinguasti
1732 3103 1785 3156 in
1839 3105 1952 3158 oleo
1985 3116 2137 3175 caput

2237 1898 2407 1970 pacis.

2306 1992 2395 2050 46.
2438 1991 2556 2047 Non
2587 1991 2836 2062 agnoscis
2863 1990 2984 2061 quis
3015 1988 3116 2045 iste
3160 1988 3270 2043 sit?
3300 1987 3491 2043 Potest
3533 1985 3705 2041 homo
3727 1999 3846 2042 esse

2235 2099 2332 2141 rex
2365 2084 2612 2155 jttstitim,
2652 2081 2677 2120 ι¹
2711 2099 2834 2140 cum
2860 2084 2974 2154 ipse
3004 2084 3092 2138 vix
3137 2082 3316 2154 justus
3348 2081 3455 2136 sit?
3487 2079 3685 2136 Potest
3727 2093 3845 2136 esse

2236 2192 2330 2235 res
2363 2179 2530 2250 pacis,
2557 2193 2680 2234 cum
2708 2177 2796 2233 vix
2837 2177 3010 2248 possit
3037 2190 3160 2233 esse
3192 2174 3491 2247 pacificus?
3513 2173 3652 2231 Sine
3676 2185 3844 2230 matre

2237 2268 2532 2326 secundum
2555 2268 2914 2336 divinitatem;
2939 2270 3062 2340 quia
3088 2285 3158 2325 ex
3175 2269 3337 2324 Patre
3362 2267 3472 2323 Deo
3491 2269 3721 2339 genitus
3743 2273 3842 2334 est,

2240 2364 2400 2418 unius
2426 2363 2752 2418 substantia
2774 2377 2896 2417 cum
2929 2361 3092 2417 Patre
3124 2377 3138 2415 :
3192 2362 3309 2416 sine
3353 2367 3511 2431 patre
3545 2360 3846 2417 secundum

2237 2455 2666 2511 incarnationem
2689 2497 2704 2523 ,
2733 2457 2823 2526 qui
2859 2465 3017 2510 natus
3040 2470 3105 2510 ex
3138 2454 3360 2524 Virgine
3388 2462 3511 2508 est:
3547 2454 3768 2510 initiunt
3796 2461 3848 2508 et

2239 2549 2400 2606 linem
2430 2563 2542 2605 non
2573 2550 2797 2615 habens,
2833 2549 2959 2620 quia
2985 2549 3100 2618 ipse
3129 2558 3213 2604 est
3239 2548 3448 2602 initium
3483 2558 3536 2607 et
3574 2547 3706 2603 linis
3727 2562 3839 2603 om-

2241 2645 2412 2709 nium,
2442 2644 2649 2714 primus
2671 2651 2726 2698 et
2758 2644 3106 2697 novissimus.
3129 2640 3244 2696 Non
3272 2639 3435 2711 igitur
3464 2640 3699 2694 humani
3717 2683 3731 2705 ,
3757 2638 3846 2694 sed

2239 2737 2407 2792 divini
2441 2745 2525 2792 est
2569 2737 2810 2792 muneris
2835 2743 3235 2791 sacramentum
3266 2733 3405 2805 quod
3448 2733 3752 2802 accepisti,
3783 2732 3847 2787 ab

2241 2845 2307 2884 eo
2357 2831 2624 2899 prolatum
2679 2828 2770 2900 qui
2818 2828 3095 2884 benedixit
3124 2827 3246 2882 ﬁdei
3289 2833 3494 2897 patrem
3530 2825 3843 2888 Abraham,

2239 2921 2392 2976 illum
2417 2924 2572 2990 cujus
2599 2920 2824 2991 gratiam
2854 2932 2906 2975 et
2937 2924 3086 2990 gesta
3109 2918 3341 2973 miraris.

2311 3014 2399 3069 47.
2445 3013 2734 3068 Probatnm
2767 3021 2851 3068 est
2874 3011 3178 3082 antiquiora
3210 3025 3333 3066 esse
3365 3009 3635 3065 Ecclesia:
3666 3023 3843 3064 sacra-

2242 3121 2440 3172 menta,
2479 3123 2620 3162 nunc
2649 3122 2916 3176 cognosce
2945 3107 3174 3178 potiora.
3221 3107 3429 3160 Revera
3474 3104 3601 3175 (De
3629 3105 3839 3160 Consec.

541 3209 731 3258 meum,
767 3204 787 3232 ο
814 3202 861 3247 et
890 3192 1134 3264 poculum
1163 3203 1309 3248 tuum
1342 3196 1608 3252 inebrians
1644 3213 1799 3266 quam
1829 3202 2135 3268 prwclarum
2164 3199 2208 3262 C
2243 3201 2366 3255 dist.
2405 3201 2464 3266 2,
2493 3217 2540 3254 ο.
2584 3197 2811 3269 Revera)
2862 3199 3110 3254 mirabile
3158 3207 3246 3254 est
3269 3198 3410 3268 quod
3459 3207 3665 3252 marina
3711 3199 3844 3251 Deus

541 3287 648 3341 est!

610 3378 700 3434 44.
744 3379 897 3434 Nune
943 3378 1072 3434 illud
1104 3379 1545 3448 consideremus,
1581 3398 1647 3440 ne
1679 3385 1798 3455 quis
1831 3385 1970 3441 forte
2004 3387 2136 3441 visi-

539 3475 661 3529 bilia
695 3475 882 3531 videns
913 3475 1190 3546 (quoniam
1218 3493 1338 3544 qua:
1368 3487 1496 3533 sunt
1543 3479 1858 3544 invisibilia,
1910 3494 2016 3534 non
2051 3482 2136 3536 vi-

539 3570 760 3635 dentur,
794 3581 893 3624 nec
925 3578 1154 3638 possunt
1201 3568 1452 3624 humanis
1479 3569 1655 3624 oculis
1703 3571 2139 3646 comprehendi)

447 3676 452 3684 ‘
539 3659 682 3718 dicat
711 3659 850 3717 forte
876 3681 886 3714 :
912 3659 1115 3718 Judzeis
1142 3655 1286 3718 Deus
1317 3679 1507 3718 manna
1539 3666 1704 3734 pluit,
1736 3664 2136 3736 pluitcoturni-

540 3772 631 3812 ces
657 3753 856 3829 (Exod.
892 3772 1005 3819 xu,
1032 3755 1156 3824 i3):
1182 3753 1445 3812 Ecclesia:
1473 3767 1655 3812 autem
1682 3759 1756 3812 illi
1780 3755 1994 3814 dilecta:
2023 3761 2138 3816 haec

542 3858 669 3903 sunt
693 3865 816 3918 qua:
865 3849 1216 3919 pratparavit;
1248 3847 1317 3904 de
1347 3849 1546 3920 quibus
1575 3850 1778 3906 dictum
1819 3860 1903 3906 est
1934 3868 1947 3906 :
1985 3851 2139 3920 Quod

540 3941 722 3994 oculus
751 3957 854 3995 non
883 3941 1032 4008 vidit,
1063 3958 1154 3996 nec
1177 3941 1316 3995 auris
1345 3942 1566 4011 audivit,
1613 3960 1702 3999 nec
1728 3945 1780 3998 in
1809 3962 1896 4000 cor
1917 3946 2139 4002 hominis

538 4031 810 4100 ascendit,
874 4049 989 4106 qua:
1043 4035 1354 4104 preparavit
1409 4032 1552 4092 Deus
1621 4035 1958 4109 diligentibus
2020 4055 2138 4094 eum

543 4173 663 4228 dem
679 4167 898 4226 concilii
917 4181 1151 4224 mentem
1178 4169 1346 4226 inisse
1362 4178 1420 4224 ut
1441 4185 1560 4226 eam
1579 4173 1886 4228 unetionem
1914 4173 1997 4228 vel
2018 4172 2146 4228 abo-

542 4243 790 4310 leret,vel
807 4235 1112 4295 declararet
1126 4256 1230 4294 non
1247 4243 1788 4310 necessariam.Quod
1803 4251 1982 4299 autem
1996 4243 2147 4299 addit

539 4313 826 4369 frontalem
850 4310 1079 4364 diacono
1101 4312 1355 4366 tributam
1375 4327 1402 4365 a
1425 4312 1676 4378 concilio,
1699 4314 1918 4369 minime
1947 4317 2140 4370 mirum

542 4385 713 4441 videri
747 4379 930 4443 debet,
964 4381 1009 4434 si
1043 4397 1148 4436 non
1177 4391 1260 4436 est
1290 4383 1366 4436 illi
1397 4394 1739 4438 sacramento
1766 4385 2100 4440 essentialis.

613 4464 639 4492 τι
681 4453 780 4511 llic
825 4447 1091 4524 indicatur
1119 4453 1515 4523 neopltytornm
1550 4469 1580 4508 a
1610 4455 1934 4524 baptisteria
1956 4456 2022 4510 ad
2054 4457 2136 4512 ai-

542 4537 684 4592 tare,
719 4525 771 4580 id
803 4533 915 4587 est,
970 4523 1036 4578 ab
1071 4524 1254 4578 inlima
1289 4525 1547 4578 Ecclesia:
1581 4523 1734 4595 parte
1789 4525 1854 4579 ad
1883 4536 2140 4582 sanctua-

541 4602 705 4666 riutu,
743 4609 1065 4665 processus;
1101 4603 1157 4648 ut
1194 4596 1264 4648 ibi
1317 4605 1508 4666 sancta
1539 4608 1900 4666 pascerentur
1940 4599 2140 4653 eucha-

541 4665 720 4724 ristia.
750 4667 862 4722 Hoc
891 4674 1070 4740 autem
1106 4665 1404 4740 noniiebat
1429 4665 1547 4722 sine
1563 4669 1646 4738 pia
1672 4669 1900 4739 quadam
1919 4685 2134 4740 pompa,

543 4752 596 4796 et
620 4741 776 4810 plena
812 4739 1135 4806 majeStatis.
1175 4738 1386 4808 Singuli
1439 4742 1582 4792 enim
1630 4738 1891 4796 aceetisos
1919 4738 2136 4796 ‘cereos

542 4828 702 4866 manu
731 4811 1028 4881 gerebant;
1073 4824 1304 4881 cumque
1329 4825 1422 4878 per
1466 4821 1630 4864 totam
1663 4824 1907 4868 octavam
1940 4813 2134 4868 eodem

541 4879 1089 4956 ornatn'accederept
1111 4879 1176 4956 ad
1206 4894 1413 4956 sacram
1432 4885 1706 4952 synaxim,
1729 4885 1772 4938 si
1797 4900 1917 4956 qua:
1942 4886 2136 4954 puella:

544 4955 906 5027 virginitatem
941 4954 990 5027 in
1021 4946 1302 5027 Paschatis
1328 4946 1478 5008 resto
1497 4964 1683 5009 essent
1703 4946 1986 5027 professi,
2006 4956 2136 5025 ipsa:

545 5021 709 5096 etiam
756 5024 900 5077 inter
942 5021 1042 5096 hos
1092 5025 1411 5096 innocentes
1459 5039 1650 5096 greges
1703 5021 2133 5082 deducebantur.

546 5095 804 5166 Ultimum
838 5096 939 5149 hoc
968 5094 1104 5148 liber
1127 5093 1195 5150 de
1218 5094 1394 5164 Lapsn
1426 5093 1652 5166 virginis
1679 5106 1930 5153 testatum
1963 5099 2086 5153 facit
2119 5115 2132 5152 :

542 5164 611 5238 de
664 5167 1168 5238 iuminibus_antem
1223 5167 1404 5238 agitur
1433 5167 1492 5238 in_
1519 5164 1704 5238 opella
1753 5168 1822 5224 de
1879 5169 2140 5238 Mysterio

545 5236 786 5306 Paschm,
817 5247 938 5306 cap.
967 5233 1000 5290 5
1026 5277 1040 5301 ,
1097 5237 1236 5305 apud
1266 5233 1590 5306 Gregorium
1606 5235 1843 5306 _Nazian.
1875 5233 2024 5295 orat.
2069 5240 2140 5295 40

547 5323 716 5378 prope
764 5301 966 5378 linem,
1015 5301 1279 5378 Cyrillum
1334 5301 1546 5378 llieros.
1603 5301 1918 5364 Procateeh.
1956 5321 2009 5366 et
2038 5309 2140 5366 Ca-

545 5377 689 5451 tecb.
724 5379 772 5444 1,
803 5377 1188 5451 Fortunatam,
1241 5387 1405 5451 atque
1432 5377 1588 5432 alios.
1639 5378 1754 5451 lluc
1783 5381 2141 5451 adiungemus

545 5450 613 5503 ab
653 5451 971 5520 Ambrosio,
1025 5448 1140 5505 i‘ere
1168 5449 1380 5520 quoties
1405 5449 1747 5520 sacramenti
1792 5448 2142 5509 euclta'ristici

547 5525 881 5577 mentionem
920 5517 1048 5575 facit
1073 5562 1087 5586 ,
1118 5517 1199 5574 et'
1221 5535 1353 5577 sane
1394 5518 1522 5573 i‘acit
1555 5535 1688 5592 non
1714 5521 2139 5592 infrequentem,

545 5593 808 5662 psalmum
833 5601 940 5645 χιιι
961 5632 974 5656 ,
1000 5592 1098 5662 sed
1122 5591 1358 5662 maxime
1383 5603 1519 5657 nn,
1551 5589 1817 5662 adhiberi.
1852 5589 1988 5647 Vide
2018 5589 2138 5662 (pne

545 5659 643 5716 nos
677 5659 1435 5734 tomosuper.adApologiam
1467 5661 1633 5717 David
1659 5663 1892 5732 priorem
1915 5659 2135 5734 capﬁl‘z,

549 5745 696 5784 num.
721 5731 812 5798 59,
837 5733 1212 5787 observamus.

616 5799 642 5844 ιι
683 5803 860 5861 Alture
902 5807 1268 5877 compositum,
1323 5807 1426 5864 hoc
1472 5817 1556 5867 est
1599 5816 1874 5865 ornatum.
1924 5809 2135 5867 Etenim

2166 4634 2218 4694 D

2244 3291 2437 3361 pluet-it
2467 3291 2732 3360 patribus,
2760 3299 2816 3345 et
2853 3290 3172 3359 quotidiano
3201 3289 3326 3343 οωιί
3354 3289 3726 3358 pascebantur
3748 3289 3840 3342 aii-

2245 3393 2446 3440 tneuto.
2478 3383 2630 3440 Unde
2652 3383 2854 3438 dictum
2888 3392 2966 3438 est
2995 3400 3007 3438 :
3039 3381 3233 3436 Panem
3282 3382 3591 3450 angelorum
3633 3383 3842 3437 mandu-

2244 3479 2374 3532 cavit
2432 3478 2582 3531 homo
2612 3478 2630 3546 (
2655 3475 2799 3530 Psal.
2836 3492 3043 3538 Lxxvu,
3093 3475 3226 3546 25').
3271 3475 3374 3531 Sed
3412 3483 3600 3529 tamen
3653 3490 3839 3546 panem

2243 3571 2396 3624 illum
2426 3570 2515 3640 qui
2563 3568 3049 3632 manducaverunt,
3095 3583 3285 3622 omnes
3316 3568 3367 3621 in
3392 3567 3621 3622 deserto
3651 3566 3838 3622 mortui

2247 3673 2406 3718 sunt:
2437 3661 2538 3716 ista
2565 3671 2742 3716 autem
2769 3675 2892 3716 esca
2936 3676 3095 3730 quam
3130 3659 3349 3730 accipis,
3383 3659 3485 3714 istc
3516 3661 3674 3730 panis
3697 3660 3839 3714 vivus

2247 3759 2336 3829 qui
2358 3756 2638 3812 descendit
2657 3757 2725 3811 de
2755 3755 2916 3819 ctelo,
2940 3756 3062 3809 vita:
3088 3764 3304 3809 acterna:
3333 3754 3694 3810 substantiam
3721 3752 3837 3808 sub-

2247 3847 2548 3914 ministrat;
2599 3859 2652 3902 et
2681 3848 3004 3917 quicumque
3052 3845 3193 3900 hunc
3241 3844 3684 3912 manducaverit,
3739 3860 3834 3899 non

2247 3941 2506 3998 morietur
2535 3941 2587 3995 in
2612 3949 2870 3995 aeternum
2897 3957 2910 3992 :
2940 3949 2994 3994 et
3015 3949 3098 3994 est
3119 3955 3314 4009 corpus
3341 3939 3572 3994 Christi.

2318 4036 2410 4093 48.
2433 4048 2455 4072 υ
2477 4031 2771 4090 Considera
2797 4048 2937 4088 nunc
2965 4033 3066 4103 (De
3079 4031 3292 4088 Consec.
3324 4033 3450 4088 dist.
3469 4032 3524 4100 2,
3545 4049 3596 4088 c.
3627 4033 3832 4094 Revera,

2239 4173 2352 4241 jam
2384 4185 2411 4223 a
2447 4169 2619 4240 primo
2647 4168 2904 4241 Ecclesia:
2933 4167 3187 4232 exordio,
3235 4177 3290 4221 ut
3317 4165 3514 4221 altaria
3542 4181 3706 4241 sacra
3728 4167 3831 4220 bis-

2247 4239 2397 4311 synis
2423 4239 2600 4311 p’ailis,
2625 4240 2782 4311 velis,
2809 4241 2970 4311 variis
2995 4255 3060 4294 ex
3082 4256 3214 4292 auro
3240 4250 3401 4308 atque
3423 4250 3654 4308 argento
3677 4239 3835 4294 dona-

2247 4309 2364 4378 riis,
2395 4309 2591 4376 cereis,
2626 4309 2849 4365 tioribus
2879 4309 3115 4380 denique
3155 4321 3576 4372 exornarentur,
3608 4313 3660 4362 in
3694 4322 3834 4362 more

2246 4385 2415 4439 fuisse
2445 4391 2695 4437 auctores
2722 4389 2846 4435 sunt
2873 4383 3100 4451 Uptatus
3129 4382 3348 4436 Milevit.
3387 4381 3591 4451 lib.vl.
3633 4381 3830 4437 Victor.

2245 4457 2312 4524 de
2342 4456 2564 4524 Pet-seq.
2591 4453 2687 4507 lib.
2717 4470 2752 4518 t;
2785 4450 3042 4508 Paulinus
3072 4453 3192 4524 Nul.
3229 4467 3407 4522 poem.
3442 4450 3528 4515 l4,
3554 4452 3622 4506 de
3655 4460 3834 4524 sancto

2246 4523 2456 4590 Felice;
2501 4523 2872 4596 Hieronymus
2915 4524 3074 4596 epist.
3121 4523 3187 4578 ad
3236 4524 3452 4596 thpotg
3506 4523 3833 4596 Augusti-nus

2245 4599 2336 4653 lib.
2369 4613 2480 4651 χχιι
2528 4596 2598 4650 de
2635 4593 2796 4650 Civit.
2846 4593 2966 4656 Dei.
3011 4611 3130 4665 cap.
3163 4596 3228 4661 8;
3264 4593 3643 4651 Theodoretus
3687 4593 3780 4649 lib.
3818 4606 3832 4644 ι

2246 4669 2382 4724 Hist.
2411 4667 2651 4731 Eccles.,
2682 4682 2800 4736 cap.
2833 4667 2924 4726 51.
2954 4675 3008 4720 et
3035 4667 3148 4721 alii.

2320 4752 2340 4780 ε
2382 4738 2585 4794 Omnes
2615 4734 2841 4792 editfac
2874 4740 3024 4806 pauci
3053 4752 3183 4792 mss.
3209 4753 3327 4794 cum
3360 4746 3508 4791 textu
3532 4734 3758 4790 llebrmo
3786 4741 3835 4787 et

2243 4811 2424 4882 Vulg..
2454 4822 2500 4864 et
2525 4809 2974 4882 poculummeum;
3003 4825 3133 4864 mss.
3158 4809 3248 4863 alii
3276 4809 3444 4882 multo
3463 4807 3832 4882 _p_l_u_t_'esatque

2240 4877 2596 4951 antiquiores,
2617 4891 2663 4933 et
2685 4881 2923 4946 poculum
2949 4891 3110 4933 tuum.
3153 4882 3244 4937 Sic
3267 4881 3430 4936 etiam
3463 4877 3604 4933 LXX
3640 4887 3690 4932 et
3718 4877 3831 4951 alite

2241 4947 2544 5010 vet'siones.
2561 4952 2699 5006 inira
2718 4967 2844 5006 vero
2862 4951 2995 5006 edit.
3013 4951 3170 5005 Rom.
3189 4953 3324 5015 sola,
3344 4968 3432 5005 nec
3447 4953 3495 5002 in
3516 4966 3602 5003 cor
3621 4947 3831 5001 hominis

2239 5026 2599 5097 ascenderunt.
2627 5021 2934 5097 Cuiversio
2956 5040 3171 5097 quoque
3193 5023 3423 5097 Arabica
3441 5018 3826 5097 istieciinciuit.

2315 5093 2342 5132 ά
2384 5097 2509 5151 Mss.
2545 5095 2808 5159 nonnulli,
2836 5111 2952 5146 cum
2976 5090 3098 5165 ipse
3117 5094 3276 5148 victus
3296 5096 3471 5164 justus
3492 5095 3592 5156 sit;
3625 5092 3713 5145 alii
3740 5090 3829 5141 aii-

2243 5174 2397 5236 quot,
2421 5183 2539 5220 cum
2567 5167 2676 5234 ipse
2697 5181 2786 5219 res:
2815 5165 2958 5233 pacis
2985 5167 3071 5219 vix
3089 5169 3259 5236 justus
3284 5167 3369 5220 sit.

2316 5248 2338 5275 ε
2371 5229 2452 5292 Ab
2487 5229 2636 5291 hisce
2667 5229 2846 5290 verbis
2877 5238 2928 5289 in
2964 5229 3231 5305 superior.
3277 5237 3410 5292 edit.
3444 5244 3607 5306 caput
3631 5233 3663 5288 9
3695 5229 3822 5306 inci-

2247 5308 2426 5378 piebat
2456 5326 2467 5360 :
2498 5322 2659 5378 quam
2687 5317 2894 5378 autem
2938 5301 3263 5376 incongrue,
3324 5322 3483 5361 nemo
3515 5301 3618 5361 non
3663 5301 3820 5378 videt.

2244 5377 2413 5434 Porro
2444 5375 2639 5431 ab'ltoe
2686 5377 2804 5448 ipso
2837 5379 2956 5434 loco
2999 5379 3064 5431 ad
3110 5375 3278 5433 linem
3322 5394 3494 5448 usque
3526 5375 3706 5446 operis
3756 5377 3824 5423 tot

2246 5459 2460 5519 tatnque
2515 5449 2760 5504 eliicacia
2807 5450 3099 5518 probandae
3152 5451 3352 5505 Christi
3396 5453 3445 5503 in
3498 5452 3822 5502 sacramento

2241 5521 2404 5592 reali,
2439 5528 2494 5572 ut
2527 5531 2741 5585 vocant,
2771 5522 3072 5589 praesentia:
3097 5526 3744 5592 suppetuntargumenta,
3771 5519 3822 5592 ut

2243 5605 2304 5646 ea
2334 5591 2656 5660 depromere
2687 5593 2848 5660 atque
2868 5593 3127 5646 adversus
3158 5589 3494 5647 temerariam
3522 5589 3820 5660 Bereugat'ii

2244 5657 2536 5717 novitatem
2569 5657 2848 5732 opponere
2877 5664 3236 5717 strenuissimi
3269 5663 3511 5733 ejusdem
3551 5657 3820 5733 eucharis-

2243 5733 2359 5791 lica:
2415 5730 2658 5789 veritatis
2681 5745 3111 5806 prOpugnatores
3138 5730 3470 5792 Lantrancus
3495 5773 3510 5797 ,
3538 5730 3814 5806 Guitmun-

2240 5809 2361 5881 dus,
2409 5808 2667 5882 Algerus,
2703 5805 2893 5862 Petrus
2922 5805 3317 5871 Cluniacensis,
3349 5806 3547 5880 aliique
3572 5805 3810 5858 certatim
