3946 6180
148 292 226 346 tot
1269 287 1357 343 nr:
1395 274 1765 346 uvsremts
1798 280 2005 345 LIBER
2041 272 2245 343 tinus.

3305 284 3413 345 406

145 404 471 479 §Considera)
499 414 682 464 utrum
710 402 1050 480 przrstantior
1077 403 1146 459 sit
1172 400 1332 473 panis
1358 399 1702 472 angelorum,
1734 403 1785 463 Α
1812 403 2083 473 serpentis
2104 411 2159 458 et
2182 402 2394 475 virgze?
2432 402 2732 462 Cum-bant
2760 402 2979 482 Egypti
3010 396 3230 464 ﬂumina
3269 422 3411 487 puro

144 514 196 553 an
218 514 330 555 caro
356 498 590 567 Christi,
621 518 744 574 qttzn
775 499 952 572 utique
990 510 1190 568 corpus
1214 505 1298 552 est
1341 495 1484 550 vitae.
1513 493 1707 550 Manna

145 593 247 649 illud
264 608 294 649 e
317 592 484 657 coelo,
520 593 623 650 hoc
667 608 831 665 supra
857 592 1089 656 uelum;
1121 587 1253 644 illud
1275 587 1399 644 εαξη
1425 629 1440 654 ,
1470 586 1575 642 hoc
1602 586 1711 642 Do—

142 687 247 742 mini
290 686 604 743 ctelorum:
655 686 788 743 illud
835 683 1167 756 corruptioni
1200 681 1518 749 obnoxium,
1568 680 1611 735 si
1653 679 1707 735 in

140 776 254 832 diem
278 777 509 832 alterum
533 787 879 842 servaretur;
929 776 1031 831 hoc
1057 773 1293 830 alienum
1322 770 1391 826 ab
1420 772 1568 826 omni
1590 785 1703 826 cor-

139 869 381 942 ruptione,
410 870 577 944 338
596 871 740 943 quod
768 872 1090 942 quicumque
1116 869 1369 939 religiose
1390 865 1705 937 gustaverit,

138 965 512 1035 corruptionem
544 964 749 1019 sentire
779 978 887 1019 non
915 962 1130 1035 poterit.
1162 961 1269 1016 Illis
1295 975 1432 1031 aqua
1457 958 1525 1014 de
1558 969 1707 1027 petra

140 1058 273 1113 ﬂuxit
296 1057 491 1128 (Exod.
512 1073 645 1123 xvn,
669 1055 751 1128 6),
787 1056 881 1111 tibi
907 1055 1123 1126 sanguis
1144 1069 1175 1109 e
1199 1052 1418 1110 Christo
1444 1050 1706 1124 (Joan.vt,

140 1151 196 1205 55
221 1161 263 1207 et
290 1152 421 1224 seq.)
449 1169 462 1205 :
495 1150 617 1206 illos
646 1150 713 1206 ad
744 1151 933 1206 horam
956 1149 1174 1204 satiavit
1201 1162 1337 1217 aqua
1359 1188 1375 1214 ,
1408 1154 1460 1202 te
1488 1145 1709 1216 sanguis

136 1242 273 1298 diluit
314 1243 370 1297 in
401 1253 685 1299 aeternum.
735 1241 958 1299 Judreus
1007 1240 1171 1308 bibit,
1222 1250 1275 1295 et
1300 1238 1450 1293 sitit:
1504 1247 1560 1293 tu
1582 1250 1705 1292 cum

138 1336 341 1403 biberis,
371 1336 524 1392 sitire
550 1351 660 1391 non
689 1333 892 1407 poteris
923 1352 938 1389 :
970 1344 1024 1389 et
1052 1332 1183 1387 illud
1204 1330 1257 1387 in
1280 1330 1492 1398 umbra,
1521 1330 1623 1385 hoc
1651 1330 1704 1385 in

136 1430 358 1485 veritate.

190 1524 275 1579 49.
316 1522 373 1579 Si
413 1522 547 1578 illud
592 1520 736 1593 quod
790 1522 1024 1586 miraris,
1059 1520 1247 1576 umbra
1285 1526 1407 1585 est;
1444 1526 1704 1591 quantum

136 1616 255 1672 istud
289 1626 395 1684 est,
424 1616 585 1689 cujus
612 1626 663 1673 et
685 1617 929 1673 umbram
971 1615 1185 1672 miraris
1210 1616 1223 1669 !
1272 1612 1407 1670 Audi
1436 1615 1562 1685 quia
1585 1629 1703 1667 um.

134 1710 211 1763 lira
235 1718 316 1765 est
337 1725 457 1780 qua:
487 1709 630 1780 apud
654 1719 833 1781 patres
858 1708 995 1764 facta
1018 1716 1101 1763 est
1134 1726 1148 1761 :
1190 1705 1436 1763 Bibebant
1454 1748 1469 1773 ,
1496 1707 1701 1777 inquit,

1811 508 2071 565 aquarum
2108 504 2324 565 meatu,
2369 498 2548 554 subito
2596 496 2666 554 de
2715 501 2942 557 fontium
2988 500 3150 555 venis
3189 498 3411 572 sanguis

1810 590 1975 659 coepit
1998 604 2306 661 erumpere;
2324 599 2379 646 et
2399 607 2505 647 non
2520 602 2636 648 erat
2658 604 2816 664 potus
2838 590 2891 649 in
2914 588 3405 664 ﬂuvillexod.vu,

1809 680 1883 736 20
1910 690 1959 735 et
1989 682 2144 751 ηιμ).
2178 691 2203 720 ι
2235 681 2443 739 Rursus
2472 699 2500 738 a
2543 684 2822 758 propheta:
2847 700 3010 757 prece
3038 700 3202 743 cruor
3221 699 3407 741 cessa-

1812 774 1886 826 vit
1908 771 2213 839 ﬂuminum,
2244 789 2502 845 aquarum
2545 787 2733 831 natura
2763 776 3043 832 remeavit.
3072 766 3407 833 Circumclu-

1810 877 1903 919 sus
1920 863 2159 935 undique
2184 873 2299 920 erat
2331 867 2559 937 populus
2589 868 2963 933 Hebrmomm.
2989 866 3115 925 hinc
3134 862 3406 944 Aigyptiis

1809 956 2060 1028 vallatus,
2086 958 2212 1013 inde
2233 960 2370 1013 mari
2398 960 2615 1015 clausus
2643 978 2657 1016 :
2689 961 2892 1032 virgam
2925 962 3123 1019 levavit
3152 958 3362 1035 Moyses
3388 1004 3403 1029 ,

1809 1050 2082 1119 separavit
2112 1066 2170 1106 se
2196 1066 2355 1121 aqua,
2389 1060 2445 1107 et
2474 1053 2526 1106 in
2551 1067 2828 1108 murorum
2847 1054 3029 1124 specie
3058 1053 3361 1125 congelavit
3388 1096 3405 1121 ,

1809 1148 1973 1211 atque
2002 1141 2145 1197 inter
2175 1142 2347 1198 undas
2367 1145 2455 1197 via
2486 1143 2751 1215 pedestris
2779 1144 3027 1215 apparuit
3059 1143 3255 1217 (Exod.
3288 1163 3402 1215 xrv,

1807 1231 1869 1286 2i
1905 1242 1952 1285 et
1977 1230 2131 1303 πᾳ).
2160 1230 2412 1288 Iordanis
2438 1244 2735 1290 retrorsum
2771 1250 3069 1292 conversus
3098 1248 3287 1294 contra
3311 1254 3406 1294 na—

1810 1333 1982 1378 turam
2015 1324 2068 1380 in
2120 1326 2199 1380 sui
2227 1325 2391 1381 fontis
2433 1327 2653 1382 revertit
2689 1327 2969 1384 exordium
3001 1327 3142 1400 (los.
3168 1346 3250 1400 ιιι,
3288 1330 3401 1401 ili).

1808 1417 1998 1472 Nonne
2015 1418 2188 1473 claret
2215 1427 2461 1475 naturam
2493 1420 2575 1476 vel
2599 1422 2990 1478 maritimorum
3012 1422 3272 1480 ﬂuctuum
3318 1427 3403 1480 vel

1808 1512 2040 1567 ﬂuvialis
2070 1528 2262 1568 cursus
2290 1528 2413 1569 esse
2455 1516 2754 1570 mutatam?
2786 1512 3014 1572 Sitiebat
3046 1518 3279 1589 pupulus
3311 1535 3405 1591 pa-

1808 1613 1971 1670 trum,
2002 1606 2178 1676 tetlgit
2207 1607 2424 1679 Moyses
2454 1616 2688 1678 petram,
2714 1617 2768 1663 et
2795 1625 2931 1680 aqua
2961 1609 3029 1666 de
3052 1621 3202 1682 petra
3229 1610 3401 1667 ﬂuxit.

1807 1698 2074 1769 Numquid
2108 1714 2213 1755 non
2244 1709 2445 1771 prteter
2466 1709 2712 1757 naturam
2749 1711 2974 1774 operata
3013 1711 3099 1760 est
3122 1704 3317 1778 gratia,
3345 1715 3405 1761 ut

133 1803 186 1857 de
208 1804 522 1874 consequenti
549 1819 634 1857 eos
663 1812 849 1876 petra:
895 1812 1039 1874 petra
1078 1811 1248 1856 autem
1297 1810 1406 1853 erat
1441 1797 1697 1853 Christus.
1732 1796 1781 1856 Β
1807 1805 1998 1860 aquam
2032 1802 2273 1847 vomeret
2315 1800 2490 1863 petra,
2522 1809 2683 1863 quam
2732 1809 2837 1850 non
2883 1795 3116 1852 habebat
3164 1798 3403 1856 natura?

136 1894 226 1951 Sed
248 1914 344 1951 non
374 1898 427 1952 in
453 1897 689 1967 pluribus
710 1914 883 1951 eorum
910 1896 1273 1966 cornplacitum
1298 1903 1371 1949 est
1400 1893 1539 1960 Deo;
1587 1910 1703 1948 nam

131 1992 350 2060 prostrati
379 2002 497 2045 sunt
546 1990 600 2044 in
629 1991 827 2045 deserto
859 1988 911 2063 (I
943 1988 1065 2044 Cor.
1090 2006 1145 2056 ι,
1170 1988 1224 2055 ι,
1258 1986 1342 2060 5).
1376 1987 1501 2044 Haec
1523 1995 1702 2044 autem

134 2086 177 2136 in
199 2082 355 2154 ﬁgura
384 2082 521 2139 laeta
544 2094 671 2138 sunt
700 2090 909 2138 nostra.
939 2079 1254 2153 Cognoviin
1278 2081 1655 2150 praestantiora
1683 2095 1697 2143 ;

132 2177 291 2243 potior
305 2184 388 2232 est
405 2178 546 2232 enim
576 2178 664 2232 lux
684 2191 845 2249 quam
869 2174 1079 2237 umbra,
1103 2173 1305 2228 veritas
1325 2187 1484 2244 quam
1506 2170 1698 2243 ﬁgura,

132 2285 309 2342 corpus
339 2271 575 2329 auctoris
601 2283 764 2342 quam
789 2283 983 2325 manna
1011 2266 1079 2323 de
1105 2265 1266 2322 caelo.

717 2383 948 2463 CAPUT
1001 2382 1091 2439 Ix.

128 2478 200 2534 Ne
224 2480 332 2547 quis
354 2490 567 2535 externa
590 2480 862 2552 perculsus
886 2478 1076 2550 specie,
1111 2478 1162 2531 in
1192 2476 1297 2546 ﬁde
1319 2477 1556 2547 ﬂuctuet,
1582 2475 1700 2544 plu-

183 2573 327 2626 rimis
369 2572 647 2641 exemplis,
696 2572 882 2643 quibus
906 2579 1160 2624 mutatam
1190 2579 1280 2622 aut
1324 2568 1512 2622 uictam
1539 2566 1701 2638 fuisse

182 2674 416 2718 naturam
447 2672 680 2727 constat,
735 2665 789 2718 in
817 2664 1041 2717 medium
1071 2661 1245 2716 allatis
1267 2702 1283 2728 ,
1326 2677 1352 2714 e
1376 2676 1509 2733 pane
1532 2675 1700 2713 veram

178 2754 368 2810 Christi
391 2771 603 2811 carnem
629 2756 746 2826 ﬁeri
768 2757 972 2810 evincit.
1004 2753 1272 2808 Postremo
1301 2751 1563 2806 nonnullis
1583 2765 1700 2821 qua:

178 2848 244 2901 ad
285 2846 497 2915 dicatus
535 2850 681 2921 ejus,
726 2848 976 2902 utentium
1014 2845 1378 2915 dispositiones
1416 2858 1476 2897 ac
1510 2840 1699 2897 similia

176 2940 450 3009 pertinent,
484 2940 708 3011 figurate
734 2938 1031 3009 propositis,
1064 2946 1338 2990 tractatum
1369 2934 1588 2988 claudit.

174 3092 261 3151 50.
303 3093 471 3151 Forte
515 3094 709 3152 dicas:
754 3094 910 3151 Aliud
943 3093 1136 3159 video,
1180 3091 1453 3165 quomodo
1480 3103 1535 3146 tu
1562 3091 1695 3147 mihi

1811 1880 1837 1919 ι)
1858 1881 2072 1936 Merrba
2098 1880 2297 1937 ﬂuvius
2317 1882 2689 1940 amarissimus
2718 1894 2854 1952 erat,
2875 1894 2932 1941 ut
2952 1887 3143 1946 sitiens
3169 1890 3405 1961 populus

1808 1973 1994 2030 bibere
2025 1990 2131 2029 non
2178 1985 2382 2044 posset.
2418 1977 2562 2032 Misit
2584 1976 2799 2050 Moyses
2827 1974 2992 2052 339
3025 1978 3229 2052 lignum
3261 1981 3314 2038 in
3344 2000 3403 2037 a-

1807 2084 1991 2139 quam,
2015 2079 2069 2124 et
2097 2067 2513 2125 amaritudinem
2542 2084 2693 2126 suam
2720 2084 2981 2143 aquarum
3015 2083 3204 2130 natura
3234 2074 3403 2148 depo-

1806 2159 1914 2215 suit
1943 2158 2143 2229 (Exod.
2163 2174 2254 2226 xv,
2279 2161 2351 2216 εδ
2368 2170 2415 2215 et
2442 2160 2600 2233 seq.),
2628 2176 2786 2234 quam
2817 2162 2989 2219 infusa
3020 2164 3200 2221 subito
3227 2168 3398 2239 gratia

1806 2254 2148 2323 temperavit.
2169 2252 2284 2308 Sub
2309 2252 2501 2309 Elisa-n
2519 2255 2781 2325 propheta
2804 2256 2892 2311 uni
2910 2266 2975 2312 ex
3004 2254 3129 2313 filiis
3159 2259 3399 2331 prophe-

1806 2356 1980 2402 tarunt
2010 2361 2297 2404 excussum
2326 2356 2407 2403 est
2430 2346 2634 2403 ferrum
2658 2347 2725 2405 de
2743 2352 2939 2418 securi,
2968 2358 3024 2407 et
3047 2354 3228 2409 statim
3253 2372 3398 2410 mer-

1804 2456 1922 2495 sum
1972 2452 2075 2497 est.
2120 2441 2348 2513 Rogavit
2375 2442 2651 2512 Elisaeum,
2699 2446 2789 2515 qui
2845 2445 3104 2501 amiserat
3145 2440 3393 2503 ferrum:

1803 2534 1951 2589 misit
1981 2535 2142 2589 etiam
2178 2532 2404 2589 Elisaaus
2426 2532 2632 2605 lignum
2657 2534 2710 2591 in
2740 2546 2957 2608 aquam,
2986 2546 3041 2593 et
3068 2537 3268 2594 ferrum
3301 2557 3398 2597 na-

1804 2627 1937 2681 tavit
1963 2625 2069 2694 (IV
2106 2626 2232 2700 Reg.
2272 2641 2345 2692 vt,
2378 2624 2453 2697 6).
2483 2626 2681 2699 Utique
2704 2640 2757 2684 et
2788 2628 2891 2686 hoc
2924 2634 3119 2698 praeter
3147 2636 3395 2690 naturam

1802 2716 2003 2772 factum
2025 2718 2437 2789 cognoscimus;
2460 2720 2676 2789 gravior
2697 2728 2779 2777 est
2803 2721 2948 2777 enim
2972 2734 2992 2761 ο
3012 2720 3140 2779 ferri
3162 2726 3394 2797 species,

1802 2826 1964 2883 quam
1995 2818 2253 2882 aquarum
2276 2808 2472 2882 liquor.

1873 2904 1962 2959 5‘2.
2006 2904 2352 2959 Advertimus
2379 2903 2545 2976 igitur
2574 2904 2794 2977 majoris
2821 2920 2943 2964 esse
2968 2903 2996 2946 ι¹
3036 2906 3250 2966 virtutis
3274 2926 3395 2984 gra-

1804 2997 1931 3052 tiam
1981 3012 2140 3069 quam
2193 3007 2441 3054 naturam
2468 3041 2483 3065 ,
2512 3007 2567 3056 et
2610 2999 2789 3057 adhuc
2834 3011 3013 3058 tamen
3064 3004 3397 3077 prophetica:

1802 3088 2199 3147 benedictionis
2227 3106 2579 3148 numeramus
2606 3095 2876 3165 gratiam?
2906 3095 3063 3164 Quod
3096 3096 3142 3152 si
3190 3104 3396 3161 tantum

108 3186 301 3244 asseris
329 3189 472 3261 quod
510 3186 714 3243 Christi
743 3202 940 3257 corpus
969 3184 1274 3257 accipiam?
1304 3184 1369 3240 Et
1392 3182 1498 3239 hoc
1539 3183 1696 3241 nobis
1723 3186 1768 3249 C
1806 3184 1974 3238 valuit
2002 3183 2233 3239 humana
2277 3184 2620 3253 benedictio,
2651 3196 2709 3240 ut
2753 3196 3003 3243 naturam
3050 3198 3394 3263 converteret

100 3281 277 3336 adhuc
319 3289 565 3352 superest
594 3289 653 3335 ut
697 3280 1010 3350 probemus.
1041 3277 1267 3347 Quantis
1291 3279 1454 3350 igitur
1490 3279 1692 3333 utimur

98 3374 399 3446 exemplis!
426 3372 727 3430 Probemus
755 3386 860 3427 non
893 3371 999 3427 hoc
1023 3386 1143 3428 esse
1179 3366 1320 3443 quod
1350 3379 1540 3426 natura
1583 3371 1693 3426 for-

96 3467 290 3533 mavit,
316 3468 409 3523 sed
439 3465 582 3537 quod
602 3464 903 3521 benedictio
922 3467 1254 3521 Consecravit
1278 3483 1293 3520 :
1320 3467 1691 3538 majoremqne

97 3561 205 3615 vim
231 3573 359 3615 esse
382 3557 777 3613 benedictionis
802 3570 962 3628 quam
992 3568 1238 3625 naturae;
1278 3558 1402 3629 quia
1434 3557 1689 3613 benedic-

94 3652 244 3708 tione
274 3652 439 3707 etiam
462 3661 655 3706 natura
686 3650 799 3719 ipsa
829 3657 1088 3705 mutatur.

160 3744 256 3799 Si.
293 3741 513 3813 Virgam
539 3740 762 3798 tenebat
782 3741 1015 3814 Moyses,
1038 3742 1270 3813 projecit
1297 3757 1439 3810 eam,
1469 3752 1523 3797 et
1551 3743 1689 3798 facta

87 3833 642 3908 estserpens(Ea:od.
674 3852 749 3902 tv,
778 3836 828 3903 5,
862 3834 941 3908 4).
974 3835 1183 3891 Rursus
1227 3835 1516 3906 prehendit
1562 3851 1690 3890 cau-

85 3928 217 3983 dam
244 3929 543 3999 serpentis,
574 3939 633 3986 et
669 3930 722 3985 in
757 3930 923 4001 virgas
953 3939 1199 3986 naturam
1237 3931 1484 3987 revertit.
1529 3932 1691 3989 Vides

86 4023 259 4094 igitur
285 4021 605 4097 prophetica
627 4024 796 4094 gratia
828 4023 909 4079 bis
930 4032 1187 4079 mutatam
1216 4039 1338 4080 esse
1365 4036 1612 4080 naturam
1637 4035 1691 4084 et

81 4158 501 4219 contenderim.
548 4160 735 4232 Neque
765 4176 893 4216 vero
920 4169 979 4216 ut
1017 4161 1236 4218 easdem
1278 4162 1555 4220 elevarent
1607 4175 1697 4220 aut

79 4234 385 4290 eluderent
430 4233 813 4302 probationes,
863 4233 1168 4304 segniorem
1215 4248 1434 4304 operam
1468 4251 1697 4293 navave-

82 4316 219 4362 runt
265 4304 612 4360 heterodoxi‘.
644 4304 1022 4359 Verumtamen
1070 4305 1293 4374 inanes,
1344 4320 1414 4361 ne
1452 4306 1696 4364 dicamus

78 4381 329 4448 ineptas.
353 4391 541 4449 eorum
562 4377 807 4449 argutias
831 4386 1001 4449 atque
1026 4377 1399 4449 cavillationes
1426 4392 1548 4434 esse
1571 4396 1699 4449 pru-

78 4446 228 4505 dens
252 4449 429 4503 lector
471 4446 630 4502 facile
658 4446 1038 4515 deprehendit.
1090 4447 1192 4502 Adi
1220 4449 1484 4502 eminent.
1528 4446 1691 4506 card.

79 4519 348 4590 Perronii
375 4519 470 4573 lib.
499 4518 621 4577 nde
643 4517 878 4590 Euchar.
899 4531 1035 4572 sect.
1068 4518 1156 4583 il,
1181 4534 1242 4573 ac
1270 4528 1403 4575 tom.
1438 4518 1479 4573 11
1510 4521 1693 4590 operis

77 4595 151 4647 de
182 4584 738 4675 Perpetuitatelidei,
762 4590 1236 4675 ‘etc.,.vernaculo
1262 4605 1515 4675 sermone
1540 4584 1684 4648 evul-
1720 4614 1773 4675 Ι)

78 4662 437 4735 gati,_etboc
468 4661 679 4735 ibi_tam
728 4661 877 4735 clare
896 4662 1335 4735 demonstratum
1393 4661 1578 4731 leges,
1634 4675 1693 4719 ut

78 4729 175 4805 qui
234 4733 498 4805 Romana:
528 4730 791 4787 Ecclesitc
836 4729 999 4805 ﬁdem
1026 4733 1101 4805 _in
1142 4733 1334 4805 iisdem
1367 4729 1692 4791 testimoniis

75 4801 196 4861 non
225 4804 448 4860 videant
502 4817 852 4876 expressam,
899 4801 1040 4857 baud
1087 4802 1382 4875 vulgariter
1439 4806 1693 4861 caecutire

72 4876 461 4933 afﬁrmaturus
480 4878 579 4930 sis.

152 4958 182 4986 ³
224 4949 371 5004 Edit.
408 4960 625 5011 omnes,
655 4954 712 5017 et
732 4960 863 5000 mss.
897 4944 1265 5017 nonnulli,ad
1285 4945 1551 5017 prapheta:
1575 4964 1691 5017 pre-

70 5038 163 5076 ces
182 5038 210 5086 ;
229 5021 325 5076 alii
345 5020 571 5088 aliquot,
603 5026 659 5072 et
676 5016 1009 5089 Lanlrancus
1033 5032 1153 5089 eum
1182 5014 1312 5082 illis,
1341 5017 1410 5070 ad
1433 5014 1695 5089 prophetat

66 5106 238 5148 voces
256 5110 276 5157 ;
306 5086 547 5147 omnium
573 5088 878 5161 veterrimi,
926 5105 958 5141 ιι
996 5086 1264 5161 propheta:
1289 5104 1467 5158 prece,
1501 5086 1552 5143 id
1576 5099 1691 5156 est,

65 5165 274 5219 statim
302 5163 452 5218 finita
485 5161 607 5231 ejus
630 5159 900 5214 oratione.

149 5236 185 5273 δ
238 5234 461 5291 Veteres
476 5228 622 5290 edit.
649 5246 773 5285 cum
797 5244 930 5284 mss.
964 5245 1072 5285 non
1106 5229 1313 5297 paucis,
1348 5228 1556 5284 Marath
1585 5232 1691 5302 ﬂu-

66 5306 423 5369 vius;Bom.
448 5307 593 5364 sola.
639 5302 851 5357 Ματιηὴ
884 5304 1032 5373 fons;
1074 5302 1162 5355 alii
1198 5316 1329 5356 mss.
1365 5302 1689 5372 frequentis-

61 5378 246 5436 simi.
274 5386 334 5431 ut
360 5380 410 5432 in
440 5384 618 5431 textu.

149 5461 180 5489 ε
218 5447 374 5503 Ferri
409 5443 911 5519 speciesphocAcst
937 5485 951 5506 .
984 5441 1114 5497 ferri
1145 5453 1335 5519 natura
1366 5441 1697 5519 etsubslan-

60 5523 178 5576 tia.
230 5513 472 5591 Namque
507 5521 618 5591 isto
647 5513 956 5591 signiﬁcatu
979 5526 1166 5591 vocem
1199 5516 1394 5586 species
1424 5514 1692 5568 interdum

53 5593 226 5663 sumi
263 5585 423 5663 supra
451 5585 789 5663 docuitipse
820 5585 1159 5663 Ambrusius.

145 5661 184 5700 ά
222 5655 389 5719 Dictio
416 5660 630 5718 virtutis
652 5655 708 5712 in
734 5672 867 5711 mss.
891 5655 1232 5712 desideratur
1254 5698 1269 5723 ,
1294 5670 1455 5726 quam
1494 5669 1595 5726 nec
1634 5670 1693 5707 a-

54 5735 545 5808 gnoscitAlgerus
571 5730 671 5785 lib.
699 5746 739 5808 t,
764 5744 885 5808 cap.
902 5729 1164 5808 9_._Exstat
1188 5724 1365 5808 tamen
1390 5724 1529 5794 apud
1556 5726 1693 5808 l.an-

60 5798 415 5871 Trancum'e't
444 5806 500 5869 in
528 5803 748 5863 cunctis
771 5799 903 5857 edit.
933 5798 1004 5859 Et
1036 5808 1186 5855 certe
1219 5798 1267 5854 si
1301 5803 1649 5852 removeatur
1670 5837 1687 5863 ,

1798 3274 1890 3342 (Ill
1923 3276 2053 3349 Reg.
2091 3293 2252 3345 mn,
2285 3277 2377 3349 58)
2402 3295 2417 3345 ;
2446 3277 2574 3349 quid
2623 3279 2855 3338 dicimus
2887 3280 2954 3337 de
2998 3283 3110 3357 ipsa
3145 3294 3168 3321 ε
3199 3302 3392 3344 conse-

1798 3372 2040 3427 cratione
2086 3370 2313 3439 divina,
2343 3370 2433 3428 ubi
2479 3372 2642 3428 verba
2689 3373 2805 3445 ipsa
2833 3372 3048 3431 Domini
3091 3375 3391 3447 Salvatoris

1798 3465 2133 3534 operantur?
2161 3463 2295 3521 Nam
2331 3473 2731 3522 sacramentum
2780 3464 2925 3523 istud
2955 3470 3103 3541 quod
3147 3471 3348 3545 accipis
3375 3517 3391 3541 ,

1796 3558 2000 3615 Christi
2046 3573 2301 3616 sermone
2348 3560 2655 3616 coniicitur.
2685 3561 2839 3628 Quod
2881 3562 2925 3617 si
2975 3570 3182 3619 tantum
3224 3566 3392 3623 valuit

1798 3667 1983 3709 sermo
2012 3652 2142 3707 Elite
2162 3693 2179 3720 ,
2210 3662 2270 3707 ut
2303 3652 2479 3723 ignem
2512 3652 2580 3708 de
2608 3653 2748 3708 coelo
2794 3653 3129 3724 deponeret:
3160 3668 3265 3711 non
3299 3674 3390 3713 va-

1797 3745 1929 3800 lebit
1953 3743 2156 3800 Christi
2186 3742 2405 3807 sermo,
2438 3754 2498 3798 ut
2523 3745 2731 3814 species
2763 3755 2935 3800 mutet
2957 3746 3391 3805 elementorum?

1798 3838 1871 3891 De
1902 3836 2064 3892 totius
2109 3835 2294 3890 mundi
2344 3835 2601 3905 operibus
2632 3835 2807 3905 legisti
2842 3854 2854 3889 :
2901 3836 3033 3901 Quia
3076 3838 3186 3908 ipse
3212 3840 3381 3908 dixit,

1794 3939 1841 3985 et
1875 3930 2013 4000 {acta
2050 3937 2210 3981 sunt:
2247 3927 2359 3997 ipse
2402 3925 2666 3978 mandavit
2688 3968 2702 3990 ,
2734 3936 2782 3980 et
2818 3936 2993 3981 creata
3035 3938 3154 3983 sunt
3198 3929 3385 4004 (Psal.

1794 4040 1997 4083 chvm
2018 4064 2035 4093 ,
2066 4022 2121 4079 5.
2155 4018 2237 4076 De
2268 4019 2512 4083 Consec.,
2543 4018 2664 4074 dist.
2688 4018 2724 4075 Ξ
2747 4061 2761 4083 .
2788 4036 2835 4075 c.
2874 4018 2938 4075 In
2966 4022 3188 4095 quibus,
3220 4024 3250 4099 ᾗ
3288 4027 3392 4083 συ-

1796 4157 2255 4231 subintelligonda
2280 4156 2588 4215 necessario
2608 4159 2711 4215 erit
2727 4202 2741 4229 ,
2769 4157 2850 4214 vel
2872 4158 2973 4216 alia
3000 4176 3104 4217 non
3127 4162 3392 4224 absimilis

1798 4230 2228 4307 signiﬁcationis.

1874 4318 1898 4345 ε
1931 4304 2028 4361 Hic
2059 4301 2401 4375 apertissime
2435 4301 3234 4375 sacramentalisconsecratio
3273 4306 3391 4363 lieri

1793 4379 2018 4433 docetur
2046 4373 2293 4449 ip'sismet
2335 4373 2545 4428 Domini
2584 4375 2766 4449 verbis
2790 4417 2804 4441 ,
2844 4373 2954 4429 illis
2992 4376 3242 4433 videlicet
3268 4393 3389 4449 qua:

1796 4449 1854 4507 S.
1888 4443 2093 4517 Przesul
2123 4446 2257 4501 inira
2286 4454 2564 4517 memorat
2588 4464 2617 4517 :7
2638 4443 2750 4517 Hoc
2780 4455 2853 4501 est
2883 4463 3067 4517 corpus
3098 4443 3298 4505 meum.-
3317 4448 3387 4506 Ita

1790 4523 1951 4577 etiam
1979 4514 2071 4576 lib.
2098 4536 2150 4574 tv
2173 4520 2241 4571 de
2277 4516 2544 4582 Sacram,
2569 4516 2661 4572 ubi
2688 4517 2875 4572 eadem
2898 4514 3241 4575 eucharistia:
3263 4534 3393 4577 con-

1798 4592 2029 4648 secratio
2060 4589 2358 4667 Dominicis
2383 4588 2544 4642 etiam
2568 4588 2748 4643 verbis
2775 4603 2895 4667 cap.
2919 4593 2953 4642 4
2975 4592 3230 4645 attributa
3261 4584 3391 4667 luit;

1798 4678 2045 4729 numnam
2078 4663 2169 4717 illa
2201 4660 2310 4715 sint
2336 4700 2350 4723 ,
2382 4674 2503 4729 cap.
2531 4674 2651 4730 seq.
2676 4660 2968 4730 exponitur
2995 4672 3061 4730 eo
3105 4672 3236 4716 sane
3275 4660 3393 4723 mo;

1793 4724 1865 4805 do
1888 4778 1901 4797 ,
1936 4748 2043 4805 quo
2072 4732 2207 4805 nihil
2235 4730 2340 4805 dici
2370 4724 2569 4805 clarius
2604 4724 3016 4805 putest._Scmel
3046 4733 3188 4786 enim
3229 4745 3390 4804 atque

1793 4801 1991 4860 iterum
2023 4802 2260 4858 inculcat
2298 4802 2413 4854 lucc
2442 4802 2555 4869 ipsa
2591 4817 2713 4855 esse
2740 4820 2752 4854 :
2788 4801 3016 4869 Accipite
3038 4844 3052 4866 ,
3084 4812 3127 4856 et
3154 4805 3288 4858 edite
3308 4801 3390 4859 ea:

1786 4876 1884 4930 hoc
1916 4891 2127 4938 omnes;
2159 4875 2255 4943 hoc
2278 4884 2351 4924 est
2392 4873 2527 4925 enim
2557 4888 2742 4943 corpus
2781 4889 2987 4943 meum;
3028 4882 3082 4927 et
3115 4874 3217 4928 alia
3253 4874 3342 4930 illa
3370 4892 3384 4929 :
3458 4888 3461 4891 ‘

1796 4947 2032 5020 Accipite
2046 4987 2060 5007 ,
2090 4955 2135 4999 et
2161 4941 2315 5020 bibite
2342 4943 2523 5020 e:c__hoc
2554 4941 2770 5020 milites;
2790 4942 2873 5020 hic
2903 4951 2977 5020 est
3018 4946 3393 5020 enim‘sunguis

1798 5011 1960 5072 mens.
1994 5015 2058 5070 Et
2082 5030 2150 5070 ne
2173 5011 2298 5085 quid
2332 5012 2601 5085 relinquat
2628 5012 3027 5085 ambiguitatis,
3057 5012 3243 5084 adjicit
3264 5011 3391 5072 ante

1795 5087 1996 5143 Christi
2018 5083 2409 5158 rverba'panem
2435 5098 2497 5137 ac
2525 5083 2707 5136 viuum
2735 5097 2855 5139 esse
2881 5102 2894 5137 :
2926 5084 3031 5158 illis
3056 5083 3236 5158 autem
3268 5102 3391 5158 pro-

1797 5157 2059 5213 nuntiatis
2085 5197 2099 5219 ,
2139 5156 2248 5225 jam
2292 5168 2413 5209 esse
2450 5168 2650 5225 corpus
2691 5164 2744 5208 et
2788 5157 3105 5224 sanguinem
3150 5156 3388 5225 Domini.

1798 5231 1914 5285 Non
1955 5216 2267 5299 ἱεηοῆῖιιιις
2311 5226 2525 5299 quidem
2552 5216 2947 5299 'Gra‘eosintEr
2974 5235 3135 5299 atque
3170 5220 3393 5299 Latinos

1796 5302 1862 5355 de
1885 5295 2052 5354 forma
2075 5297 2500 5352 consecrationis
2526 5295 2769 5352 nonnihil
2794 5295 3129 5354 intercedere
3154 5295 3387 5366 dissidii,

1801 5384 1901 5426 nec
1930 5368 2282 5425 Scholasticis
2308 5368 2470 5422 etiam
2500 5369 2719 5421 omnino
2749 5368 2886 5421 inter
2910 5382 2971 5422 se
3008 5368 3300 5426 convenire
3332 5373 3387 5427 in

1799 5440 1901 5497 hac
1929 5439 2154 5496 materia
2183 5459 2196 5495 :
2226 5439 2319 5495 sed
2351 5441 2451 5492 boc
2480 5437 2600 5491 loco
2630 5436 2865 5492 sufﬁciat
2895 5438 3244 5496 admonuisse
3269 5456 3387 5497 om-

1798 5513 1929 5567 nino
1956 5512 2159 5567 nullum
2190 5527 2255 5565 ex
2284 5510 2518 5580 antiquis
2546 5508 2792 5563 Patribus
2820 5509 2919 5564 hac
2942 5509 3010 5565 de
3043 5526 3101 5565 re
3133 5512 3386 5566 manifes-

1798 5586 1903 5639 tius
1930 5582 2172 5637 loeutum
2218 5596 2374 5644 esse,
2407 5595 2563 5649 quam
2610 5580 2709 5635 bos
2755 5581 2890 5634 duos
2918 5624 2933 5649 ,
2976 5580 3020 5637 si
3068 5591 3245 5637 tamen
3277 5581 3389 5639 duo

1793 5664 1955 5721 sunt,
1984 5663 2274 5717 auctores;
2308 5662 2677 5721 prmtereaque
2705 5653 3168 5709 consecrationem
3197 5667 3260 5707 ac
3286 5654 3385 5711 be-

1794 5726 2156 5781 nedictionem
2190 5722 2293 5778 hoc
2322 5723 2440 5793 ipso
2472 5721 2589 5778 loco
2619 5721 2764 5778 idem
2796 5737 3013 5779 sonare.
