  <div class='ocr_page' id='page_1' title='image "/cluster/home/n/w/nwhite01/storage/ocr_20150623/16/uva.x000826550/212.png"; bbox 0 0 3946 6180; ppageno 0'>
   <div class='ocr_carea' id='block_1_1' title="bbox 175 267 3412 336">
    <p class='ocr_par' dir='ltr' id='par_1_1' title="bbox 175 267 3412 336">
     <span class='ocr_line' id='line_1_1' title="bbox 175 267 3412 336; baseline 0.006 -22"><span class='ocrx_word' id='word_1_1' title='bbox 175 275 260 334; x_wconf 47' lang='lat'><strong>~409</strong></span> <span class='ocrx_word' id='word_1_2' title='bbox 1109 268 1197 325; x_wconf 83' lang='lat' dir='ltr'><strong>DE</strong></span> <span class='ocrx_word' id='word_1_3' title='bbox 1237 269 1729 327; x_wconf 77' lang='lat' dir='ltr'><strong>SACRAMENTIS</strong></span> <span class='ocrx_word' id='word_1_4' title='bbox 1766 267 1965 327; x_wconf 74' lang='lat' dir='ltr'><strong>LIBRI.</strong></span> <span class='ocrx_word' id='word_1_5' title='bbox 2012 269 2401 327; x_wconf 65' lang='lat' dir='ltr'><strong>PREFA&#39;I‘IO.</strong></span> <span class='ocrx_word' id='word_1_6' title='bbox 3302 277 3412 336; x_wconf 72' lang='lat'><strong>“0</strong></span> 
     </span>
    </p>
   </div>
   <div class='ocr_carea' id='block_1_2' title="bbox 180 381 3412 458">
    <p class='ocr_par' dir='ltr' id='par_1_2' title="bbox 180 381 3412 458">
     <span class='ocr_line' id='line_1_2' title="bbox 180 381 3412 458; baseline 0.001 -16"><span class='ocrx_word' id='word_1_7' title='bbox 180 386 247 443; x_wconf 84' lang='lat' dir='ltr'><strong>Dei</strong></span> <span class='ocrx_word' id='word_1_8' title='bbox 267 399 433 457; x_wconf 85' lang='lat' dir='ltr'><strong>corpus</strong></span> <span class='ocrx_word' id='word_1_9' title='bbox 467 394 549 441; x_wconf 90' lang='lat' dir='ltr'><strong>est</strong></span> <span class='ocrx_word' id='word_1_10' title='bbox 585 384 832 457; x_wconf 74' lang='lat' dir='ltr'><strong>spiritale</strong></span> <span class='ocrx_word' id='word_1_11' title='bbox 859 401 873 438; x_wconf 92' lang='lat'><strong>:</strong></span> <span class='ocrx_word' id='word_1_12' title='bbox 916 397 1115 454; x_wconf 87' lang='lat' dir='ltr'><strong>corpus</strong></span> <span class='ocrx_word' id='word_1_13' title='bbox 1149 381 1355 442; x_wconf 90' lang='lat' dir='ltr'><strong>Christi</strong></span> <span class='ocrx_word' id='word_1_14' title='bbox 1382 399 1584 456; x_wconf 88' lang='lat' dir='ltr'><strong>corpus</strong></span> <span class='ocrx_word' id='word_1_15' title='bbox 1612 394 1698 441; x_wconf 92' lang='lat' dir='ltr'><strong>cst</strong></span> <span class='ocrx_word' id='word_1_16' title='bbox 1723 388 1773 448; x_wconf 82' lang='grc' dir='ltr'>Α</span> <span class='ocrx_word' id='word_1_17' title='bbox 1803 385 1887 441; x_wconf 91' lang='lat' dir='ltr'><strong>Ius</strong></span> <span class='ocrx_word' id='word_1_18' title='bbox 1916 384 2003 440; x_wconf 90' lang='lat' dir='ltr'><strong>hic</strong></span> <span class='ocrx_word' id='word_1_19' title='bbox 2031 395 2235 441; x_wconf 77' lang='lat' dir='ltr'><strong>naturae</strong></span> <span class='ocrx_word' id='word_1_20' title='bbox 2267 387 2436 456; x_wconf 89' lang='lat' dir='ltr'><strong>ordo,</strong></span> <span class='ocrx_word' id='word_1_21' title='bbox 2466 386 2561 443; x_wconf 90' lang='lat' dir='ltr'><strong>ubi</strong></span> <span class='ocrx_word' id='word_1_22' title='bbox 2600 385 2926 443; x_wconf 76' lang='lat' dir='ltr'><strong>excellentia</strong></span> <span class='ocrx_word' id='word_1_23' title='bbox 2955 387 3145 458; x_wconf 66' lang='lat' dir='ltr'><strong>gratim</strong></span> <span class='ocrx_word' id='word_1_24' title='bbox 3173 397 3276 445; x_wconf 90' lang='lat' dir='ltr'><strong>est.</strong></span> <span class='ocrx_word' id='word_1_25' title='bbox 3308 389 3412 446; x_wconf 82' lang='lat' dir='ltr'><strong>De-</strong></span> 
     </span>
    </p>
   </div>
   <div class='ocr_carea' id='block_1_3' title="bbox 178 477 3414 552">
    <p class='ocr_par' dir='ltr' id='par_1_3' title="bbox 178 477 3414 552">
     <span class='ocr_line' id='line_1_3' title="bbox 178 477 3414 552; baseline 0.001 -16"><span class='ocrx_word' id='word_1_26' title='bbox 178 479 304 536; x_wconf 86' lang='lat' dir='ltr'><strong>divini</strong></span> <span class='ocrx_word' id='word_1_27' title='bbox 337 478 589 549; x_wconf 90' lang='lat' dir='ltr'><strong>Spiritus;</strong></span> <span class='ocrx_word' id='word_1_28' title='bbox 631 488 657 516; x_wconf 73' lang='grc' dir='ltr'>ι</span> <span class='ocrx_word' id='word_1_29' title='bbox 699 479 823 550; x_wconf 80' lang='lat' dir='ltr'><strong>quia</strong></span> <span class='ocrx_word' id='word_1_30' title='bbox 866 477 1100 549; x_wconf 74' lang='lat' dir='ltr'><strong>Spiritus</strong></span> <span class='ocrx_word' id='word_1_31' title='bbox 1146 477 1435 544; x_wconf 77' lang='lat' dir='ltr'><strong>Christus,</strong></span> <span class='ocrx_word' id='word_1_32' title='bbox 1471 487 1532 533; x_wconf 91' lang='lat' dir='ltr'><strong>ut</strong></span> <span class='ocrx_word' id='word_1_33' title='bbox 1575 477 1710 550; x_wconf 89' lang='lat' dir='ltr'><strong>legi-</strong></span> <span class='ocrx_word' id='word_1_34' title='bbox 1810 479 1974 552; x_wconf 89' lang='lat' dir='ltr'><strong>nique</strong></span> <span class='ocrx_word' id='word_1_35' title='bbox 2001 493 2106 535; x_wconf 93' lang='lat' dir='ltr'><strong>non</strong></span> <span class='ocrx_word' id='word_1_36' title='bbox 2148 493 2368 550; x_wconf 84' lang='lat' dir='ltr'><strong>semper</strong></span> <span class='ocrx_word' id='word_1_37' title='bbox 2405 495 2536 536; x_wconf 90' lang='lat' dir='ltr'><strong>usus</strong></span> <span class='ocrx_word' id='word_1_38' title='bbox 2575 488 2783 536; x_wconf 73' lang='lat' dir='ltr'><strong>natura:</strong></span> <span class='ocrx_word' id='word_1_39' title='bbox 2811 478 2839 518; x_wconf 74' lang='grc' dir='ltr'><strong>ι)</strong></span> <span class='ocrx_word' id='word_1_40' title='bbox 2883 481 3291 552; x_wconf 77' lang='lat' dir='ltr'><strong>generationem</strong></span> <span class='ocrx_word' id='word_1_41' title='bbox 3333 480 3414 538; x_wconf 80' lang='lat' dir='ltr'><strong>fa-</strong></span> 
     </span>
    </p>
   </div>
   <div class='ocr_carea' id='block_1_4' title="bbox 175 569 3416 642">
    <p class='ocr_par' dir='ltr' id='par_1_4' title="bbox 175 569 3416 642">
     <span class='ocr_line' id='line_1_4' title="bbox 175 569 3416 642; baseline 0 -14"><span class='ocrx_word' id='word_1_42' title='bbox 175 587 292 628; x_wconf 80' lang='lat' dir='ltr'><strong>mas:</strong></span> <span class='ocrx_word' id='word_1_43' title='bbox 321 571 533 642; x_wconf 86' lang='lat' dir='ltr'><strong>Spiritus</strong></span> <span class='ocrx_word' id='word_1_44' title='bbox 559 581 680 626; x_wconf 89' lang='lat' dir='ltr'><strong>ante</strong></span> <span class='ocrx_word' id='word_1_45' title='bbox 708 571 896 642; x_wconf 87' lang='lat' dir='ltr'><strong>faciem</strong></span> <span class='ocrx_word' id='word_1_46' title='bbox 925 580 1155 625; x_wconf 81' lang='lat' dir='ltr'><strong>nostram</strong></span> <span class='ocrx_word' id='word_1_47' title='bbox 1187 569 1424 627; x_wconf 73' lang='lat' dir='ltr'><strong>Christus</strong></span> <span class='ocrx_word' id='word_1_48' title='bbox 1454 570 1706 626; x_wconf 80' lang='lat' dir='ltr'><strong>Dominus</strong></span> <span class='ocrx_word' id='word_1_49' title='bbox 1809 569 1882 624; x_wconf 90' lang='lat' dir='ltr'><strong>cit</strong></span> <span class='ocrx_word' id='word_1_50' title='bbox 1906 585 1919 622; x_wconf 93' lang='lat'>:</span> <span class='ocrx_word' id='word_1_51' title='bbox 1949 578 2270 640; x_wconf 87' lang='lat' dir='ltr'><strong>generatum</strong></span> <span class='ocrx_word' id='word_1_52' title='bbox 2301 586 2367 627; x_wconf 79' lang='lat' dir='ltr'><strong>ex</strong></span> <span class='ocrx_word' id='word_1_53' title='bbox 2397 571 2617 642; x_wconf 79' lang='lat' dir='ltr'><strong>Virgine</strong></span> <span class='ocrx_word' id='word_1_54' title='bbox 2649 569 2926 626; x_wconf 86' lang='lat' dir='ltr'><strong>Christum</strong></span> <span class='ocrx_word' id='word_1_55' title='bbox 2967 571 3255 628; x_wconf 88' lang='lat' dir='ltr'><strong>Dominum</strong></span> <span class='ocrx_word' id='word_1_56' title='bbox 3283 588 3416 629; x_wconf 91' lang='lat' dir='ltr'><strong>cou-</strong></span> 
     </span>
    </p>
   </div>
   <div class='ocr_carea' id='block_1_5' title="bbox 177 661 3409 735">
    <p class='ocr_par' dir='ltr' id='par_1_5' title="bbox 177 661 3409 735">
     <span class='ocr_line' id='line_1_5' title="bbox 177 661 3409 735; baseline 0.002 -20"><span class='ocrx_word' id='word_1_57' title='bbox 177 661 352 731; x_wconf 80' lang='lat' dir='ltr'><strong>(Tliren.</strong></span> <span class='ocrx_word' id='word_1_58' title='bbox 391 679 468 728; x_wconf 83' lang='lat' dir='ltr'><strong>iv,</strong></span> <span class='ocrx_word' id='word_1_59' title='bbox 515 662 642 734; x_wconf 77' lang='lat'><strong>20).</strong></span> <span class='ocrx_word' id='word_1_60' title='bbox 691 663 762 718; x_wconf 85' lang='lat' dir='ltr'><strong>Et</strong></span> <span class='ocrx_word' id='word_1_61' title='bbox 809 665 862 718; x_wconf 90' lang='lat' dir='ltr'><strong>iu</strong></span> <span class='ocrx_word' id='word_1_62' title='bbox 906 663 1050 718; x_wconf 84' lang='lat' dir='ltr'><strong>Petri</strong></span> <span class='ocrx_word' id='word_1_63' title='bbox 1105 662 1346 732; x_wconf 86' lang='lat' dir='ltr'><strong>Epistola</strong></span> <span class='ocrx_word' id='word_1_64' title='bbox 1397 663 1708 719; x_wconf 83' lang='lat' dir='ltr'><strong>habemus:</strong></span> <span class='ocrx_word' id='word_1_65' title='bbox 1808 663 2053 727; x_wconf 83' lang='lat' dir='ltr'><strong>titemur,</strong></span> <span class='ocrx_word' id='word_1_66' title='bbox 2083 671 2141 718; x_wconf 91' lang='lat' dir='ltr'><strong>et</strong></span> <span class='ocrx_word' id='word_1_67' title='bbox 2185 672 2392 719; x_wconf 69' lang='lat' dir='ltr'><strong>naturae</strong></span> <span class='ocrx_word' id='word_1_68' title='bbox 2431 663 2678 720; x_wconf 88' lang='lat' dir='ltr'><strong>ordinem</strong></span> <span class='ocrx_word' id='word_1_69' title='bbox 2708 663 3063 735; x_wconf 73' lang='lat' dir='ltr'><strong>denegamus.</strong></span> <span class='ocrx_word' id='word_1_70' title='bbox 3106 663 3226 720; x_wconf 85' lang='lat' dir='ltr'><strong>Non</strong></span> <span class='ocrx_word' id='word_1_71' title='bbox 3263 665 3409 721; x_wconf 91' lang='lat' dir='ltr'><strong>enim</strong></span> 
     </span>
    </p>
   </div>
   <div class='ocr_carea' id='block_1_6' title="bbox 174 753 3412 829">
    <p class='ocr_par' dir='ltr' id='par_1_6' title="bbox 174 753 3412 829">
     <span class='ocr_line' id='line_1_6' title="bbox 174 753 3412 829; baseline 0.003 -21"><span class='ocrx_word' id='word_1_72' title='bbox 174 753 355 809; x_wconf 77' lang='lat' dir='ltr'><strong>Christus</strong></span> <span class='ocrx_word' id='word_1_73' title='bbox 378 771 468 826; x_wconf 88' lang='lat' dir='ltr'><strong>pro</strong></span> <span class='ocrx_word' id='word_1_74' title='bbox 496 756 639 810; x_wconf 88' lang='lat' dir='ltr'><strong>nobis</strong></span> <span class='ocrx_word' id='word_1_75' title='bbox 676 765 913 810; x_wconf 85' lang='lat' dir='ltr'><strong>mortuus</strong></span> <span class='ocrx_word' id='word_1_76' title='bbox 943 765 1016 808; x_wconf 88' lang='lat' dir='ltr'><strong>est</strong></span> <span class='ocrx_word' id='word_1_77' title='bbox 1046 754 1099 825; x_wconf 88' lang='lat' dir='ltr'><strong>(l</strong></span> <span class='ocrx_word' id='word_1_78' title='bbox 1131 753 1248 809; x_wconf 87' lang='lat' dir='ltr'><strong>Pet.</strong></span> <span class='ocrx_word' id='word_1_79' title='bbox 1280 770 1348 822; x_wconf 83' lang='grc' dir='ltr'><strong>ιι,</strong></span> <span class='ocrx_word' id='word_1_80' title='bbox 1383 755 1512 826; x_wconf 67' lang='grc'><strong>21).</strong></span> <span class='ocrx_word' id='word_1_81' title='bbox 1547 755 1708 811; x_wconf 89' lang='lat' dir='ltr'><strong>Deui-</strong></span> <span class='ocrx_word' id='word_1_82' title='bbox 1808 770 1873 811; x_wconf 77' lang='lat' dir='ltr'><strong>ex</strong></span> <span class='ocrx_word' id='word_1_83' title='bbox 1911 756 2029 812; x_wconf 87' lang='lat' dir='ltr'><strong>viro</strong></span> <span class='ocrx_word' id='word_1_84' title='bbox 2076 756 2241 813; x_wconf 76' lang='lat' dir='ltr'><strong>Maria</strong></span> <span class='ocrx_word' id='word_1_85' title='bbox 2285 759 2588 829; x_wconf 83' lang='lat' dir='ltr'><strong>concepit:</strong></span> <span class='ocrx_word' id='word_1_86' title='bbox 2635 757 2732 815; x_wconf 88' lang='lat' dir='ltr'><strong>sed</strong></span> <span class='ocrx_word' id='word_1_87' title='bbox 2769 758 2837 814; x_wconf 90' lang='lat' dir='ltr'><strong>de</strong></span> <span class='ocrx_word' id='word_1_88' title='bbox 2876 758 3080 829; x_wconf 91' lang='lat' dir='ltr'><strong>Spiritu</strong></span> <span class='ocrx_word' id='word_1_89' title='bbox 3125 767 3318 816; x_wconf 81' lang='lat' dir='ltr'><strong>sancto</strong></span> <span class='ocrx_word' id='word_1_90' title='bbox 3356 761 3412 816; x_wconf 93' lang='lat' dir='ltr'><strong>in</strong></span> 
     </span>
    </p>
   </div>
   <div class='ocr_carea' id='block_1_7' title="bbox 172 847 3415 920">
    <p class='ocr_par' dir='ltr' id='par_1_7' title="bbox 172 847 3415 920">
     <span class='ocr_line' id='line_1_7' title="bbox 172 847 3415 920; baseline 0.002 -20"><span class='ocrx_word' id='word_1_91' title='bbox 172 861 248 914; x_wconf 82' lang='lat' dir='ltr'><strong>quc</strong></span> <span class='ocrx_word' id='word_1_92' title='bbox 281 860 362 901; x_wconf 90' lang='lat' dir='ltr'><strong>cor</strong></span> <span class='ocrx_word' id='word_1_93' title='bbox 401 857 640 902; x_wconf 88' lang='lat' dir='ltr'><strong>nostrum</strong></span> <span class='ocrx_word' id='word_1_94' title='bbox 668 861 793 903; x_wconf 89' lang='lat' dir='ltr'><strong>esea</strong></span> <span class='ocrx_word' id='word_1_95' title='bbox 837 847 939 903; x_wconf 87' lang='lat' dir='ltr'><strong>ista</strong></span> <span class='ocrx_word' id='word_1_96' title='bbox 968 847 1289 914; x_wconf 84' lang='lat' dir='ltr'><strong>conﬁrmat,</strong></span> <span class='ocrx_word' id='word_1_97' title='bbox 1318 856 1373 903; x_wconf 92' lang='lat' dir='ltr'><strong>et</strong></span> <span class='ocrx_word' id='word_1_98' title='bbox 1404 857 1563 918; x_wconf 88' lang='lat' dir='ltr'><strong>potus</strong></span> <span class='ocrx_word' id='word_1_99' title='bbox 1605 849 1708 904; x_wconf 88' lang='lat' dir='ltr'><strong>iste</strong></span> <span class='ocrx_word' id='word_1_100' title='bbox 1809 857 1966 904; x_wconf 91' lang='lat' dir='ltr'><strong>utero</strong></span> <span class='ocrx_word' id='word_1_101' title='bbox 1992 849 2244 920; x_wconf 87' lang='lat' dir='ltr'><strong>accepit,</strong></span> <span class='ocrx_word' id='word_1_102' title='bbox 2274 860 2332 906; x_wconf 92' lang='lat' dir='ltr'><strong>ut</strong></span> <span class='ocrx_word' id='word_1_103' title='bbox 2369 851 2501 907; x_wconf 90' lang='lat' dir='ltr'><strong>dicit</strong></span> <span class='ocrx_word' id='word_1_104' title='bbox 2548 851 2836 906; x_wconf 71' lang='lat' dir='ltr'><strong>Matthaeus</strong></span> <span class='ocrx_word' id='word_1_105' title='bbox 2869 869 2882 904; x_wconf 89' lang='lat'>:</span> <span class='ocrx_word' id='word_1_106' title='bbox 2918 851 3052 919; x_wconf 84' lang='lat' dir='ltr'><strong>Quia</strong></span> <span class='ocrx_word' id='word_1_107' title='bbox 3097 852 3304 907; x_wconf 80' lang='lat' dir='ltr'><strong>inventa</strong></span> <span class='ocrx_word' id='word_1_108' title='bbox 3334 863 3415 907; x_wconf 88' lang='lat' dir='ltr'><strong>est</strong></span> 
     </span>
    </p>
   </div>
   <div class='ocr_carea' id='block_1_8' title="bbox 168 936 3410 1017">
    <p class='ocr_par' dir='ltr' id='par_1_8' title="bbox 168 936 3410 1017">
     <span class='ocr_line' id='line_1_8' title="bbox 168 936 3410 1017; baseline 0.003 -24"><span class='ocrx_word' id='word_1_109' title='bbox 168 936 287 1010; x_wconf 63' lang='lat'><strong>353</strong></span> <span class='ocrx_word' id='word_1_110' title='bbox 312 938 534 995; x_wconf 64' lang='lat' dir='ltr'><strong>laetiﬁcat</strong></span> <span class='ocrx_word' id='word_1_111' title='bbox 557 953 653 995; x_wconf 91' lang='lat' dir='ltr'><strong>cor</strong></span> <span class='ocrx_word' id='word_1_112' title='bbox 678 938 916 995; x_wconf 85' lang='lat' dir='ltr'><strong>hominis</strong></span> <span class='ocrx_word' id='word_1_113' title='bbox 939 979 954 1005; x_wconf 91' lang='lat'><strong>,</strong></span> <span class='ocrx_word' id='word_1_114' title='bbox 985 947 1044 994; x_wconf 89' lang='lat' dir='ltr'><strong>ut</strong></span> <span class='ocrx_word' id='word_1_115' title='bbox 1082 937 1355 1011; x_wconf 77' lang='lat' dir='ltr'><strong>Propheta</strong></span> <span class='ocrx_word' id='word_1_116' title='bbox 1387 939 1706 996; x_wconf 80' lang='lat' dir='ltr'><strong>memoravit</strong></span> <span class='ocrx_word' id='word_1_117' title='bbox 1811 942 1867 996; x_wconf 90' lang='lat' dir='ltr'><strong>in</strong></span> <span class='ocrx_word' id='word_1_118' title='bbox 1902 953 2047 996; x_wconf 91' lang='lat' dir='ltr'><strong>utero</strong></span> <span class='ocrx_word' id='word_1_119' title='bbox 2074 943 2262 998; x_wconf 77' lang='lat' dir='ltr'><strong>trabeas</strong></span> <span class='ocrx_word' id='word_1_120' title='bbox 2293 944 2358 998; x_wconf 90' lang='lat' dir='ltr'><strong>de</strong></span> <span class='ocrx_word' id='word_1_121' title='bbox 2385 944 2590 1014; x_wconf 81' lang='lat' dir='ltr'><strong>Spiritu</strong></span> <span class='ocrx_word' id='word_1_122' title='bbox 2635 955 2815 999; x_wconf 90' lang='lat' dir='ltr'><strong>sancto</strong></span> <span class='ocrx_word' id='word_1_123' title='bbox 2846 943 3074 1016; x_wconf 79' lang='lat' dir='ltr'><strong>(Matth.</strong></span> <span class='ocrx_word' id='word_1_124' title='bbox 3106 961 3122 1000; x_wconf 86' lang='grc' dir='ltr'><strong>ι</strong></span> <span class='ocrx_word' id='word_1_125' title='bbox 3148 986 3164 1013; x_wconf 87' lang='grc'><em>,</em></span> <span class='ocrx_word' id='word_1_126' title='bbox 3201 945 3315 1017; x_wconf 90' lang='grc'><strong>18).</strong></span> <span class='ocrx_word' id='word_1_127' title='bbox 3351 945 3410 1002; x_wconf 89' lang='lat' dir='ltr'><strong>Si</strong></span> 
     </span>
    </p>
   </div>
   <div class='ocr_carea' id='block_1_9' title="bbox 168 1032 3411 1108">
    <p class='ocr_par' dir='ltr' id='par_1_9' title="bbox 168 1032 3411 1108">
     <span class='ocr_line' id='line_1_9' title="bbox 168 1032 3411 1108; baseline 0.003 -24"><span class='ocrx_word' id='word_1_128' title='bbox 168 1032 299 1100; x_wconf 87' lang='lat' dir='ltr'><strong>(Psal.</strong></span> <span class='ocrx_word' id='word_1_129' title='bbox 325 1049 409 1089; x_wconf 80' lang='lat' dir='ltr'><strong>cui</strong></span> <span class='ocrx_word' id='word_1_130' title='bbox 431 1075 445 1098; x_wconf 93' lang='lat'><strong>,</strong></span> <span class='ocrx_word' id='word_1_131' title='bbox 480 1035 591 1106; x_wconf 87' lang='grc'><strong>15).</strong></span> <span class='ocrx_word' id='word_1_132' title='bbox 1805 1049 1937 1106; x_wconf 89' lang='lat' dir='ltr'><strong>ergo</strong></span> <span class='ocrx_word' id='word_1_133' title='bbox 1963 1036 2356 1106; x_wconf 90' lang='lat' dir='ltr'><strong>superveniens</strong></span> <span class='ocrx_word' id='word_1_134' title='bbox 2376 1034 2616 1107; x_wconf 88' lang='lat' dir='ltr'><strong>Spiritus</strong></span> <span class='ocrx_word' id='word_1_135' title='bbox 2642 1046 2862 1092; x_wconf 87' lang='lat' dir='ltr'><strong>sanctus</strong></span> <span class='ocrx_word' id='word_1_136' title='bbox 2885 1036 2939 1091; x_wconf 94' lang='lat' dir='ltr'><strong>in</strong></span> <span class='ocrx_word' id='word_1_137' title='bbox 2953 1035 3229 1108; x_wconf 83' lang='lat' dir='ltr'><strong>Virginem</strong></span> <span class='ocrx_word' id='word_1_138' title='bbox 3247 1079 3262 1103; x_wconf 95' lang='lat'><strong>,</strong></span> <span class='ocrx_word' id='word_1_139' title='bbox 3286 1052 3411 1093; x_wconf 87' lang='lat' dir='ltr'><strong>con-</strong></span> 
     </span>
    </p>
   </div>
   <div class='ocr_carea' id='block_1_10' title="bbox 213 1124 3416 1202">
    <p class='ocr_par' dir='ltr' id='par_1_10' title="bbox 213 1124 3416 1202">
     <span class='ocr_line' id='line_1_10' title="bbox 213 1124 3416 1202; baseline 0.002 -23"><span class='ocrx_word' id='word_1_140' title='bbox 213 1125 283 1182; x_wconf 77' lang='lat'><strong>59.</strong></span> <span class='ocrx_word' id='word_1_141' title='bbox 322 1124 464 1184; x_wconf 88' lang='lat' dir='ltr'><strong>Unde</strong></span> <span class='ocrx_word' id='word_1_142' title='bbox 490 1127 672 1198; x_wconf 86' lang='lat' dir='ltr'><strong>adepti</strong></span> <span class='ocrx_word' id='word_1_143' title='bbox 714 1127 930 1193; x_wconf 90' lang='lat' dir='ltr'><strong>omnia,</strong></span> <span class='ocrx_word' id='word_1_144' title='bbox 961 1128 1198 1184; x_wconf 88' lang='lat' dir='ltr'><strong>sciamus</strong></span> <span class='ocrx_word' id='word_1_145' title='bbox 1227 1138 1579 1200; x_wconf 86' lang='lat' dir='ltr'><strong>regeneratos</strong></span> <span class='ocrx_word' id='word_1_146' title='bbox 1603 1144 1703 1186; x_wconf 93' lang='lat' dir='ltr'><strong>nos</strong></span> <span class='ocrx_word' id='word_1_147' title='bbox 1806 1128 2113 1196; x_wconf 88' lang='lat' dir='ltr'><strong>ceptionem</strong></span> <span class='ocrx_word' id='word_1_148' title='bbox 2133 1137 2390 1199; x_wconf 88' lang='lat' dir='ltr'><strong>operatus</strong></span> <span class='ocrx_word' id='word_1_149' title='bbox 2406 1139 2524 1195; x_wconf 88' lang='lat' dir='ltr'><strong>est,</strong></span> <span class='ocrx_word' id='word_1_150' title='bbox 2544 1139 2599 1185; x_wconf 87' lang='lat' dir='ltr'><strong>et</strong></span> <span class='ocrx_word' id='word_1_151' title='bbox 2619 1131 2988 1202; x_wconf 83' lang='lat' dir='ltr'><strong>generationis</strong></span> <span class='ocrx_word' id='word_1_152' title='bbox 3011 1146 3214 1187; x_wconf 91' lang='lat' dir='ltr'><strong>munus</strong></span> <span class='ocrx_word' id='word_1_153' title='bbox 3232 1131 3416 1202; x_wconf 84' lang='lat' dir='ltr'><strong>imple-</strong></span> 
     </span>
    </p>
   </div>
   <div class='ocr_carea' id='block_1_11' title="bbox 164 1219 3409 1294">
    <p class='ocr_par' dir='ltr' id='par_1_11' title="bbox 164 1219 3409 1294">
     <span class='ocr_line' id='line_1_11' title="bbox 164 1219 3409 1294; baseline 0.002 -22"><span class='ocrx_word' id='word_1_154' title='bbox 164 1231 288 1272; x_wconf 81' lang='lat' dir='ltr'><strong>esse:</strong></span> <span class='ocrx_word' id='word_1_155' title='bbox 330 1233 423 1276; x_wconf 90' lang='lat' dir='ltr'><strong>nec</strong></span> <span class='ocrx_word' id='word_1_156' title='bbox 464 1219 711 1276; x_wconf 86' lang='lat' dir='ltr'><strong>dicamus</strong></span> <span class='ocrx_word' id='word_1_157' title='bbox 734 1261 750 1286; x_wconf 95' lang='lat'><strong>,</strong></span> <span class='ocrx_word' id='word_1_158' title='bbox 806 1221 1081 1292; x_wconf 91' lang='lat' dir='ltr'><strong>quomodo</strong></span> <span class='ocrx_word' id='word_1_159' title='bbox 1126 1221 1430 1292; x_wconf 83' lang='lat' dir='ltr'><strong>regenerati</strong></span> <span class='ocrx_word' id='word_1_160' title='bbox 1473 1223 1705 1279; x_wconf 87' lang='lat' dir='ltr'><strong>sumus?</strong></span> <span class='ocrx_word' id='word_1_161' title='bbox 1804 1222 1920 1276; x_wconf 88' lang='lat' dir='ltr'><strong>vit:</strong></span> <span class='ocrx_word' id='word_1_162' title='bbox 1956 1237 2063 1277; x_wconf 89' lang='lat' dir='ltr'><strong>non</strong></span> <span class='ocrx_word' id='word_1_163' title='bbox 2099 1222 2284 1292; x_wconf 83' lang='lat' dir='ltr'><strong>utique</strong></span> <span class='ocrx_word' id='word_1_164' title='bbox 2319 1222 2684 1279; x_wconf 84' lang='lat' dir='ltr'><strong>dubitandum</strong></span> <span class='ocrx_word' id='word_1_165' title='bbox 2711 1232 2796 1278; x_wconf 89' lang='lat' dir='ltr'><strong>est</strong></span> <span class='ocrx_word' id='word_1_166' title='bbox 2835 1223 2981 1291; x_wconf 92' lang='lat' dir='ltr'><strong>quod</strong></span> <span class='ocrx_word' id='word_1_167' title='bbox 3014 1222 3409 1294; x_wconf 78' lang='lat' dir='ltr'><strong>superveniens</strong></span> 
     </span>
    </p>
   </div>
   <div class='ocr_carea' id='block_1_12' title="bbox 159 1305 3412 1386">
    <p class='ocr_par' dir='ltr' id='par_1_12' title="bbox 159 1305 3412 1386">
     <span class='ocr_line' id='line_1_12' title="bbox 159 1305 3412 1386; baseline 0.002 -22"><span class='ocrx_word' id='word_1_168' title='bbox 159 1305 377 1386; x_wconf 71' lang='lat' dir='ltr'><strong>Numquid</strong></span> <span class='ocrx_word' id='word_1_169' title='bbox 405 1309 458 1365; x_wconf 90' lang='lat' dir='ltr'><strong>in</strong></span> <span class='ocrx_word' id='word_1_170' title='bbox 488 1319 736 1367; x_wconf 85' lang='lat' dir='ltr'><strong>ventrem</strong></span> <span class='ocrx_word' id='word_1_171' title='bbox 767 1311 956 1366; x_wconf 89' lang='lat' dir='ltr'><strong>matris</strong></span> <span class='ocrx_word' id='word_1_172' title='bbox 986 1320 1188 1367; x_wconf 74' lang='lat' dir='ltr'><strong>nostrae</strong></span> <span class='ocrx_word' id='word_1_173' title='bbox 1234 1313 1582 1368; x_wconf 90' lang='lat' dir='ltr'><strong>introivimus</strong></span> <span class='ocrx_word' id='word_1_174' title='bbox 1605 1355 1620 1381; x_wconf 94' lang='lat'><strong>,</strong></span> <span class='ocrx_word' id='word_1_175' title='bbox 1649 1323 1704 1370; x_wconf 91' lang='lat' dir='ltr'><strong>et</strong></span> <span class='ocrx_word' id='word_1_176' title='bbox 1806 1316 1861 1373; x_wconf 90' lang='lat' dir='ltr'><strong>in</strong></span> <span class='ocrx_word' id='word_1_177' title='bbox 1893 1313 2096 1371; x_wconf 75' lang='lat' dir='ltr'><strong>fontem</strong></span> <span class='ocrx_word' id='word_1_178' title='bbox 2117 1356 2135 1383; x_wconf 96' lang='lat'><strong>,</strong></span> <span class='ocrx_word' id='word_1_179' title='bbox 2161 1314 2247 1371; x_wconf 87' lang='lat' dir='ltr'><strong>vel</strong></span> <span class='ocrx_word' id='word_1_180' title='bbox 2273 1330 2438 1386; x_wconf 88' lang='lat' dir='ltr'><strong>super</strong></span> <span class='ocrx_word' id='word_1_181' title='bbox 2467 1330 2564 1372; x_wconf 84' lang='lat' dir='ltr'><strong>eos</strong></span> <span class='ocrx_word' id='word_1_182' title='bbox 2586 1315 2678 1386; x_wconf 88' lang='lat' dir='ltr'><strong>qui</strong></span> <span class='ocrx_word' id='word_1_183' title='bbox 2709 1314 3039 1385; x_wconf 85' lang='lat' dir='ltr'><strong>baptismum</strong></span> <span class='ocrx_word' id='word_1_184' title='bbox 3069 1329 3412 1385; x_wconf 78' lang='lat' dir='ltr'><strong>consequun-</strong></span> 
     </span>
    </p>
   </div>
   <div class='ocr_carea' id='block_1_13' title="bbox 157 1402 3038 1481">
    <p class='ocr_par' dir='ltr' id='par_1_13' title="bbox 157 1402 3038 1481">
     <span class='ocr_line' id='line_1_13' title="bbox 157 1402 3038 1481; baseline 0.003 -28"><span class='ocrx_word' id='word_1_185' title='bbox 157 1402 292 1455; x_wconf 78' lang='lat' dir='ltr'><strong>renati</strong></span> <span class='ocrx_word' id='word_1_186' title='bbox 318 1403 538 1458; x_wconf 87' lang='lat' dir='ltr'><strong>sumus?</strong></span> <span class='ocrx_word' id='word_1_187' title='bbox 567 1417 676 1458; x_wconf 93' lang='lat' dir='ltr'><strong>non</strong></span> <span class='ocrx_word' id='word_1_188' title='bbox 705 1417 952 1480; x_wconf 85' lang='lat' dir='ltr'><strong>agnoseo</strong></span> <span class='ocrx_word' id='word_1_189' title='bbox 988 1419 1145 1460; x_wconf 89' lang='lat' dir='ltr'><strong>usum</strong></span> <span class='ocrx_word' id='word_1_190' title='bbox 1186 1412 1412 1461; x_wconf 60' lang='lat' dir='ltr'><strong>natura}.</strong></span> <span class='ocrx_word' id='word_1_191' title='bbox 1451 1406 1558 1462; x_wconf 86' lang='lat' dir='ltr'><strong>Sed</strong></span> <span class='ocrx_word' id='word_1_192' title='bbox 1586 1407 1707 1462; x_wconf 90' lang='lat' dir='ltr'><strong>nul-</strong></span> <span class='ocrx_word' id='word_1_193' title='bbox 1808 1418 1895 1466; x_wconf 90' lang='lat' dir='ltr'><strong>tur</strong></span> <span class='ocrx_word' id='word_1_194' title='bbox 1917 1455 1931 1478; x_wconf 94' lang='lat'><strong>,</strong></span> <span class='ocrx_word' id='word_1_195' title='bbox 1964 1409 2250 1466; x_wconf 88' lang='lat' dir='ltr'><strong>veritatem</strong></span> <span class='ocrx_word' id='word_1_196' title='bbox 2283 1409 2717 1481; x_wconf 86' lang='lat' dir='ltr'><strong>regenerationis</strong></span> <span class='ocrx_word' id='word_1_197' title='bbox 2739 1418 3038 1480; x_wconf 51' lang='lat' dir='ltr'><strong>operetur;</strong></span> 
     </span>
    </p>
   </div>
   <div class='ocr_carea' id='block_1_14' title="bbox 157 1533 1696 1661">
    <p class='ocr_par' dir='ltr' id='par_1_14' title="bbox 157 1533 1696 1661">
     <span class='ocr_line' id='line_1_14' title="bbox 157 1533 1696 1661; baseline 0.016 -87"><span class='ocrx_word' id='word_1_198' title='bbox 157 1537 360 1661; x_wconf 37' lang='lat' dir='ltr'><strong>the-$.53.</strong></span> <span class='ocrx_word' id='word_1_199' title='bbox 385 1533 599 1613; x_wconf 86' lang='lat' dir='ltr'><strong>aliquot</strong></span> <span class='ocrx_word' id='word_1_200' title='bbox 627 1556 736 1598; x_wconf 91' lang='lat' dir='ltr'><strong>non</strong></span> <span class='ocrx_word' id='word_1_201' title='bbox 779 1541 1056 1598; x_wconf 78' lang='lat' dir='ltr'><strong>inferioris</strong></span> <span class='ocrx_word' id='word_1_202' title='bbox 1098 1553 1276 1609; x_wconf 69' lang='lat' dir='ltr'><strong>notae,</strong></span> <span class='ocrx_word' id='word_1_203' title='bbox 1316 1550 1440 1613; x_wconf 84' lang='lat' dir='ltr'><strong>quia</strong></span> <span class='ocrx_word' id='word_1_204' title='bbox 1469 1544 1696 1616; x_wconf 76' lang='lat' dir='ltr'><strong>Spiritus</strong></span> 
     </span>
     <span class='ocr_line' id='line_1_15' title="bbox 171 1626 1098 1661; baseline 0.006 -2"><span class='ocrx_word' id='word_1_205' title='bbox 171 1645 181 1659; x_wconf 75' lang='grc' dir='ltr'><strong><em>Δ</em></strong></span> <span class='ocrx_word' id='word_1_206' title='bbox 211 1626 269 1661; x_wconf 60' lang='lat' dir='ltr'><strong>ﬁl</strong></span> <span class='ocrx_word' id='word_1_207' title='bbox 287 1627 322 1661; x_wconf 78' lang='lat' dir='ltr'><strong>I.</strong></span> <span class='ocrx_word' id='word_1_208' title='bbox 504 1646 506 1648; x_wconf 63' lang='grc' dir='ltr'><strong><em>τ</em></strong></span> <span class='ocrx_word' id='word_1_209' title='bbox 684 1633 688 1636; x_wconf 84' lang='grc'><em>”</em></span> <span class='ocrx_word' id='word_1_210' title='bbox 1093 1640 1098 1644; x_wconf 83' lang='grc'><strong>’</strong></span> 
     </span>
    </p>
   </div>
   <div class='ocr_carea' id='block_1_15' title="bbox 171 1620 688 1664">
    <p class='ocr_par' dir='ltr' id='par_1_15' title="bbox 171 1620 688 1664">
     <span class='ocr_line' id='line_1_16' title="bbox 171 1620 688 1664; baseline 0.01 -5"><span class='ocrx_word' id='word_1_211' title='bbox 171 1620 322 1664; x_wconf 57' lang='grc' dir='ltr'><strong>Απειῡ.</strong></span> <span class='ocrx_word' id='word_1_212' title='bbox 504 1646 506 1648; x_wconf 62' lang='grc' dir='ltr'><strong><em>τ</em></strong></span> <span class='ocrx_word' id='word_1_213' title='bbox 684 1633 688 1636; x_wconf 84' lang='grc'><em>”</em></span> 
     </span>
    </p>
   </div>
   <div class='ocr_carea' id='block_1_16' title="bbox 1803 1526 3412 1672">
    <p class='ocr_par' dir='ltr' id='par_1_16' title="bbox 1803 1547 3412 1672">
     <span class='ocr_line' id='line_1_17' title="bbox 1803 1547 3412 1672; baseline 0.002 -72"><span class='ocrx_word' id='word_1_214' title='bbox 1803 1548 1968 1672; x_wconf 71' lang='lat' dir='ltr'><strong>facit;</strong></span> <span class='ocrx_word' id='word_1_215' title='bbox 1997 1547 2179 1602; x_wconf 78' lang='lat' dir='ltr'><strong>caeteri</strong></span> <span class='ocrx_word' id='word_1_216' title='bbox 2218 1547 2309 1618; x_wconf 90' lang='lat' dir='ltr'><strong>qui</strong></span> <span class='ocrx_word' id='word_1_217' title='bbox 2349 1557 2405 1602; x_wconf 92' lang='lat' dir='ltr'><strong>ct</strong></span> <span class='ocrx_word' id='word_1_218' title='bbox 2450 1547 2823 1618; x_wconf 84' lang='lat' dir='ltr'><strong>probatiores,</strong></span> <span class='ocrx_word' id='word_1_219' title='bbox 2863 1548 3266 1619; x_wconf 77' lang='lat' dir='ltr'><strong>generationem.</strong></span> <span class='ocrx_word' id='word_1_220' title='bbox 3301 1548 3412 1603; x_wconf 86' lang='lat' dir='ltr'><strong>Me-</strong></span> 
     </span>
     <span class='ocr_line' id='line_1_18' title="bbox 1827 1618 3407 1672; baseline 0 0"><span class='ocrx_word' id='word_1_221' title='bbox 1827 1619 1907 1672; x_wconf 89' lang='lat' dir='ltr'><strong>ius</strong></span> <span class='ocrx_word' id='word_1_222' title='bbox 1926 1661 1939 1672; x_wconf 88' lang='lat'><strong>.</strong></span> <span class='ocrx_word' id='word_1_223' title='bbox 1969 1629 2028 1672; x_wconf 91' lang='lat' dir='ltr'><strong>ut</strong></span> <span class='ocrx_word' id='word_1_224' title='bbox 2056 1620 2170 1672; x_wconf 84' lang='lat' dir='ltr'><strong>inse</strong></span> <span class='ocrx_word' id='word_1_225' title='bbox 2194 1634 2390 1672; x_wconf 89' lang='lat' dir='ltr'><strong>sensus</strong></span> <span class='ocrx_word' id='word_1_226' title='bbox 2414 1629 2603 1672; x_wconf 80' lang='lat' dir='ltr'><strong>auerte</strong></span> <span class='ocrx_word' id='word_1_227' title='bbox 2643 1618 2836 1672; x_wconf 87' lang='lat' dir='ltr'><strong>docet:</strong></span> <span class='ocrx_word' id='word_1_228' title='bbox 2865 1633 2963 1672; x_wconf 79' lang='lat' dir='ltr'><strong>nec</strong></span> <span class='ocrx_word' id='word_1_229' title='bbox 3010 1619 3154 1672; x_wconf 88' lang='lat' dir='ltr'><strong>enim</strong></span> <span class='ocrx_word' id='word_1_230' title='bbox 3180 1633 3407 1672; x_wconf 75' lang='lat' dir='ltr'><strong>reuene-</strong></span> 
     </span>
    </p>
   </div>
   <div class='ocr_carea' id='block_1_17' title="bbox 207 1680 1692 1760">
    <p class='ocr_par' dir='ltr' id='par_1_17' title="bbox 207 1680 1692 1760">
     <span class='ocr_line' id='line_1_19' title="bbox 207 1680 1692 1760; baseline 0.002 -22"><span class='ocrx_word' id='word_1_231' title='bbox 207 1680 429 1740; x_wconf 68' lang='lat' dir='ltr'><strong>bOmnes</strong></span> <span class='ocrx_word' id='word_1_232' title='bbox 468 1684 603 1742; x_wconf 90' lang='lat' dir='ltr'><strong>edit.</strong></span> <span class='ocrx_word' id='word_1_233' title='bbox 649 1693 705 1742; x_wconf 90' lang='lat' dir='ltr'><strong>et</strong></span> <span class='ocrx_word' id='word_1_234' title='bbox 742 1700 876 1742; x_wconf 85' lang='lat' dir='ltr'><strong>mss.</strong></span> <span class='ocrx_word' id='word_1_235' title='bbox 919 1687 1206 1753; x_wconf 90' lang='lat' dir='ltr'><strong>nonnulli,</strong></span> <span class='ocrx_word' id='word_1_236' title='bbox 1251 1689 1692 1760; x_wconf 80' lang='lat' dir='ltr'><strong>regenerationem</strong></span> 
     </span>
    </p>
   </div>
   <div class='ocr_carea' id='block_1_18' title="bbox 1827 1618 3422 1690">
    <p class='ocr_par' dir='ltr' id='par_1_18' title="bbox 1827 1618 3422 1690">
     <span class='ocr_line' id='line_1_20' title="bbox 1827 1618 3422 1690; baseline 0.002 -19"><span class='ocrx_word' id='word_1_237' title='bbox 1827 1619 1907 1672; x_wconf 89' lang='lat' dir='ltr'><strong>ius</strong></span> <span class='ocrx_word' id='word_1_238' title='bbox 1926 1661 1939 1682; x_wconf 90' lang='lat'><strong>,</strong></span> <span class='ocrx_word' id='word_1_239' title='bbox 1969 1629 2028 1673; x_wconf 91' lang='lat' dir='ltr'><strong>ut</strong></span> <span class='ocrx_word' id='word_1_240' title='bbox 2056 1620 2170 1689; x_wconf 88' lang='lat' dir='ltr'><strong>ipsc</strong></span> <span class='ocrx_word' id='word_1_241' title='bbox 2194 1634 2390 1674; x_wconf 90' lang='lat' dir='ltr'><strong>sensus</strong></span> <span class='ocrx_word' id='word_1_242' title='bbox 2414 1629 2603 1688; x_wconf 90' lang='lat' dir='ltr'><strong>aperte</strong></span> <span class='ocrx_word' id='word_1_243' title='bbox 2643 1618 2836 1683; x_wconf 87' lang='lat' dir='ltr'><strong>docet;</strong></span> <span class='ocrx_word' id='word_1_244' title='bbox 2865 1618 2963 1673; x_wconf 80' lang='lat' dir='ltr'><strong>nec</strong></span> <span class='ocrx_word' id='word_1_245' title='bbox 3010 1619 3154 1690; x_wconf 89' lang='lat' dir='ltr'><strong>enim</strong></span> <span class='ocrx_word' id='word_1_246' title='bbox 3180 1631 3422 1690; x_wconf 89' lang='lat' dir='ltr'><strong>regene-&#39;</strong></span> 
     </span>
    </p>
   </div>
   <div class='ocr_carea' id='block_1_19' title="bbox 1801 1689 3293 1762">
    <p class='ocr_par' dir='ltr' id='par_1_19' title="bbox 1801 1689 3293 1762">
     <span class='ocr_line' id='line_1_21' title="bbox 1801 1689 3293 1762; baseline 0.001 -19"><span class='ocrx_word' id='word_1_247' title='bbox 1801 1691 2053 1758; x_wconf 89' lang='lat' dir='ltr'><strong>rationis,</strong></span> <span class='ocrx_word' id='word_1_248' title='bbox 2081 1690 2175 1747; x_wconf 89' lang='lat' dir='ltr'><strong>sed</strong></span> <span class='ocrx_word' id='word_1_249' title='bbox 2207 1690 2574 1762; x_wconf 83' lang='lat' dir='ltr'><strong>generationis</strong></span> <span class='ocrx_word' id='word_1_250' title='bbox 2603 1690 2888 1761; x_wconf 89' lang='lat' dir='ltr'><strong>subjicitur</strong></span> <span class='ocrx_word' id='word_1_251' title='bbox 2917 1689 3293 1760; x_wconf 55' lang='lat' dir='ltr'><strong>exemplum.&quot;</strong></span> 
     </span>
    </p>
   </div>
   <div class='ocr_carea' id='block_1_20' title="bbox 152 1835 3362 1870">
    <p class='ocr_par' dir='ltr' id='par_1_20' title="bbox 152 1835 3362 1870">
     <span class='ocr_line' id='line_1_22' title="bbox 152 1835 3362 1870; baseline 0.001 -8"><span class='ocrx_word' id='word_1_252' title='bbox 152 1835 3362 1870; x_wconf 45' lang='grc' dir='ltr'>Μ</span> 
     </span>
    </p>
   </div>
   <div class='ocr_carea' id='block_1_21' title="bbox 469 1902 2992 2063">
    <p class='ocr_par' dir='ltr' id='par_1_21' title="bbox 469 1902 2992 2063">
     <span class='ocr_line' id='line_1_23' title="bbox 469 1902 2992 2063; baseline 0.008 -19"><span class='ocrx_word' id='word_1_253' title='bbox 469 1951 647 2044; x_wconf 47' lang='grc' dir='ltr'><strong>ἸΝ</strong></span> <span class='ocrx_word' id='word_1_254' title='bbox 720 1959 1138 2045; x_wconf 82' lang='lat' dir='ltr'><strong>LIBROS</strong></span> <span class='ocrx_word' id='word_1_255' title='bbox 1212 1964 1373 2046; x_wconf 92' lang='lat' dir='ltr'><strong>DE</strong></span> <span class='ocrx_word' id='word_1_256' title='bbox 1447 1965 2271 2052; x_wconf 81' lang='lat' dir='ltr'><strong>SACRAMENTIS</strong></span> <span class='ocrx_word' id='word_1_257' title='bbox 2341 1968 2992 2063; x_wconf 59' lang='lat' dir='ltr'><strong>PRIEFATIO»</strong></span> 
     </span>
    </p>
   </div>
   <div class='ocr_carea' id='block_1_22' title="bbox 488 2098 2757 2172">
    <p class='ocr_par' dir='ltr' id='par_1_22' title="bbox 488 2098 2757 2172">
     <span class='ocr_line' id='line_1_24' title="bbox 488 2098 2757 2172; baseline 0.005 -14"><span class='ocrx_word' id='word_1_258' title='bbox 488 2100 493 2104; x_wconf 89' lang='grc'><strong>’</strong></span> <span class='ocrx_word' id='word_1_259' title='bbox 704 2098 836 2161; x_wconf 88' lang='lat' dir='ltr'><strong>UBI</strong></span> <span class='ocrx_word' id='word_1_260' title='bbox 879 2099 985 2160; x_wconf 88' lang='lat' dir='ltr'><strong>DE</strong></span> <span class='ocrx_word' id='word_1_261' title='bbox 1029 2099 1389 2165; x_wconf 74' lang='lat' dir='ltr'><strong>EIUSDEM</strong></span> <span class='ocrx_word' id='word_1_262' title='bbox 1433 2101 1717 2165; x_wconf 83' lang='lat' dir='ltr'><strong>OPERIS</strong></span> <span class='ocrx_word' id='word_1_263' title='bbox 1760 2106 2135 2170; x_wconf 80' lang='lat' dir='ltr'><strong>AUCTORE</strong></span> <span class='ocrx_word' id='word_1_264' title='bbox 2180 2107 2757 2172; x_wconf 83' lang='lat' dir='ltr'><strong>DISCEPTATUR.</strong></span> 
     </span>
    </p>
   </div>
   <div class='ocr_carea' id='block_1_23' title="bbox 1590 2247 1918 2262">
    <p class='ocr_par' dir='ltr' id='par_1_23' title="bbox 1590 2247 1918 2262">
     <span class='ocr_line' id='line_1_25' title="bbox 1590 2247 1918 2262; baseline 0.009 -3"><span class='ocrx_word' id='word_1_265' title='bbox 1590 2247 1918 2262; x_wconf 81' lang='lat'><strong>——_</strong></span> 
     </span>
    </p>
   </div>
   <div class='ocr_carea' id='block_1_24' title="bbox 149 2339 3417 2421">
    <p class='ocr_par' dir='ltr' id='par_1_24' title="bbox 149 2339 3417 2421">
     <span class='ocr_line' id='line_1_26' title="bbox 149 2339 3417 2421; baseline 0.002 -22"><span class='ocrx_word' id='word_1_266' title='bbox 149 2397 154 2419; x_wconf 28' lang='grc' dir='ltr'>ί</span> <span class='ocrx_word' id='word_1_267' title='bbox 194 2339 321 2396; x_wconf 78' lang='lat' dir='ltr'><strong>Idem</strong></span> <span class='ocrx_word' id='word_1_268' title='bbox 343 2344 494 2413; x_wconf 81' lang='lat' dir='ltr'><strong>plane</strong></span> <span class='ocrx_word' id='word_1_269' title='bbox 525 2343 684 2411; x_wconf 81' lang='lat' dir='ltr'><strong>huius</strong></span> <span class='ocrx_word' id='word_1_270' title='bbox 713 2345 886 2414; x_wconf 88' lang='lat' dir='ltr'><strong>operis</strong></span> <span class='ocrx_word' id='word_1_271' title='bbox 907 2355 1268 2416; x_wconf 86' lang='lat' dir='ltr'><strong>argumentum</strong></span> <span class='ocrx_word' id='word_1_272' title='bbox 1298 2357 1372 2401; x_wconf 90' lang='lat' dir='ltr'><strong>est</strong></span> <span class='ocrx_word' id='word_1_273' title='bbox 1404 2363 1468 2401; x_wconf 89' lang='lat' dir='ltr'><strong>ac</strong></span> <span class='ocrx_word' id='word_1_274' title='bbox 1493 2348 1774 2419; x_wconf 86' lang='lat' dir='ltr'><strong>superioris</strong></span> <span class='ocrx_word' id='word_1_275' title='bbox 1803 2348 1921 2404; x_wconf 84' lang='lat' dir='ltr'><strong>libri</strong></span> <span class='ocrx_word' id='word_1_276' title='bbox 1951 2348 2018 2404; x_wconf 90' lang='lat' dir='ltr'><strong>de</strong></span> <span class='ocrx_word' id='word_1_277' title='bbox 2047 2349 2339 2421; x_wconf 77' lang='lat' dir='ltr'><strong>Mysteriis.</strong></span> <span class='ocrx_word' id='word_1_278' title='bbox 2374 2349 2479 2404; x_wconf 77' lang='lat' dir='ltr'><strong>llic</strong></span> <span class='ocrx_word' id='word_1_279' title='bbox 2504 2351 2640 2404; x_wconf 89' lang='lat' dir='ltr'><strong>enim</strong></span> <span class='ocrx_word' id='word_1_280' title='bbox 2670 2350 2800 2404; x_wconf 82' lang='lat' dir='ltr'><strong>nihil</strong></span> <span class='ocrx_word' id='word_1_281' title='bbox 2841 2351 2940 2404; x_wconf 85' lang='lat' dir='ltr'><strong>nisi</strong></span> <span class='ocrx_word' id='word_1_282' title='bbox 2965 2366 3224 2405; x_wconf 81' lang='lat' dir='ltr'><strong>sermones</strong></span> <span class='ocrx_word' id='word_1_283' title='bbox 3251 2352 3417 2405; x_wconf 86' lang='lat' dir='ltr'><strong>conti-</strong></span> 
     </span>
    </p>
   </div>
   <div class='ocr_carea' id='block_1_25' title="bbox 140 2439 3418 2514">
    <p class='ocr_par' dir='ltr' id='par_1_25' title="bbox 140 2439 3418 2514">
     <span class='ocr_line' id='line_1_27' title="bbox 140 2439 3418 2514; baseline 0.005 -30"><span class='ocrx_word' id='word_1_284' title='bbox 140 2445 316 2503; x_wconf 78' lang='lat' dir='ltr'><strong>nentur,</strong></span> <span class='ocrx_word' id='word_1_285' title='bbox 345 2439 534 2509; x_wconf 80' lang='lat' dir='ltr'><strong>quibus</strong></span> <span class='ocrx_word' id='word_1_286' title='bbox 563 2439 848 2510; x_wconf 78' lang='lat' dir='ltr'><strong>neophytos</strong></span> <span class='ocrx_word' id='word_1_287' title='bbox 872 2453 1312 2506; x_wconf 78' lang='lat' dir='ltr'><strong>sacramentorum</strong></span> <span class='ocrx_word' id='word_1_288' title='bbox 1354 2459 1470 2512; x_wconf 75' lang='lat' dir='ltr'><strong>qua:</strong></span> <span class='ocrx_word' id='word_1_289' title='bbox 1498 2445 1669 2513; x_wconf 77' lang='lat' dir='ltr'><strong>pridie</strong></span> <span class='ocrx_word' id='word_1_290' title='bbox 1697 2443 1976 2500; x_wconf 82' lang='lat' dir='ltr'><strong>Paschalis</strong></span> <span class='ocrx_word' id='word_1_291' title='bbox 2003 2454 2308 2513; x_wconf 89' lang='lat' dir='ltr'><strong>acceperant</strong></span> <span class='ocrx_word' id='word_1_292' title='bbox 2336 2485 2351 2510; x_wconf 93' lang='lat'><strong>,</strong></span> <span class='ocrx_word' id='word_1_293' title='bbox 2383 2445 2438 2498; x_wconf 88' lang='lat' dir='ltr'><strong>id</strong></span> <span class='ocrx_word' id='word_1_294' title='bbox 2469 2454 2572 2510; x_wconf 88' lang='lat' dir='ltr'><strong>est,</strong></span> <span class='ocrx_word' id='word_1_295' title='bbox 2606 2445 2872 2514; x_wconf 85' lang='lat' dir='ltr'><strong>baptismi,</strong></span> <span class='ocrx_word' id='word_1_296' title='bbox 2904 2444 3347 2513; x_wconf 76' lang='lat' dir='ltr'><strong>conﬁrmationis,</strong></span> <span class='ocrx_word' id='word_1_297' title='bbox 3369 2456 3418 2499; x_wconf 91' lang='lat' dir='ltr'><strong>et</strong></span> 
     </span>
    </p>
   </div>
   <div class='ocr_carea' id='block_1_26' title="bbox 138 2529 3419 2606">
    <p class='ocr_par' dir='ltr' id='par_1_26' title="bbox 138 2529 3419 2606">
     <span class='ocr_line' id='line_1_28' title="bbox 138 2529 3419 2606; baseline 0.003 -28"><span class='ocrx_word' id='word_1_298' title='bbox 138 2529 418 2587; x_wconf 74' lang='lat' dir='ltr'><strong>eucharistia:</strong></span> <span class='ocrx_word' id='word_1_299' title='bbox 445 2533 696 2587; x_wconf 85' lang='lat' dir='ltr'><strong>doctrina</strong></span> <span class='ocrx_word' id='word_1_300' title='bbox 721 2533 972 2603; x_wconf 78' lang='lat' dir='ltr'><strong>informat</strong></span> <span class='ocrx_word' id='word_1_301' title='bbox 999 2535 1291 2605; x_wconf 89' lang='lat' dir='ltr'><strong>episcopus.</strong></span> <span class='ocrx_word' id='word_1_302' title='bbox 1325 2532 1451 2589; x_wconf 87' lang='lat' dir='ltr'><strong>Tria</strong></span> <span class='ocrx_word' id='word_1_303' title='bbox 1481 2546 1680 2590; x_wconf 90' lang='lat' dir='ltr'><strong>tantum</strong></span> <span class='ocrx_word' id='word_1_304' title='bbox 1706 2537 2034 2591; x_wconf 87' lang='lat' dir='ltr'><strong>consideratu</strong></span> <span class='ocrx_word' id='word_1_305' title='bbox 2064 2537 2220 2605; x_wconf 86' lang='lat' dir='ltr'><strong>digna</strong></span> <span class='ocrx_word' id='word_1_306' title='bbox 2249 2535 2333 2588; x_wconf 91' lang='lat' dir='ltr'><strong>hic</strong></span> <span class='ocrx_word' id='word_1_307' title='bbox 2361 2536 2588 2605; x_wconf 86' lang='lat' dir='ltr'><strong>reperias</strong></span> <span class='ocrx_word' id='word_1_308' title='bbox 2612 2577 2624 2600; x_wconf 93' lang='lat'><strong>,</strong></span> <span class='ocrx_word' id='word_1_309' title='bbox 2652 2552 2767 2606; x_wconf 74' lang='lat' dir='ltr'><strong>qum</strong></span> <span class='ocrx_word' id='word_1_310' title='bbox 2792 2551 2892 2588; x_wconf 88' lang='lat' dir='ltr'><strong>non</strong></span> <span class='ocrx_word' id='word_1_311' title='bbox 2918 2535 3170 2588; x_wconf 88' lang='lat' dir='ltr'><strong>habentur</strong></span> <span class='ocrx_word' id='word_1_312' title='bbox 3198 2535 3252 2588; x_wconf 88' lang='lat' dir='ltr'><strong>in</strong></span> <span class='ocrx_word' id='word_1_313' title='bbox 3277 2550 3419 2588; x_wconf 87' lang='lat' dir='ltr'><strong>com-</strong></span> 
     </span>
    </p>
   </div>
   <div class='ocr_carea' id='block_1_27' title="bbox 138 2615 3419 2700">
    <p class='ocr_par' dir='ltr' id='par_1_27' title="bbox 138 2615 3419 2700">
     <span class='ocr_line' id='line_1_29' title="bbox 138 2615 3419 2700; baseline 0.002 -28"><span class='ocrx_word' id='word_1_314' title='bbox 138 2624 396 2679; x_wconf 75' lang='lat' dir='ltr'><strong>mentatione</strong></span> <span class='ocrx_word' id='word_1_315' title='bbox 423 2623 498 2680; x_wconf 86' lang='lat' dir='ltr'><strong>de</strong></span> <span class='ocrx_word' id='word_1_316' title='bbox 532 2623 844 2696; x_wconf 75' lang='lat' dir='ltr'><strong>Mysteriis;</strong></span> <span class='ocrx_word' id='word_1_317' title='bbox 881 2625 1126 2679; x_wconf 88' lang='lat' dir='ltr'><strong>nimirum</strong></span> <span class='ocrx_word' id='word_1_318' title='bbox 1156 2626 1288 2698; x_wconf 87' lang='lat' dir='ltr'><strong>libro</strong></span> <span class='ocrx_word' id='word_1_319' title='bbox 1329 2615 1384 2680; x_wconf 80' lang='lat' dir='ltr'><strong>ut</strong></span> <span class='ocrx_word' id='word_1_320' title='bbox 1435 2626 1590 2700; x_wconf 90' lang='lat' dir='ltr'><strong>(Cap.</strong></span> <span class='ocrx_word' id='word_1_321' title='bbox 1627 2627 1679 2698; x_wconf 89' lang='grc'><strong>1)</strong></span> <span class='ocrx_word' id='word_1_322' title='bbox 1726 2628 1965 2683; x_wconf 88' lang='lat' dir='ltr'><strong>lationem</strong></span> <span class='ocrx_word' id='word_1_323' title='bbox 1997 2628 2183 2697; x_wconf 88' lang='lat' dir='ltr'><strong>pedum</strong></span> <span class='ocrx_word' id='word_1_324' title='bbox 2227 2643 2340 2696; x_wconf 70' lang='lat' dir='ltr'><strong>quis</strong></span> <span class='ocrx_word' id='word_1_325' title='bbox 2383 2629 2435 2680; x_wconf 89' lang='lat' dir='ltr'><strong>in</strong></span> <span class='ocrx_word' id='word_1_326' title='bbox 2471 2626 2703 2682; x_wconf 85' lang='lat' dir='ltr'><strong>Ecclesia</strong></span> <span class='ocrx_word' id='word_1_327' title='bbox 2748 2643 2842 2682; x_wconf 90' lang='lat' dir='ltr'><strong>sua</strong></span> <span class='ocrx_word' id='word_1_328' title='bbox 2891 2627 3132 2680; x_wconf 87' lang='lat' dir='ltr'><strong>instituta</strong></span> <span class='ocrx_word' id='word_1_329' title='bbox 3175 2636 3318 2692; x_wconf 88' lang='lat' dir='ltr'><strong>erat,</strong></span> <span class='ocrx_word' id='word_1_330' title='bbox 3362 2627 3419 2680; x_wconf 89' lang='lat' dir='ltr'><strong>in</strong></span> 
     </span>
    </p>
   </div>
   <div class='ocr_carea' id='block_1_28' title="bbox 136 2711 3420 2792">
    <p class='ocr_par' dir='ltr' id='par_1_28' title="bbox 136 2711 3420 2792">
     <span class='ocr_line' id='line_1_30' title="bbox 136 2711 3420 2792; baseline 0.002 -23"><span class='ocrx_word' id='word_1_331' title='bbox 136 2711 333 2787; x_wconf 71' lang='lat' dir='ltr'><strong>Romana</strong></span> <span class='ocrx_word' id='word_1_332' title='bbox 361 2719 527 2773; x_wconf 86' lang='lat' dir='ltr'><strong>tradit</strong></span> <span class='ocrx_word' id='word_1_333' title='bbox 563 2719 728 2790; x_wconf 85' lang='lat' dir='ltr'><strong>fuisse</strong></span> <span class='ocrx_word' id='word_1_334' title='bbox 770 2718 1108 2783; x_wconf 86' lang='lat' dir='ltr'><strong>inusitatam;</strong></span> <span class='ocrx_word' id='word_1_335' title='bbox 1137 2719 1269 2774; x_wconf 89' lang='lat' dir='ltr'><strong>libro</strong></span> <span class='ocrx_word' id='word_1_336' title='bbox 1299 2736 1350 2774; x_wconf 88' lang='lat' dir='ltr'><strong>Iv</strong></span> <span class='ocrx_word' id='word_1_337' title='bbox 1381 2719 1548 2791; x_wconf 89' lang='lat' dir='ltr'><strong>(Cap.</strong></span> <span class='ocrx_word' id='word_1_338' title='bbox 1577 2722 1611 2778; x_wconf 87' lang='grc'><strong>5</strong></span> <span class='ocrx_word' id='word_1_339' title='bbox 1635 2732 1680 2776; x_wconf 90' lang='lat' dir='ltr'><strong>et</strong></span> <span class='ocrx_word' id='word_1_340' title='bbox 1712 2722 1767 2792; x_wconf 86' lang='lat'><strong>6)</strong></span> <span class='ocrx_word' id='word_1_341' title='bbox 1799 2730 1853 2774; x_wconf 91' lang='lat' dir='ltr'><strong>ut</strong></span> <span class='ocrx_word' id='word_1_342' title='bbox 1881 2722 2064 2792; x_wconf 84' lang='lat' dir='ltr'><strong>quibus</strong></span> <span class='ocrx_word' id='word_1_343' title='bbox 2093 2720 2256 2776; x_wconf 81' lang='lat' dir='ltr'><strong>verbis</strong></span> <span class='ocrx_word' id='word_1_344' title='bbox 2301 2720 2553 2774; x_wconf 86' lang='lat' dir='ltr'><strong>mirabilis</strong></span> <span class='ocrx_word' id='word_1_345' title='bbox 2580 2720 2673 2773; x_wconf 90' lang='lat' dir='ltr'><strong>illa</strong></span> <span class='ocrx_word' id='word_1_346' title='bbox 2711 2721 2861 2790; x_wconf 88' lang='lat' dir='ltr'><strong>panis</strong></span> <span class='ocrx_word' id='word_1_347' title='bbox 2891 2719 2944 2773; x_wconf 89' lang='lat' dir='ltr'><strong>in</strong></span> <span class='ocrx_word' id='word_1_348' title='bbox 2975 2735 3162 2789; x_wconf 88' lang='lat' dir='ltr'><strong>corpus</strong></span> <span class='ocrx_word' id='word_1_349' title='bbox 3209 2719 3420 2774; x_wconf 84' lang='lat' dir='ltr'><strong>Domini</strong></span> 
     </span>
    </p>
   </div>
   <div class='ocr_carea' id='block_1_29' title="bbox 134 2807 3416 2890">
    <p class='ocr_par' dir='ltr' id='par_1_29' title="bbox 134 2807 3416 2890">
     <span class='ocr_line' id='line_1_31' title="bbox 134 2807 3416 2890; baseline 0.004 -34"><span class='ocrx_word' id='word_1_350' title='bbox 134 2807 348 2875; x_wconf 77' lang='lat' dir='ltr'><strong>efﬁciatur</strong></span> <span class='ocrx_word' id='word_1_351' title='bbox 371 2811 672 2876; x_wconf 75' lang='lat' dir='ltr'><strong>conversio,</strong></span> <span class='ocrx_word' id='word_1_352' title='bbox 701 2811 905 2890; x_wconf 82' lang='lat' dir='ltr'><strong>planius</strong></span> <span class='ocrx_word' id='word_1_353' title='bbox 935 2812 1259 2882; x_wconf 86' lang='lat' dir='ltr'><strong>innotescat,</strong></span> <span class='ocrx_word' id='word_1_354' title='bbox 1292 2830 1404 2868; x_wconf 89' lang='lat' dir='ltr'><strong>eam</strong></span> <span class='ocrx_word' id='word_1_355' title='bbox 1435 2813 1658 2887; x_wconf 73' lang='lat' dir='ltr'><strong>liturgia:</strong></span> <span class='ocrx_word' id='word_1_356' title='bbox 1696 2825 1926 2885; x_wconf 88' lang='lat' dir='ltr'><strong>partem,</strong></span> <span class='ocrx_word' id='word_1_357' title='bbox 1955 2833 2107 2887; x_wconf 87' lang='lat' dir='ltr'><strong>quam</strong></span> <span class='ocrx_word' id='word_1_358' title='bbox 2133 2832 2379 2870; x_wconf 88' lang='lat' dir='ltr'><strong>canonsm</strong></span> <span class='ocrx_word' id='word_1_359' title='bbox 2430 2815 2674 2880; x_wconf 87' lang='lat' dir='ltr'><strong>dicimus,</strong></span> <span class='ocrx_word' id='word_1_360' title='bbox 2699 2815 2910 2885; x_wconf 74' lang='lat' dir='ltr'><strong>exponit</strong></span> <span class='ocrx_word' id='word_1_361' title='bbox 2935 2831 2953 2870; x_wconf 91' lang='lat'><strong><em>:</em></strong></span> <span class='ocrx_word' id='word_1_362' title='bbox 2983 2815 3200 2886; x_wconf 88' lang='lat' dir='ltr'><strong>denique</strong></span> <span class='ocrx_word' id='word_1_363' title='bbox 3226 2814 3356 2869; x_wconf 88' lang='lat' dir='ltr'><strong>libro</strong></span> <span class='ocrx_word' id='word_1_364' title='bbox 3384 2831 3416 2870; x_wconf 88' lang='lat' dir='ltr'><strong>v</strong></span> 
     </span>
    </p>
   </div>
   <div class='ocr_carea' id='block_1_30' title="bbox 132 2901 3418 2984">
    <p class='ocr_par' dir='ltr' id='par_1_30' title="bbox 132 2901 3418 2984">
     <span class='ocr_line' id='line_1_32' title="bbox 132 2901 3418 2984; baseline 0.003 -27"><span class='ocrx_word' id='word_1_365' title='bbox 132 2901 254 2976; x_wconf 85' lang='lat' dir='ltr'><strong>(Cap.</strong></span> <span class='ocrx_word' id='word_1_366' title='bbox 272 2908 328 2977; x_wconf 72' lang='grc'><strong>4)</strong></span> <span class='ocrx_word' id='word_1_367' title='bbox 351 2906 650 2963; x_wconf 74' lang='lat' dir='ltr'><strong>Dominicae</strong></span> <span class='ocrx_word' id='word_1_368' title='bbox 676 2909 927 2963; x_wconf 87' lang='lat' dir='ltr'><strong>orationis</strong></span> <span class='ocrx_word' id='word_1_369' title='bbox 952 2926 1108 2981; x_wconf 88' lang='lat' dir='ltr'><strong>quam</strong></span> <span class='ocrx_word' id='word_1_370' title='bbox 1135 2911 1211 2965; x_wconf 89' lang='lat' dir='ltr'><strong>eis</strong></span> <span class='ocrx_word' id='word_1_371' title='bbox 1235 2927 1346 2966; x_wconf 89' lang='lat' dir='ltr'><strong>sese</strong></span> <span class='ocrx_word' id='word_1_372' title='bbox 1371 2912 1750 2984; x_wconf 73' lang='lat' dir='ltr'><strong>explicaturum</strong></span> <span class='ocrx_word' id='word_1_373' title='bbox 1795 2913 1964 2982; x_wconf 90' lang='lat' dir='ltr'><strong>fuerat</strong></span> <span class='ocrx_word' id='word_1_374' title='bbox 1994 2913 2256 2982; x_wconf 88' lang='lat' dir='ltr'><strong>pollicitus</strong></span> <span class='ocrx_word' id='word_1_375' title='bbox 2281 2953 2297 2976; x_wconf 92' lang='lat'><strong>,</strong></span> <span class='ocrx_word' id='word_1_376' title='bbox 2344 2913 2748 2967; x_wconf 86' lang='lat' dir='ltr'><strong>enucleationem</strong></span> <span class='ocrx_word' id='word_1_377' title='bbox 2779 2913 3120 2982; x_wconf 81' lang='lat' dir='ltr'><strong>prosequitur.</strong></span> <span class='ocrx_word' id='word_1_378' title='bbox 3153 2913 3270 2980; x_wconf 85' lang='lat' dir='ltr'><strong>Quo</strong></span> <span class='ocrx_word' id='word_1_379' title='bbox 3297 2914 3418 2984; x_wconf 80' lang='lat' dir='ltr'><strong>qui-</strong></span> 
     </span>
    </p>
   </div>
   <div class='ocr_carea' id='block_1_31' title="bbox 131 2996 3424 3078">
    <p class='ocr_par' dir='ltr' id='par_1_31' title="bbox 131 2996 3424 3078">
     <span class='ocr_line' id='line_1_33' title="bbox 131 2996 3424 3078; baseline 0.004 -30"><span class='ocrx_word' id='word_1_380' title='bbox 131 2996 221 3050; x_wconf 83' lang='lat' dir='ltr'><strong>dem</strong></span> <span class='ocrx_word' id='word_1_381' title='bbox 243 3011 546 3071; x_wconf 87' lang='lat' dir='ltr'><strong>argumento</strong></span> <span class='ocrx_word' id='word_1_382' title='bbox 586 3001 775 3055; x_wconf 87' lang='lat' dir='ltr'><strong>iterum</strong></span> <span class='ocrx_word' id='word_1_383' title='bbox 820 3001 913 3055; x_wconf 85' lang='lat' dir='ltr'><strong>sub</strong></span> <span class='ocrx_word' id='word_1_384' title='bbox 958 3001 1078 3056; x_wconf 91' lang='lat' dir='ltr'><strong>libri</strong></span> <span class='ocrx_word' id='word_1_385' title='bbox 1106 3018 1160 3057; x_wconf 77' lang='lat' dir='ltr'><strong>vr</strong></span> <span class='ocrx_word' id='word_1_386' title='bbox 1189 3002 1342 3075; x_wconf 88' lang='lat' dir='ltr'><strong>(Cap.</strong></span> <span class='ocrx_word' id='word_1_387' title='bbox 1373 3003 1428 3074; x_wconf 79' lang='grc'><strong>5)</strong></span> <span class='ocrx_word' id='word_1_388' title='bbox 1458 3005 1649 3059; x_wconf 76' lang='lat' dir='ltr'><strong>exitum</strong></span> <span class='ocrx_word' id='word_1_389' title='bbox 1694 3007 1909 3076; x_wconf 89' lang='lat' dir='ltr'><strong>repetito</strong></span> <span class='ocrx_word' id='word_1_390' title='bbox 1929 3047 1944 3073; x_wconf 93' lang='lat'><strong>,</strong></span> <span class='ocrx_word' id='word_1_391' title='bbox 1977 3007 2224 3078; x_wconf 84' lang='lat' dir='ltr'><strong>precandi</strong></span> <span class='ocrx_word' id='word_1_392' title='bbox 2267 3006 2493 3076; x_wconf 87' lang='lat' dir='ltr'><strong>formam</strong></span> <span class='ocrx_word' id='word_1_393' title='bbox 2518 3048 2532 3073; x_wconf 95' lang='lat'><strong>,</strong></span> <span class='ocrx_word' id='word_1_394' title='bbox 2575 3005 2753 3060; x_wconf 85' lang='lat' dir='ltr'><strong>cadent</strong></span> <span class='ocrx_word' id='word_1_395' title='bbox 2791 3007 3026 3060; x_wconf 87' lang='lat' dir='ltr'><strong>oratione</strong></span> <span class='ocrx_word' id='word_1_396' title='bbox 3056 3005 3334 3061; x_wconf 87' lang='lat' dir='ltr'><strong>Dominiea</strong></span> <span class='ocrx_word' id='word_1_397' title='bbox 3374 3016 3424 3062; x_wconf 81' lang='lat' dir='ltr'><strong>et</strong></span> 
     </span>
    </p>
   </div>
   <div class='ocr_carea' id='block_1_32' title="bbox 127 3081 3414 3172">
    <p class='ocr_par' dir='ltr' id='par_1_32' title="bbox 127 3081 3414 3172">
     <span class='ocr_line' id='line_1_34' title="bbox 127 3081 3414 3172; baseline 0.002 -27"><span class='ocrx_word' id='word_1_398' title='bbox 127 3092 294 3159; x_wconf 74' lang='lat' dir='ltr'><strong>psalmo</strong></span> <span class='ocrx_word' id='word_1_399' title='bbox 320 3111 412 3172; x_wconf 79' lang='lat' dir='ltr'><strong>uti</strong></span> <span class='ocrx_word' id='word_1_400' title='bbox 439 3095 939 3168; x_wconf 87' lang='lat' dir='ltr'><strong>perfectissimorum</strong></span> <span class='ocrx_word' id='word_1_401' title='bbox 977 3095 1350 3166; x_wconf 78' lang='lat' dir='ltr'><strong>exemplarium</strong></span> <span class='ocrx_word' id='word_1_402' title='bbox 1379 3081 1549 3150; x_wconf 81' lang='lat' dir='ltr'><strong>instar</strong></span> <span class='ocrx_word' id='word_1_403' title='bbox 1573 3097 1884 3170; x_wconf 87' lang='lat' dir='ltr'><strong>propositis,</strong></span> <span class='ocrx_word' id='word_1_404' title='bbox 1925 3100 2094 3168; x_wconf 90' lang='lat' dir='ltr'><strong>aperit</strong></span> <span class='ocrx_word' id='word_1_405' title='bbox 2118 3140 2133 3163; x_wconf 91' lang='lat'><strong>,</strong></span> <span class='ocrx_word' id='word_1_406' title='bbox 2191 3099 2496 3168; x_wconf 87' lang='lat' dir='ltr'><strong>singillatim</strong></span> <span class='ocrx_word' id='word_1_407' title='bbox 2549 3097 2822 3169; x_wconf 87' lang='lat' dir='ltr'><strong>quomodo</strong></span> <span class='ocrx_word' id='word_1_408' title='bbox 2870 3098 3109 3166; x_wconf 85' lang='lat' dir='ltr'><strong>incipere</strong></span> <span class='ocrx_word' id='word_1_409' title='bbox 3134 3140 3149 3164; x_wconf 94' lang='lat'><strong>,</strong></span> <span class='ocrx_word' id='word_1_410' title='bbox 3182 3113 3290 3169; x_wconf 88' lang='lat' dir='ltr'><strong>quo</strong></span> <span class='ocrx_word' id='word_1_411' title='bbox 3320 3113 3414 3153; x_wconf 82' lang='lat' dir='ltr'><strong>or-</strong></span> 
     </span>
    </p>
   </div>
   <div class='ocr_carea' id='block_1_33' title="bbox 127 3182 3414 3262">
    <p class='ocr_par' dir='ltr' id='par_1_33' title="bbox 127 3182 3414 3262">
     <span class='ocr_line' id='line_1_35' title="bbox 127 3182 3414 3262; baseline 0.002 -25"><span class='ocrx_word' id='word_1_412' title='bbox 127 3182 226 3241; x_wconf 90' lang='lat' dir='ltr'><strong>dine</strong></span> <span class='ocrx_word' id='word_1_413' title='bbox 251 3186 592 3258; x_wconf 83' lang='lat' dir='ltr'><strong>distinguere</strong></span> <span class='ocrx_word' id='word_1_414' title='bbox 616 3228 632 3254; x_wconf 90' lang='lat'><strong>,</strong></span> <span class='ocrx_word' id='word_1_415' title='bbox 665 3188 795 3259; x_wconf 90' lang='lat' dir='ltr'><strong>quid</strong></span> <span class='ocrx_word' id='word_1_416' title='bbox 819 3190 1139 3255; x_wconf 83' lang='lat' dir='ltr'><strong>subtexere,</strong></span> <span class='ocrx_word' id='word_1_417' title='bbox 1171 3190 1296 3260; x_wconf 88' lang='lat' dir='ltr'><strong>quid</strong></span> <span class='ocrx_word' id='word_1_418' title='bbox 1323 3189 1559 3260; x_wconf 88' lang='lat' dir='ltr'><strong>allegare</strong></span> <span class='ocrx_word' id='word_1_419' title='bbox 1583 3232 1598 3255; x_wconf 88' lang='lat'><strong>,</strong></span> <span class='ocrx_word' id='word_1_420' title='bbox 1631 3191 2082 3261; x_wconf 88' lang='lat' dir='ltr'><strong>quemadmodum</strong></span> <span class='ocrx_word' id='word_1_421' title='bbox 2110 3191 2384 3258; x_wconf 85' lang='lat' dir='ltr'><strong>claudere,</strong></span> <span class='ocrx_word' id='word_1_422' title='bbox 2420 3207 2518 3262; x_wconf 92' lang='lat' dir='ltr'><strong>pro</strong></span> <span class='ocrx_word' id='word_1_423' title='bbox 2542 3208 2649 3262; x_wconf 89' lang='lat' dir='ltr'><strong>quo</strong></span> <span class='ocrx_word' id='word_1_424' title='bbox 2677 3207 2836 3247; x_wconf 88' lang='lat' dir='ltr'><strong>orare</strong></span> <span class='ocrx_word' id='word_1_425' title='bbox 2865 3192 3064 3246; x_wconf 86' lang='lat' dir='ltr'><strong>debeas</strong></span> <span class='ocrx_word' id='word_1_426' title='bbox 3083 3235 3097 3258; x_wconf 91' lang='lat'><strong>,</strong></span> <span class='ocrx_word' id='word_1_427' title='bbox 3133 3192 3414 3245; x_wconf 82' lang='lat' dir='ltr'><strong>edisserens</strong></span> 
     </span>
    </p>
   </div>
   <div class='ocr_carea' id='block_1_34' title="bbox 121 3277 3417 3357">
    <p class='ocr_par' dir='ltr' id='par_1_34' title="bbox 121 3277 3417 3357">
     <span class='ocr_line' id='line_1_36' title="bbox 121 3277 3417 3357; baseline 0.002 -25"><span class='ocrx_word' id='word_1_428' title='bbox 121 3277 251 3348; x_wconf 83' lang='lat' dir='ltr'><strong>(Cap.</strong></span> <span class='ocrx_word' id='word_1_429' title='bbox 274 3283 350 3352; x_wconf 82' lang='grc'><strong>5).</strong></span> <span class='ocrx_word' id='word_1_430' title='bbox 380 3281 589 3338; x_wconf 83' lang='lat' dir='ltr'><strong>Ultima</strong></span> <span class='ocrx_word' id='word_1_431' title='bbox 616 3283 725 3336; x_wconf 76' lang='lat' dir='ltr'><strong>lucc</strong></span> <span class='ocrx_word' id='word_1_432' title='bbox 751 3299 904 3353; x_wconf 89' lang='lat' dir='ltr'><strong>pars,</strong></span> <span class='ocrx_word' id='word_1_433' title='bbox 937 3284 1022 3337; x_wconf 89' lang='lat' dir='ltr'><strong>ubi</strong></span> <span class='ocrx_word' id='word_1_434' title='bbox 1049 3285 1110 3338; x_wconf 89' lang='lat' dir='ltr'><strong>de</strong></span> <span class='ocrx_word' id='word_1_435' title='bbox 1139 3284 1374 3338; x_wconf 88' lang='lat' dir='ltr'><strong>oratione</strong></span> <span class='ocrx_word' id='word_1_436' title='bbox 1402 3285 1685 3355; x_wconf 79' lang='lat' dir='ltr'><strong>generatim</strong></span> <span class='ocrx_word' id='word_1_437' title='bbox 1716 3285 1921 3356; x_wconf 85' lang='lat' dir='ltr'><strong>agitur,</strong></span> <span class='ocrx_word' id='word_1_438' title='bbox 1951 3286 2108 3357; x_wconf 91' lang='lat' dir='ltr'><strong>petita</strong></span> <span class='ocrx_word' id='word_1_439' title='bbox 2136 3287 2233 3357; x_wconf 90' lang='lat' dir='ltr'><strong>fuit</strong></span> <span class='ocrx_word' id='word_1_440' title='bbox 2256 3302 2318 3339; x_wconf 81' lang='lat' dir='ltr'><strong>ea:</strong></span> <span class='ocrx_word' id='word_1_441' title='bbox 2347 3284 2603 3338; x_wconf 83' lang='lat' dir='ltr'><strong>Ambrosii</strong></span> <span class='ocrx_word' id='word_1_442' title='bbox 2624 3286 2816 3354; x_wconf 85' lang='lat' dir='ltr'><strong>scripto</strong></span> <span class='ocrx_word' id='word_1_443' title='bbox 2841 3283 2908 3339; x_wconf 88' lang='lat' dir='ltr'><strong>de</strong></span> <span class='ocrx_word' id='word_1_444' title='bbox 2937 3283 3279 3339; x_wconf 88' lang='lat' dir='ltr'><strong>Institutione</strong></span> <span class='ocrx_word' id='word_1_445' title='bbox 3309 3285 3417 3337; x_wconf 79' lang='lat' dir='ltr'><strong>vir-</strong></span> 
     </span>
    </p>
   </div>
   <div class='ocr_carea' id='block_1_35' title="bbox 121 3372 3416 3450">
    <p class='ocr_par' dir='ltr' id='par_1_35' title="bbox 121 3372 3416 3450">
     <span class='ocr_line' id='line_1_37' title="bbox 121 3372 3416 3450; baseline 0.002 -24"><span class='ocrx_word' id='word_1_446' title='bbox 121 3372 237 3450; x_wconf 79' lang='lat' dir='ltr'><strong>ginis</strong></span> <span class='ocrx_word' id='word_1_447' title='bbox 262 3375 406 3448; x_wconf 87' lang='lat' dir='ltr'><strong>(Cap.</strong></span> <span class='ocrx_word' id='word_1_448' title='bbox 435 3377 463 3430; x_wconf 80' lang='grc'><strong>1</strong></span> <span class='ocrx_word' id='word_1_449' title='bbox 493 3417 510 3442; x_wconf 86' lang='grc'><strong><em>,</em></strong></span> <span class='ocrx_word' id='word_1_450' title='bbox 543 3393 684 3429; x_wconf 90' lang='lat' dir='ltr'><strong>num.</strong></span> <span class='ocrx_word' id='word_1_451' title='bbox 713 3376 744 3430; x_wconf 91' lang='lat'><strong>7</strong></span> <span class='ocrx_word' id='word_1_452' title='bbox 765 3417 779 3441; x_wconf 93' lang='lat'><strong>,</strong></span> <span class='ocrx_word' id='word_1_453' title='bbox 804 3387 850 3430; x_wconf 76' lang='lat' dir='ltr'><strong>et</strong></span> <span class='ocrx_word' id='word_1_454' title='bbox 882 3375 1012 3448; x_wconf 87' lang='lat' dir='ltr'><strong>Cap.</strong></span> <span class='ocrx_word' id='word_1_455' title='bbox 1037 3377 1072 3430; x_wconf 70' lang='grc' dir='ltr'><strong>Ε).</strong></span> <span class='ocrx_word' id='word_1_456' title='bbox 1091 3419 1106 3444; x_wconf 87' lang='grc'><em>,</em></span> <span class='ocrx_word' id='word_1_457' title='bbox 1143 3394 1197 3431; x_wconf 91' lang='lat' dir='ltr'><strong>n.</strong></span> <span class='ocrx_word' id='word_1_458' title='bbox 1225 3377 1260 3432; x_wconf 93' lang='lat'><strong>8</strong></span> <span class='ocrx_word' id='word_1_459' title='bbox 1289 3387 1335 3432; x_wconf 91' lang='lat' dir='ltr'><strong>et</strong></span> <span class='ocrx_word' id='word_1_460' title='bbox 1378 3379 1512 3449; x_wconf 87' lang='lat' dir='ltr'><strong>seq.)</strong></span> <span class='ocrx_word' id='word_1_461' title='bbox 1539 3394 1558 3432; x_wconf 92' lang='lat'><strong><em>:</em></strong></span> <span class='ocrx_word' id='word_1_462' title='bbox 1587 3378 1723 3432; x_wconf 88' lang='lat' dir='ltr'><strong>unde</strong></span> <span class='ocrx_word' id='word_1_463' title='bbox 1751 3395 1867 3434; x_wconf 87' lang='lat' dir='ltr'><strong>vero</strong></span> <span class='ocrx_word' id='word_1_464' title='bbox 1891 3376 2006 3450; x_wconf 71' lang='lat' dir='ltr'><strong>que</strong></span> <span class='ocrx_word' id='word_1_465' title='bbox 2031 3380 2163 3434; x_wconf 89' lang='lat' dir='ltr'><strong>libro</strong></span> <span class='ocrx_word' id='word_1_466' title='bbox 2188 3395 2223 3434; x_wconf 88' lang='lat' dir='ltr'><strong>v</strong></span> <span class='ocrx_word' id='word_1_467' title='bbox 2257 3378 2406 3450; x_wconf 86' lang='lat' dir='ltr'><strong>(Cap.</strong></span> <span class='ocrx_word' id='word_1_468' title='bbox 2431 3381 2486 3450; x_wconf 78' lang='grc'><strong>4)</strong></span> <span class='ocrx_word' id='word_1_469' title='bbox 2513 3380 2566 3432; x_wconf 89' lang='lat' dir='ltr'><strong>in</strong></span> <span class='ocrx_word' id='word_1_470' title='bbox 2609 3380 2948 3448; x_wconf 88' lang='lat' dir='ltr'><strong>precationem</strong></span> <span class='ocrx_word' id='word_1_471' title='bbox 2979 3379 3126 3432; x_wconf 90' lang='lat' dir='ltr'><strong>nobis</strong></span> <span class='ocrx_word' id='word_1_472' title='bbox 3152 3395 3183 3432; x_wconf 92' lang='lat' dir='ltr'><strong>a</strong></span> <span class='ocrx_word' id='word_1_473' title='bbox 3212 3376 3416 3433; x_wconf 82' lang='lat' dir='ltr'><strong>Christo</strong></span> 
     </span>
    </p>
   </div>
   <div class='ocr_carea' id='block_1_36' title="bbox 117 3469 3415 3543">
    <p class='ocr_par' dir='ltr' id='par_1_36' title="bbox 117 3469 3415 3543">
     <span class='ocr_line' id='line_1_38' title="bbox 117 3469 3415 3543; baseline 0.001 -24"><span class='ocrx_word' id='word_1_474' title='bbox 117 3474 505 3525; x_wconf 77' lang='lat' dir='ltr'><strong>commendatam</strong></span> <span class='ocrx_word' id='word_1_475' title='bbox 539 3469 811 3536; x_wconf 89' lang='lat' dir='ltr'><strong>dicuntur,</strong></span> <span class='ocrx_word' id='word_1_476' title='bbox 841 3481 1107 3524; x_wconf 89' lang='lat' dir='ltr'><strong>mutuatus</strong></span> <span class='ocrx_word' id='word_1_477' title='bbox 1131 3471 1198 3526; x_wconf 91' lang='lat' dir='ltr'><strong>sit</strong></span> <span class='ocrx_word' id='word_1_478' title='bbox 1233 3471 1456 3538; x_wconf 79' lang='lat' dir='ltr'><strong>Auctor,</strong></span> <span class='ocrx_word' id='word_1_479' title='bbox 1484 3487 1577 3525; x_wconf 90' lang='lat' dir='ltr'><strong>nos</strong></span> <span class='ocrx_word' id='word_1_480' title='bbox 1609 3486 1819 3538; x_wconf 86' lang='lat' dir='ltr'><strong>prorsus</strong></span> <span class='ocrx_word' id='word_1_481' title='bbox 1859 3473 2016 3543; x_wconf 80' lang='lat' dir='ltr'><strong>fugit.</strong></span> <span class='ocrx_word' id='word_1_482' title='bbox 2048 3469 2188 3526; x_wconf 85' lang='lat' dir='ltr'><strong>Nam</strong></span> <span class='ocrx_word' id='word_1_483' title='bbox 2218 3473 2334 3526; x_wconf 86' lang='lat' dir='ltr'><strong>licet</strong></span> <span class='ocrx_word' id='word_1_484' title='bbox 2373 3471 2520 3525; x_wconf 89' lang='lat' dir='ltr'><strong>illam</strong></span> <span class='ocrx_word' id='word_1_485' title='bbox 2552 3471 2694 3525; x_wconf 86' lang='lat' dir='ltr'><strong>haud</strong></span> <span class='ocrx_word' id='word_1_486' title='bbox 2743 3471 2900 3523; x_wconf 87' lang='lat' dir='ltr'><strong>semel</strong></span> <span class='ocrx_word' id='word_1_487' title='bbox 2930 3487 2960 3522; x_wconf 90' lang='lat' dir='ltr'><strong>a</strong></span> <span class='ocrx_word' id='word_1_488' title='bbox 2991 3469 3209 3524; x_wconf 88' lang='lat' dir='ltr'><strong>Doctore</strong></span> <span class='ocrx_word' id='word_1_489' title='bbox 3239 3480 3415 3522; x_wconf 88' lang='lat' dir='ltr'><strong>nostra</strong></span> 
     </span>
    </p>
   </div>
   <div class='ocr_carea' id='block_1_37' title="bbox 115 3561 3414 3636">
    <p class='ocr_par' dir='ltr' id='par_1_37' title="bbox 115 3561 3414 3636">
     <span class='ocr_line' id='line_1_39' title="bbox 115 3561 3414 3636; baseline 0.001 -23"><span class='ocrx_word' id='word_1_490' title='bbox 115 3561 396 3630; x_wconf 67' lang='lat' dir='ltr'><strong>aplicatam</strong></span> <span class='ocrx_word' id='word_1_491' title='bbox 425 3571 661 3628; x_wconf 84' lang='lat' dir='ltr'><strong>constet,</strong></span> <span class='ocrx_word' id='word_1_492' title='bbox 689 3564 801 3629; x_wconf 83' lang='lat' dir='ltr'><strong>eius</strong></span> <span class='ocrx_word' id='word_1_493' title='bbox 827 3573 996 3617; x_wconf 89' lang='lat' dir='ltr'><strong>tamen</strong></span> <span class='ocrx_word' id='word_1_494' title='bbox 1022 3563 1077 3617; x_wconf 90' lang='lat' dir='ltr'><strong>in</strong></span> <span class='ocrx_word' id='word_1_495' title='bbox 1108 3564 1352 3636; x_wconf 84' lang='lat' dir='ltr'><strong>legitimis</strong></span> <span class='ocrx_word' id='word_1_496' title='bbox 1378 3580 1493 3636; x_wconf 76' lang='lat' dir='ltr'><strong>qua:</strong></span> <span class='ocrx_word' id='word_1_497' title='bbox 1519 3573 1714 3618; x_wconf 89' lang='lat' dir='ltr'><strong>restant</strong></span> <span class='ocrx_word' id='word_1_498' title='bbox 1742 3565 1976 3636; x_wconf 86' lang='lat' dir='ltr'><strong>aperibus</strong></span> <span class='ocrx_word' id='word_1_499' title='bbox 1998 3606 2014 3631; x_wconf 92' lang='lat'><strong>,</strong></span> <span class='ocrx_word' id='word_1_500' title='bbox 2045 3565 2145 3618; x_wconf 87' lang='lat' dir='ltr'><strong>ista</strong></span> <span class='ocrx_word' id='word_1_501' title='bbox 2168 3581 2270 3618; x_wconf 88' lang='lat' dir='ltr'><strong>non</strong></span> <span class='ocrx_word' id='word_1_502' title='bbox 2297 3565 2552 3636; x_wconf 84' lang='lat' dir='ltr'><strong>reperitur</strong></span> <span class='ocrx_word' id='word_1_503' title='bbox 2594 3564 2869 3632; x_wconf 78' lang='lat' dir='ltr'><strong>expositio.</strong></span> <span class='ocrx_word' id='word_1_504' title='bbox 2901 3561 2968 3616; x_wconf 85' lang='lat' dir='ltr'><strong>In</strong></span> <span class='ocrx_word' id='word_1_505' title='bbox 3006 3563 3218 3632; x_wconf 88' lang='lat' dir='ltr'><strong>reliquis</strong></span> <span class='ocrx_word' id='word_1_506' title='bbox 3244 3575 3414 3617; x_wconf 89' lang='lat' dir='ltr'><strong>autem</strong></span> 
     </span>
    </p>
   </div>
   <div class='ocr_carea' id='block_1_38' title="bbox 113 3651 3409 3726">
    <p class='ocr_par' dir='ltr' id='par_1_38' title="bbox 113 3651 3409 3726">
     <span class='ocr_line' id='line_1_40' title="bbox 113 3651 3409 3726; baseline 0.001 -24"><span class='ocrx_word' id='word_1_507' title='bbox 113 3651 171 3704; x_wconf 89' lang='lat' dir='ltr'><strong>ita</strong></span> <span class='ocrx_word' id='word_1_508' title='bbox 191 3654 414 3710; x_wconf 85' lang='lat' dir='ltr'><strong>imitatur</strong></span> <span class='ocrx_word' id='word_1_509' title='bbox 438 3654 852 3724; x_wconf 84' lang='lat' dir='ltr'><strong>disputationem</strong></span> <span class='ocrx_word' id='word_1_510' title='bbox 880 3655 948 3709; x_wconf 81' lang='lat' dir='ltr'><strong>tle</strong></span> <span class='ocrx_word' id='word_1_511' title='bbox 977 3654 1252 3726; x_wconf 82' lang='lat' dir='ltr'><strong>Mysteriis</strong></span> <span class='ocrx_word' id='word_1_512' title='bbox 1269 3696 1284 3721; x_wconf 93' lang='lat'><strong>,</strong></span> <span class='ocrx_word' id='word_1_513' title='bbox 1312 3664 1367 3708; x_wconf 89' lang='lat' dir='ltr'><strong>ut</strong></span> <span class='ocrx_word' id='word_1_514' title='bbox 1394 3665 1580 3726; x_wconf 69' lang='lat' dir='ltr'><strong>praeter</strong></span> <span class='ocrx_word' id='word_1_515' title='bbox 1607 3671 1801 3725; x_wconf 88' lang='lat' dir='ltr'><strong>paucas</strong></span> <span class='ocrx_word' id='word_1_516' title='bbox 1830 3655 2145 3709; x_wconf 90' lang='lat' dir='ltr'><strong>ceremonias</strong></span> <span class='ocrx_word' id='word_1_517' title='bbox 2171 3671 2299 3724; x_wconf 89' lang='lat' dir='ltr'><strong>quas</strong></span> <span class='ocrx_word' id='word_1_518' title='bbox 2321 3667 2410 3707; x_wconf 91' lang='lat' dir='ltr'><strong>aut</strong></span> <span class='ocrx_word' id='word_1_519' title='bbox 2438 3656 2608 3722; x_wconf 86' lang='lat' dir='ltr'><strong>fusius</strong></span> <span class='ocrx_word' id='word_1_520' title='bbox 2633 3655 2697 3707; x_wconf 88' lang='lat' dir='ltr'><strong>ab</strong></span> <span class='ocrx_word' id='word_1_521' title='bbox 2720 3652 2985 3706; x_wconf 79' lang='lat' dir='ltr'><strong>Ambrosio</strong></span> <span class='ocrx_word' id='word_1_522' title='bbox 3014 3654 3260 3705; x_wconf 82' lang='lat' dir='ltr'><strong>enodatas</strong></span> <span class='ocrx_word' id='word_1_523' title='bbox 3284 3669 3409 3706; x_wconf 86' lang='lat' dir='ltr'><strong>con-</strong></span> 
     </span>
    </p>
   </div>
   <div class='ocr_carea' id='block_1_39' title="bbox 114 3744 3416 3822">
    <p class='ocr_par' dir='ltr' id='par_1_39' title="bbox 114 3744 3416 3822">
     <span class='ocr_line' id='line_1_41' title="bbox 114 3744 3416 3822; baseline 0.001 -25"><span class='ocrx_word' id='word_1_524' title='bbox 114 3749 272 3815; x_wconf 84' lang='lat' dir='ltr'><strong>trahit,</strong></span> <span class='ocrx_word' id='word_1_525' title='bbox 310 3761 400 3805; x_wconf 88' lang='lat' dir='ltr'><strong>aut</strong></span> <span class='ocrx_word' id='word_1_526' title='bbox 429 3750 649 3804; x_wconf 84' lang='lat' dir='ltr'><strong>discutit</strong></span> <span class='ocrx_word' id='word_1_527' title='bbox 678 3749 740 3802; x_wconf 88' lang='lat' dir='ltr'><strong>ab</strong></span> <span class='ocrx_word' id='word_1_528' title='bbox 769 3766 828 3804; x_wconf 89' lang='lat' dir='ltr'><strong>eo</strong></span> <span class='ocrx_word' id='word_1_529' title='bbox 860 3751 1254 3820; x_wconf 67' lang='lat' dir='ltr'><strong>praetermissos,</strong></span> <span class='ocrx_word' id='word_1_530' title='bbox 1283 3753 1391 3820; x_wconf 90' lang='lat' dir='ltr'><strong>fere</strong></span> <span class='ocrx_word' id='word_1_531' title='bbox 1416 3759 1616 3804; x_wconf 88' lang='lat' dir='ltr'><strong>tantum</strong></span> <span class='ocrx_word' id='word_1_532' title='bbox 1642 3749 1874 3822; x_wconf 85' lang='lat' dir='ltr'><strong>ejusdem</strong></span> <span class='ocrx_word' id='word_1_533' title='bbox 1900 3749 2062 3804; x_wconf 87' lang='lat' dir='ltr'><strong>libelli</strong></span> <span class='ocrx_word' id='word_1_534' title='bbox 2089 3748 2362 3802; x_wconf 89' lang='lat' dir='ltr'><strong>ratiocinia</strong></span> <span class='ocrx_word' id='word_1_535' title='bbox 2385 3749 2762 3817; x_wconf 86' lang='lat' dir='ltr'><strong>sententiasque</strong></span> <span class='ocrx_word' id='word_1_536' title='bbox 2799 3746 3100 3816; x_wconf 82' lang='lat' dir='ltr'><strong>ampliﬁcet.</strong></span> <span class='ocrx_word' id='word_1_537' title='bbox 3147 3744 3330 3800; x_wconf 81' lang='lat' dir='ltr'><strong>Verum</strong></span> <span class='ocrx_word' id='word_1_538' title='bbox 3361 3758 3416 3800; x_wconf 89' lang='lat' dir='ltr'><strong>ut</strong></span> 
     </span>
    </p>
   </div>
   <div class='ocr_carea' id='block_1_40' title="bbox 109 3839 3414 3914">
    <p class='ocr_par' dir='ltr' id='par_1_40' title="bbox 109 3839 3414 3914">
     <span class='ocr_line' id='line_1_42' title="bbox 109 3839 3414 3914; baseline -0 -21"><span class='ocrx_word' id='word_1_539' title='bbox 109 3841 184 3898; x_wconf 85' lang='lat' dir='ltr'><strong>ille</strong></span> <span class='ocrx_word' id='word_1_540' title='bbox 210 3842 549 3900; x_wconf 76' lang='lat' dir='ltr'><strong>Ambrosinus</strong></span> <span class='ocrx_word' id='word_1_541' title='bbox 572 3885 588 3909; x_wconf 93' lang='lat'><strong>,</strong></span> <span class='ocrx_word' id='word_1_542' title='bbox 617 3843 692 3898; x_wconf 92' lang='lat' dir='ltr'><strong>ita</strong></span> <span class='ocrx_word' id='word_1_543' title='bbox 737 3846 888 3898; x_wconf 90' lang='lat' dir='ltr'><strong>etiam</strong></span> <span class='ocrx_word' id='word_1_544' title='bbox 919 3843 1072 3898; x_wconf 89' lang='lat' dir='ltr'><strong>illum</strong></span> <span class='ocrx_word' id='word_1_545' title='bbox 1111 3844 1204 3897; x_wconf 89' lang='lat' dir='ltr'><strong>alii</strong></span> <span class='ocrx_word' id='word_1_546' title='bbox 1231 3852 1612 3914; x_wconf 75' lang='lat' dir='ltr'><strong>expresserunt.</strong></span> <span class='ocrx_word' id='word_1_547' title='bbox 1658 3842 1927 3910; x_wconf 84' lang='lat' dir='ltr'><strong>Siquidem</strong></span> <span class='ocrx_word' id='word_1_548' title='bbox 1967 3843 2020 3896; x_wconf 91' lang='lat' dir='ltr'><strong>in</strong></span> <span class='ocrx_word' id='word_1_549' title='bbox 2046 3840 2341 3912; x_wconf 86' lang='lat' dir='ltr'><strong>Appendice</strong></span> <span class='ocrx_word' id='word_1_550' title='bbox 2368 3839 2680 3894; x_wconf 86' lang='lat' dir='ltr'><strong>Sermonum</strong></span> <span class='ocrx_word' id='word_1_551' title='bbox 2725 3839 2940 3910; x_wconf 86' lang='lat' dir='ltr'><strong>August.</strong></span> <span class='ocrx_word' id='word_1_552' title='bbox 2978 3853 3121 3893; x_wconf 73' lang='lat' dir='ltr'><strong>nocte</strong></span> <span class='ocrx_word' id='word_1_553' title='bbox 3158 3839 3282 3894; x_wconf 87' lang='lat' dir='ltr'><strong>edit.</strong></span> <span class='ocrx_word' id='word_1_554' title='bbox 3325 3839 3414 3910; x_wconf 88' lang='lat' dir='ltr'><strong>qui</strong></span> 
     </span>
    </p>
   </div>
   <div class='ocr_carea' id='block_1_41' title="bbox 110 3936 2041 4008">
    <p class='ocr_par' dir='ltr' id='par_1_41' title="bbox 110 3936 2041 4008">
     <span class='ocr_line' id='line_1_43' title="bbox 110 3936 2041 4008; baseline 0.002 -23"><span class='ocrx_word' id='word_1_555' title='bbox 110 3947 391 3992; x_wconf 85' lang='lat' dir='ltr'><strong>numeratur</strong></span> <span class='ocrx_word' id='word_1_556' title='bbox 418 3936 500 3992; x_wconf 66' lang='lat'><strong>84</strong></span> <span class='ocrx_word' id='word_1_557' title='bbox 530 3945 669 3991; x_wconf 89' lang='lat' dir='ltr'><strong>totus</strong></span> <span class='ocrx_word' id='word_1_558' title='bbox 691 3953 753 3991; x_wconf 73' lang='lat' dir='ltr'><strong>ex</strong></span> <span class='ocrx_word' id='word_1_559' title='bbox 781 3937 879 3991; x_wconf 90' lang='lat' dir='ltr'><strong>hoc</strong></span> <span class='ocrx_word' id='word_1_560' title='bbox 903 3954 1056 4008; x_wconf 89' lang='lat' dir='ltr'><strong>opere</strong></span> <span class='ocrx_word' id='word_1_561' title='bbox 1080 3938 1264 3991; x_wconf 88' lang='lat' dir='ltr'><strong>iisdem</strong></span> <span class='ocrx_word' id='word_1_562' title='bbox 1291 3953 1418 4006; x_wconf 90' lang='lat' dir='ltr'><strong>pene</strong></span> <span class='ocrx_word' id='word_1_563' title='bbox 1441 3937 1605 3990; x_wconf 82' lang='lat' dir='ltr'><strong>verbis</strong></span> <span class='ocrx_word' id='word_1_564' title='bbox 1628 3936 1895 4006; x_wconf 87' lang='lat' dir='ltr'><strong>decerptus</strong></span> <span class='ocrx_word' id='word_1_565' title='bbox 1922 3936 2041 4006; x_wconf 86' lang='lat' dir='ltr'><strong>fuit.</strong></span> 
     </span>
    </p>
   </div>
   <div class='ocr_carea' id='block_1_42' title="bbox 167 4021 3412 4102">
    <p class='ocr_par' dir='ltr' id='par_1_42' title="bbox 167 4021 3412 4102">
     <span class='ocr_line' id='line_1_44' title="bbox 167 4021 3412 4102; baseline -0.002 -21"><span class='ocrx_word' id='word_1_566' title='bbox 167 4026 240 4085; x_wconf 87' lang='lat' dir='ltr'><strong>De</strong></span> <span class='ocrx_word' id='word_1_567' title='bbox 259 4042 414 4086; x_wconf 78' lang='lat' dir='ltr'><strong>aucto</strong></span> <span class='ocrx_word' id='word_1_568' title='bbox 427 4045 486 4084; x_wconf 87' lang='lat' dir='ltr'><strong>re</strong></span> <span class='ocrx_word' id='word_1_569' title='bbox 496 4030 658 4097; x_wconf 77' lang='lat' dir='ltr'><strong>huius</strong></span> <span class='ocrx_word' id='word_1_570' title='bbox 678 4031 844 4100; x_wconf 78' lang='lat' dir='ltr'><strong>aperis</strong></span> <span class='ocrx_word' id='word_1_571' title='bbox 859 4039 1036 4084; x_wconf 89' lang='lat' dir='ltr'><strong>nostra</strong></span> <span class='ocrx_word' id='word_1_572' title='bbox 1055 4040 1100 4084; x_wconf 90' lang='lat' dir='ltr'><strong>et</strong></span> <span class='ocrx_word' id='word_1_573' title='bbox 1120 4030 1380 4102; x_wconf 76' lang='lat' dir='ltr'><strong>superiori</strong></span> <span class='ocrx_word' id='word_1_574' title='bbox 1400 4037 1553 4084; x_wconf 73' lang='lat' dir='ltr'><strong>(etate</strong></span> <span class='ocrx_word' id='word_1_575' title='bbox 1565 4027 1903 4098; x_wconf 52' lang='lat' dir='ltr'><strong>quaestioﬁfuit</strong></span> <span class='ocrx_word' id='word_1_576' title='bbox 1921 4025 2199 4080; x_wconf 81' lang='lat' dir='ltr'><strong>admodum</strong></span> <span class='ocrx_word' id='word_1_577' title='bbox 2221 4032 2568 4078; x_wconf 71' lang='lat' dir='ltr'><strong>controversa.</strong></span> <span class='ocrx_word' id='word_1_578' title='bbox 2585 4021 2713 4078; x_wconf 88' lang='lat' dir='ltr'><strong>Cum</strong></span> <span class='ocrx_word' id='word_1_579' title='bbox 2731 4038 2886 4091; x_wconf 88' lang='lat' dir='ltr'><strong>porro</strong></span> <span class='ocrx_word' id='word_1_580' title='bbox 2909 4022 3055 4075; x_wconf 89' lang='lat' dir='ltr'><strong>nobis</strong></span> <span class='ocrx_word' id='word_1_581' title='bbox 3078 4039 3166 4092; x_wconf 86' lang='lat' dir='ltr'><strong>per</strong></span> <span class='ocrx_word' id='word_1_582' title='bbox 3185 4033 3412 4077; x_wconf 89' lang='lat' dir='ltr'><strong>nostrum</strong></span> 
     </span>
    </p>
   </div>
   <div class='ocr_carea' id='block_1_43' title="bbox 107 4117 3411 4198">
    <p class='ocr_par' dir='ltr' id='par_1_43' title="bbox 107 4117 3411 4198">
     <span class='ocr_line' id='line_1_45' title="bbox 107 4117 3411 4198; baseline -0.002 -21"><span class='ocrx_word' id='word_1_583' title='bbox 107 4125 379 4184; x_wconf 86' lang='lat' dir='ltr'><strong>institutum</strong></span> <span class='ocrx_word' id='word_1_584' title='bbox 405 4145 523 4182; x_wconf 68' lang='lat' dir='ltr'><strong>non</strong></span> <span class='ocrx_word' id='word_1_585' title='bbox 565 4127 718 4181; x_wconf 86' lang='lat' dir='ltr'><strong>liceat</strong></span> <span class='ocrx_word' id='word_1_586' title='bbox 746 4143 856 4181; x_wconf 90' lang='lat' dir='ltr'><strong>eam</strong></span> <span class='ocrx_word' id='word_1_587' title='bbox 884 4127 1220 4198; x_wconf 71' lang='lat' dir='ltr'><strong>quwstionem</strong></span> <span class='ocrx_word' id='word_1_588' title='bbox 1248 4128 1412 4182; x_wconf 86' lang='lat' dir='ltr'><strong>sinere</strong></span> <span class='ocrx_word' id='word_1_589' title='bbox 1453 4125 1824 4187; x_wconf 88' lang='lat' dir='ltr'><strong>indiscussam,</strong></span> <span class='ocrx_word' id='word_1_590' title='bbox 1856 4139 1963 4175; x_wconf 87' lang='lat' dir='ltr'><strong>rem</strong></span> <span class='ocrx_word' id='word_1_591' title='bbox 1989 4120 2395 4175; x_wconf 69' lang='lat' dir='ltr'><strong>examinabimus</strong></span> <span class='ocrx_word' id='word_1_592' title='bbox 2434 4135 2492 4173; x_wconf 90' lang='lat' dir='ltr'><strong>eo</strong></span> <span class='ocrx_word' id='word_1_593' title='bbox 2533 4117 2761 4173; x_wconf 88' lang='lat' dir='ltr'><strong>candore</strong></span> <span class='ocrx_word' id='word_1_594' title='bbox 2781 4159 2795 4182; x_wconf 94' lang='lat'><strong>,</strong></span> <span class='ocrx_word' id='word_1_595' title='bbox 2824 4127 2881 4170; x_wconf 92' lang='lat' dir='ltr'><strong>ut</strong></span> <span class='ocrx_word' id='word_1_596' title='bbox 2911 4117 3140 4170; x_wconf 89' lang='lat' dir='ltr'><strong>studium</strong></span> <span class='ocrx_word' id='word_1_597' title='bbox 3187 4118 3411 4184; x_wconf 88' lang='lat' dir='ltr'><strong>partium</strong></span> 
     </span>
    </p>
   </div>
   <div class='ocr_carea' id='block_1_44' title="bbox 102 4208 3415 4293">
    <p class='ocr_par' dir='ltr' id='par_1_44' title="bbox 102 4208 3415 4293">
     <span class='ocr_line' id='line_1_46' title="bbox 102 4208 3415 4293; baseline -0.003 -22"><span class='ocrx_word' id='word_1_598' title='bbox 102 4231 234 4275; x_wconf 80' lang='lat' dir='ltr'><strong>omne</strong></span> <span class='ocrx_word' id='word_1_599' title='bbox 252 4223 478 4277; x_wconf 83' lang='lat' dir='ltr'><strong>omnino</strong></span> <span class='ocrx_word' id='word_1_600' title='bbox 500 4228 800 4293; x_wconf 85' lang='lat' dir='ltr'><strong>seponalur.</strong></span> <span class='ocrx_word' id='word_1_601' title='bbox 832 4219 1098 4274; x_wconf 82' lang='lat' dir='ltr'><strong>Habemus</strong></span> <span class='ocrx_word' id='word_1_602' title='bbox 1127 4229 1296 4274; x_wconf 89' lang='lat' dir='ltr'><strong>autem</strong></span> <span class='ocrx_word' id='word_1_603' title='bbox 1323 4219 1456 4274; x_wconf 87' lang='lat' dir='ltr'><strong>illud</strong></span> <span class='ocrx_word' id='word_1_604' title='bbox 1488 4233 1824 4287; x_wconf 89' lang='lat' dir='ltr'><strong>persuasum,</strong></span> <span class='ocrx_word' id='word_1_605' title='bbox 1853 4214 2084 4286; x_wconf 86' lang='lat' dir='ltr'><strong>quisquis</strong></span> <span class='ocrx_word' id='word_1_606' title='bbox 2108 4215 2293 4267; x_wconf 88' lang='lat' dir='ltr'><strong>horum</strong></span> <span class='ocrx_word' id='word_1_607' title='bbox 2338 4211 2585 4266; x_wconf 89' lang='lat' dir='ltr'><strong>librorum</strong></span> <span class='ocrx_word' id='word_1_608' title='bbox 2633 4219 2816 4264; x_wconf 81' lang='lat' dir='ltr'><strong>auctor</strong></span> <span class='ocrx_word' id='word_1_609' title='bbox 2859 4209 3095 4274; x_wconf 89' lang='lat' dir='ltr'><strong>dicatur,</strong></span> <span class='ocrx_word' id='word_1_610' title='bbox 3137 4208 3267 4262; x_wconf 90' lang='lat' dir='ltr'><strong>nihil</strong></span> <span class='ocrx_word' id='word_1_611' title='bbox 3295 4210 3415 4262; x_wconf 88' lang='lat' dir='ltr'><strong>hinc</strong></span> 
     </span>
    </p>
   </div>
   <div class='ocr_carea' id='block_1_45' title="bbox 102 4301 3408 4380">
    <p class='ocr_par' dir='ltr' id='par_1_45' title="bbox 102 4301 3408 4380">
     <span class='ocr_line' id='line_1_47' title="bbox 102 4301 3408 4380; baseline -0.003 -15"><span class='ocrx_word' id='word_1_612' title='bbox 102 4313 348 4368; x_wconf 63' lang='lat' dir='ltr'><strong>veritatem</strong></span> <span class='ocrx_word' id='word_1_613' title='bbox 378 4313 699 4368; x_wconf 86' lang='lat' dir='ltr'><strong>catholicam</strong></span> <span class='ocrx_word' id='word_1_614' title='bbox 728 4312 906 4365; x_wconf 89' lang='lat' dir='ltr'><strong>damni</strong></span> <span class='ocrx_word' id='word_1_615' title='bbox 945 4327 1256 4380; x_wconf 83' lang='lat' dir='ltr'><strong>passuram;</strong></span> <span class='ocrx_word' id='word_1_616' title='bbox 1286 4312 1413 4366; x_wconf 91' lang='lat' dir='ltr'><strong>certi</strong></span> <span class='ocrx_word' id='word_1_617' title='bbox 1439 4310 1674 4364; x_wconf 77' lang='lat' dir='ltr'><strong>videlicet</strong></span> <span class='ocrx_word' id='word_1_618' title='bbox 1696 4351 1710 4374; x_wconf 95' lang='lat'><strong>,</strong></span> <span class='ocrx_word' id='word_1_619' title='bbox 1739 4309 1784 4362; x_wconf 88' lang='lat' dir='ltr'><strong>si</strong></span> <span class='ocrx_word' id='word_1_620' title='bbox 1812 4308 2033 4376; x_wconf 87' lang='lat' dir='ltr'><strong>scriptor</strong></span> <span class='ocrx_word' id='word_1_621' title='bbox 2061 4307 2149 4361; x_wconf 88' lang='lat' dir='ltr'><strong>ille</strong></span> <span class='ocrx_word' id='word_1_622' title='bbox 2177 4307 2243 4361; x_wconf 91' lang='lat' dir='ltr'><strong>ad</strong></span> <span class='ocrx_word' id='word_1_623' title='bbox 2273 4307 2520 4361; x_wconf 75' lang='lat' dir='ltr'><strong>steculam</strong></span> <span class='ocrx_word' id='word_1_624' title='bbox 2560 4321 2668 4372; x_wconf 81' lang='lat' dir='ltr'><strong>vlt,</strong></span> <span class='ocrx_word' id='word_1_625' title='bbox 2699 4315 2752 4359; x_wconf 91' lang='lat' dir='ltr'><strong>ut</strong></span> <span class='ocrx_word' id='word_1_626' title='bbox 2783 4304 2892 4359; x_wconf 80' lang='lat' dir='ltr'><strong>vult</strong></span> <span class='ocrx_word' id='word_1_627' title='bbox 2933 4303 3226 4358; x_wconf 78' lang='lat' dir='ltr'><strong>Albertinus</strong></span> <span class='ocrx_word' id='word_1_628' title='bbox 3269 4301 3408 4375; x_wconf 81' lang='lat' dir='ltr'><strong>(Lib.</strong></span> 
     </span>
    </p>
   </div>
   <div class='ocr_carea' id='block_1_46' title="bbox 100 4396 3416 4474">
    <p class='ocr_par' dir='ltr' id='par_1_46' title="bbox 100 4396 3416 4474">
     <span class='ocr_line' id='line_1_48' title="bbox 100 4396 3416 4474; baseline -0.002 -19"><span class='ocrx_word' id='word_1_629' title='bbox 100 4415 131 4456; x_wconf 89' lang='lat' dir='ltr'><strong>ll</strong></span> <span class='ocrx_word' id='word_1_630' title='bbox 157 4403 220 4458; x_wconf 86' lang='lat' dir='ltr'><strong>de</strong></span> <span class='ocrx_word' id='word_1_631' title='bbox 241 4404 399 4460; x_wconf 85' lang='lat' dir='ltr'><strong>Sacr.</strong></span> <span class='ocrx_word' id='word_1_632' title='bbox 447 4401 621 4458; x_wconf 87' lang='lat' dir='ltr'><strong>Euch.</strong></span> <span class='ocrx_word' id='word_1_633' title='bbox 669 4401 979 4474; x_wconf 82' lang='lat' dir='ltr'><strong>pag.509),</strong></span> <span class='ocrx_word' id='word_1_634' title='bbox 1042 4403 1421 4469; x_wconf 87' lang='lat' dir='ltr'><strong>retraheretur,</strong></span> <span class='ocrx_word' id='word_1_635' title='bbox 1465 4412 1554 4456; x_wconf 87' lang='lat' dir='ltr'><strong>aut</strong></span> <span class='ocrx_word' id='word_1_636' title='bbox 1595 4402 1748 4455; x_wconf 88' lang='lat' dir='ltr'><strong>etiam</strong></span> <span class='ocrx_word' id='word_1_637' title='bbox 1788 4401 1839 4454; x_wconf 90' lang='lat' dir='ltr'><strong>in</strong></span> <span class='ocrx_word' id='word_1_638' title='bbox 1883 4416 2008 4462; x_wconf 75' lang='lat' dir='ltr'><strong>vnn,</strong></span> <span class='ocrx_word' id='word_1_639' title='bbox 2052 4409 2106 4453; x_wconf 90' lang='lat' dir='ltr'><strong>ut</strong></span> <span class='ocrx_word' id='word_1_640' title='bbox 2148 4398 2382 4454; x_wconf 76' lang='lat' dir='ltr'><strong>Dat/ecus</strong></span> <span class='ocrx_word' id='word_1_641' title='bbox 2426 4399 2566 4470; x_wconf 89' lang='lat' dir='ltr'><strong>(Lib.</strong></span> <span class='ocrx_word' id='word_1_642' title='bbox 2598 4414 2656 4454; x_wconf 83' lang='grc' dir='ltr'><strong>ιιι</strong></span> <span class='ocrx_word' id='word_1_643' title='bbox 2701 4397 2765 4452; x_wconf 92' lang='lat' dir='ltr'><strong>de</strong></span> <span class='ocrx_word' id='word_1_644' title='bbox 2803 4397 3000 4468; x_wconf 83' lang='lat' dir='ltr'><strong>Con/ir.</strong></span> <span class='ocrx_word' id='word_1_645' title='bbox 3029 4415 3076 4450; x_wconf 86' lang='lat' dir='ltr'><strong>c.</strong></span> <span class='ocrx_word' id='word_1_646' title='bbox 3108 4396 3208 4468; x_wconf 84' lang='lat'><strong>8),</strong></span> <span class='ocrx_word' id='word_1_647' title='bbox 3238 4413 3296 4450; x_wconf 90' lang='lat' dir='ltr'><strong>ea</strong></span> <span class='ocrx_word' id='word_1_648' title='bbox 3327 4414 3416 4451; x_wconf 82' lang='lat' dir='ltr'><strong>ra-</strong></span> 
     </span>
    </p>
   </div>
   <div class='ocr_carea' id='block_1_47' title="bbox 102 4487 3413 4569">
    <p class='ocr_par' dir='ltr' id='par_1_47' title="bbox 102 4487 3413 4569">
     <span class='ocr_line' id='line_1_49' title="bbox 102 4487 3413 4569; baseline -0.002 -24"><span class='ocrx_word' id='word_1_649' title='bbox 102 4496 222 4550; x_wconf 90' lang='lat' dir='ltr'><strong>tione</strong></span> <span class='ocrx_word' id='word_1_650' title='bbox 259 4499 413 4554; x_wconf 89' lang='lat' dir='ltr'><strong>nobis</strong></span> <span class='ocrx_word' id='word_1_651' title='bbox 453 4501 660 4569; x_wconf 85' lang='lat' dir='ltr'><strong>futuros</strong></span> <span class='ocrx_word' id='word_1_652' title='bbox 705 4505 854 4552; x_wconf 86' lang='lat' dir='ltr'><strong>testes</strong></span> <span class='ocrx_word' id='word_1_653' title='bbox 899 4497 1192 4551; x_wconf 89' lang='lat' dir='ltr'><strong>traditionis</strong></span> <span class='ocrx_word' id='word_1_654' title='bbox 1233 4496 1366 4550; x_wconf 88' lang='lat' dir='ltr'><strong>duos</strong></span> <span class='ocrx_word' id='word_1_655' title='bbox 1407 4491 2290 4567; x_wconf 61' lang='lat' dir='ltr'><strong>episcopos,’nempegAmbrosium</strong></span> <span class='ocrx_word' id='word_1_656' title='bbox 2328 4489 2396 4546; x_wconf 86' lang='lat' dir='ltr'><strong>de</strong></span> <span class='ocrx_word' id='word_1_657' title='bbox 2435 4490 2746 4562; x_wconf 86' lang='lat' dir='ltr'><strong>Mysteriis,</strong></span> <span class='ocrx_word' id='word_1_658' title='bbox 2780 4501 2826 4544; x_wconf 87' lang='lat' dir='ltr'><strong>et</strong></span> <span class='ocrx_word' id='word_1_659' title='bbox 2867 4491 3084 4544; x_wconf 89' lang='lat' dir='ltr'><strong>alterum</strong></span> <span class='ocrx_word' id='word_1_660' title='bbox 3123 4488 3192 4544; x_wconf 82' lang='lat' dir='ltr'><strong>de</strong></span> <span class='ocrx_word' id='word_1_661' title='bbox 3221 4487 3413 4544; x_wconf 72' lang='lat' dir='ltr'><strong>Sacra-</strong></span> 
     </span>
    </p>
   </div>
   <div class='ocr_carea' id='block_1_48' title="bbox 100 4572 3416 4659">
    <p class='ocr_par' dir='ltr' id='par_1_48' title="bbox 100 4572 3416 4659">
     <span class='ocr_line' id='line_1_50' title="bbox 100 4572 3416 4659; baseline -0.002 -18"><span class='ocrx_word' id='word_1_662' title='bbox 100 4591 285 4647; x_wconf 86' lang='lat' dir='ltr'><strong>mentis</strong></span> <span class='ocrx_word' id='word_1_663' title='bbox 316 4572 714 4645; x_wconf 82' lang='lat' dir='ltr'><strong>concionantem</strong></span> <span class='ocrx_word' id='word_1_664' title='bbox 739 4607 757 4644; x_wconf 89' lang='lat'><em>:</em></span> <span class='ocrx_word' id='word_1_665' title='bbox 797 4589 886 4659; x_wconf 90' lang='lat' dir='ltr'><strong>qui</strong></span> <span class='ocrx_word' id='word_1_666' title='bbox 926 4607 1042 4644; x_wconf 88' lang='lat' dir='ltr'><strong>cum</strong></span> <span class='ocrx_word' id='word_1_667' title='bbox 1073 4591 1236 4644; x_wconf 89' lang='lat' dir='ltr'><strong>tribus</strong></span> <span class='ocrx_word' id='word_1_668' title='bbox 1273 4600 1361 4643; x_wconf 90' lang='lat' dir='ltr'><strong>aut</strong></span> <span class='ocrx_word' id='word_1_669' title='bbox 1399 4599 1624 4659; x_wconf 90' lang='lat' dir='ltr'><strong>quatuor</strong></span> <span class='ocrx_word' id='word_1_670' title='bbox 1662 4587 1864 4643; x_wconf 72' lang='lat' dir='ltr'><strong>saxulis</strong></span> <span class='ocrx_word' id='word_1_671' title='bbox 1905 4587 1968 4640; x_wconf 90' lang='lat' dir='ltr'><strong>ab</strong></span> <span class='ocrx_word' id='word_1_672' title='bbox 2006 4588 2223 4641; x_wconf 85' lang='lat' dir='ltr'><strong>invicem</strong></span> <span class='ocrx_word' id='word_1_673' title='bbox 2271 4595 2436 4640; x_wconf 88' lang='lat' dir='ltr'><strong>essent</strong></span> <span class='ocrx_word' id='word_1_674' title='bbox 2473 4586 2693 4656; x_wconf 87' lang='lat' dir='ltr'><strong>sejuncti</strong></span> <span class='ocrx_word' id='word_1_675' title='bbox 2720 4625 2736 4650; x_wconf 92' lang='lat'><strong>,</strong></span> <span class='ocrx_word' id='word_1_676' title='bbox 2780 4596 3138 4654; x_wconf 88' lang='lat' dir='ltr'><strong>argumentum</strong></span> <span class='ocrx_word' id='word_1_677' title='bbox 3179 4580 3416 4636; x_wconf 88' lang='lat' dir='ltr'><strong>onmibus</strong></span> 
     </span>
    </p>
   </div>
   <div class='ocr_carea' id='block_1_49' title="bbox 100 4667 3410 4754">
    <p class='ocr_par' dir='ltr' id='par_1_49' title="bbox 100 4667 3410 4754">
     <span class='ocr_line' id='line_1_51' title="bbox 100 4667 3410 4754; baseline -0.001 -23"><span class='ocrx_word' id='word_1_678' title='bbox 100 4681 528 4740; x_wconf 72' lang='lat' dir='ltr'><strong>heterodoxorum</strong></span> <span class='ocrx_word' id='word_1_679' title='bbox 563 4667 766 4739; x_wconf 72' lang='lat' dir='ltr'><strong>capillis</strong></span> <span class='ocrx_word' id='word_1_680' title='bbox 809 4684 1034 4738; x_wconf 86' lang='lat' dir='ltr'><strong>validius</strong></span> <span class='ocrx_word' id='word_1_681' title='bbox 1071 4684 1375 4754; x_wconf 77' lang='lat' dir='ltr'><strong>prrcberent.</strong></span> <span class='ocrx_word' id='word_1_682' title='bbox 1416 4682 1542 4737; x_wconf 83' lang='lat' dir='ltr'><strong>Rem</strong></span> <span class='ocrx_word' id='word_1_683' title='bbox 1578 4682 1781 4751; x_wconf 89' lang='lat' dir='ltr'><strong>itaque,</strong></span> <span class='ocrx_word' id='word_1_684' title='bbox 1813 4681 2045 4750; x_wconf 86' lang='lat' dir='ltr'><strong>deposito</strong></span> <span class='ocrx_word' id='word_1_685' title='bbox 2072 4679 2295 4748; x_wconf 89' lang='lat' dir='ltr'><strong>quolibet</strong></span> <span class='ocrx_word' id='word_1_686' title='bbox 2331 4680 2675 4752; x_wconf 78' lang='lat' dir='ltr'><strong>prcejudicio,</strong></span> <span class='ocrx_word' id='word_1_687' title='bbox 2719 4679 2929 4748; x_wconf 89' lang='lat' dir='ltr'><strong>perinde</strong></span> <span class='ocrx_word' id='word_1_688' title='bbox 2968 4676 3372 4732; x_wconf 77' lang='lat' dir='ltr'><strong>cxaminabimus</strong></span> <span class='ocrx_word' id='word_1_689' title='bbox 3397 4718 3410 4741; x_wconf 93' lang='lat'><strong>,</strong></span> 
     </span>
    </p>
   </div>
   <div class='ocr_carea' id='block_1_50' title="bbox 97 4763 3412 4848">
    <p class='ocr_par' dir='ltr' id='par_1_50' title="bbox 97 4763 3412 4848">
     <span class='ocr_line' id='line_1_52' title="bbox 97 4763 3412 4848; baseline -0.002 -21"><span class='ocrx_word' id='word_1_690' title='bbox 97 4788 155 4827; x_wconf 87' lang='lat' dir='ltr'><strong>ac</strong></span> <span class='ocrx_word' id='word_1_691' title='bbox 179 4777 221 4830; x_wconf 87' lang='lat' dir='ltr'><strong>si</strong></span> <span class='ocrx_word' id='word_1_692' title='bbox 250 4793 395 4830; x_wconf 85' lang='lat' dir='ltr'><strong>nunc</strong></span> <span class='ocrx_word' id='word_1_693' title='bbox 436 4778 660 4848; x_wconf 86' lang='lat' dir='ltr'><strong>primum</strong></span> <span class='ocrx_word' id='word_1_694' title='bbox 701 4776 986 4846; x_wconf 88' lang='lat' dir='ltr'><strong>agitaretur</strong></span> <span class='ocrx_word' id='word_1_695' title='bbox 1006 4791 1065 4828; x_wconf 87' lang='lat' dir='ltr'><strong>ea</strong></span> <span class='ocrx_word' id='word_1_696' title='bbox 1095 4775 1333 4845; x_wconf 65' lang='lat' dir='ltr'><strong>quaestio.</strong></span> <span class='ocrx_word' id='word_1_697' title='bbox 1363 4773 1517 4841; x_wconf 81' lang='lat' dir='ltr'><strong>Quod</strong></span> <span class='ocrx_word' id='word_1_698' title='bbox 1549 4781 1603 4826; x_wconf 89' lang='lat' dir='ltr'><strong>ut</strong></span> <span class='ocrx_word' id='word_1_699' title='bbox 1631 4770 1842 4826; x_wconf 90' lang='lat' dir='ltr'><strong>clariori</strong></span> <span class='ocrx_word' id='word_1_700' title='bbox 1883 4763 2128 4840; x_wconf 85' lang='lat' dir='ltr'><strong>procedat</strong></span> <span class='ocrx_word' id='word_1_701' title='bbox 2154 4769 2334 4822; x_wconf 89' lang='lat' dir='ltr'><strong>ordine</strong></span> <span class='ocrx_word' id='word_1_702' title='bbox 2357 4809 2370 4831; x_wconf 89' lang='lat'><strong>,</strong></span> <span class='ocrx_word' id='word_1_703' title='bbox 2411 4767 2726 4837; x_wconf 89' lang='lat' dir='ltr'><strong>argumentis</strong></span> <span class='ocrx_word' id='word_1_704' title='bbox 2766 4777 2918 4836; x_wconf 88' lang='lat' dir='ltr'><strong>atque</strong></span> <span class='ocrx_word' id='word_1_705' title='bbox 2947 4766 3206 4838; x_wconf 86' lang='lat' dir='ltr'><strong>responsis</strong></span> <span class='ocrx_word' id='word_1_706' title='bbox 3248 4768 3412 4834; x_wconf 90' lang='lat' dir='ltr'><strong>partis</strong></span> 
     </span>
    </p>
   </div>
   <div class='ocr_carea' id='block_1_51' title="bbox 98 4858 3410 4946">
    <p class='ocr_par' dir='ltr' id='par_1_51' title="bbox 98 4858 3410 4946">
     <span class='ocr_line' id='line_1_53' title="bbox 98 4858 3410 4946; baseline -0.004 -22"><span class='ocrx_word' id='word_1_707' title='bbox 98 4871 356 4946; x_wconf 80' lang='lat' dir='ltr'><strong>utriusque</strong></span> <span class='ocrx_word' id='word_1_708' title='bbox 395 4873 531 4927; x_wconf 89' lang='lat' dir='ltr'><strong>inter</strong></span> <span class='ocrx_word' id='word_1_709' title='bbox 558 4887 614 4925; x_wconf 88' lang='lat' dir='ltr'><strong>se</strong></span> <span class='ocrx_word' id='word_1_710' title='bbox 632 4870 970 4940; x_wconf 84' lang='lat' dir='ltr'><strong>compositis,</strong></span> <span class='ocrx_word' id='word_1_711' title='bbox 1006 4868 1314 4940; x_wconf 85' lang='lat' dir='ltr'><strong>adjiciemus</strong></span> <span class='ocrx_word' id='word_1_712' title='bbox 1353 4883 1468 4938; x_wconf 75' lang='lat' dir='ltr'><strong>qua:</strong></span> <span class='ocrx_word' id='word_1_713' title='bbox 1493 4866 1638 4920; x_wconf 89' lang='lat' dir='ltr'><strong>nobis</strong></span> <span class='ocrx_word' id='word_1_714' title='bbox 1662 4867 1742 4946; x_wconf 72' lang='lat' dir='ltr'><strong>uel</strong></span> <span class='ocrx_word' id='word_1_715' title='bbox 1767 4864 2230 4938; x_wconf 71' lang='lat' dir='ltr'><strong>Ambrosianarum</strong></span> <span class='ocrx_word' id='word_1_716' title='bbox 2270 4859 2754 4913; x_wconf 87' lang='lat' dir='ltr'><strong>commentationum</strong></span> <span class='ocrx_word' id='word_1_717' title='bbox 2797 4858 2946 4912; x_wconf 85' lang='lat' dir='ltr'><strong>lectio</strong></span> <span class='ocrx_word' id='word_1_718' title='bbox 2973 4859 3376 4930; x_wconf 78' lang='lat' dir='ltr'><strong>suppeditaverit</strong></span> <span class='ocrx_word' id='word_1_719' title='bbox 3398 4900 3410 4922; x_wconf 93' lang='lat'><strong>,</strong></span> 
     </span>
    </p>
   </div>
   <div class='ocr_carea' id='block_1_52' title="bbox 95 4943 1999 5040">
    <p class='ocr_par' dir='ltr' id='par_1_52' title="bbox 95 4943 1999 5034">
     <span class='ocr_line' id='line_1_54' title="bbox 95 4943 1999 5034; baseline -0.002 -19"><span class='ocrx_word' id='word_1_720' title='bbox 95 4943 168 5017; x_wconf 75' lang='lat' dir='ltr'><strong>vel</strong></span> <span class='ocrx_word' id='word_1_721' title='bbox 195 4943 354 5020; x_wconf 83' lang='lat' dir='ltr'><strong>etiam</strong></span> <span class='ocrx_word' id='word_1_722' title='bbox 383 4965 596 5019; x_wconf 88' lang='lat' dir='ltr'><strong>aliunde</strong></span> <span class='ocrx_word' id='word_1_723' title='bbox 620 4964 894 5034; x_wconf 85' lang='lat' dir='ltr'><strong>contigerit</strong></span> <span class='ocrx_word' id='word_1_724' title='bbox 919 4979 1076 5031; x_wconf 87' lang='lat' dir='ltr'><strong>super</strong></span> <span class='ocrx_word' id='word_1_725' title='bbox 1101 4961 1282 5018; x_wconf 89' lang='lat' dir='ltr'><strong>eadem</strong></span> <span class='ocrx_word' id='word_1_726' title='bbox 1311 4965 1409 5016; x_wconf 91' lang='lat' dir='ltr'><strong>hac</strong></span> <span class='ocrx_word' id='word_1_727' title='bbox 1434 4943 1999 5029; x_wconf 31' lang='lat' dir='ltr'><strong>materia&#39;camparare.</strong></span> 
     </span>
    </p>
   </div>
   <div class='ocr_carea' id='block_1_53' title="bbox 161 5051 3414 5133">
    <p class='ocr_par' dir='ltr' id='par_1_53' title="bbox 161 5051 3414 5133">
     <span class='ocr_line' id='line_1_55' title="bbox 161 5051 3414 5133; baseline -0.002 -22"><span class='ocrx_word' id='word_1_728' title='bbox 161 5052 564 5130; x_wconf 46' lang='lat' dir='ltr'><strong>Luridis&#39;atque</strong></span> <span class='ocrx_word' id='word_1_729' title='bbox 590 5057 785 5132; x_wconf 86' lang='lat' dir='ltr'><strong>odiosis</strong></span> <span class='ocrx_word' id='word_1_730' title='bbox 827 5055 1110 5110; x_wconf 88' lang='lat' dir='ltr'><strong>admodum</strong></span> <span class='ocrx_word' id='word_1_731' title='bbox 1139 5056 1397 5133; x_wconf 85' lang='lat' dir='ltr'><strong>coloribus</strong></span> <span class='ocrx_word' id='word_1_732' title='bbox 1439 5067 1550 5110; x_wconf 86' lang='lat' dir='ltr'><strong>tum</strong></span> <span class='ocrx_word' id='word_1_733' title='bbox 1578 5072 1710 5126; x_wconf 87' lang='lat' dir='ltr'><strong>opus</strong></span> <span class='ocrx_word' id='word_1_734' title='bbox 1739 5057 1911 5125; x_wconf 88' lang='lat' dir='ltr'><strong>ipsum</strong></span> <span class='ocrx_word' id='word_1_735' title='bbox 1937 5094 1951 5117; x_wconf 94' lang='lat'><strong>,</strong></span> <span class='ocrx_word' id='word_1_736' title='bbox 1991 5061 2099 5106; x_wconf 89' lang='lat' dir='ltr'><strong>tum</strong></span> <span class='ocrx_word' id='word_1_737' title='bbox 2128 5060 2393 5105; x_wconf 87' lang='lat' dir='ltr'><strong>auctorem</strong></span> <span class='ocrx_word' id='word_1_738' title='bbox 2422 5054 2535 5123; x_wconf 87' lang='lat' dir='ltr'><strong>ejus</strong></span> <span class='ocrx_word' id='word_1_739' title='bbox 2566 5051 2852 5122; x_wconf 88' lang='lat' dir='ltr'><strong>depingunt</strong></span> <span class='ocrx_word' id='word_1_740' title='bbox 2883 5051 3238 5106; x_wconf 85' lang='lat' dir='ltr'><strong>Iuereticorum</strong></span> <span class='ocrx_word' id='word_1_741' title='bbox 3283 5069 3414 5106; x_wconf 81' lang='lat' dir='ltr'><strong>non-</strong></span> 
     </span>
    </p>
   </div>
   <div class='ocr_carea' id='block_1_54' title="bbox 92 5140 3413 5228">
    <p class='ocr_par' dir='ltr' id='par_1_54' title="bbox 92 5140 3413 5228">
     <span class='ocr_line' id='line_1_56' title="bbox 92 5140 3413 5228; baseline -0.002 -27"><span class='ocrx_word' id='word_1_742' title='bbox 92 5151 245 5205; x_wconf 90' lang='lat' dir='ltr'><strong>nulli.</strong></span> <span class='ocrx_word' id='word_1_743' title='bbox 279 5150 618 5228; x_wconf 79' lang='lat' dir='ltr'><strong>Bullingerus</strong></span> <span class='ocrx_word' id='word_1_744' title='bbox 648 5147 844 5225; x_wconf 81' lang='lat' dir='ltr'><strong>(Epist.</strong></span> <span class='ocrx_word' id='word_1_745' title='bbox 876 5148 944 5202; x_wconf 88' lang='lat' dir='ltr'><strong>ad</strong></span> <span class='ocrx_word' id='word_1_746' title='bbox 968 5147 1168 5226; x_wconf 82' lang='lat' dir='ltr'><strong>Joaclt.</strong></span> <span class='ocrx_word' id='word_1_747' title='bbox 1200 5145 1446 5217; x_wconf 85' lang='lat' dir='ltr'><strong>Vadian.)</strong></span> <span class='ocrx_word' id='word_1_748' title='bbox 1475 5146 1569 5200; x_wconf 85' lang='lat' dir='ltr'><strong>hos</strong></span> <span class='ocrx_word' id='word_1_749' title='bbox 1599 5145 1756 5200; x_wconf 86' lang='lat' dir='ltr'><strong>libros</strong></span> <span class='ocrx_word' id='word_1_750' title='bbox 1783 5142 2018 5212; x_wconf 86' lang='lat' dir='ltr'><strong>stupidas</strong></span> <span class='ocrx_word' id='word_1_751' title='bbox 2046 5149 2190 5194; x_wconf 85' lang='lat' dir='ltr'><strong>vocat</strong></span> <span class='ocrx_word' id='word_1_752' title='bbox 2212 5181 2226 5205; x_wconf 96' lang='lat'><strong>,</strong></span> <span class='ocrx_word' id='word_1_753' title='bbox 2261 5156 2420 5210; x_wconf 84' lang='lat' dir='ltr'><strong>neque</strong></span> <span class='ocrx_word' id='word_1_754' title='bbox 2450 5140 2646 5195; x_wconf 86' lang='lat' dir='ltr'><strong>dubitat</strong></span> <span class='ocrx_word' id='word_1_755' title='bbox 2671 5140 2952 5195; x_wconf 82' lang='lat' dir='ltr'><strong>Erasmum</strong></span> <span class='ocrx_word' id='word_1_756' title='bbox 2975 5142 3225 5206; x_wconf 85' lang='lat' dir='ltr'><strong>sensisse,</strong></span> <span class='ocrx_word' id='word_1_757' title='bbox 3256 5156 3413 5196; x_wconf 85' lang='lat' dir='ltr'><strong>man-</strong></span> 
     </span>
    </p>
   </div>
   <div class='ocr_carea' id='block_1_55' title="bbox 87 5233 3414 5315">
    <p class='ocr_par' dir='ltr' id='par_1_55' title="bbox 87 5233 3414 5315">
     <span class='ocr_line' id='line_1_57' title="bbox 87 5233 3414 5315; baseline -0.004 -17"><span class='ocrx_word' id='word_1_758' title='bbox 87 5246 244 5311; x_wconf 83' lang='lat' dir='ltr'><strong>gonis</strong></span> <span class='ocrx_word' id='word_1_759' title='bbox 271 5245 582 5315; x_wconf 84' lang='lat' dir='ltr'><strong>cujuspiam</strong></span> <span class='ocrx_word' id='word_1_760' title='bbox 613 5241 720 5298; x_wconf 82' lang='lat' dir='ltr'><strong>hoc</strong></span> <span class='ocrx_word' id='word_1_761' title='bbox 751 5257 875 5298; x_wconf 84' lang='lat' dir='ltr'><strong>esse</strong></span> <span class='ocrx_word' id='word_1_762' title='bbox 902 5256 1062 5313; x_wconf 89' lang='lat' dir='ltr'><strong>opus.</strong></span> <span class='ocrx_word' id='word_1_763' title='bbox 1095 5239 1282 5295; x_wconf 85' lang='lat' dir='ltr'><strong>Editor</strong></span> <span class='ocrx_word' id='word_1_764' title='bbox 1311 5237 1552 5296; x_wconf 77' lang='lat' dir='ltr'><strong>Cociance</strong></span> <span class='ocrx_word' id='word_1_765' title='bbox 1579 5253 1810 5292; x_wconf 66' lang='lat' dir='ltr'><strong>censurae</strong></span> <span class='ocrx_word' id='word_1_766' title='bbox 1839 5235 2046 5290; x_wconf 89' lang='lat' dir='ltr'><strong>eosdem</strong></span> <span class='ocrx_word' id='word_1_767' title='bbox 2075 5235 2226 5288; x_wconf 90' lang='lat' dir='ltr'><strong>etiam</strong></span> <span class='ocrx_word' id='word_1_768' title='bbox 2257 5233 2550 5289; x_wconf 89' lang='lat' dir='ltr'><strong>describens</strong></span> <span class='ocrx_word' id='word_1_769' title='bbox 2575 5251 2592 5289; x_wconf 89' lang='lat'><strong><em>:</em></strong></span> <span class='ocrx_word' id='word_1_770' title='bbox 2625 5233 2757 5290; x_wconf 83' lang='lat' dir='ltr'><strong>Nam</strong></span> <span class='ocrx_word' id='word_1_771' title='bbox 2789 5234 2842 5288; x_wconf 90' lang='lat' dir='ltr'><strong>in</strong></span> <span class='ocrx_word' id='word_1_772' title='bbox 2874 5233 2958 5288; x_wconf 87' lang='lat' dir='ltr'><strong>his</strong></span> <span class='ocrx_word' id='word_1_773' title='bbox 2983 5234 3136 5288; x_wconf 79' lang='lat' dir='ltr'><strong>libris</strong></span> <span class='ocrx_word' id='word_1_774' title='bbox 3162 5276 3175 5298; x_wconf 87' lang='lat'><strong>,</strong></span> <span class='ocrx_word' id='word_1_775' title='bbox 3212 5235 3414 5307; x_wconf 85' lang='lat' dir='ltr'><strong>inquit,</strong></span> 
     </span>
    </p>
   </div>
   <div class='ocr_carea' id='block_1_56' title="bbox 86 5328 3412 5406">
    <p class='ocr_par' dir='ltr' id='par_1_56' title="bbox 86 5328 3412 5406">
     <span class='ocr_line' id='line_1_58' title="bbox 86 5328 3412 5406; baseline -0.003 -14"><span class='ocrx_word' id='word_1_776' title='bbox 86 5337 371 5394; x_wconf 82' lang='lat' dir='ltr'><strong>habentur</strong></span> <span class='ocrx_word' id='word_1_777' title='bbox 396 5339 562 5394; x_wconf 90' lang='lat' dir='ltr'><strong>multa</strong></span> <span class='ocrx_word' id='word_1_778' title='bbox 595 5337 726 5391; x_wconf 80' lang='lat' dir='ltr'><strong>falsa</strong></span> <span class='ocrx_word' id='word_1_779' title='bbox 749 5378 764 5402; x_wconf 92' lang='lat'><strong>,</strong></span> <span class='ocrx_word' id='word_1_780' title='bbox 791 5335 1040 5406; x_wconf 69' lang='lat' dir='ltr'><strong>quaedam</strong></span> <span class='ocrx_word' id='word_1_781' title='bbox 1073 5334 1330 5400; x_wconf 88' lang='lat' dir='ltr'><strong>ridicula,</strong></span> <span class='ocrx_word' id='word_1_782' title='bbox 1361 5349 1528 5388; x_wconf 89' lang='lat' dir='ltr'><strong>unum</strong></span> <span class='ocrx_word' id='word_1_783' title='bbox 1557 5333 1842 5388; x_wconf 83' lang='lat' dir='ltr'><strong>indubiam</strong></span> <span class='ocrx_word' id='word_1_784' title='bbox 1882 5329 2195 5386; x_wconf 85' lang='lat' dir='ltr'><strong>hacreticum</strong></span> <span class='ocrx_word' id='word_1_785' title='bbox 2218 5370 2234 5397; x_wconf 92' lang='lat'><strong>,</strong></span> <span class='ocrx_word' id='word_1_786' title='bbox 2263 5329 2494 5384; x_wconf 89' lang='lat' dir='ltr'><strong>alterum</strong></span> <span class='ocrx_word' id='word_1_787' title='bbox 2535 5330 2678 5400; x_wconf 86' lang='lat' dir='ltr'><strong>quod</strong></span> <span class='ocrx_word' id='word_1_788' title='bbox 2724 5338 2988 5400; x_wconf 84' lang='lat' dir='ltr'><strong>repugnat</strong></span> <span class='ocrx_word' id='word_1_789' title='bbox 3017 5328 3254 5400; x_wconf 81' lang='lat' dir='ltr'><strong>dogmati</strong></span> <span class='ocrx_word' id='word_1_790' title='bbox 3287 5329 3412 5383; x_wconf 85' lang='lat' dir='ltr'><strong>Arn-</strong></span> 
     </span>
    </p>
   </div>
   <div class='ocr_carea' id='block_1_57' title="bbox 83 5408 3412 5505">
    <p class='ocr_par' dir='ltr' id='par_1_57' title="bbox 83 5408 3412 5505">
     <span class='ocr_line' id='line_1_59' title="bbox 83 5408 3412 5505; baseline -0.002 -17"><span class='ocrx_word' id='word_1_791' title='bbox 83 5408 360 5488; x_wconf 77' lang='lat' dir='ltr'><strong>brosiano</strong></span> <span class='ocrx_word' id='word_1_792' title='bbox 382 5412 662 5502; x_wconf 81' lang='lat' dir='ltr'><strong>(Helmest.</strong></span> <span class='ocrx_word' id='word_1_793' title='bbox 693 5452 820 5489; x_wconf 88' lang='lat' dir='ltr'><strong>ann.</strong></span> <span class='ocrx_word' id='word_1_794' title='bbox 854 5409 1044 5505; x_wconf 71' lang='grc'><strong>1655).</strong></span> <span class='ocrx_word' id='word_1_795' title='bbox 1089 5432 1206 5489; x_wconf 86' lang='lat' dir='ltr'><strong>Nec</strong></span> <span class='ocrx_word' id='word_1_796' title='bbox 1234 5449 1354 5488; x_wconf 83' lang='lat' dir='ltr'><strong>vero</strong></span> <span class='ocrx_word' id='word_1_797' title='bbox 1389 5416 1626 5488; x_wconf 78' lang='lat' dir='ltr'><strong>eumdem</strong></span> <span class='ocrx_word' id='word_1_798' title='bbox 1651 5441 1912 5486; x_wconf 88' lang='lat' dir='ltr'><strong>auctorem</strong></span> <span class='ocrx_word' id='word_1_799' title='bbox 1938 5429 2256 5486; x_wconf 85' lang='lat' dir='ltr'><strong>clementiori</strong></span> <span class='ocrx_word' id='word_1_800' title='bbox 2290 5444 2446 5482; x_wconf 88' lang='lat' dir='ltr'><strong>manu</strong></span> <span class='ocrx_word' id='word_1_801' title='bbox 2475 5437 2660 5482; x_wconf 88' lang='lat' dir='ltr'><strong>tractat</strong></span> <span class='ocrx_word' id='word_1_802' title='bbox 2690 5427 2989 5481; x_wconf 86' lang='lat' dir='ltr'><strong>Albertinus</strong></span> <span class='ocrx_word' id='word_1_803' title='bbox 3014 5442 3032 5490; x_wconf 86' lang='lat'><strong><em>;</em></strong></span> <span class='ocrx_word' id='word_1_804' title='bbox 3063 5428 3115 5480; x_wconf 89' lang='lat' dir='ltr'><strong>in</strong></span> <span class='ocrx_word' id='word_1_805' title='bbox 3145 5427 3238 5480; x_wconf 91' lang='lat' dir='ltr'><strong>illo</strong></span> <span class='ocrx_word' id='word_1_806' title='bbox 3279 5427 3412 5481; x_wconf 85' lang='lat' dir='ltr'><strong>enim</strong></span> 
     </span>
    </p>
   </div>
   <div class='ocr_carea' id='block_1_58' title="bbox 82 5520 3416 5602">
    <p class='ocr_par' dir='ltr' id='par_1_58' title="bbox 82 5520 3416 5602">
     <span class='ocr_line' id='line_1_60' title="bbox 82 5520 3416 5602; baseline -0.001 -22"><span class='ocrx_word' id='word_1_807' title='bbox 82 5529 291 5600; x_wconf 86' lang='lat' dir='ltr'><strong>ingenti</strong></span> <span class='ocrx_word' id='word_1_808' title='bbox 328 5545 476 5598; x_wconf 87' lang='lat' dir='ltr'><strong>opere</strong></span> <span class='ocrx_word' id='word_1_809' title='bbox 504 5530 644 5602; x_wconf 89' lang='lat' dir='ltr'><strong>quod</strong></span> <span class='ocrx_word' id='word_1_810' title='bbox 684 5530 1063 5585; x_wconf 82' lang='lat' dir='ltr'><strong>consarcinavit</strong></span> <span class='ocrx_word' id='word_1_811' title='bbox 1090 5527 1159 5584; x_wconf 93' lang='lat' dir='ltr'><strong>de</strong></span> <span class='ocrx_word' id='word_1_812' title='bbox 1186 5527 1546 5584; x_wconf 86' lang='lat' dir='ltr'><strong>Sacramento</strong></span> <span class='ocrx_word' id='word_1_813' title='bbox 1576 5525 1936 5582; x_wconf 69' lang='lat' dir='ltr'><strong>Eucharistiic</strong></span> <span class='ocrx_word' id='word_1_814' title='bbox 1961 5567 1975 5593; x_wconf 97' lang='lat'><strong>,</strong></span> <span class='ocrx_word' id='word_1_815' title='bbox 2004 5527 2080 5580; x_wconf 88' lang='lat' dir='ltr'><strong>ita</strong></span> <span class='ocrx_word' id='word_1_816' title='bbox 2123 5524 2352 5592; x_wconf 87' lang='lat' dir='ltr'><strong>loquitur</strong></span> <span class='ocrx_word' id='word_1_817' title='bbox 2389 5523 2540 5590; x_wconf 83' lang='lat' dir='ltr'><strong>(Lib.</strong></span> <span class='ocrx_word' id='word_1_818' title='bbox 2572 5539 2610 5578; x_wconf 88' lang='lat' dir='ltr'><strong>ll</strong></span> <span class='ocrx_word' id='word_1_819' title='bbox 2629 5565 2644 5589; x_wconf 90' lang='lat'><strong>,</strong></span> <span class='ocrx_word' id='word_1_820' title='bbox 2673 5539 2718 5578; x_wconf 91' lang='lat' dir='ltr'><strong>c.</strong></span> <span class='ocrx_word' id='word_1_821' title='bbox 2748 5523 2774 5576; x_wconf 86' lang='grc'><strong>1</strong></span> <span class='ocrx_word' id='word_1_822' title='bbox 2795 5563 2810 5586; x_wconf 88' lang='grc'><strong><em>,</em></strong></span> <span class='ocrx_word' id='word_1_823' title='bbox 2843 5541 2899 5594; x_wconf 85' lang='lat' dir='ltr'><strong>p.</strong></span> <span class='ocrx_word' id='word_1_824' title='bbox 2933 5520 3071 5593; x_wconf 85' lang='lat'><strong>507)</strong></span> <span class='ocrx_word' id='word_1_825' title='bbox 3096 5539 3109 5576; x_wconf 92' lang='lat'><strong>:</strong></span> <span class='ocrx_word' id='word_1_826' title='bbox 3141 5522 3416 5577; x_wconf 81' lang='lat' dir='ltr'><strong>Ambrosii</strong></span> 
     </span>
    </p>
   </div>
   <div class='ocr_carea' id='block_1_59' title="bbox 77 5615 3419 5692">
    <p class='ocr_par' dir='ltr' id='par_1_59' title="bbox 77 5615 3419 5692">
     <span class='ocr_line' id='line_1_61' title="bbox 77 5615 3419 5692; baseline -0.002 -14"><span class='ocrx_word' id='word_1_827' title='bbox 77 5625 252 5679; x_wconf 87' lang='lat' dir='ltr'><strong>simia</strong></span> <span class='ocrx_word' id='word_1_828' title='bbox 285 5632 394 5691; x_wconf 81' lang='lat' dir='ltr'><strong>est,</strong></span> <span class='ocrx_word' id='word_1_829' title='bbox 420 5624 780 5682; x_wconf 89' lang='lat' dir='ltr'><strong>barbarismis</strong></span> <span class='ocrx_word' id='word_1_830' title='bbox 807 5629 976 5679; x_wconf 87' lang='lat' dir='ltr'><strong>scatet</strong></span> <span class='ocrx_word' id='word_1_831' title='bbox 1002 5663 1018 5690; x_wconf 96' lang='lat'><strong>,</strong></span> <span class='ocrx_word' id='word_1_832' title='bbox 1049 5621 1220 5678; x_wconf 90' lang='lat' dir='ltr'><strong>multa</strong></span> <span class='ocrx_word' id='word_1_833' title='bbox 1253 5621 1420 5678; x_wconf 89' lang='lat' dir='ltr'><strong>habet</strong></span> <span class='ocrx_word' id='word_1_834' title='bbox 1443 5635 1673 5692; x_wconf 89' lang='lat' dir='ltr'><strong>quorum</strong></span> <span class='ocrx_word' id='word_1_835' title='bbox 1717 5619 1971 5675; x_wconf 90' lang='lat' dir='ltr'><strong>nonnulla</strong></span> <span class='ocrx_word' id='word_1_836' title='bbox 2004 5629 2059 5674; x_wconf 90' lang='lat' dir='ltr'><strong>et</strong></span> <span class='ocrx_word' id='word_1_837' title='bbox 2084 5618 2314 5673; x_wconf 87' lang='lat' dir='ltr'><strong>ridicula</strong></span> <span class='ocrx_word' id='word_1_838' title='bbox 2343 5634 2368 5682; x_wconf 55' lang='grc' dir='ltr'><strong>,λ</strong></span> <span class='ocrx_word' id='word_1_839' title='bbox 2389 5615 2856 5685; x_wconf 82' lang='lat' dir='ltr'><strong>Ambrosianaque</strong></span> <span class='ocrx_word' id='word_1_840' title='bbox 2899 5617 3166 5685; x_wconf 86' lang='lat' dir='ltr'><strong>gravitate</strong></span> <span class='ocrx_word' id='word_1_841' title='bbox 3195 5629 3419 5684; x_wconf 87' lang='lat' dir='ltr'><strong>prorsus</strong></span> 
     </span>
    </p>
   </div>
   <div class='ocr_carea' id='block_1_60' title="bbox 77 5708 3413 5792">
    <p class='ocr_par' dir='ltr' id='par_1_60' title="bbox 77 5708 3413 5792">
     <span class='ocr_line' id='line_1_62' title="bbox 77 5708 3413 5792; baseline -0.003 -15"><span class='ocrx_word' id='word_1_842' title='bbox 77 5720 324 5790; x_wconf 81' lang='lat' dir='ltr'><strong>indigna</strong></span> <span class='ocrx_word' id='word_1_843' title='bbox 347 5758 368 5786; x_wconf 87' lang='lat'><strong>,.</strong></span> <span class='ocrx_word' id='word_1_844' title='bbox 391 5719 1034 5792; x_wconf 83' lang='lat' dir='ltr'><strong>nonnullarepugnantia</strong></span> <span class='ocrx_word' id='word_1_845' title='bbox 1060 5726 1117 5773; x_wconf 85' lang='lat' dir='ltr'><strong>et</strong></span> <span class='ocrx_word' id='word_1_846' title='bbox 1143 5716 1563 5782; x_wconf 74' lang='lat' dir='ltr'><strong>contradictoris</strong></span> <span class='ocrx_word' id='word_1_847' title='bbox 1587 5753 1602 5780; x_wconf 92' lang='lat'><strong>,</strong></span> <span class='ocrx_word' id='word_1_848' title='bbox 1633 5713 1894 5784; x_wconf 81' lang='lat' dir='ltr'><strong>nonnulla</strong></span> <span class='ocrx_word' id='word_1_849' title='bbox 1923 5713 2090 5776; x_wconf 89' lang='lat' dir='ltr'><strong>etiam</strong></span> <span class='ocrx_word' id='word_1_850' title='bbox 2121 5710 2453 5782; x_wconf 44' lang='lat' dir='ltr'><strong>simpliciter,</strong></span> <span class='ocrx_word' id='word_1_851' title='bbox 2481 5708 2652 5774; x_wconf 80' lang='lat' dir='ltr'><strong>falsa;</strong></span> <span class='ocrx_word' id='word_1_852' title='bbox 2697 5710 2881 5780; x_wconf 89' lang='lat' dir='ltr'><strong>inepte</strong></span> <span class='ocrx_word' id='word_1_853' title='bbox 2903 5709 3194 5784; x_wconf 68' lang='lat' dir='ltr'><strong>jconcludit</strong></span> <span class='ocrx_word' id='word_1_854' title='bbox 3220 5750 3234 5776; x_wconf 92' lang='lat'><strong>,</strong></span> <span class='ocrx_word' id='word_1_855' title='bbox 3263 5726 3413 5767; x_wconf 77' lang='lat' dir='ltr'><strong>cras-</strong></span> 
     </span>
    </p>
   </div>
   <div class='ocr_carea' id='block_1_61' title="bbox 57 5794 3403 5879">
    <p class='ocr_par' dir='ltr' id='par_1_61' title="bbox 57 5794 3403 5879">
     <span class='ocr_line' id='line_1_63' title="bbox 57 5794 3403 5879; baseline -0.004 -9"><span class='ocrx_word' id='word_1_856' title='bbox 57 5821 208 5871; x_wconf 52' lang='lat' dir='ltr'><strong>sum</strong></span> <span class='ocrx_word' id='word_1_857' title='bbox 241 5805 424 5873; x_wconf 79' lang='lat' dir='ltr'><strong>eﬂ‘utit</strong></span> <span class='ocrx_word' id='word_1_858' title='bbox 461 5798 803 5873; x_wconf 75' lang='lat' dir='ltr'><strong>mendacium</strong></span> <span class='ocrx_word' id='word_1_859' title='bbox 831 5805 1347 5879; x_wconf 52' lang='lat' dir='ltr'><strong>{sicne-desiperet</strong></span> <span class='ocrx_word' id='word_1_860' title='bbox 1401 5794 1762 5864; x_wconf 68' lang='lat' dir='ltr'><strong>Ambrosius?</strong></span> <span class='ocrx_word' id='word_1_861' title='bbox 1801 5798 1920 5861; x_wconf 63' lang='lat' dir='ltr'><strong>&quot;ac</strong></span> <span class='ocrx_word' id='word_1_862' title='bbox 1953 5809 2071 5858; x_wconf 81' lang='lat' dir='ltr'><strong>sunt</strong></span> <span class='ocrx_word' id='word_1_863' title='bbox 2101 5800 2326 5858; x_wconf 77' lang='lat' dir='ltr'><strong>mtctoris</strong></span> <span class='ocrx_word' id='word_1_864' title='bbox 2357 5798 2521 5856; x_wconf 79' lang='lat' dir='ltr'><strong>nostri</strong></span> <span class='ocrx_word' id='word_1_865' title='bbox 2565 5798 2704 5858; x_wconf 68' lang='lat' dir='ltr'><strong>apud</strong></span> <span class='ocrx_word' id='word_1_866' title='bbox 2744 5798 3011 5858; x_wconf 73' lang='lat' dir='ltr'><strong>ministros</strong></span> <span class='ocrx_word' id='word_1_867' title='bbox 3048 5797 3167 5858; x_wconf 78' lang='lat' dir='ltr'><strong>illos</strong></span> <span class='ocrx_word' id='word_1_868' title='bbox 3196 5799 3403 5872; x_wconf 69' lang='lat' dir='ltr'><strong>elogia,</strong></span> 
     </span>
    </p>
   </div>
  </div>
