3952 6178
488 236 589 292 ill
1855 219 2100 288 SANCTI
2139 219 2462 286 AMBROSlI
3725 229 3832 284 412

487 363 603 420 quat
628 349 678 402 in
707 362 868 401 unum
899 345 1110 399 collecta
1137 343 1384 398 lectorum
1412 341 1576 397 oculis
1601 353 2047 413 reprtesentamus.
2081 342 2510 411 Quantacumque
2534 350 2704 396 autem
2735 339 2984 396 Albertini
3023 346 3232 416 ejusque
3259 342 3445 415 operis
3475 340 3832 396 admiratione

488 450 756 497 teneantur
789 439 1110 502 Calviniani,
1156 437 1454 506 neutiquam
1494 444 1664 490 tamen
1705 437 1816 505 fore
1853 435 2143 502 credimus,
2174 444 2230 488 ut
2273 451 2447 488 eorum
2485 433 2640 505 paulo
2675 433 3011 488 modestiores
3051 434 3204 504 hujus
3244 450 3302 486 ac
3347 432 3626 486 similium
3668 433 3832 502 scrip-

489 545 659 590 torum
685 533 1014 604 intetnperias
1055 531 1320 602 probaturi
1347 531 1473 585 sint.
1509 528 1650 584 Nant
1693 529 1813 584 licet
1834 529 2068 585 minister
2108 529 2199 584 ille
2227 530 2386 584 unico
2416 528 2664 584 veritatis
2705 541 2894 584 amore
2921 528 2973 582 iu
3003 543 3069 583 eo
3100 528 3353 583 inductus
3385 527 3570 603 (Ibid.
3595 570 3610 593 ,
3641 530 3744 583 col.
3777 529 3830 602 i)

488 631 608 685 velit
645 628 804 684 videri
829 669 844 694 ,
883 628 1060 682 nullus
1097 627 1184 697 qui
1226 627 1334 680 htec
1375 625 1584 699 legerit,
1623 639 1739 680 eum
1790 625 1953 679 multo
2006 624 2368 681 vehementiori
2423 635 2577 680 secta:
2629 639 2735 678 sua!
2774 622 3133 694 quoquomodo
3187 623 3496 692 opitulandi
3542 621 3834 694 cupiditate

489 732 775 797 permotum
808 737 910 775 non
941 717 1305 790 deprehendet.
1338 719 1398 774 Si
1429 720 1562 773 enini
1588 719 1756 790 qualis
1793 719 1846 772 in
1877 719 1978 772 ista
2029 718 2216 772 tabella
2244 717 2512 773 exhibetur
2542 719 2626 772 hic
2654 727 2861 782 auctor,
2898 717 3017 771 talis
3046 731 3221 771 revera
3259 717 3601 782 exstitisset,
3637 715 3695 768 id
3721 723 3826 780 est,

486 821 700 889 ignarus
722 859 736 881 ,
768 817 1051 887 impostor,
1081 814 1288 882 ingenio
1316 810 1542 866 absurdo
1573 820 1618 866 et
1644 811 1866 865 ridiculo
1891 827 1910 877 ;
1937 809 2062 882 quid
2089 810 2416 865 statuendum
2445 811 2508 864 de
2537 818 2610 865 tot
2647 810 2902 880 tantisque
2935 808 3057 862 viris
3077 851 3091 876 ,
3131 808 3220 881 qui
3249 809 3468 863 easdem
3504 818 3821 863 commenta-

490 915 654 968 tiones
682 928 772 984 per
800 919 871 963 tot
902 908 1093 963 stecula
1124 906 1338 961 Doctori
1370 917 1547 960 nostra
1577 904 1904 960 attribuerint
1928 921 1946 971 ;
1973 921 2088 960 cum
2117 905 2322 960 interim
2352 921 2526 959 eorum
2559 903 2748 958 nemini
2778 919 2953 956 crassa
2983 901 3076 956 illa
3122 897 3401 955 mendacia
3429 942 3446 967 ,
3483 917 3675 975 graves
3711 917 3830 954 con-

493 1004 850 1070 tradictiones,
880 1003 1170 1058 deridicula
1204 1009 1511 1068 commenta,
1544 1002 1744 1071 penitus
1781 1000 2121 1056 Ambrosiano
2147 1002 2373 1053 candore
2397 1041 2410 1064 ,
2445 1000 2709 1064 acumine,
2740 1015 2802 1052 ac
2828 997 3028 1069 judicio
3075 997 3287 1070 indigna
3315 1013 3438 1052 esse
3469 996 3833 1051 suboleverit?

496 1095 684 1149 Nonne
719 1110 839 1148 vero
867 1095 1020 1148 etiam
1051 1093 1373 1148 Albertinum
1412 1093 1602 1163 pudere
1646 1093 1919 1158 debuerat,
1952 1091 2089 1160 quod
2123 1100 2385 1145 auctorem
2429 1107 2529 1145 non
2573 1089 2726 1144 modo
2757 1089 3091 1162 proletariunt
3119 1132 3132 1156 ,
3161 1088 3252 1143 sed
3282 1089 3445 1144 etiam
3498 1101 3721 1161 prapter
3761 1100 3828 1144 tot

492 1185 723 1256 flagitia,
753 1185 796 1240 si
824 1201 926 1254 qua
949 1185 1050 1252 ipsi
1081 1184 1209 1253 fides
1227 1225 1241 1250 ,
1273 1184 1442 1254 capite
1469 1184 1780 1238 diminutum
1802 1225 1815 1246 .
1846 1185 1900 1238 in
1929 1184 2234 1238 sententiam
2257 1199 2403 1237 suam
2432 1183 2648 1237 invitum
2673 1182 2973 1256 pertrahere
2999 1191 3136 1236 tanto
3164 1194 3347 1236 conatu
3379 1183 3610 1236 molitus
3641 1183 3833 1252 fuerit?

496 1273 662 1329 Illum
691 1275 773 1328 ub‘
793 1291 853 1328 eo
884 1275 1038 1343 plane
1065 1282 1341 1345 aperteque
1369 1275 1613 1344 rejectum
1641 1275 1949 1347 oportebat;
1981 1288 2259 1346 numquam
2286 1276 2419 1329 enim
2457 1276 2725 1346 quisquam
2755 1275 2964 1328 inducet
2996 1276 3048 1329 in
3077 1277 3305 1329 animum
3334 1277 3556 1343 aliquid
3586 1276 3828 1331 utilitatis

494 1382 557 1419 ex
573 1365 678 1434 illo
709 1374 835 1419 teste
873 1365 1163 1420 rediturum
1189 1365 1259 1418 ad
1288 1363 1596 1420 Calvinistas
1619 1407 1634 1434 ,
1667 1381 1814 1434 quem
1844 1381 1961 1420 cum
1998 1367 2050 1420 in
2079 1366 2243 1421 verbis
2286 1365 2612 1439 Evangelicis
2641 1369 2908 1422 mentitunt
2957 1367 3146 1434 velint,
3175 1384 3317 1438 aeque
3348 1370 3574 1423 mentiri
3603 1371 3831 1441 potuisse

496 1464 548 1515 in
583 1457 918 1513 Eucharistia
963 1459 1172 1513 dubium
1200 1475 1301 1514 non
1332 1461 1415 1514 sit.
1452 1459 1707 1526 Quoniam
1739 1470 1910 1514 autent
1939 1477 2115 1516 eorum
2145 1463 2295 1516 etiam
2325 1478 2412 1515 ore
2438 1462 2523 1530 qui
2553 1461 2822 1528 affectibus
2870 1463 3244 1534 impensissime
3273 1462 3649 1533 obsequuntur
3679 1465 3786 1517 suis
3810 1506 3822 1527 ,

495 1552 800 1624 quandoque
825 1553 1010 1608 veritas
1038 1557 1340 1623 profertur;
1373 1552 1620 1607 Albertini
1650 1552 1988 1626 objectiones,
2016 1556 2069 1610 in
2099 1555 2282 1625 quibus
2310 1555 2394 1610 ille
2422 1554 2632 1609 Cociani
2663 1557 2873 1610 editoris
2900 1556 3101 1628 (Supra
3125 1557 3266 1628 t-it.),
3291 1556 3473 1610 Rireti
3495 1558 3658 1630 (Crit.
3691 1573 3825 1610 sacr.

497 1649 588 1701 lib.
624 1665 677 1703 ιιι
703 1690 718 1714 ,
752 1666 797 1702 c.
832 1650 921 1721 i8)
948 1660 996 1704 et
1027 1650 1248 1702 aliorum
1274 1648 1564 1720 complures
1594 1665 1655 1701 ac
1685 1649 1974 1719 prtecipuas
2005 1658 2076 1703 est
2107 1650 2402 1720 complexus
2427 1691 2441 1715 ,
2475 1649 2684 1721 perinde
2711 1646 3152 1715 examinabimus,
3183 1665 3242 1702 ac
3267 1651 3312 1702 si
3345 1659 3547 1720 pacato
3577 1650 3752 1703 animo
3779 1657 3825 1702 et

499 1743 723 1796 maxime
749 1741 908 1795 libero
939 1750 1369 1814 proponerentur.

571 1833 751 1903 Itaque
774 1835 982 1904 petitam
1002 1851 1067 1888 ex
1090 1833 1230 1887 hisce
1250 1833 1414 1887 verbis
1447 1850 1464 1887 :
1490 1832 1612 1888 Ideo
1640 1833 1828 1888 Romae
1852 1832 2043 1889 ﬁdeles
2077 1832 2352 1897 dicuntur,
2381 1841 2505 1900 etc.,
2534 1833 2865 1900 obiectionem
2895 1833 2970 1886 sic
2996 1833 3085 1887 ille
3108 1842 3251 1905 urget
3276 1833 3421 1906 (Lib.
3451 1850 3515 1901 ιι,
3550 1852 3673 1908 pag.
3699 1834 3820 1899 507,

498 1932 601 1987 col.
629 1930 687 2003 2)
723 1949 735 1984 ε
767 1931 932 1998 Quasi
963 1945 1094 1986 vero
1122 1930 1238 1985 lucc
1257 1930 1552 2002 appellatio
1574 1929 1764 1986 Roma:
1794 1931 2082 1999 peculiaris
2105 1937 2272 1987 esset.
2305 1931 2371 1986 At
2395 1931 2592 2002 ubique
2615 1931 2922 1986 communis
2951 1939 3090 1997 erat,
3135 1931 3186 1985 in
3218 1931 3463 1996 oriente,
3498 1931 3551 1983 in
3579 1928 3819 1994 meridie,

498 2029 552 2083 in
586 2028 980 2097 septentrione,
1006 2027 1058 2080 in
1082 2025 1385 2083 occidente.
1419 2027 1741 2082 Ambrosius
1770 2027 1998 2097 ipsemet
2027 2026 2314 2084 Mediolani
2345 2027 2442 2080 hac
2469 2027 2724 2084 utebatur
2756 2029 2810 2084 in
2835 2027 3084 2098 genuinis
3105 2028 3218 2084 suis
3247 2026 3496 2096 scriptis.
3535 2025 3820 2096 Respondet

499 2121 578 2173 vir
605 2120 670 2172 cl.
710 2118 836 2173 Nat.
864 2120 1156 2173 Alexander
1186 2117 1351 2190 (Hist.
1380 2113 1526 2173 Eccl.
1556 2134 1674 2174 stac.
1710 2135 1782 2185 IV,
1808 2137 1859 2189 p.
1891 2119 1941 2186 i,
1975 2117 2002 2190 §
2036 2117 2090 2185 2,
2118 2135 2239 2190 pag.
2268 2116 2396 2187 505)
2421 2135 2510 2172 nec
2537 2119 2589 2172 in
2617 2118 2876 2172 codicibus
2906 2119 3128 2172 melioris
3158 2129 3292 2172 nota?
3319 2117 3478 2188 (puta
3508 2133 3683 2171 eorum
3706 2130 3820 2185 quos

500 2211 766 2265 consulere
797 2212 905 2283 ipse
928 2211 1094 2283 licuit)
1121 2229 1210 2266 nec
1232 2212 1284 2266 in
1308 2211 1620 2266 editionibus
1643 2210 2071 2277 accuratioribus,
2110 2227 2290 2280 nempe
2319 2227 2380 2264 ex
2410 2212 2481 2265 eis
2507 2227 2619 2281 quae
2656 2212 2723 2264 ad
2747 2211 2994 2266 Romanae
3023 2217 3244 2282 formam
3271 2226 3543 2280 expressae
3569 2219 3708 2273 sunt,
3733 2210 3818 2260 Ita-

501 2305 609 2360 beri
633 2321 804 2359 vocem
821 2304 1008 2360 Romae
1035 2306 1122 2360 :in
1147 2307 1514 2378 manuscriptis
1534 2316 1705 2361 autent
1728 2305 1813 2359 ubi
1839 2305 2071 2372 habetur,
2096 2303 2232 2360 illud
2248 2300 2368 2358 hinc
2390 2305 2605 2374 factum,
2626 2306 2764 2375 quod
2795 2323 2890 2376 pro
2920 2307 3121 2378 syllaba
3150 2305 3244 2360 Ra:
3272 2309 3327 2361 in
3353 2323 3537 2362 eorum
3567 2301 3818 2358 nonnullis

501 2399 729 2469 ascripta
755 2399 964 2469 quidam
988 2399 1202 2470 legerint
1229 2397 1438 2465 Romae,
1466 2415 1581 2452 cum
1615 2399 1780 2469 legere
1812 2399 2102 2452 debuissent
2132 2406 2317 2462 recte;
2349 2413 2509 2467 neque
2531 2414 2650 2454 vero
2679 2401 2958 2470 quidquant
2990 2399 3193 2456 obstare
3213 2401 3354 2470 quod
3378 2401 3554 2471 posita
3581 2401 3646 2452 sit
3672 2395 3814 2469 diph-

502 2489 721 2562 thongus
755 2509 847 2562 pro
874 2493 1119 2561 simplici,
1143 2495 1334 2565 quippe
1355 2508 1578 2562 quarum
1605 2493 1927 2564 promiscuus
1957 2507 2080 2546 usus
2101 2501 2337 2547 occurrat
2357 2494 2411 2546 in
2440 2494 2645 2565 scriptis
2673 2494 2837 2549 libris.
2875 2492 3026 2548 Hanc
3052 2494 3257 2566 quidem
3280 2507 3490 2565 partem
3509 2493 3812 2546 verissimam

503 2603 610 2641 esse
632 2603 736 2640 non
764 2586 1211 2655 difﬁtemur,quin
1241 2597 1288 2640 et
1327 2587 1568 2640 addimus
1597 2587 1690 2640 toti
1717 2586 1961 2640 solutioni
1991 2589 2164 2656 favere
2191 2585 2334 2640 haud
2362 2585 2705 2651 mediocriter,
2730 2587 2871 2658 quod
2899 2587 3012 2641 loco
3040 2586 3226 2641 Romae
3255 2588 3306 2641 in
3337 2587 3506 2641 tribus
3538 2583 3809 2648 codicibus,

505 2680 751 2732 nimirum
791 2677 1060 2743 Vaticano,
1093 2677 1276 2748 Regio,
1307 2695 1369 2732 ac
1393 2677 1659 2741 Thuaneo,
1696 2678 1882 2749 legitur
1909 2689 2064 2734 recto
2093 2679 2346 2745 nomine;
2382 2697 2474 2751 pro
2505 2696 2604 2748 quo
2628 2679 2866 2734 Romana
2895 2681 3052 2735 editio
3076 2681 3375 2736 adverbium
3411 2690 3562 2736 reete
3584 2678 3812 2732 substitu-

501 2781 616 2824 tum
645 2770 824 2824 maluit
856 2786 875 2823 :
904 2779 1251 2824 verumtamen
1291 2787 1354 2823 ne
1391 2771 1510 2824 huic
1539 2771 1770 2842 op'nioui
1819 2772 2026 2826 omnino
2065 2772 2462 2839 subscribamus,
2502 2771 2628 2842 facit
2673 2773 3160 2844 manuscriptorum,
3205 2771 3258 2827 iu
3284 2770 3478 2844 quibus
3508 2788 3607 2825 vox
3641 2771 3811 2823 limum

501 2865 707 2934 integra
737 2871 925 2926 exstat,
955 2879 1199 2917 numerus
1227 2874 1380 2933 atque
1407 2864 1707 2933 antiquitas.
1734 2861 1941 2918 Etenim
1971 2879 2035 2920 ex
2054 2866 2194 2920 omni
2214 2865 2545 2920 multitudine
2574 2870 2723 2940 cujus
2746 2869 3040 2936 paravimus
3067 2867 3360 2933 varietates,
3401 2866 3631 2936 exceptis
3662 2861 3832 2919 tribus,

507 2957 822 3020 memoratis,
853 2971 945 3009 nec
972 2971 1075 3010 non
1100 2956 1218 3011 aliis
1243 2955 1462 3023 duobus,
1493 2957 1547 3010 in
1571 2955 1759 3028 quibus
1788 2959 2068 3028 antiquarli
2095 2958 2244 3030 lapsu
2275 2960 2525 3030 scriptum
2557 2970 2630 3014 est
2657 2969 2890 3028 rotome,
2920 2959 3014 3014 alii
3043 2962 3298 3015 sexdecim
3329 2978 3462 3030 quos
3493 2960 3625 3014 inter
3664 2955 3808 3011 Beni—

506 3050 752 3120 gnianus,
791 3047 1056 3104 Remensis
1087 3059 1134 3103 et
1166 3049 1598 3104 Claromontanus
1618 3060 1865 3121 superant
1885 3067 2051 3105 annos
2081 3050 2208 3118 800,
2238 3053 2513 3106 dictionem
2545 3053 2729 3108 Roma:
2758 3053 2865 3108 suis
2886 3053 3069 3108 litteris
3097 3069 3395 3124 expressam
3419 3069 3530 3125 pra:
3553 3067 3606 3107 se
3632 3053 3803 3122 ferunt.

513 3145 630 3199 Huc
655 3145 807 3198 etiam
837 3144 1056 3206 accedit,
1089 3144 1224 3214 quod
1252 3145 1678 3201 abbreviationent
1704 3145 1792 3200 isti
1818 3145 1882 3200 de
1903 3163 2006 3211 qua
2026 3149 2215 3218 agitur,
2251 3149 2469 3202 similem
2497 3166 2747 3218 nusquam
2773 3150 3080 3217 reperimus.
3107 3149 3377 3205 Credimus
3407 3152 3568 3223 igitur
3590 3143 3802 3202 eamdem

511 3237 662 3290 illaut
683 3251 855 3290 vocem
877 3237 962 3289 hic
983 3237 1272 3308 ἔμφατικῶς
1291 3253 1398 3290 esse
1427 3237 1670 3305 positam,
1693 3247 1746 3289 ut
1771 3238 1889 3307 plus
1911 3238 2232 3311 significetur
2258 3254 2415 3309 quam
2438 3241 2764 3309 exprimitur.
2791 3229 2826 3293 ’1
2834 3251 2982 3310 taque
3009 3241 3143 3294 idem
3166 3241 3281 3308 erit,
3302 3240 3494 3296 Roma:
3525 3239 3706 3294 ﬁdeles
3734 3234 3805 3287 di-

509 3338 728 3390 cuntur,
754 3342 814 3380 ac
843 3327 888 3380 si
912 3327 1122 3380 dixisset
1145 3344 1246 3382 non
1276 3329 1445 3382 solum
1472 3328 1524 3382 in
1547 3329 1642 3383 hac
1673 3339 1763 3383 aut
1783 3331 1838 3384 in
1859 3331 1966 3385 alia
1989 3331 2216 3400 qualibet
2245 3331 2496 3400 Ecclesia,
2524 3349 2696 3388 verum
2719 3335 2870 3388 etiam
2891 3337 2944 3390 in
2973 3335 3203 3389 omnium
3228 3336 3551 3390 nobilissima
3575 3326 3804 3402 baptismi

509 3416 689 3484 ﬁdeles
719 3416 1069 3470 nominantur.
1099 3415 1166 3470 Et
1188 3417 1310 3471 huic
1333 3429 1524 3472 ιιοειτω
1543 3418 1954 3492 interpretationi
1975 3425 2110 3494 favet
2133 3438 2246 3477 cum
2275 3423 2532 3492 particula
2562 3433 2615 3478 et
2640 3442 2790 3494 quam
2816 3427 3061 3480 vocabulo
3081 3426 3264 3483 Romus
3298 3427 3618 3498 pra’missam
3644 3423 3798 3476 obser-

510 3510 640 3562 vavit
670 3510 723 3562 in
750 3510 1008 3564 codicibus
1037 3511 1232 3582 aliquot
1263 3511 1398 3566 idem
1431 3512 1743 3581 Alexander,
1765 3530 1956 3580 nosque
1979 3515 2032 3569 in
2066 3515 2302 3584 pluribus
2329 3525 2620 3571 nostrorum
2647 3518 3096 3590 deprehendimus.

583 3609 712 3675 Qua:
739 3609 872 3664 idem
902 3609 1194 3666 Albertinus
1215 3612 1391 3678 obiicit
1416 3611 1580 3684 (Loco
1601 3614 1712 3679 cit.,
1744 3631 1862 3688 pag.
1891 3615 2018 3680 508,
2049 3615 2151 3670 col.
2181 3616 2232 3685 Ι)
2258 3625 2438 3670 contra
2464 3618 2832 3685 expositionem
2863 3617 3132 3672 verborum
3160 3617 3393 3688 Domini,
3419 3617 3640 3690 Oportet
3662 3609 3788 3666 enim

512 3718 612 3757 nos
653 3703 879 3774 implere
908 3719 1124 3759 omnem
1153 3705 1440 3773 justitiam,
1474 3722 1565 3760 nec
1597 3723 1697 3761 non
1735 3717 1916 3762 contra
1956 3709 2244 3762 doctrinam
2273 3709 2338 3763 de
2373 3710 2582 3763 secretis
2623 3709 2858 3778 precibus
2901 3709 2963 3763 ab
3001 3709 3177 3764 eodem
3219 3723 3431 3766 auctore
3478 3704 3790 3777 propositam,

511 3797 640 3852 adeo
671 3799 801 3852 levia
826 3807 963 3863 sunt,
991 3808 1046 3852 ut
1075 3799 1186 3853 sola
1215 3799 1446 3854 locorum
1473 3800 1784 3870 inspectione
1814 3801 1976 3871 possit
1997 3801 2158 3855 evinci
2180 3817 2269 3855 nec
2290 3802 2456 3874 inepte
2477 3800 2806 3867 concludere,
2834 3818 2926 3856 nec
2957 3801 3210 3870 desipere,
3237 3818 3391 3873 quem
3423 3799 3498 3856 sic
3524 3795 3726 3852 deridet.

587 3891 803 3945 Gravior
840 3902 912 3945 est
950 3907 1074 3946 sane
1099 3908 1212 3962 qute
1236 3893 1464 3961 sequitur
1488 3894 1748 3947 accusatio
1787 3893 1840 3946 in
1874 3893 1969 3947 illa
1994 3891 2145 3946 verba
2178 3908 2191 3946 :
2237 3890 2491 3946 Crassum
2523 3890 2703 3947 eilutil
2750 3890 3126 3956 mendacium,
3160 3892 3236 3946 ait
3266 3893 3412 3947 enim
3446 3887 3717 3946 Dominum
3744 3879 3788 3933 ill

513 3987 760 4041 oratione
787 3987 1063 4042 Dominica
1095 4003 1203 4042 non
1230 3988 1434 4043 dixisse
1468 4005 1480 4041 :
1515 3987 1591 4043 Ne
1621 4001 1718 4042 nos
1743 3987 1967 4043 inducas
1999 3987 2052 4041 in
2095 3987 2485 4053 tentatiouem;
2516 3987 2633 4054 sed,
2669 4002 2735 4041 ne
2762 3987 2984 4058 patiaris
3016 4002 3114 4041 nos
3143 3985 3322 4041 induci
3368 3988 3421 4042 in
3461 3979 3786 4039 [saluationem

519 4083 706 4149 (lbid.,
738 4083 839 4137 col.
867 4081 946 4154 2).
983 4082 1097 4148 Qua
1123 4083 1476 4136 criminatione
1503 4082 1628 4152 quid
1651 4083 1706 4136 in
1734 4081 2104 4154 Evangelicunt
2130 4097 2416 4152 praeconem
2447 4083 2672 4136 atrocius
2695 4081 2919 4152 conferri
2957 4081 3160 4151 potest?
3190 4082 3427 4135 Attamen
3463 4085 3718 4131 accusator
3742 4065 3787 4118 in

511 4193 570 4230 eo
599 4179 785 4250 infelix
811 4181 932 4252 fuit,
969 4181 1105 4249 quod
1137 4181 1223 4234 teli
1251 4189 1393 4234 tanto
1432 4181 1547 4233 nisu
1582 4179 1823 4234 destinati
1858 4188 2010 4248 atque
2043 4179 2228 4232 vibrth
2269 4195 2444 4232 cassus
2487 4177 2646 4248 plane
2675 4193 2734 4230 ac
2760 4177 2959 4231 inutilis
2989 4177 3119 4229 ictus
3146 4175 3352 4230 cecidit.
3401 4173 3535 4228 Nam
3563 4181 3669 4221 cum
3691 4162 3787 4230 ἱρεε

507 4284 754 4347 agnoscat
783 4274 957 4327 eodem
993 4274 1146 4326 modo
1186 4273 1368 4346 legisse
1397 4273 1734 4344 Cyprianum,
1764 4273 1903 4342 quod
1926 4272 2112 4326 ibidem
2142 4273 2407 4346 subjungit
2437 4287 2454 4326 :
2481 4271 2588 4327 Sed
2615 4270 2759 4325 aliud
2784 4277 2868 4326 est
2899 4270 2969 4324 ita
2996 4270 3195 4340 legere,
3231 4268 3376 4323 aliud
3403 4265 3666 4322 afﬁrmare
3691 4254 3783 4309 Dn-

515 4370 718 4424 minnm
743 4367 820 4422 sic
845 4383 968 4422 esse
998 4367 1236 4422 loculum
1266 4383 1371 4420 non
1405 4367 1584 4429 aliter,
1610 4383 1750 4420 mera
1776 4366 2118 4436 sycopltatttitt
2137 4376 2230 4422 est.
2259 4368 2360 4433 Qui
2377 4367 2510 4420 enim
2529 4367 2812 4420 orationem
2833 4365 3036 4435 qualem
3056 4381 3088 4417 a
3113 4363 3320 4418 Christo
3347 4361 3579 4416 instituta
3604 4361 3673 4406 est
3695 4360 3783 4400 me"

513 4474 744 4522 morans,
778 4467 970 4512 sextam
999 4458 1140 4511 illius
1182 4458 1476 4525 petitionem
1517 4455 1660 4523 effert
1693 4457 1773 4512 his
1801 4456 1964 4510 verbis
1995 4473 2014 4512 :
2043 4458 2110 4512 Et.
2142 4473 2210 4513 ne
2241 4458 2468 4528 patiaris
2500 4474 2598 4514 nos
2640 4458 2818 4513 induci
2862 4459 2917 4512 in
2960 4459 3352 4523 tentationem;
3385 4469 3551 4510 annon
3578 4440 3781 4503 eamdem

510 4553 714 4608 diversa
740 4553 991 4606 sententia
1021 4567 1316 4620 expressam
1342 4553 1419 4606 sin
1441 4553 1610 4607 minus
1639 4569 1742 4616 ore,
1777 4551 1957 4606 saltent
1978 4553 2140 4606 animi
2168 4553 2475 4624 cogitatione
2499 4552 2704 4608 abunde
2732 4552 2921 4623 negat?
2958 4550 3140 4623 Neque
3179 4551 3412 4624 profecto
3449 4551 3692 4603 incurrere
3710 4531 3781 4584 Ῑιίε

506 4655 690 4699 auctor
716 4644 888 4700 debuit
911 4644 1210 4698 temeritatis
1231 4652 1321 4697 aut
1344 4641 1594 4698 mendacii
1616 4643 1808 4697 crimen
1831 4659 1849 4707 ;
1873 4643 2063 4715 quippe
2088 4643 2172 4697 cui
2195 4643 2438 4714 prxsidio
2465 4649 2627 4697 essent
2655 4642 2945 4712 complures
2965 4641 3280 4696 Latinorum
3302 4642 3549 4700 codicum,
3577 4640 3624 4685 ut
3645 4626 3778 4695 li‘ll‘e‘

511 4737 784 4812 Augustini
804 4739 1108 4792 auctoritate
1128 4735 1228 4807 (De
1258 4734 1408 4790 Dono
1433 4735 1666 4802 Perseu,
1684 4753 1732 4790 c.
1753 4732 1832 4805 6).

584 4832 758 4902 Atqui,
788 4835 920 4901 forte
946 4829 1156 4884 instabit
1180 4829 1387 4899 aliquis,
1419 4845 1534 4882 cum
1565 4828 1758 4882 Auctor
1783 4827 1906 4882 alibi
1947 4827 2085 4898 (Lib.
2131 4843 2188 4895 ν,
2220 4843 2334 4899 cap.
2379 4827 2436 4898 4)
2462 4827 2752 4880 consultum
2785 4826 2876 4880 abs
2897 4841 2951 4880 se
2978 4823 3212 4879 Grtvcum
3239 4824 3432 4878 idioma
3461 4813 3734 4884 testi/ite!"
3761 4817 3776 4853 ἔ

508 4945 598 4981 cur
627 4929 721 4981 hoc
749 4928 861 4982 loco
882 4927 1016 4981 illud
1046 4926 1125 4981 vel
1147 4925 1399 4994 inspicere
1426 4926 1671 4998 neglexit,
1692 4926 1769 4980 vel
1794 4924 2098 4999 contempsit
2125 4923 2458 4994 inspectant?
2486 4923 2802 4992 Augustinus
2827 4923 2960 4978 enim
2988 4922 3163 4976 eodem
3193 4921 3349 4975 citato
3380 4919 3509 4974 libro
3536 4905 3778 4998 pro/lim."

511 5024 605 5077 sibi
635 5039 738 5077 non
767 5024 969 5079 licuisse
1009 5023 1156 5077 aliud
1180 5023 1460 5094 quidquam
1489 5023 1714 5092 reperire
1737 5023 1790 5076 in
1814 5020 2010 5077 Graecis
2035 5019 2434 5090 exemplaribus,
2465 5019 2562 5072 nisi
2591 5016 2670 5073 Ne
2701 5032 2800 5072 nos
2830 5015 3033 5071 inieras
3062 5015 3114 5070 in
3159 5015 3530 5070 tentationem.
3560 5001 3773 5094 Quam"?

510 5129 680 5173 autem
711 5121 755 5172 ei
781 5119 1055 5194 objectioni
1081 5093 1222 5173 color
1249 5093 1495 5172 obductus
1519 5117 1754 5170 videatur
1773 5116 1931 5186 paulo
1962 5112 2324 5180 verisimilior;
2348 5111 2687 5167 nihilominus
2709 5110 2945 5182 expedita
2971 5109 3239 5180 responsio
3257 5117 3351 5161 est.
3380 5102 3523 5159 Enim
3551 5105 3655 5194 vero
3677 5093 3772 5194 Cll)"

511 5213 574 5267 de
596 5213 719 5268 solis
746 5188 852 5267 illis
870 5212 1128 5266 codicibus
1151 5226 1277 5278 quos
1298 5211 1408 5279 ipse
1440 5208 1606 5278 legere
1634 5217 1894 5276 potuerat,
1923 5207 2160 5277 loquatur
2190 5205 2550 5276 Augustinus;
2585 5205 2710 5276 quid
2740 5213 2865 5258 vetet
2895 5203 3170 5273 quontinus
3197 5199 3405 5269 quidam
3438 5189 3649 5280 alterius
3662 5188 3764 5280 ριὶο⁸

511 5306 694 5359 vincite
718 5306 918 5359 codices
946 5305 1144 5358 diverse
1173 5304 1444 5358 habuerint
1471 5301 1602 5353 hanc
1629 5301 1976 5353 sententiam?
2002 5298 2113 5354 Nec
2148 5307 2317 5353 tamen
2344 5299 2464 5366 fuit,
2497 5314 2593 5352 cur
2623 5296 2862 5352 adeunda
2891 5295 2996 5354 sibi.
3029 5307 3232 5368 putaret
3261 5293 3439 5350 Graeca
3465 5276 3765 5347 ρωειηρίστίθν

508 5411 623 5448 cum
644 5396 712 5448 ad
740 5394 1153 5464 persuadendum
1182 5411 1297 5448 cuin
1326 5402 1397 5446 tot
1423 5391 2035 5446 Latinorum'consensus
2066 5392 2218 5462 plane
2241 5391 2527 5462 sufficeret.
3527 5388 3529 5390 ’

584 5456 870 5550 Ident'vero
897 5487 986 5542 ille
1013 5489 1264 5555 minister,
1291 5488 1529 5542 Auctoris
1552 5487 1666 5542 loco
1686 5487 1750 5541 de
1766 5492 1954 5560 pedum
1982 5456 2174 5542 latione
2192 5456 2358 5558 fusius
2377 5486 2654 5554 exscripta,
2678 5486 2772 5540 illa
2799 5486 3007 5557 subiicit
3028 5484 3190 5559 (Loco
3212 5483 3328 5551 cit.,
3351 5501 3402 5554 p.
3423 5475 3543 5536 508,
3563 5456 3757 5560 colei):

520 5583 682 5652 Atqui
713 5584 764 5636 in
795 5584 898 5636 hoc
929 5582 1177 5636 discursu
1206 5592 1404 5652 praeter
1437 5579 1726 5637 locutionis
1759 5545 2064 5635 barbariem
2091 5545 2347 5650 (faiemur
2377 5587 2549 5633 autem
2579 5581 2634 5633 in
2665 5579 2766 5634 hoc
2793 5545 3046 5634 discursu
3072 5579 3240 5633 inesse
3269 5573 3560 5632 barbariem.
3592 5555 3670 5614 εειί
3689 5545 3761 5652 Af:

516 5679 746 5746 bertini),
783 5677 960 5746 primo
989 5676 1194 5731 falsitas
1221 5687 1327 5733 est.
1351 5675 1454 5745 Qui
1496 5677 1640 5732 enim
1664 5675 1849 5731 dicere
1878 5685 2065 5745 posset
2094 5673 2438 5731 Ambrosius.
2465 5713 2476 5724 .
2503 5713 2515 5725 .
2543 5683 2602 5726 se
2628 5671 2887 5728 Romanae
2917 5671 3178 5728 Ecclesize
3203 5679 3388 5742 typum
3417 5674 3468 5720 et
3491 5637 3760 5780 ῐοῗηξέἐς

647 5772 679 5780 ..
929 5772 940 5780 .
1265 5772 1280 5780 -
1464 5773 1477 5780 -
1825 5771 1865 5780 ..
2546 5767 2557 5780 .
2885 5767 2918 5780 ..
3015 5757 3620 5780 .A.W,_,,,A__”,,,

515 5743 768 5832 omnibus
787 5743 967 5842 sequi,
1014 5785 1136 5828 cum
1163 5785 1228 5833 ex
1254 5743 1557 5848 Augustino
1581 5779 1801 5829 constet
1825 5743 2050 5828 Romam
2073 5779 2126 5826 et
2155 5768 2513 5826 Mediolanum
2546 5767 2596 5822 in
2625 5767 2950 5824 ceremoniis
2979 5765 3258 5840 plerisque
3280 5763 3420 5818 inter
3438 5767 3494 5815 se
3518 5743 3728 5804 variasse
