3952 6178
166 256 249 312 il3
1154 260 1243 316 DE
1282 258 1768 318 SACRAMENTIS
1805 260 2009 318 LIBRI.
2055 259 2451 325 PREFATIO.
3329 256 3436 319 ill

161 370 335 427 Deinde
362 381 415 428 et
442 374 846 444 contradictio;
876 393 999 434 nam
1028 391 1312 452 postquam
1342 380 1571 438 dixisset
1603 400 1617 437 :
1647 380 1705 439 In
1736 382 1990 440 omnibus
2025 384 2187 455 cupio
2210 383 2363 455 sequi
2393 382 2693 439 Ecclesiam
2732 382 3056 449 Romanam,
3083 383 3228 440 illico
3257 394 3438 442 tamen

159 463 288 535 quasi
318 464 654 536 palinodiam
689 485 856 541 agens
883 470 957 543 (et
1000 472 1096 526 hoc
1133 474 1286 528 etiam
1313 490 1467 545 quam
1498 472 1744 530 Latinum
1779 474 1834 529 in
1864 474 2103 531 Censoris
2134 474 2263 531 adeo
2303 476 2465 530 severi
2507 475 2794 531 elocutione
2812 474 2878 547 !),
2913 474 3009 531 sed
3044 486 3226 532 tamen
3255 486 3309 533 et
3341 492 3442 534 nos

159 557 395 626 homines,
423 560 626 633 inquit,
661 578 887 620 sensum
919 564 1209 633 habemus,
1253 564 1376 623 meo
1419 569 1564 639 quod
1595 564 1725 624 alibi
1756 569 1957 624 rectius
1984 577 2257 638 servatur,
2288 577 2343 625 et
2373 583 2474 623 nos
2521 576 2674 625 recte
2718 566 3079 624 custodimus.
3110 566 3190 624 Ac
3221 584 3438 626 rursum

155 656 405 718 postquam
431 647 666 707 dixisset
693 670 706 707 :
741 650 854 709 Hoc
882 652 1004 711 ideo
1030 654 1153 712 dico
1180 671 1288 712 non
1324 656 1470 729 quod
1501 657 1639 714 alios
1669 656 2069 730 reprehendam
2095 676 2110 726 ;
2143 658 2323 716 subito
2353 659 2477 715 illus
2518 656 2889 731 reprehendit.
2912 668 3009 715 etc.
3050 659 3235 715 Verum
3272 662 3326 715 in
3357 660 3441 717 his

155 740 517 813 omnibusquod
549 745 649 799 sibi
676 745 1018 813 contradicat,
1042 747 1173 802 nihil
1196 748 1465 817 invenias;
1491 751 1537 805 si
1567 751 1720 805 modo
1743 767 1804 806 ea
1840 751 2079 816 candide,
2109 761 2263 820 atque
2289 768 2351 806 ex
2386 751 2600 806 humani
2643 754 2895 807 sermonis
2938 752 3315 807 consuetudine
3358 753 3438 806 in—

153 832 393 901 terpretari
419 832 669 889 colueris.
705 834 833 904 Quis
858 838 991 892 enim
1017 848 1097 893 eat
1127 834 1332 909 inﬁcias
1361 841 1447 895 ubi
1472 840 1663 896 dicitur
1688 858 1708 897 :
1730 840 1903 913 Cupio
1929 842 2083 914 sequi
2114 840 2425 899 Ecclesiam
2452 843 2787 910 Romanam;
2813 844 2906 899 sed
2933 852 3112 900 tamen
3135 855 3188 901 et
3213 860 3310 900 nos
3340 843 3440 899 lto-

152 923 296 978 mines
321 940 531 993 sumus,
563 937 686 992 etc.,
716 944 821 983 non
846 929 1128 1003 simplicem
1149 943 1240 987 aut
1264 935 1580 1005 absolutam,
1611 947 1667 991 ut
1693 946 1896 1005 vocant,
1928 934 2020 993 sed
2051 939 2451 994 conditionalem
2476 956 2586 995 esse
2614 941 2954 1007 sententiam;
2986 947 3140 1010 atque
3166 939 3295 995 adeo
3328 940 3435 996 illic

151 1024 290 1070 mente
316 1023 358 1070 et
385 1018 701 1089 cogitatione
726 1021 1092 1093 supplendum,
1134 1037 1395 1096 quantum
1443 1026 1680 1098 licuerit,
1719 1037 1815 1086 aut
1856 1030 2028 1085 visqu
2064 1029 2229 1087 fuerit
2267 1032 2553 1104 expedire.
2590 1033 2681 1087 Sic
2708 1033 2759 1087 in
2792 1034 2863 1088 eis
2902 1050 3103 1105 quoque
3126 1034 3291 1090 verbis
3315 1049 3431 1105 qua:

149 1108 505 1177 prtemittuntur
526 1125 546 1163 :
573 1110 647 1166 Se
668 1109 929 1169 Romam:
959 1113 1215 1189 Ecclesia:
1250 1129 1434 1190 typum
1466 1128 1519 1174 et
1549 1118 1777 1177 formam
1801 1121 1853 1177 iu
1884 1122 2141 1177 omnibus
2170 1123 2346 1194 sequi,
2373 1122 2506 1179 niltil
2528 1124 2651 1193 falsi
2689 1124 2894 1179 subesse
2921 1126 3265 1196 confitebitur,
3293 1127 3438 1198 quis-

146 1204 241 1274 quis
259 1205 366 1275 ipsa
393 1222 497 1261 non
526 1206 846 1279 detorquebit
874 1226 908 1263 a
931 1208 1157 1284 legitimo
1178 1229 1356 1282 sensu,
1379 1230 1563 1286 nempe
1592 1216 1799 1271 morali.
1828 1213 2063 1288 Denique
2089 1216 2227 1288 quod
2263 1234 2350 1273 eos
2374 1217 2751 1289 reprehendere
2777 1217 3036 1291 arguitur,
3062 1235 3188 1288 quos
3216 1235 3436 1290 negave-

148 1305 211 1349 rat
235 1298 316 1351 abs
344 1314 398 1352 se
435 1299 773 1371 reprehendi,
804 1317 936 1373 pura
964 1312 1093 1373 puta
1122 1303 1433 1375 ritilitigatio
1470 1316 1564 1361 est.
1594 1305 1735 1374 Quid
1771 1309 1907 1363 enim
1936 1309 2197 1362 communi
2238 1307 2481 1378 loquendi
2522 1308 2638 1363 usui
2676 1307 2839 1382 magis
2868 1324 3173 1379 congruum,
3201 1325 3356 1379 quam
3385 1317 3439 1363 ut

147 1389 372 1461 quispiam
402 1392 491 1446 ubi
521 1393 719 1450 crimen
746 1412 777 1448 a
806 1412 859 1450 se
887 1397 1196 1469 prapulsare
1220 1408 1453 1470 nequeat,
1482 1401 1583 1455 nisi
1608 1401 1741 1457 illud
1770 1401 2047 1471 transferat
2076 1403 2129 1456 in
2150 1400 2333 1470 alium,
2364 1402 2421 1455 id
2447 1402 2623 1457 eadem
2648 1404 2849 1457 ratione
2871 1402 3226 1471 pra'molliat?

200 1481 306 1537 lant
336 1501 455 1540 vero
485 1487 644 1542 istam
676 1489 1095 1545 criminationem
1122 1508 1359 1561 quanam
1384 1495 1629 1567 excipiat,
1654 1495 2056 1551 consideremus.
2084 1493 2279 1563 Aliam,
2310 1492 2478 1566 inquit
2504 1494 2802 1549 Albertinus
2824 1493 2975 1567 (Lac.
3006 1496 3121 1561 cit.,
3161 1513 3283 1570 pag.
3307 1497 3433 1565 508,

146 1578 226 1633 col.
252 1578 327 1652 2),
358 1581 423 1634 ab
452 1598 516 1636 ea
541 1599 647 1653 qua
672 1584 909 1639 utebatur
937 1584 1256 1653 Ambrosius,
1287 1597 1465 1643 auctor
1504 1588 1690 1644 horum
1716 1588 1967 1645 librorum
2006 1590 2236 1661 sequitur
2261 1588 2561 1643 versionem.
2594 1584 2661 1640 Id
2689 1587 2896 1659 quidem
2925 1590 3189 1643 verissime
3230 1591 3427 1645 dictum

147 1690 229 1729 non
251 1674 523 1733 abnuimus
552 1696 574 1734 :
602 1679 692 1733 sed
716 1695 782 1736 es
811 1696 1041 1752 operum
1063 1684 1239 1739 sancti
1268 1684 1545 1741 Ambrosii
1569 1684 1810 1742 lectione
1841 1693 2078 1755 constat,
2108 1695 2165 1740 ut
2204 1684 2501 1740 Alexander
2531 1684 2692 1754 (Loro
2722 1701 2880 1756 supra
2905 1668 3025 1757 cit.)
3054 1688 3182 1742 scite
3210 1688 3439 1760 reponit,

147 1782 244 1822 eum
281 1786 380 1825 non
425 1766 630 1828 iisdem
659 1788 875 1845 semper
902 1775 1084 1832 verbis
1115 1777 1339 1834 eosdem
1371 1778 1669 1849 Scriptura:
1696 1793 1865 1835 sacrae
1906 1779 2059 1834 locos
2091 1776 2364 1835 laudasse.
2402 1777 2538 1834 Huic
2567 1780 2892 1852 responsioni
2933 1779 3245 1838 brevissima:
3274 1785 3438 1857 juxta

145 1878 193 1914 ac
210 1865 496 1920 certissima:
535 1876 742 1921 tantum
781 1865 1052 1935 addemus,
1087 1886 1207 1924 cum
1242 1871 1353 1925 sine
1396 1886 1587 1945 magna
1614 1873 1999 1942 prxparctione
2036 1883 2302 1928 auctorem
2335 1872 2470 1927 hunc
2503 1883 2733 1927 nostrum
2762 1873 2956 1929 dixisse
2982 1891 3084 1941 non
3111 1876 3176 1929 sit
3204 1876 3442 1943 dubium,

147 1957 409 2028 neutiquam
439 1977 572 2015 sane
601 1961 786 2015 mirum
818 1962 1003 2030 videri,
1030 1962 1076 2017 si
1103 1961 1432 2032 Scripturam
1459 1980 1562 2019 non
1587 1980 1787 2038 semper
1809 1965 1940 2031 suis,
1966 1964 2054 2020 sed
2080 1966 2143 2019 iis
2170 1980 2285 2036 quae
2312 1964 2392 2019 illi
2419 1980 2487 2021 ex
2511 1973 2737 2037 tempore
2766 1966 3017 2039 suggessit
3040 1967 3305 2033 memoria,
3327 1982 3439 2022 ver-

147 2046 207 2100 bis
228 2048 389 2105 citauit
412 2068 431 2105 :
459 2062 707 2107 constare
728 2064 897 2109 autem
926 2054 1218 2125 ipsummet,
1240 2071 1357 2110 cum
1389 2054 1693 2127 Vulgatam,
1717 2067 1773 2110 ut
1800 2066 2004 2125 vocant,
2021 2056 2272 2125 nusquam
2294 2055 2609 2122 adhibuerit,
2637 2057 2886 2112 Albertini
2914 2058 3157 2129 opinione
3177 2059 3434 2130 antiquio-

147 2156 233 2194 rent
260 2142 528 2201 dicendum
554 2162 687 2202 esse.
1485 2218 1494 2230 ο

206 2235 276 2291 Ad
297 2249 585 2294 extremum
613 2238 749 2295 alias
777 2240 1027 2313 quasdam
1046 2242 1293 2299 minutias
1322 2254 1606 2317 oggerunt;
1630 2255 1683 2298 ut
1718 2253 1843 2316 puta
1873 2243 2012 2315 quod
2034 2246 2179 2299 aiunt
2208 2254 2471 2299 auctorem
2501 2243 2689 2300 ludere
2712 2244 2864 2300 vanis
2891 2245 3169 2317 allegoriis
3205 2265 3217 2301 :
3262 2263 3437 2303 verum

147 2344 251 2397 quas
274 2331 349 2385 illi
385 2349 550 2388 sanas
582 2333 862 2407 allegorias
889 2336 1147 2402 dictitant,
1179 2336 1274 2391 hoc
1311 2338 1485 2410 ipsum
1510 2346 1584 2393 est
1634 2353 1735 2408 quo
1769 2338 2004 2392 redditur
2029 2335 2385 2392 Ambrosiam:
2420 2338 2695 2393 elocutioni
2726 2338 2963 2392 vicinior.
2997 2338 3210 2393 Addunt
3250 2340 3304 2394 in
3332 2341 3444 2395 solo

150 2422 295 2480 libello
320 2425 386 2483 de
421 2427 707 2501 Mysteriis
732 2430 947 2499 reperiri
988 2447 1050 2486 ca
1086 2432 1401 2498 testimonia,
1432 2448 1546 2504 quis
1587 2432 1742 2504 quasi
1767 2447 1832 2487 ex
1870 2448 2029 2502 apere
2057 2431 2127 2488 de
2177 2431 2547 2488 Sacramentis
2586 2433 2744 2504 petita
2785 2432 2965 2487 laudat
2993 2430 3333 2488 Ratramnus.
3378 2435 3443 2490 At

145 2535 243 2573 sero
265 2523 383 2590 quid
402 2524 449 2579 si
475 2522 816 2595 imperfectus
842 2529 1004 2581 codex
1025 2527 1105 2582 illi
1130 2527 1417 2597 imposuit?
1441 2526 1567 2598 quid
1605 2528 1648 2581 si
1680 2525 1849 2583 labilis
1878 2527 2167 2582 memoria?
2190 2524 2256 2580 Et
2285 2541 2411 2581 sane
2440 2524 2523 2579 hic
2548 2541 2692 2580 error
2718 2542 2774 2580 eo
2795 2525 2966 2597 fuerat
2985 2525 3283 2596 proclivior,
3304 2526 3444 2595 quod

147 2620 325 2681 uterque
348 2625 616 2672 tractatus
640 2618 891 2691 conjungi
921 2618 1049 2672 solet
1075 2620 1130 2673 in
1153 2621 1541 2690 manuscriptis.
1574 2617 1812 2676 Clamant
1839 2628 2095 2689 postremo
2121 2619 2237 2689 ipsa
2262 2616 2382 2689 styli
2404 2616 2699 2672 diversitate
2718 2627 2983 2672 auctorum
3003 2634 3201 2689 quoque
3228 2620 3443 2674 diuersi—

149 2715 278 2761 tatem
306 2713 453 2780 prodi
487 2710 956 2783 demonstrarique.
993 2712 1101 2770 Sed
1140 2712 1249 2769 htec
1277 2714 1498 2785 objectio
1523 2714 1745 2785 alicujus
1785 2713 2033 2785 ponderis
2070 2722 2287 2784 negatur
2315 2728 2460 2780 esse;
2480 2711 2620 2781 Quia
2650 2720 2832 2782 patres
2858 2710 3077 2768 diverso
3102 2710 3318 2766 dicendi
3347 2726 3443 2783 ge-

151 2811 259 2855 nere
286 2818 378 2868 pro
416 2813 873 2881 argumentorum
902 2804 1224 2862 diversitate
1265 2817 1489 2862 utuntur
1520 2805 1692 2879 (Alex.
1726 2806 1904 2879 ibid.).
1941 2806 2110 2874 Quam
2137 2806 2521 2877 responsionem
2558 2815 2808 2875 quatenus
2835 2805 3039 2861 extendi
3069 2805 3255 2862 veritas
3279 2806 3438 2876 sinat,

151 2886 265 2960 infra
290 2892 614 2968 expendetur
647 2912 666 2950 :
698 2914 832 2950 nunc
856 2906 1025 2952 autem
1046 2900 1327 2953 contraria:
1356 2899 1617 2969 Opinionis
1635 2898 1882 2953 audiendi
1912 2910 2347 2971 propugnatores.

210 2979 426 3041 Primum
454 2987 691 3043 educunt
712 2986 791 3044 illi
819 2986 1116 3061 (Bellarm.,
1152 2989 1525 3056 Sauctibmum,
1561 2992 1709 3047 Alex.
1744 3001 1791 3046 et
1829 2988 1943 3063 alii)
1972 3008 2273 3047 numerosos
2300 3008 2361 3046 ac
2397 3003 2712 3066 pervetustos
2750 2993 2951 3049 codices
2988 3010 3146 3050 manu
3174 3004 3438 3065 exaratos,

151 3089 333 3147 cumque
360 3080 437 3134 his
471 3079 641 3135 editos
670 3098 845 3136 omnes
867 3080 1051 3154 quibus
1079 3094 1195 3155 post
1222 3083 1481 3139 inventam
1510 3083 1910 3157 tgpographiam
1938 3084 2091 3140 iident
2122 3085 2239 3140 libri
2265 3087 2488 3158 evulguti
2509 3098 2647 3142 sunt.
2676 3086 2873 3144 Deinde
2904 3089 3052 3158 quasi
3078 3092 3435 3147 succenturia-

151 3174 238 3222 tum
263 3189 435 3244 agmen
465 3174 774 3230 submittunt
808 3175 1019 3231 ntaximi
1046 3177 1268 3232 nominis
1298 3178 1431 3232 uiros
1462 3176 1800 3231 Hincmarum
1825 3177 2143 3247 Remensem,
2172 3176 2502 3234 Deoduinum
2535 3177 2887 3248 Leodiensem,
2916 3178 3167 3237 Paschas.
3197 3180 3436 3240 Radber-

152 3270 238 3315 tum
263 3263 459 3323 Corbei.
483 3266 738 3333 abbatem,
766 3265 1106 3324 Ratramnum
1137 3269 1366 3344 ejusdem
1387 3272 1620 3324 asceterii
1644 3270 1972 3335 monachum,
1997 3267 2221 3325 Florum
2241 3271 2516 3327 diaconum
2541 3266 2809 3345 Lugdun.,
2831 3271 3225 3345 Lautfruncum,
3244 3275 3436 3333 Beren-

153 3357 347 3428 garium,
379 3361 659 3432 Algerum,
692 3357 1085 3431 Guitmundunt,
1111 3356 1415 3416 Durandunt
1442 3361 1684 3429 Troarn.,
1711 3358 1982 3433 Hugonem
2002 3360 2247 3434 Lingon.,
2271 3361 2482 3419 Ivonent
2504 3362 2745 3433 Carnut.,
2768 3362 3097 3433 Gratianum,
3122 3365 3434 3439 Magistrum

155 3449 356 3512 Sentent.
388 3474 452 3513 ac
482 3457 688 3512 demunt
710 3467 953 3529 quotquot
984 3458 1048 3512 ab
1072 3457 1278 3513 ineunte
1302 3474 1437 3513 nono
1467 3458 1655 3513 swculo
1685 3454 1755 3511 ad
1780 3467 2009 3511 nostram
2037 3456 2120 3512 uel
2143 3469 2352 3532 patrum
2380 3461 2697 3525 memoriam,
2727 3462 3022 3515 earumdem
3050 3460 3302 3517 librorum
3324 3482 3433 3517 utc-

154 3548 336 3619 minere,
364 3571 427 3609 ne
474 3552 891 3609 dissentientibus
918 3552 1148 3624 quidem,
1182 3555 1227 3608 si
1256 3572 1477 3626 nuperos
1505 3556 1698 3629 aliquot
1732 3556 1978 3628 excipias,
2020 3555 2362 3611 heterodoxis.
2418 3555 2480 3609 At
2511 3555 2628 3610 licet
2658 3553 2755 3610 hoc
2797 3568 3159 3628 argumentum
3202 3561 3432 3611 omnium

153 3657 247 3705 qua
264 3645 309 3699 in
329 3645 565 3701 eamdem
592 3663 698 3701 rem
728 3647 950 3718 proponi
972 3647 1157 3714 solent,
1182 3648 1559 3704 ualidissimum
1582 3668 1688 3705 esse
1712 3661 1857 3707 extra
1885 3651 2098 3705 dubium
2122 3651 2213 3714 sit,
2238 3667 2337 3704 non
2359 3658 2527 3704 tamen
2551 3650 2739 3704 inuicte
2758 3660 2804 3703 et
2831 3653 3124 3705 necessario
3151 3652 3435 3707 concludit.

158 3734 266 3803 Quot
289 3744 420 3797 enim
458 3758 621 3814 Opera
654 3752 926 3812 postquam
959 3742 1248 3797 diutissime
1278 3742 1372 3797 sub
1402 3753 1669 3799 auctorum
1692 3744 2036 3815 quorumdam
2070 3742 2222 3797 titulo
2254 3752 2532 3814 pervagata
2559 3750 2744 3808 essent,
2773 3758 2831 3794 eo
2865 3741 3071 3795 tandem
3110 3752 3265 3796 exuta
3292 3728 3433 3809 sunt,

155 3836 453 3909 quotidieque
482 3837 779 3891 exuuntur?
803 3833 1055 3892 Ceterum
1088 3838 1366 3910 scriptores
1392 3836 1471 3892 illi
1498 3854 1607 3893 rem
1633 3839 1734 3910 ipsi
1762 3854 1851 3909 per
1888 3853 1941 3891 se
1964 3853 2025 3890 ac
2051 3836 2304 3890 destinato
2333 3834 2550 3889 consilio
2581 3852 2681 3888 non
2714 3834 3089 3901 discusserunt,
3121 3835 3210 3890 sed
3235 3838 3312 3892 vel
3340 3836 3436 3891 alii

155 3927 260 3984 alios
294 3931 460 3986 secuti
483 3942 623 3997 sunt,
652 3931 733 3986 uel
763 3932 917 4002 fidem
958 3930 1179 3987 habuere
1208 3932 1313 3985 suis
1339 3934 1728 4005 manuscriptis,
1754 3934 1808 3987 in
1833 3929 2017 4003 quibus
2049 3932 2281 3985 eamdem
2310 3930 2532 4002 opellum
2556 3926 2681 3983 alibi
2706 3928 2910 3998 quidem
2939 3927 3193 3984 Ambrosii
3223 3948 3436 3986 nomen-

157 4018 342 4079 clatione
362 4026 696 4095 inscriptam,
715 4025 841 4080 alibi
872 4042 989 4080 vero
1021 4026 1265 4079 tractatui
1286 4025 1446 4080 alicui
1470 4025 1706 4081 eamdem
1731 4024 2119 4098 inscriptionem
2151 4023 2445 4098 pra’ferenti
2461 4023 2695 4093 junctam
2719 4036 2972 4093 reperere.
3004 4019 3138 4075 Nam
3163 4039 3275 4076 cum
3307 4026 3445 4078 auti-

156 4116 353 4181 quissimi
386 4119 575 4192 quique
594 4118 795 4175 codices
823 4118 1023 4174 nullum
1052 4120 1280 4176 auctoris
1302 4136 1486 4175 nomen
1506 4118 1799 4187 exhibeant,
1815 4119 1901 4189 qui
1925 4115 2273 4172 exscribendis
2293 4114 2357 4170 iis
2376 4125 2692 4170 navaverunt
2710 4131 2943 4187 operam,
2968 4131 3086 4170 cum
3110 4114 3434 4170 Ambrosium

159 4208 235 4263 hac
258 4211 362 4283 ipsa
397 4216 458 4269 de
488 4213 705 4267 materia
735 4213 1007 4283 scripsisse
1029 4215 1403 4288 cognovissent,
1437 4230 1537 4268 non
1569 4213 1867 4268 dubitarunt
1898 4214 2064 4267 eidem
2091 4212 2233 4282 ipsos
2255 4211 2563 4283 adjudicare
2588 4226 2605 4264 :
2632 4210 2723 4265 alii
2752 4221 2923 4267 autem
2954 4211 3046 4265 etsi
3069 4209 3435 4265 Ambrosianos

160 4315 249 4357 esse
268 4322 359 4379 non
392 4306 786 4370 arbitrarentur,
815 4304 943 4361 libro
964 4317 1136 4361 tamen
1160 4304 1229 4362 de
1256 4305 1529 4379 Mysteriis
1557 4303 1617 4361 ob
1644 4306 1935 4378 argumenti
1961 4304 2353 4359 similitudinem
2385 4302 2642 4360 duxerunt
2669 4305 3074 4376 subjungendas.

220 4378 525 4475 Proponitur
552 4406 778 4458 secundo
805 4404 1072 4457 character
1100 4378 1363 4469 dictionis,
1387 4418 1539 4474 quant
1564 4402 1619 4455 in
1645 4400 1923 4473 scriptione
1951 4398 2019 4455 de
2064 4397 2363 4472 Mysteriis,
2406 4407 2561 4469 atque
2582 4397 2638 4450 in
2671 4395 2769 4450 hoc
2793 4412 2948 4466 opere
2974 4394 3299 4449 simillimam
3330 4409 3438 4448 esse

167 4496 439 4556 pertendunt
464 4514 484 4549 :
509 4496 794 4551 adversarii
822 4512 939 4551 vero
963 4494 1104 4551 illud
1132 4496 1316 4550 obnixe
1346 4496 1667 4566 inﬁciantur.
1712 4491 1855 4550 Sane
1879 4494 2085 4563 quidem
2114 4492 2257 4546 haud
2298 4492 2588 4558 itttmerito;
2618 4490 2691 4544 ita
2715 4491 2849 4544 enim
2880 4500 3064 4543 auctor
3094 4500 3309 4543 conatur
3342 4503 3434 4541 cx-

169 4584 357 4648 primere
383 4605 498 4643 eum
527 4590 781 4657 libellum,
820 4597 876 4643 ut
900 4592 1059 4660 fernte
1091 4588 1264 4642 omnia
1293 4587 1347 4641 in
1370 4588 1558 4659 stglum
1587 4602 1759 4651 suum,
1792 4583 1891 4639 hoc
1922 4594 2018 4650 est,
2048 4582 2209 4637 multo
2240 4582 2566 4649 deteriorem,
2602 4584 2883 4654 transferat
2911 4591 3291 4650 convertatque.
3325 4580 3433 4635 Sed

162 4680 395 4733 neodem
423 4681 518 4735 hoc
552 4680 668 4735 loco
700 4679 802 4750 ipsi
848 4678 927 4732 illi
965 4677 1253 4732 adversarii
1286 4677 1616 4731 ratiocinium
1649 4675 1845 4730 ducunt
1877 4674 2035 4747 plane
2064 4674 2401 4728 contrarium.
2436 4670 2575 4725 Nam
2606 4673 2690 4725 cui
2730 4671 3006 4725 verisimile
3041 4671 3127 4736 sit,
3162 4669 3442 4743 inquiunt,

163 4762 450 4829 Ambrosium
489 4773 630 4845 quod
670 4775 723 4828 in
748 4773 1094 4843 disputatione
1132 4773 1199 4827 de
1227 4769 1495 4844 Mysttrriis
1512 4771 1628 4842 jam
1656 4778 1983 4841 tractaverat,
2018 4770 2204 4833 iterum
2235 4768 2477 4822 recudere
2502 4778 2654 4839 atque
2683 4784 2956 4836 recoquere
2981 4767 3032 4819 in
3064 4766 3208 4820 alia?
3247 4760 3432 4820 Verum

164 4865 302 4919 tamen
338 4846 431 4921 hoc
454 4875 816 4939 argumentum
837 4866 999 4922 nihilo
1022 4866 1225 4936 ﬁrmius
1255 4874 1343 4918 aut
1371 4864 1644 4935 efﬁcacius
1682 4873 1780 4932 est,
1811 4878 1965 4932 quam
1990 4860 2157 4915 aliud.
2192 4858 2532 4933 Nequaquam
2559 4860 2697 4916 enim
2733 4861 3024 4915 inauditum
3054 4870 3151 4927 est,
3180 4869 3231 4913 ut
3254 4860 3433 4914 cadent

164 4961 342 5015 materia
364 4963 415 5016 in
443 4961 579 5016 binis
607 4961 926 5017 sermonibus
954 4969 1044 5017 aut
1075 4958 1220 5016 libris
1246 4960 1511 5030 explicata
1548 4959 1704 5033 fuerit
1728 4977 1762 5015 a
1793 4956 2074 5023 Patribus;
2107 4972 2221 5011 cum
2251 4955 2384 5010 illud
2417 4957 2591 5028 ipsum
2632 4956 2758 5010 alibi
2786 4975 2817 5011 a
2845 4955 2990 5010 nobis
3020 4954 3335 5008 observatum
3363 4956 3429 5010 sit

162 5044 206 5100 in
230 5048 501 5109 Ambrosio.

221 5164 334 5231 Quae
354 5171 406 5225 in
443 5172 597 5227 tertio
621 5170 805 5226 ordine
830 5171 965 5226 ratio
1000 5171 1309 5238 collocatur,
1334 5170 1415 5226 his
1454 5169 1618 5226 verbis
1644 5169 1936 5243 concipitur
1974 5183 1993 5222 :
2021 5168 2351 5225 Ambrosium
2380 5167 2606 5224 edidisse
2630 5184 2762 5241 opus
2790 5167 2859 5224 de
2884 5166 3263 5224 Sacrameutis
3292 5171 3433 5233 testis

162 5267 223 5310 σα
245 5263 550 5337 Augustinus
577 5265 718 5340 (Lib.
752 5282 813 5333 tt,
839 5266 989 5322 Cons.
1020 5266 1164 5335 Jul.,
1192 5283 1313 5337 cap.
1343 5266 1377 5323 5
1405 5274 1457 5320 et
1484 5281 1620 5336 seq.,
1645 5275 1694 5319 ct
1720 5262 1872 5319 Retr.
1894 5262 1989 5318 lib.
2021 5277 2093 5330 tt,
2116 5278 2164 5317 c.
2196 5259 2278 5329 ι),
2311 5262 2626 5333 proindeque
2652 5270 2746 5315 aut
2774 5260 2911 5316 illud
2945 5260 3111 5324 nobis,
3144 5260 3313 5328 aiunt,
3350 5276 3431 5316 re-

164 5364 484 5426 mittetur,
515 5370 607 5414 aut
636 5360 946 5415 concedatur
968 5362 1065 5415 hoc
1088 5360 1258 5429 ipsum
1284 5375 1394 5414 esse
1419 5359 1484 5413 de
1504 5374 1605 5429 quo
1629 5359 1851 5427 agimus.
1884 5356 2077 5413 Veram
2099 5357 2154 5412 in
2186 5368 2426 5429 promptu
2455 5356 2723 5426 responsio
2740 5367 2850 5422 est;
2884 5370 3045 5422 neque
3063 5355 3201 5408 enim
3228 5354 3427 5410 utrius-

162 5455 241 5508 φη
262 5445 384 5501 idem
408 5458 775 5522 argumentum
802 5451 1050 5523 refertur,
1082 5465 1244 5519 neque
1270 5448 1411 5504 idem
1430 5448 1635 5503 titulus.
1671 5446 2097 5519 Quandoquidem
2125 5448 2181 5503 id
2208 5450 2359 5521 cujus
2394 5448 2585 5502 mentio
2620 5447 2678 5514 fit
2709 5448 2773 5501 ab
2810 5446 3120 5518 Augustino,
3155 5463 3257 5502 non
3292 5446 3422 5502 sim-

162 5532 335 5599 Ρίίεὶιετ
355 5540 732 5596 tuscribebatur
760 5541 831 5597 de
858 5541 1251 5607 Sacramcntis,
1280 5541 1370 5596 sed
1390 5540 1732 5615 adﬁciebatur
1754 5541 1870 5597 sive
1895 5541 1964 5597 de
1989 5539 2336 5611 Philosophia
2363 5557 2378 5595 :
2412 5556 2527 5594 cum
2546 5549 2738 5601 autem,
2761 5540 2941 5595 eodem
2967 5540 3258 5613 Augustino
3277 5550 3427 5616 teste,

161 5635 473 5701 “positam
490 5644 627 5692 esset
646 5636 893 5693 aduersu
922 5634 1248 5700 Platonicus.
1272 5635 1531 5694 diuersum
1555 5635 1609 5692 iu
1632 5650 1696 5692 eo
1723 5644 1996 5695 tractatam
2022 5635 2294 5692 materiam
2320 5633 2595 5691 “scuram
2622 5649 2728 5690 non
2748 5643 2846 5690 est.
3399 5677 3404 5683 .

222 5720 479 5787 Postremo
502 5729 744 5805 quadam
771 5730 876 5786 alia
896 5730 950 5793 in
969 5728 1200 5789 medium
1226 5730 1455 5805 proferri
1482 5737 1721 5800 possunt,
1738 5741 1803 5791 'ut
1824 5732 1869 5791 si
1894 5729 2095 5790 dixeris
2114 5736 2379 5787 auctorem
2403 5727 2543 5804 (Lib.
2578 5744 2618 5799 ι,
2640 5745 2690 5787 c.
2712 5728 2772 5798 6)
2798 5730 2863 5791 de
2882 5732 3021 5789 uocis
3045 5732 3192 5809 queri
3218 5733 3427 5807 (miti.
