3952 6178
514 273 626 333 415
1837 273 2075 335 SANCTI

2245 275 2442 333 BROSII
3707 273 3806 332 416

518 401 640 459 tate,
667 390 731 447 de
748 407 847 462 qua
878 391 1088 462 ipsemet
1118 390 1419 447 Ambrosius
1438 393 1494 448 in
1523 393 1788 466 Apologia
1819 393 1988 451 David
2015 395 2254 453 secunda
2278 397 2564 467 quiritatur
2588 395 2738 468 (Cap.
2770 394 2825 460 5,
2857 410 3002 452 nunt.
3024 392 3141 465 28),
3168 409 3422 467 quamque
3442 393 3521 449 illi
3553 393 3707 466 facile
3727 394 3811 449 ob-

519 485 671 540 tundi
699 485 903 541 solitant
932 495 1241 542 memoratus
1266 487 1496 561 ejusdent
1529 498 1743 543 testatur
1770 488 2058 562 discipulus
2090 488 2231 562 (Lib.
2267 504 2320 544 νι
2348 487 2529 560 Conf.,
2555 505 2675 558 cap.
2701 487 2753 552 5,
2781 504 2925 542 num.
2957 486 3036 558 '5).
3063 486 3126 542 Si
3147 485 3410 540 addideris
3434 484 3670 540 eumdem
3697 500 3812 539 con—

517 577 657 648 ﬁteri
683 576 824 649 (Lib.
851 592 925 642 Vl,
965 593 1081 650 cap.
1111 579 1165 648 5)
1193 594 1308 649 qua
1335 580 1447 650 ipse
1478 595 1581 633 non
1608 579 1868 647 didicerit,
1899 596 2010 635 sese
2035 580 2222 635 docere
2251 595 2271 633 .°
2299 580 2438 652 quod
2473 580 2626 635 etiam
2658 577 2800 631 haud
2830 593 3016 648 parum
3047 575 3310 648 familiare
3336 584 3412 629 est
3433 574 3728 629 Ambrosio.
3755 573 3812 628 Si

517 669 725 724 tandem
754 671 999 727 institeris
1033 671 1323 729 Dontinica
1349 674 1596 729 orationis
1634 674 2032 744 expositionem,
2062 689 2216 744 quant
2243 675 2476 740 eiusdem
2506 670 2764 725 Ambrosii
2801 671 2852 723 in
2882 668 3079 723 Lucam
3107 667 3399 740 postulabat
3434 665 3810 731 commentatio,

515 777 623 816 non
653 763 715 818 ob
741 763 886 819 aliud
911 765 1026 820 istic
1051 767 1316 833 omissam,
1356 767 1456 821 nisi
1480 767 1618 839 quod
1647 767 1773 821 alibi
1802 767 2046 822 traditam
2075 766 2138 820 ab
2169 782 2225 820 se
2262 765 2398 820 idem
2429 765 2768 819 meminerat?
2806 761 2936 818 Cum
2964 773 3136 816 autem
3165 778 3227 816 ex
3253 761 3484 816 omnibus
3510 776 3630 831 qua
3653 760 3814 830 ipsius

515 846 724 913 nomine
751 859 1185 930 circumferuntur
1213 861 1476 932 operibus,
1501 862 1554 916 in
1582 862 1676 916 hoc
1703 861 1814 917 solo
1835 862 2092 931 explicata
2126 858 2374 913 habeatur
2399 859 2574 912 eadem
2602 857 2794 922 oratio,
2833 873 2924 910 cur
2950 855 3096 909 illius
3134 855 3268 908 hanc
3293 869 3401 908 esse
3428 868 3533 906 non
3563 867 3816 923 agnosca-

515 937 673 1006 mus?
701 950 811 1007 Sed
843 953 1039 1022 opponi
1071 962 1234 1021 potest
1271 954 1453 1023 prima
1479 955 1774 1030 objectioni,
1806 961 2150 1024 praterquant
2179 952 2320 1019 quod
2352 950 2622 1004 Ambrosio
2651 950 2784 1002 male
2812 947 2968 1002 tribui
2998 947 3216 1002 alteram
3251 945 3398 999 illam
3424 942 3597 996 David
3625 942 3816 1011 Apolo-

515 1042 656 1114 giam
683 1043 1004 1116 probabilius
1026 1057 1123 1112 est,
1144 1047 1436 1117 complures
1461 1057 1506 1102 et
1534 1048 1657 1102 olim
1685 1049 1846 1120 fuisse
1869 1057 1913 1102 et
1942 1063 2051 1102 esse
2070 1047 2224 1100 etiant
2252 1061 2410 1111 nunc,
2435 1045 2526 1114 qui
2547 1043 2806 1097 debilitate
2827 1041 2962 1096 vocis
2985 1057 3046 1094 ac
3072 1041 3377 1110 pulmonum
3401 1037 3645 1092 laborare
3664 1053 3717 1091 se
3740 1037 3817 1090 in-

497 1139 596 1188 ter
622 1133 1039 1190 concionandunt
1064 1153 1166 1190 non
1193 1136 1542 1192 dissimulent.
1571 1137 1698 1192 Cum
1725 1149 1899 1193 autent
1929 1154 2023 1195 nec
2043 1138 2210 1192 desint
2227 1139 2382 1192 etiant
2413 1138 2502 1206 qui
2525 1136 2776 1201 materia,
2800 1151 2954 1206 quam
2986 1133 3216 1205 aggressi
3245 1140 3390 1196 sunt,
3415 1131 3702 1185 enodanda
3728 1130 3818 1184 im-

515 1218 666 1296 pares
702 1225 969 1281 modestia
999 1244 1156 1283 causa
1180 1246 1234 1283 se
1264 1228 1548 1298 fateantur,
1567 1230 1796 1284 indidem
1830 1245 2029 1300 quoque
2056 1227 2126 1281 ad
2159 1227 2442 1282 secundam
2481 1227 2845 1297 difﬁcultatem
2885 1235 3022 1294 patet
3064 1240 3390 1296 responsum.
3427 1223 3582 1291 Quod
3612 1237 3726 1276 vero
3755 1223 3819 1276 ad

516 1321 719 1375 tertiam
746 1321 983 1392 pertinet,
1011 1322 1092 1376 illi
1119 1324 1356 1378 similiter
1381 1341 1623 1388 occurras
1658 1326 1794 1390 licet,
1819 1325 1863 1378 si
1890 1323 2220 1378 Ambrosium
2248 1321 2501 1394 quidquid
2535 1337 2657 1375 voce
2687 1319 3065 1390 pronuntiavit,
3098 1318 3291 1389 scripto
3332 1315 3653 1381 mandasse;
3679 1317 3820 1386 quid-

514 1413 644 1484 quid
671 1423 844 1468 autem
865 1415 1060 1484 scripto
1090 1417 1376 1482 mandavit,
1404 1419 1473 1471 ad
1505 1429 1733 1474 nostram
1753 1419 2045 1488 pervenisse
2072 1426 2270 1472 atatem
2301 1416 2586 1488 negaveris.
2614 1415 2693 1468 Eo
2720 1417 2896 1486 forsan
2927 1424 2972 1468 et
2998 1415 3092 1468 hoc
3115 1413 3334 1478 accedit,
3363 1411 3500 1483 quod
3528 1428 3649 1466 cum
3676 1412 3726 1464 in
3761 1412 3822 1493 i!-_

516 1503 620 1557 lam
641 1503 929 1559 orationem
949 1502 1258 1560 Tertulliani
1285 1517 1331 1561 et
1353 1505 1604 1578 Cypriani
1629 1507 1748 1562 libri
1775 1517 2031 1563 exstarent
2062 1508 2370 1563 Latinorum
2406 1505 2650 1573 Patrum,
2679 1506 2742 1559 ab
2765 1507 2865 1561 isto
2900 1505 3074 1560 labore
3093 1513 3354 1576 tamquam
3382 1521 3570 1577 parum
3595 1519 3820 1559 necessa-

513 1598 594 1652 rio
621 1606 696 1651 est
722 1607 987 1652 revocatus
1015 1614 1034 1652 :
1061 1599 1193 1654 sicut
1221 1601 1375 1655 etiant
1402 1602 1539 1672 de;se
1563 1610 1777 1656 testatur
1800 1602 2037 1657 Hilarius
2057 1602 2368 1658 Comment.
2402 1601 2454 1654 in
2483 1598 2820 1664 Manlianum,
2845 1615 2960 1653 can.
2985 1599 3040 1655 5.
3820 1675 3821 1678 η

536 1698 538 1700 ’
586 1687 759 1743 Porro
784 1705 848 1744 ex
875 1690 940 1744 iis
968 1705 1085 1761 qua
1109 1689 1356 1747 hactenus
1397 1709 1428 1746 a
1478 1693 1624 1748 nobis
1667 1693 1935 1765 disputata
1963 1703 2105 1758 sunt,
2139 1693 2242 1746 duo
2271 1699 2579 1745 noscuntur.
2621 1690 2827 1744 Etenim
2857 1689 3105 1744 adhibita
3133 1690 3478 1744 sectariorum
3504 1691 3819 1764 argumentis

516 1778 796 1835 solutiones
823 1781 996 1850 palant
1026 1780 1231 1851 faciunt
1267 1785 1596 1839 contumeliis
1626 1784 1733 1839 illis
1762 1801 1825 1838 ac
1853 1785 2056 1856 probris
2084 1801 2305 1856 quorum
2335 1793 2443 1838 tota
2471 1785 2706 1854 plaustra
2731 1784 2821 1838 isti
2847 1781 3119 1850 effundunt
3146 1785 3200 1836 itt
3225 1782 3364 1837 hunc
3385 1794 3671 1866 auctorem,
3701 1785 3820 1839 nihil

516 1869 746 1940 probari,
777 1870 878 1924 nisi
904 1871 1315 1926 molestissimum
1345 1875 1472 1942 ipsis
1504 1891 1612 1930 esse
1639 1884 1793 1947 atque
1823 1877 2204 1932 odiosissimam
2243 1879 2358 1950 ejus
2399 1877 2708 1930 doctrinam.
2739 1877 2940 1931 Rursus
2959 1893 3080 1931 vero
3101 1893 3216 1950 qua
3248 1894 3342 1932 nos
3370 1880 3696 1949 reposuimus
3736 1895 3821 1956 ca-_

518 1959 831 2014 tholicorum
871 1960 968 2015 hoc
993 1961 1163 2032 ipsum
1205 1980 1333 2034 opus
1359 1964 1631 2020 Ambrosio
1660 1966 2036 2023 vindicantium
2064 1967 2374 2034 rationibus,
2421 1985 2484 2022 ea
2531 1969 2887 2024 demonstrant
2938 1980 3138 2041 partem
3180 1981 3450 2042 negantem
3478 1972 3623 2026 haud
3662 1973 3820 2026 minus

518 2052 834 2123 probabilem
861 2070 970 2110 esse
993 2071 1148 2126 quant
1165 2056 1504 2126 affirmantem
1519 2075 1538 2124 ;
1553 2059 1865 2130 proindeque
1885 2076 1988 2114 non
2009 2060 2266 2114 immerito
2287 2061 2384 2113 hac
2405 2059 2458 2112 in
2485 2075 2540 2114 re
2560 2060 2825 2114 dubitasse
2852 2061 3135 2115 nonnullos
3155 2061 3570 2116 ortltodoxornnt
3591 2060 3818 2132 (Cardin.

517 2143 668 2200 Bona
695 2145 820 2201 Rer.
850 2146 1056 2222 Liturg.
1087 2151 1178 2206 lib.
1211 2166 1250 2219 t,
1283 2169 1402 2223 cap.
1429 2155 1484 2222 7,
1513 2172 1565 2209 n.
1591 2154 1656 2220 ὥς
1691 2155 1913 2210 Arnold.
1945 2155 2008 2210 de
2037 2152 2194 2221 Freq.
2222 2153 2493 2209 Commun.
2523 2173 2576 2226 p.
2612 2156 2666 2221 Ι,
2715 2171 2836 2225 cap.
2868 2155 2962 2220 l5;
2995 2153 3312 2218 Herntann.,
3347 2153 3504 2226 etc.).
3551 2155 3660 2211 Sed
3684 2171 3742 2209 ne
3771 2157 3817 2208 in

518 2241 753 2296 ontnibus
794 2245 1104 2312 pendeamus
1145 2247 1328 2314 animi,
1371 2249 1470 2302 tria
1500 2249 1768 2305 nobishoc
1803 2251 1918 2304 loco
1949 2248 2259 2320 inquirenda
2295 2249 2680 2320 praposuimus,
2713 2249 2960 2303 nimirum
2990 2264 3106 2320 qua
3142 2248 3300 2319 fuerit
3329 2250 3566 2322 ejusdem
3601 2250 3818 2305 auctoris

519 2330 766 2402 dignitas,
799 2349 898 2404 quo
925 2343 1151 2403 tempore
1178 2337 1383 2404 vixerit,
1410 2356 1512 2411 qua
1536 2341 1590 2394 in
1617 2343 1846 2412 regione.

517 2432 521 2436 '
591 2424 763 2481 Primi
787 2443 913 2483 sane
938 2431 1124 2501 capitis
1151 2433 1207 2486 in
1238 2443 1480 2506 promptu
1503 2434 1740 2506 deﬁnitio
1769 2444 1860 2490 est.
1892 2435 2104 2491 Constat
2133 2435 2386 2505 siquident
2406 2436 2554 2490 illum
2579 2435 2739 2506 fuisse
2767 2435 3070 2502 antistitem,
3091 2436 3179 2504 qui
3199 2437 3487 2509 neaphytos
3507 2447 3557 2492 et
3584 2437 3818 2493 creditum

518 2536 661 2575 cura
690 2537 799 2577 sua
821 2523 1072 2594 populum
1097 2525 1384 2580 erudiebat.
1409 2525 1608 2597 Ubique
1634 2529 1690 2582 in
1720 2539 1956 2599 apertum
1987 2528 2212 2598 erumpit
2239 2545 2301 2582 ea
2326 2527 2570 2598 dignitas.
2602 2524 2669 2580 Et
2698 2536 2752 2580 ut
2775 2527 2880 2581 alia
2911 2525 3142 2580 deessent
3170 2527 3316 2596 queis
3336 2529 3668 2597 probaretur,
3690 2528 3820 2583 locus

518 2614 609 2668 ille
637 2624 742 2670 tant
769 2615 1072 2672 decantatus
1095 2619 1173 2672 vel
1193 2620 1335 2674 solus
1363 2621 1629 2690 sufﬁceret,
1663 2637 1844 2690 nempe
1874 2621 1961 2674 ubi
1995 2622 2227 2675 dicitur:
2260 2620 2316 2676 In
2356 2619 2612 2676 omnibus
2639 2619 2798 2690 cupio
2826 2619 2977 2690 sequi
3008 2617 3316 2674 Ecclesium
3363 2618 3693 2687 Romanam,
3731 2619 3818 2675 sed

522 2723 646 2775 nos,
673 2718 770 2763 etc.
808 2710 934 2775 Quis
956 2713 1094 2766 enim
1117 2713 1190 2766 ita
1213 2715 1528 2784 loqueretur,
1562 2716 1661 2768 nisi
1690 2715 2001 2787 episcOpus?
2385 2783 2387 2785 ι

597 2800 750 2867 Quod
768 2814 940 2858 autem
969 2806 1187 2875 pertinet
1213 2807 1280 2858 ad
1305 2807 1586 2860 secundum
1609 2817 1786 2876 caput,
1821 2825 1887 2863 ea:
1913 2812 2207 2866 memoratis
2233 2811 2529 2865 auctoribus
2561 2809 2824 2883 probabile
2851 2810 2911 2880 fit
2937 2810 3244 2878 scriptorem
3272 2810 3337 2864 de
3371 2825 3471 2880 quo
3502 2808 3818 2878 inquirimus,

523 2905 642 2953 ante
665 2908 901 2954 octavum
931 2901 1180 2956 saculum
1203 2903 1444 2972 ﬂoruisse
1473 2919 1490 2957 :
1520 2914 1572 2958 at
1599 2920 1626 2958 e
1654 2905 1829 2960 codice
1859 2906 2241 2962 Sun-Callensi
2265 2911 2568 2983 majusculis
2597 2911 2802 2976 litteris,
2831 2919 2952 2965 ante
2979 2926 3144 2964 annos
3169 2920 3225 2963 ut
3251 2908 3598 2965 Mabillonius
3629 2907 3822 2982 (Musca

527 2989 726 3057 Italia,
757 3011 812 3064 p.
843 2994 897 3064 7)
929 3004 1106 3050 noster
1133 2997 1274 3050 testis
1307 3007 1381 3051 est
1409 2998 1864 3067 locupletissimus,
1899 3003 2098 3058 circiter
2145 3004 2286 3058 mille
2312 3015 2521 3060 exorato
2550 3006 2809 3082 evincitur
2833 3006 3003 3077 ipsunt
3028 3007 3244 3076 septimo
3273 3007 3428 3062 etiam
3476 3006 3672 3062 saculo
3697 3007 3822 3060 auti-

524 3088 774 3158 quiorent.
808 3086 1075 3144 Praterea
1105 3105 1222 3146 vero
1253 3095 1349 3146 hoc
1379 3093 1514 3148 idem
1545 3110 1677 3164 opus
1723 3097 2040 3166 argumentis
2085 3097 2314 3167 prapriis
2351 3109 2554 3153 atatem
2600 3099 2926 3152 remotiorem
2955 3098 3054 3152 sibi
3079 3099 3323 3152 vindicat.
3359 3097 3569 3153 Etenim
3609 3114 3720 3152 cum
3742 3097 3823 3150 has

527 3181 801 3237 conciones
849 3186 917 3236 ad
961 3183 1242 3255 neopltytos
1272 3201 1363 3241 nec
1407 3203 1600 3259 paucos
1642 3203 1782 3253 sane,
1815 3189 2025 3258 quando
2068 3189 2151 3242 hic
2183 3191 2376 3259 prasul
2405 3197 2450 3244 et
2482 3189 2684 3244 multos
2713 3197 2761 3242 et
2808 3188 3068 3244 familiam
3117 3187 3460 3243 candidatum
3503 3190 3624 3244 illos
3656 3189 3824 3242 vocitat

527 3271 669 3344 (Lib.
695 3289 747 3340 v,
778 3290 826 3328 c.
849 3274 931 3345 ὅ),
963 3275 1162 3330 habitas
1189 3288 1414 3344 constet;
1444 3279 1564 3332 inde
1585 3280 1845 3352 intelligas
1872 3280 2090 3334 necdum
2121 3282 2328 3335 omnino
2359 3290 2618 3350 receptam
2653 3282 2816 3351 fuisse
2851 3281 3282 3352 baptizandorum
3311 3281 3601 3351 infantium
3628 3295 3824 3335 consue-

530 3367 784 3423 tudinem.
813 3369 880 3423 Et
904 3387 964 3426 eo
993 3372 1200 3442 quidem
1227 3384 1430 3445 tempus
1460 3374 1722 3446 designari
1755 3375 1895 3429 haud
1923 3376 2086 3431 multo
2116 3376 2393 3446 Augustini
2418 3383 2566 3430 atate
2589 3376 2852 3448 posterius
2897 3376 3044 3430 nobis
3082 3375 3303 3430 videtur.
3335 3373 3542 3430 Deinde
3582 3376 3716 3449 (Lib.
3758 3388 3820 3436 τι,

530 3479 647 3536 cap.
672 3464 706 3520 4
727 3474 774 3520 et
805 3465 863 3538 5)
892 3467 1019 3522 satis
1044 3468 1212 3523 innuit
1239 3468 1520 3524 Gentilium
1548 3471 1744 3525 cultum
1773 3471 1926 3524 etiam
1966 3479 2084 3524 tunc
2112 3471 2164 3524 in
2206 3470 2410 3525 dioecesi
2440 3486 2535 3524 sua
2584 3470 2825 3540 viguisse.
2861 3469 2942 3524 Ad
2970 3471 3078 3525 hac
3106 3470 3242 3524 idem
3267 3460 3821 3540 quoque'conﬁrmatur

529 3561 594 3616 iis
624 3563 928 3630 rationibus,
960 3566 1098 3638 quod
1128 3566 1362 3622 videlicet
1385 3568 1610 3622 haretici
1635 3577 1822 3636 prater
1839 3569 2058 3623 Arianos
2079 3577 2124 3623 et
2151 3585 2235 3622 eos
2255 3569 2340 3638 qui
2357 3567 2549 3622 Christi
2574 3568 2944 3640 oppugnabant
2967 3568 3456 3635 divinitatem,nulli
3484 3568 3818 3639 refelluntur:

530 3655 769 3727 quodque
797 3674 861 3713 ea:
909 3660 1142 3715 versione
1167 3677 1268 3730 qua
1294 3675 1420 3716 usus
1453 3661 1708 3732 reperitur
1737 3660 1823 3714 hic
1863 3670 2067 3727 auctor,
2109 3664 2238 3716 satis
2280 3661 2542 3714 indicatur
2576 3658 2811 3731 Vulgata
2837 3659 2894 3713 id
2923 3659 3168 3730 temporis
3198 3659 3426 3714 nondum
3467 3657 3616 3729 apud
3659 3668 3814 3710 omnes

524 3753 834 3808 attributam
862 3752 1244 3808 auctoritatem.

605 3845 684 3902 De
705 3847 855 3902 tertia
883 3849 1089 3902 demum
1119 3849 1403 3918 quastione
1427 3850 1501 3904 sic
1525 3851 1822 3904 statuimus.
1858 3848 2024 3903 Extra
2053 3851 2455 3903 controversiam
2479 3857 2553 3902 est
2579 3847 3045 3901 horum'librorum
3086 3857 3350 3913 parentem
3387 3861 3491 3897 non
3522 3844 3678 3917 fuisse
3705 3837 3812 3893 sub-

535 3940 702 3994 ditum
753 3941 1006 3996 Romana
1048 3942 1371 4013 metropoli:
1414 3958 1508 3996 nec
1562 3943 1734 3999 minus
1783 3955 1953 3998 tamen
1983 3953 2178 3998 certum
2233 3943 2396 4012 ipsius
2425 3942 2595 3996 sedem
2623 3941 2684 3995 ab
2719 3939 2858 3996 Urbe
2885 3940 3025 3995 haud
3054 3940 3276 3994 multum
3331 3939 3603 4005 dissitam;
3653 3936 3822 4006 quippe

533 4036 688 4106 cujus
731 4037 1047 4090 ceremonias
1072 4045 1121 4090 et
1150 4045 1441 4108 perspectas
1468 4037 1687 4092 habebat
1715 4048 1762 4092 et
1791 4039 2096 4108 sequebatur
2129 4039 2181 4091 in
2213 4037 2468 4107 pluribus.
2515 4035 2645 4092 Cum
2691 4053 2808 4091 vero
2854 4039 3007 4092 etiam
3052 4035 3242 4090 eisdem
3283 4035 3589 4089 ceremoniis
3629 4044 3822 4103 quarum

514 4116 724 4180 attentio
753 4126 811 4194 ﬁt
833 4127 888 4180 in
915 4127 1010 4181 hoc
1033 4144 1206 4197 opere,
1241 4145 1359 4181 cum
1389 4129 1568 4183 veteris
1602 4127 1852 4185 Ecclesia
1881 4129 2165 4185 Gallicana
2207 4131 2340 4185 sicut
2371 4140 2417 4186 et
2463 4147 2582 4184 cum
2608 4127 3016 4184 .llediolanensis
3041 4128 3222 4182 ritibus
3250 4129 3535 4198 plurimum
3570 4124 3823 4184 intercedat

532 4216 829 4285 affinitatis;
861 4217 980 4271 hinc
1008 4218 1312 4272 deducimus
1333 4219 1564 4273 vicinam
1595 4222 1796 4292 utrique
1828 4223 2060 4276 eamdem
2097 4222 2357 4276 diacesim
2408 4221 2684 4276 exstitisse.
2734 4220 2950 4276 Minime
2989 4231 3162 4274 tanten
3202 4221 3610 4291 refragabimur,
3649 4219 3691 4272 si
3725 4214 3826 4286 qui!

533 4326 649 4364 cum
675 4309 974 4364 doctissimo
999 4311 1107 4364 viro
1140 4309 1420 4381 (lierman.
1444 4313 1561 4366 vita
1591 4313 1768 4369 Ambr.
1795 4313 2005 4368 Elucid.
2035 4332 2088 4384 p.
2124 4315 2216 4385 50)
2249 4315 2452 4370 eosdem
2483 4330 2738 4370 sermones
2765 4325 2856 4369 aut
2890 4314 3112 4369 Venerio
3133 4323 3220 4368 aut
3240 4315 3333 4368 alii
3363 4315 3597 4387 cuipiam
3626 4311 3824 4366 Ambro-

532 4401 598 4456 sii
627 4399 908 4473 discipulo,
939 4401 1027 4470 qui
1059 4416 1160 4454 non
1187 4401 1352 4455 ntulto
1380 4412 1493 4473 post
1521 4403 1691 4475 ipsum
1720 4406 1988 4477 praefuerit
2015 4405 2261 4461 Ecclesia
2287 4406 2685 4473 Mediolanensi,
2731 4406 2949 4460 tributos
2987 4407 3152 4462 malit.
3188 4404 3257 4459 Id
3285 4423 3449 4461 unum
3481 4407 3579 4462 hoc
3611 4407 3704 4460 lact
3731 4400 3819 4455 ad-

522 4480 740 4568 'jicimus
767 4510 830 4549 ea:
856 4495 921 4548 iis
949 4510 1062 4566 qua
1083 4494 1148 4548 de
1172 4511 1322 4549 sacra
1344 4496 1722 4560 communione,
1743 4512 1858 4550 cum
1882 4498 2024 4566 apud
2050 4499 2326 4554 orientales
2356 4499 2597 4568 papulas,
2626 4508 2731 4552 tum
2749 4499 2892 4571 apud
2907 4515 3030 4554 suos
3049 4497 3206 4554 semel
3229 4509 3429 4554 tantum
3454 4500 3668 4572 singulis
3687 4493 3822 4550 annis

536 4587 650 4658 ﬁeri
674 4586 830 4642 solita
856 4598 1105 4642 memorat
1132 4598 1314 4641 auctor
1345 4585 1482 4658 (Lib.
1517 4596 1581 4653 v,
1599 4604 1648 4643 c.
1682 4590 1758 4658 4),
1785 4589 2062 4661 prudenter
2087 4590 2276 4661 conjici
2303 4592 2444 4644 haud
2467 4591 2619 4646 dubie
2642 4601 2758 4663 post
2775 4589 3132 4662 Chrysostomi
3160 4601 3390 4666 tempora
3423 4594 3590 4665 ipsunt
3615 4589 3822 4648 vixisse:

536 4679 626 4733 sed
655 4689 931 4751 antequam
962 4681 1015 4733 in
1045 4678 1357 4734 occidentem
1386 4679 1653 4736 Romanus
1685 4681 1812 4735 ordo
1838 4690 1885 4735 et
1905 4685 2207 4738 ceremonia
2229 4685 2594 4754 reciperentur.

518 4783 520 4785 ’
611 4772 864 4829 Caterum
887 4773 1157 4846 quominus
1187 4776 1470 4830 secundum
1503 4791 1587 4830 eos
1622 4794 1652 4830 a
1682 4777 1862 4846 quibus
1888 4770 2164 4831 Ambrosio
2195 4778 2291 4832 hoc
2332 4794 2460 4849 Opus
2489 4777 2846 4850 adjudicatur,
2877 4779 3087 4832 omnino
3130 4782 3362 4850 feranms
3407 4778 3728 4849 suffragium,
3773 4787 3825 4826 ea

529 4853 798 4940 'pracipue
823 4869 1125 4940 scrupulum
1156 4879 1383 4923 movent.
1430 4867 1611 4924 Primo
1635 4869 1906 4924 diversitas
1931 4870 2271 4936 elocutionis;
2309 4887 2428 4923 nam
2459 4871 2553 4924 etsi
2587 4871 2778 4941 stylum
2817 4871 3011 4924 variari
3045 4871 3107 4924 ab
3129 4872 3448 4938 auctoribus,
3483 4883 3529 4926 et
3565 4885 3656 4941 pro
3685 4882 3735 4920 re
3771 4879 3826 4917 ac

528 4974 766 5038 tempore
788 4966 944 5020 modo
965 4965 1157 5028 attolli,
1185 4966 1337 5020 modo
1365 4967 1590 5037 deprimi
1617 4983 1718 5022 non
1744 4969 2076 5038 ignoremus;
2105 4983 2308 5037 semper
2336 4978 2506 5022 tanien
2528 4967 2801 5038 scriptoris
2823 4976 3045 5038 apparet
3076 4969 3344 5039 ingenium
3365 4981 3416 5024 et
3442 4971 3590 5040 quasi
3611 4960 3826 5020 intermi-

529 5060 623 5113 ‘cat
655 5076 674 5114 :
702 5061 893 5131 quique
919 5060 1086 5114 nobili
1116 5071 1163 5114 et
1191 5061 1413 5132 eleganti
1449 5060 1671 5115 dictione
1718 5064 1793 5115 uti
1816 5062 2096 5126 consuevit,
2127 5060 2196 5112 ad
2221 5060 2469 5114 humilem
2498 5077 2777 5130 numquam
2803 5060 3026 5115 demittit
3051 5076 3161 5114 sese
3203 5077 3221 5114 :
3263 5072 3316 5115 at
3345 5077 3462 5115 vero
3501 5059 3701 5133 frigidis
3732 5055 3825 5109 illis

541 5163 589 5207 et
617 5154 902 5225 puerilibus
932 5153 1284 5224 interrogatis,
1316 5169 1432 5223 qua
1453 5154 1574 5207 huic
1598 5155 1869 5222 scriptioni
1898 5153 2110 5208 subinde
2135 5154 2524 5222 insperguntur,
2548 5162 2698 5206 caute
2727 5152 2966 5215 abstinet,
2998 5161 3055 5205 ut
3083 5152 3134 5205 in
3157 5152 3289 5205 libro
3315 5151 3384 5208 de
3397 5149 3824 5225 Mysteriis,cju5-

527 5249 660 5299 dem
686 5248 804 5300 licet
826 5248 1138 5317 argumenti,
1171 5247 1289 5317 fecit
1319 5245 1886 5314 AmbrosiusrAccedit
1912 5255 1958 5299 et
1986 5246 2139 5312 illud,
2175 5245 2314 5314 quod
2357 5245 2685 5298 Ambrosiunt
2716 5260 2821 5297 non
2855 5253 2960 5297 tam
2993 5241 3249 5297 serviliter
3277 5244 3435 5298 libros
3464 5260 3585 5299 suos
3614 5242 3822 5296 imitatu—

529 5354 658 5397 runt
690 5341 849 5411 fuisse
873 5343 1260 5408 existimamus;
1301 5341 1403 5394 ista
1431 5341 1567 5394 enim
1591 5344 1947 5396 commentatio
1980 5351 2088 5396 tota
2114 5343 2222 5412 fere
2244 5357 2307 5396 e:c
2349 5341 2605 5412 superiori
2646 5341 2716 5394 de
2745 5341 3041 5412 Mysteriis,
3084 5340 3271 5411 partim
3301 5341 3458 5396 etiam
3502 5356 3566 5395 ea:
3601 5338 3723 5392 libro
3762 5331 3822 5383 de

545 5429 893 5488 Institutione
921 5430 1163 5504 Virginis
1191 5447 1432 5501 expressa
1464 5431 1561 5501 fuit
1588 5429 1740 5502 (Cap.
1770 5432 1822 5493 1,
1845 5448 1900 5485 n.
1931 5433 1984 5498 7,
2003 5441 2052 5486 et
2077 5449 2195 5502 cap.
2218 5432 2274 5499 2,
2307 5448 2450 5485 num.
2483 5430 2560 5502 8).
2593 5431 2848 5486 Addimus
2872 5448 3070 5503 quoque
3107 5433 3488 5486 communionis
3529 5443 3630 5485 tam
3671 5427 3821 5495 infre-

544 5524 748 5592 quentis
777 5521 1192 5580 Mediolanenses
1218 5539 1250 5577 a
1273 5522 1336 5578 S.
1362 5521 1598 5576 Prasule
1621 5521 1676 5574 in
1708 5522 1862 5574 certis
1886 5523 1996 5576 suis
2016 5523 2161 5577 libris
2183 5539 2435 5593 nusquam
2459 5523 2712 5576 incusari.
2739 5523 2978 5594 Denique
3001 5525 3140 5596 quod
3167 5534 3350 5579 auctor
3389 5525 3544 5580 tantis
3579 5519 3751 5577 animis
3775 5515 3820 5566 in

534 5612 842 5671 Ecclesiam
870 5615 1156 5671 Romanam
1187 5627 1396 5688 propter
1417 5617 1659 5672 lationem
1683 5615 1869 5686 pedum
1892 5617 2134 5686 insurgit,
2157 5619 2302 5671 nobis
2342 5615 2668 5670 Ambrosiani
2701 5631 2810 5670 esse
2837 5618 3064 5673 instituti
3102 5619 3324 5672 minime'
3337 5621 3557 5674 videtur.
3592 5611 3820 5670 Nouimus

551 5704 744 5772 quippe
773 5706 924 5760 illum
948 5722 1070 5761 suos
1090 5707 1366 5776 unicuique
1386 5704 1742 5762 Ecclesiarum
1771 5722 1900 5770 usus,
1920 5721 1982 5758 ac
2003 5707 2133 5760 ritus
2162 5707 2292 5761 adeo
2319 5706 2503 5772 liberos
2524 5721 2632 5761 esse
2648 5701 2899 5777 voluisse,
2927 5717 2988 5762 ut
3006 5710 3074 5764 ad
3093 5721 3466 5780 quamcumque
3497 5705 3628 5780 forte
3666 5694 3820 5770 bene

539 5781 743 5862 uisset,
775 5794 820 5851 ei
850 5809 924 5866 se,
950 5797 1380 5868 quemadmodum
1408 5789 1730 5871 Auimuluut
1758 5796 1914 5855 tradit
1938 5792 2100 5870 (Epist

1491 5789 1730 5871 patrimis
1758 5796 1914 5855 tradit
1938 5792 2131 5870 (ﬁpitta
2160 5792 2416 5868 adfatim
2449 5794 2609 5862 H81,
2632 5787 3049 5857 accommodaret
