3952 6178
128 159 208 217 tu
1195 147 1282 208 ne
1322 145 1816 209 saet‘mucu'ns
1853 145 2060 210 LIBER
2102 151 2140 210 ι.
2189 220 2191 223 ι
3204 154 3370 238 fit;

143 278 146 281 '
197 273 509 326 Verumtamen
550 288 582 340 ιι
603 268 808 324 naniam
837 268 931 322 hac
952 268 1002 322 in
1029 281 1083 322 re
1111 267 1411 338 derogatum
1434 255 1669 322 nolumus
1692 267 1920 340 opinioni
1951 272 2280 342 cujusquam,
2310 283 2399 323 nec
2423 267 2576 324 etiant
2602 284 2777 324 sumus
2803 269 2962 324 nescii
2986 270 3235 338 plurimos
3257 273 3366 342 fore

127 366 195 430 qui
209 364 507 432 scriptionem
547 380 643 432 pro
673 359 1008 416 Ambrosiana
1033 360 1235 414 tamdiu
1263 359 1522 414 communi
1549 376 1676 428 pene
1697 375 1946 413 consensu
1973 357 2200 412 habitam
2222 359 2374 412 solito
2404 375 2497 412 suo
2526 361 2636 413 loco
2665 359 2857 428 privari
2893 360 3103 414 moleste
3133 364 3326 430 [errent
3350 377 3368 425 ;

129 471 172 509 eo
195 455 468 526 propensius
487 454 636 509 illam
657 455 714 508 in
738 453 916 507 ordine
934 468 1029 508 suo
1051 451 1717 526 etqpossessione'duximus
1746 453 2171 520 conservandam,
2210 451 2348 522 quod
2377 467 2492 506 cum
2515 468 2578 505 ea:
2606 450 2864 505 Ambrosii
2893 452 3158 506 sententiis
3188 461 3238 506 et
3261 453 3369 524 ple-

127 562 299 616 rumque
322 551 473 600 etiam
498 545 661 600 verbis
689 545 898 600 condita
922 544 1102 615 fuerit,
1135 544 1231 600 liae
1255 543 1436 599 saltem
1459 544 1660 600 ratione
1685 559 1802 614 qua:
1829 544 2182 599 Ambrosianis
2210 554 2560 612 accenseatur,
2591 545 2806 618 indigna
2836 562 2938 601 non
2965 554 3059 600 est.

177 636 269 693 Hoc
286 655 430 708 porro
452 638 607 708 liquet
632 653 727 692 sea:
747 638 875 692 istos
905 634 1062 690 libros
1086 634 1296 690 totidem
1325 635 1603 690 conciones
1629 650 1758 701 esse,
1789 651 2005 702 quarum
2047 652 2204 690 unam
2238 636 2454 708 singulis
2478 637 2657 691 diebus
2686 635 2904 691 habebat
2931 637 3142 692 Auctor.
3166 636 3370 707 Quippe

123 729 228 783 idem
250 729 388 785 seoel
415 729 583 800 pridie
606 729 758 784 verba
785 726 1106 799 fecisse,ﬁvel
1152 727 1404 797 postridie
1432 728 1715 797 facturum,
1746 726 1963 782 subinde
1984 728 2080 784 ait.
2116 727 2279 783 Orsus
2307 739 2479 784 autent
2520 729 2652 801 feria
2690 739 2802 801 post
2837 730 3167 786 Dominieam
3190 748 3369 787 resur-

121 828 347 882 rectionem
369 827 538 894 tertia,
557 842 618 881 eo
645 825 802 880 modo
831 826 902 879 ad
931 841 1098 896 usque
1127 837 1361 880 octavam
1399 824 1631 896 ejusdem
1668 824 1789 895 festi
1818 836 2120 895 prosecutus
2151 835 2246 880 est.
2283 825 2715 892 Quandoquidem
2745 825 2839 880 sub
2870 826 3026 895 ﬁnem
3051 826 3300 882 sermonis
3335 825 3369 880 4

117 919 228 989 (cap.
244 917 294 989 6)
311 935 392 974 eos
420 919 509 989 qui
527 927 853 988 supererant,
883 917 1120 972 craStina
1141 916 1230 972 die
1260 916 1508 981 sabbato,
1537 925 1594 973 et
1619 916 1894 973 Dominica
1925 919 2001 991 (in
2031 917 2439 988 albisvidelicet)
2465 919 2756 974 habiturum
2781 936 2835 974 se
2851 918 3148 989 pollicetur.
3183 918 3372 975 Verum

118 1012 267 1082 siquis
295 1013 534 1068 maluerit
569 1011 828 1067 Gallensis
861 1010 1201 1080 manuscripti
1234 1007 1808 1087 pauctoritatem’sequi,
1845 1009 2033 1064 librum
2072 1011 2309 1065 ultimum
2348 1011 2401 1066 in
2444 1012 2575 1066 duos
2605 1011 2900 1080 dividentis,
2929 1013 3046 1084 jam
3085 1029 3373 1068 sermonem

117 1106 296 1172 primum
318 1104 548 1161 secunda
572 1123 604 1160 a
642 1100 893 1176 paschale
927 1097 1488 1176 [eria'pronuntiatum
1517 1092 1665 1157 dicat
1683 1118 1943 1158 necessum
1972 1104 2086 1158 erit.
2129 1102 2259 1159 Cum
2283 1115 2456 1160 autem
2483 1105 2578 1160 illa
2607 1105 2902 1161 distributio
2930 1107 3164 1162 videatur
3188 1123 3374 1178 parum

118 1197 358 1264 commoda,
381 1199 572 1272 quippe
600 1214 702 1268 qua
731 1214 796 1253 ea:
821 1197 940 1252 libri
964 1213 1014 1252 \‘l
1036 1194 1219 1268 paucis
1242 1195 1472 1250 versibus
1495 1195 1580 1267 (ab
1606 1193 1710 1248 illis
1748 1195 1992 1250 nimirum
2019 1195 2205 1261 verbis,
2245 1195 2426 1264 Aliud,
2461 1196 2798 1254 Psalmorum
2839 1197 3028 1266 David,
3056 1198 3184 1272 etc.)
3212 1215 3373 1256 novus

117 1292 216 1348 liber
235 1294 606 1360 constituatur;
637 1297 750 1366 ejus
775 1287 1082 1364 scriptorem
1106 1287 1339 1346 non'alia
1363 1306 1419 1344 re
1443 1289 1654 1344 ductum
1681 1301 1946 1361 putamus,
1976 1307 2132 1360 quam
2155 1292 2294 1359 quod
2316 1292 2437 1347 illos
2458 1307 2624 1359 voces,
2651 1294 2887 1349 crastina
2915 1293 3003 1349 die
3036 1293 3282 1360 sabbato,
3311 1294 3374 1348 de

114 1382 273 1436 duobus
305 1371 612 1438 intellexerit
651 1383 862 1449 diebus;
889 1383 979 1451 qui
1003 1390 1172 1436 tamen
1198 1396 1285 1435 eas
1307 1396 1397 1451 per
1425 1370 1804 1450 appositionem
1832 1389 1919 1433 aut
1950 1382 2122 1450 potius
2151 1381 2356 1452 ellipsin
2381 1384 2774 1454 grammaticam
2805 1385 2869 1440 de
2899 1387 3054 1441 unica
3074 1386 3261 1441 rectius
3287 1402 3374 1440 ac-

116 1478 306 1544 cepisset.
341 1476 480 1532 Hinc
507 1478 664 1533 etiam
695 1478 807 1547 ﬁeri
836 1476 1031 1547 potuit,
1064 1485 1120 1529 ut
1149 1491 1316 1530 sermo
1339 1475 1550 1544 quidam
1572 1475 1626 1530 in
1660 1476 1947 1547 appendice
1970 1476 2466 1546 Augustinianorum
2493 1479 2619 1536 edit.
2649 1496 2792 1535 novre
2816 1499 3032 1537 numero
3069 1482 3199 1551 247,
3226 1499 3374 1555 quens

119 1567 249 1626 lronis
275 1570 608 1626 Carnutensis
636 1571 843 1626 nomine
866 1569 1003 1640 typis
1033 1569 1250 1631 editum,
1273 1567 1431 1621 etiam
1456 1566 1619 1636 ipsius
1640 1582 1753 1621 esse
1780 1583 1910 1620 unus
1937 1582 1964 1620 e
1986 1565 2325 1622 Bibliotheca:
2351 1577 2542 1623 nostra:
2569 1570 2835 1626 codicibus
2855 1581 3108 1627 testatum
3129 1571 3290 1642 facit;
3319 1573 3376 1626 in

115 1662 306 1718 Alnetino
341 1675 510 1719 tamen
542 1661 799 1725 (Monast.
833 1661 1124 1716 Alnetensis
1154 1659 1288 1714 0rd.
1322 1657 1593 1738 Cistert.),q
1619 1658 1900 1713 sub'titulo
1928 1659 2048 1712 libri
2075 1675 2148 1714 vn
2177 1658 2246 1715 de
2277 1659 2664 1726 Sacramenlis,
2693 1672 2808 1734 post
2837 1663 2990 1717 hosce
3020 1671 3225 1717 nostros
3262 1663 3374 1718 col-

115 1752 342 1810 locaretur.
378 1749 627 1826 Quamuis
652 1774 684 1810 a
705 1773 823 1812 vero
845 1773 1044 1828 quoque
1080 1772 1184 1810 non
1213 1755 1432 1808 nimium
1459 1752 1676 1807 abludat
1697 1767 1785 1807 eos
1806 1769 1838 1806 a
1859 1753 2044 1823 quibus
2073 1753 2230 1808 iidem
2265 1770 2525 1810 sermones
2563 1766 2686 1811 sunt
2716 1757 2939 1821 exarati,
2971 1757 3063 1812 illo
3084 1766 3373 1827 spectasse,

115 1860 154 1902 tu
173 1868 246 1921 per
268 1862 494 1908 octavam
521 1869 676 1908 suum
702 1853 906 1907 cuilibet
932 1853 1037 1908 diei
1066 1851 1431 1917 attribuerent,
1459 1846 1740 1904 Dominica
1779 1845 2211 1915 Resurrectionis,
2245 1847 2384 1918 quod
2428 1859 2641 1920 pr0pter
2664 1849 3040 1906 solemnitatem
3080 1850 3377 1922 impeditior

114 1958 231 2014 esset,
258 1956 446 2003 tantum
477 1943 694 2004 omissa.
731 1947 842 2004 Sed
872 1963 964 2002 nec
986 1946 1198 2002 aliunde
1219 1955 1391 1999 ortum
1413 1943 1639 2010 videtur,
1668 1950 1725 1996 ut
1752 1941 1805 1996 in
1827 1958 1952 1996 mss.
1985 1942 2179 2011 aliquot
2202 1941 2328 1996 ltber
2343 1940 2412 1998 de
2435 1941 2706 2014 Mysteriis
2734 1944 3049 1998 inscribatur
3068 1944 3272 2015 primus
3307 1941 3379 2001 de

114 2025 423 2100 sacramentis
453 2065 464 2098 :
495 2044 589 2115 qui
618 2059 738 2099 vero
767 2042 966 2116 primus
994 2049 1069 2096 est
1099 2039 1168 2096 de
1193 2035 1562 2097 Sacramentis
1587 2035 1641 2090 in
1665 2035 1953 2091 secundum
1982 2035 2215 2090 ordinem
2241 2034 2546 2108 dejiciatur,
2573 2045 2624 2089 et
2649 2036 2724 2090 sic
2759 2034 3021 2108 deinceps.

115 2207 3360 2268 Ν

453 2256 775 2268 --.“

200 2253 1434 2548 “alia:
1605 2301 2944 2538 AMBROSII

1253 2631 1830 2761 MEDIOLANENSIS
1889 2630 2238 2729 EPISGOPI,

659 2880 664 2881 ε
777 2805 1048 2950 DE
1147 2695 2559 2947 SKEEXMEMIS
2641 2859 2644 2861 ε

1427 3045 1724 3155 LIBRI
1778 3045 2016 3148 SEX.

1287 3303 1632 3388 LIBER
1705 3301 2186 3420 PRIMUS.

488 3548 660 3623 359
697 3544 924 3604 CAPUT
956 3541 1246 3624 ptumum,
1299 3523 1355 3588 ‘1,"
1482 3523 1486 3526 η
1596 3595 1599 3598 ,
1704 3541 1945 3600 Aaures
1975 3536 2150 3608 tetigit
2179 3539 2437 3613 sacerdos
2486 3549 2542 3597 et
2593 3557 2776 3600 nares.
2806 3545 2960 3614 Quod
3011 3547 3282 3619 signiﬁcat
3326 3548 3383 3605 in

99 3664 186 3722 ἘΜ
207 3670 435 3737 prteritisit
458 3676 708 3723 acturum
735 3681 789 3719 se
809 3664 871 3718 de
890 3660 1255 3722 sacramentis,
1272 3672 1386 3729 quw
1409 3655 1553 3726 prius
1572 3669 1667 3710 ea:-

119 3800 124 3806 ο
161 3762 328 3832 plicata
358 3779 460 3817 non
497 3758 750 3832 Oportuit,
783 3755 978 3810 accedit
1006 3752 1076 3808 ad
1115 3749 1413 3821 mysterium
1441 3746 1669 3816 apertio-

163 3855 403 3927 nis,qttant
428 3875 462 3912 a
490 3853 702 3911 Christo
723 3851 777 3904 in
809 3849 955 3906 surdi
975 3864 1034 3903 ac
1055 3845 1186 3901 muti
1207 3844 1471 3900 curatione
1493 3842 1672 3913 signa-

165 3956 251 4005 tam
274 3951 439 4007 docet.
544 3991 548 3996 .

171 4107 213 4161 1.
232 4109 301 4166 De
328 4107 695 4167 sacramentis
723 4121 841 4178 quas
862 4104 1172 4176 accepistis,
1205 4114 1518 4159 sermonem
1545 4096 1675 4153 ado-

115 4195 218 4265 rior,
243 4211 268 4239 ι
294 4203 450 4274 cujus
479 4195 772 4257 rationem'
796 4193 919 4254 non'
943 4196 1185 4268 Oportuit
1215 4202 1341 4250 ante
1375 4190 1628 4264 pmmitti
1656 4189 1680 4253 ;'

115 4288 156 4344 in
193 4293 479 4352 christiano
532 4292 679 4350 enim
726 4291 846 4347 viro
892 4291 1068 4361 prima
1111 4295 1198 4343 est
1245 4285 1398 4342 lldes.
1446 4282 1576 4339 Ideo
1623 4290 1677 4337 et
1747 4343 1749 4346 ,

116 4377 265 4442 Roma
289 4388 478 4445 ﬁdeles
507 4386 771 4443 dicuntur
801 4383 892 4455 qui
923 4380 1180 4453 baptizati
1221 4387 1348 4435 sunt
1377 4395 1390 4430 :
1423 4385 1479 4433 et
1524 4385 1677 4447 pater

116 4485 268 4533 noster
286 4480 563 4537 Abraham
592 4493 662 4535 ex
683 4476 792 4532 ﬁde
817 4475 1151 4546 justiﬁeatus
1172 4480 1276 4538 est,
1308 4486 1416 4527 non
1443 4485 1510 4526 ex
1541 4483 1676 4540 ope-

117 4563 236 4624 ribus
259 4569 433 4637 (Rom.
469 4587 544 4638 tv,
574 4569 658 4642 3).
687 4569 831 4639 Ergo
855 4565 1145 4635 accepistis
1170 4563 1525 4635 baptismum,
1553 4575 1677 4618 cre-

118 4653 310 4717 didistis.
339 4663 505 4719 Nefas
551 4671 638 4718 est
673 4659 821 4716 enim
852 4673 941 4714 me
971 4656 1116 4713 aliud
1163 4657 1469 4721 aestimare;
1502 4669 1679 4725 neque

118 4749 233 4807 enim
259 4767 481 4813 vocatus
509 4770 668 4812 esses
692 4753 760 4809 ad
783 4750 1036 4825 gratiam,
1065 4750 1169 4808 nisi
1197 4750 1419 4822 dignum
1445 4757 1499 4805 te
1525 4747 1681 4804 Chri-

117 4851 210 4900 stus
230 4861 316 4903 sua
340 4847 514 4920 gratia
529 4847 852 4920 iudicasset.
1428 4848 1433 4852 ’

1776 3627 2074 3700 Evangelio
2123 3631 2383 3687 Dominus
2432 3643 2620 3690 noster
2648 3636 2808 3692 Jesus
2839 3638 3107 3705 Christus,
3155 3655 3281 3696 cum
3329 3643 3380 3697 ei

1777 3720 1990 3776 oblatus
2017 3731 2165 3778 esset
2209 3723 2409 3778 surdus
2437 3734 2493 3780 et
2540 3735 2743 3806 mutus,
2779 3738 2834 3783 et
2865 3729 3043 3800 tetigit
3070 3745 3232 3787 aures
3263 3731 3384 3804 ejus

1776 3822 1833 3870 et
1857 3829 1920 3869 os
1947 3813 2064 3884 ejus
2091 3833 2102 3869 :
2126 3829 2310 3881 aures,
2339 3817 2466 3886 quia
2497 3817 2693 3873 surdus
2723 3829 2867 3885 erat;
2896 3836 2981 3888 os,
3014 3822 3136 3890 quia
3169 3832 3380 3889 mutus,

1779 3910 1971 3966 et‘ait:
2006 3909 2285 3982 Ephpheta
2311 3911 2511 3981 (Marc.
2542 3929 2638 3979 vn,
2658 3913 2774 3984 54).
2805 3913 3134 3970 Hebraicum
3159 3917 3385 3975 verbum

1779 4012 1883 4071 est,
1919 4003 2062 4075 quod
2091 4003 2285 4060 Latine
2314 4003 2512 4061 dicitur
2532 4005 2842 4076 adaperire.
2862 4005 2990 4063 ldeo
3019 4023 3150 4077 ergo
3170 4009 3267 4064 tibi
3297 4025 3386 4065 sa-

1780 4095 1978 4152 cerdos
2021 4111 2180 4153 aures
2230 4096 2424 4166 tetigit,
2455 4105 2517 4152 ut
2556 4095 2902 4168 aperirentur
2949 4113 3112 4155 aures
3159 4106 3268 4155 tute
3313 4099 3386 4154 ad

1779 4204 2116 4258 sermonem,
2149 4198 2203 4246 et
2227 4190 2292 4245 aut
2322 4189 2624 4262 alloquium
2652 4190 2978 4248 sacerdotis.

1850 4286 1903 4340 ὅ.
1936 4282 2042 4340 Sed
2081 4284 2218 4340 dicis
2249 4283 2383 4340 mihi
2412 4301 2426 4339 :
2460 4284 2642 4353 Quare
2673 4285 2870 4342 nares?
2901 4285 2979 4342 lbi
3019 4287 3146 4359 quia
3186 4294 3373 4345 mutus

1782 4389 1920 4448 erat,
1946 4394 2011 4436 os
2040 4377 2248 4449 tetigit;
2273 4386 2332 4433 ut
2357 4377 2485 4449 quia
2501 4377 2648 4450 loqui
2669 4393 2778 4434 non
2805 4386 3021 4449 poterat
3039 4388 3387 4436 sacramenta

1781 4473 2047 4537 coelestia,
2070 4485 2261 4528 vocem
2289 4471 2562 4542 acciperet
2590 4485 2621 4524 a
2643 4469 2884 4528 Christo.
2912 4471 2981 4526 Et
3004 4471 3102 4539 ibi,
3123 4472 3249 4544 quia
3270 4471 3384 4538 vir;

1783 4566 1895 4634 hic,
1924 4566 2048 4637 quia
2079 4564 2340 4621 mulieres
2367 4562 2737 4634 baptizantur,
2765 4571 2822 4620 et
2854 4577 2963 4620 non
2997 4563 3190 4621 eadem
3239 4563 3391 4634 puri-

1785 4667 1866 4715 tas
1893 4658 2062 4725 servi,
2094 4664 2297 4728 quanta
2335 4663 2391 4710 et
2424 4654 2645 4711 Domini
2669 4655 2814 4720 (cum
2842 4655 2988 4711 enim
3035 4654 3129 4710 ille
3166 4665 3390 4726 peccata

1783 4750 2071 4817 concedat,
2119 4749 2246 4805 huic
2290 4757 2515 4819 peccata
2563 4748 2860 4817 donentur,
2887 4764 3010 4822 quae
3042 4757 3224 4825 potest
3254 4735 3392 4804 esse

1783 4840 2211 4914 comparatio?),
2242 4840 2366 4896 ideo
2391 4848 2618 4912 propter
2645 4843 2876 4912 gratiam
2908 4842 3092 4913 operis
3121 4851 3177 4897 et
3203 4856 3395 4898 mune-

171 4935 218 4991 2.
245 4939 379 5013 Ergo
400 4942 531 5015 quid
555 4941 768 5013 egimus
793 4939 1057 4997 sabbato?
1078 4937 1282 5010 Nempe
1307 4935 1684 5008 apertionem:
1713 4936 1764 4998 B
1791 4937 1868 4994 ris
1907 4933 2010 5007 (De
2028 4932 2266 4999 Causea,
2295 4932 2419 4987 dist.
2451 4931 2509 5001 4,
2560 4949 2608 4987 c.
2641 4935 2867 5005 Propter
2907 4933 3154 5008 gloriam)
3191 4948 3302 4991 non
3329 4949 3395 4992 os

117 5048 218 5104 qua:
241 5042 494 5112 mysteria
515 5041 797 5098 celebrata
827 5049 957 5096 sunt
987 5037 1311 5110 apertionis,
1339 5033 1558 5106 quando
1585 5031 1682 5131 tibi

176 5184 200 5254 ξι
226 5175 363 5254 Mss._
375 5179 583 5254 aliquot
611 5177 972 5254 recentiores,
986 5191 1204 5254 quorum
1222 5173 1473 5254 ratiunem
1489 5169 1684 5253 ;Rom.

121 5243 250 5313 εῧίίος
280 5243 531 5316 cujus‘rei
555 5250 842 5314 rationem;
868 5243 1066 5315 reliqui
1099 5260 1231 5300 mss.
1262 5259 1324 5299 ac
1354 5243 1511 5316 edit.,
1539 5243 1688 5310 cujus

122 5314 364 5385 rationem.
403 5320 519 5377 Non
559 5321 733 5383 male;
778 5320 920 5374 ratio
960 5314 1105 5373 enim
1143 5331 1289 5385 saepe
1330 5314 1562 5369 sumitur
1592 5325 1688 5381 pro

121 5384 216 5454 ipsa
240 5405 317 5457 re,
359 5401 518 5460 atque
544 5391 684 5447 adeo
714 5390 856 5446 idem
894 5399 979 5445 est
1021 5403 1085 5444 ac
1128 5389 1174 5460 si
1216 5384 1510 5458 legeretur,
1538 5399 1688 5455 quem

119 5458 503 5534 sermonemnon
523 5464 770 5534 oportuit,
797 5461 920 5516 sive
945 5469 1005 5515 ut
1023 5458 1243 5534 quidam
1274 5473 1430 5534 mss:
1455 5472 1560 5534 non
1586 5471 1686 5525 pu-

121 5531 228 5597 tari,
243 5539 347 5588 etc.
369 5528 782 5604 Consequenter
807 5540 989 5588 autem
1017 5528 1210 5604 ultima
1232 5529 1365 5604 edit.
1395 5528 1568 5604 Paris.
1587 5541 1690 5604 re—

117 5612 351 5668 posuerat
385 5622 402 5660 :
455 5603 517 5680 In
557 5599 848 5680 christiano
887 5605 1024 5680 enim
1069 5603 1151 5656 via
1181 5603 1377 5668 optima
1416 5610 1490 5655 est
1522 5599 1686 5680 ﬁdes,

121 5683 209 5740 ιπο
249 5686 316 5730 eo
362 5675 505 5747 quod
559 5676 791 5733 habetur
835 5675 890 5732 in
938 5672 1059 5730 aliis
1108 5687 1174 5729 ac
1211 5687 1345 5728 mss.
1398 5669 1690 5728 omnibus:

1791 5029 1963 5101 tangit
1987 5027 2300 5099 episcopus,
2331 5025 2428 5082 sed
2458 5040 2656 5095 nares;
2685 5025 2716 5066 ι)
2741 5035 2801 5083 ut
2824 5028 3029 5084 bonum
3056 5026 3283 5084 odorem
3305 5042 3396 5085 ac-

1794 5164 1864 5219 1η
1897 5161 2179 5218 christiano
2200 5160 2336 5232 enim
2356 5160 2466 5214 uiro
2496 5159 2666 5232 prima
2697 5167 2770 5215 est
2791 5159 2918 5232 ﬁdes
2934 5177 2967 5232 ,ﬁ
2981 5158 3181 5232 quibus
3209 5159 3396 5217 verbis

1795 5235 2036 5291 habitum
2105 5231 2232 5290 ﬁdei
2291 5229 2719 5302 supernaturalis
2783 5229 3279 5302 infundi’primum
3338 5232 3396 5288 in

1795 5305 2069 5375 baptismo
2103 5304 2255 5360 clare
2285 5301 2591 5375 indicatur.
2621 5302 2864 5375 Denique
2897 5301 2966 5375 de
3001 5316 3068 5357 eo
3097 5301 3241 5375 quod
3263 5302 3397 5375 sub-

1796 5373 1996 5444 iicitur,
2040 5374 2171 5434 Ideo
2211 5385 2259 5431 et
2297 5373 2482 5429 Roma:
2517 5373 2719 5444 ﬁdeles,
2766 5382 2899 5440 etc.,
2945 5373 3059 5444 jam
3095 5373 3302 5430 dictum
3341 5374 3396 5432 in

1841 5449 2127 5504 rzel‘atione
2154 5457 2260 5514 est,
2287 5461 2450 5518 quam
2475 5443 2721 5501 censule.

1868 5525 1898 5565 δ
1929 5519 2030 5575 Hic
2061 5519 2194 5575 edit.
2245 5515 2317 5574 et'
2345 5516 2501 5574 Grat.
2548 5520 2844 5586 repetunt:
2895 5515 3072 5586 Quare
3116 5533 3303 5588 nares;
3343 5526 3402 5579 at

1797 5593 1915 5650 sine
1940 5591 2196 5661 sull‘ragio
2221 5603 2353 5646 mss.
