  <div class='ocr_page' id='page_1' title='image "/cluster/home/n/w/nwhite01/storage/ocr_20150623/16/uva.x000826550/217.png"; bbox 0 0 3952 6178; ppageno 0'>
   <div class='ocr_carea' id='block_1_1' title="bbox 557 143 660 220">
    <p class='ocr_par' dir='ltr' id='par_1_1' title="bbox 557 143 660 220">
     <span class='ocr_line' id='line_1_1' title="bbox 557 143 660 220; baseline 0.029 -15"><span class='ocrx_word' id='word_1_1' title='bbox 557 143 660 220; x_wconf 60' lang='lat' dir='ltr'><strong><em>ita</em></strong></span> 
     </span>
    </p>
   </div>
   <div class='ocr_carea' id='block_1_2' title="bbox 1921 128 2528 203">
    <p class='ocr_par' dir='ltr' id='par_1_2' title="bbox 1921 128 2528 203">
     <span class='ocr_line' id='line_1_2' title="bbox 1921 128 2528 203; baseline -0.018 0"><span class='ocrx_word' id='word_1_2' title='bbox 1921 130 2167 203; x_wconf 80' lang='lat' dir='ltr'><strong><em>SANCTI</em></strong></span> <span class='ocrx_word' id='word_1_3' title='bbox 2209 128 2528 198; x_wconf 80' lang='lat' dir='ltr'><strong><em>AMBROSII</em></strong></span> 
     </span>
    </p>
   </div>
   <div class='ocr_carea' id='block_1_3' title="bbox 3721 135 3810 192">
    <p class='ocr_par' dir='ltr' id='par_1_3' title="bbox 3721 135 3810 192">
     <span class='ocr_line' id='line_1_3' title="bbox 3721 135 3810 192; baseline 0.022 -2"><span class='ocrx_word' id='word_1_4' title='bbox 3721 135 3810 192; x_wconf 58' lang='grc' dir='ltr'>ιιι)</span> 
     </span>
    </p>
   </div>
   <div class='ocr_carea' id='block_1_4' title="bbox 555 251 3811 336">
    <p class='ocr_par' dir='ltr' id='par_1_4' title="bbox 555 251 3811 336">
     <span class='ocr_line' id='line_1_4' title="bbox 555 251 3811 336; baseline -0.005 -16"><span class='ocrx_word' id='word_1_5' title='bbox 555 264 730 336; x_wconf 82' lang='lat' dir='ltr'><strong>cipias</strong></span> <span class='ocrx_word' id='word_1_6' title='bbox 763 261 980 333; x_wconf 90' lang='lat' dir='ltr'><strong><em>pietatis</em></strong></span> <span class='ocrx_word' id='word_1_7' title='bbox 1012 267 1252 325; x_wconf 73' lang='lat' dir='ltr'><strong><em>actorum,</em></strong></span> <span class='ocrx_word' id='word_1_8' title='bbox 1285 264 1337 313; x_wconf 91' lang='lat' dir='ltr'><strong><em>et</em></strong></span> <span class='ocrx_word' id='word_1_9' title='bbox 1367 265 1424 312; x_wconf 94' lang='lat' dir='ltr'><strong><em>ut</em></strong></span> <span class='ocrx_word' id='word_1_10' title='bbox 1451 257 1601 312; x_wconf 91' lang='lat' dir='ltr'><strong><em>dicas</em></strong></span> <span class='ocrx_word' id='word_1_11' title='bbox 1633 273 1644 309; x_wconf 90' lang='lat'><strong><em>:</em></strong></span> <span class='ocrx_word' id='word_1_12' title='bbox 1679 255 1867 310; x_wconf 80' lang='lat' dir='ltr'><strong><em>Christi</em></strong></span> <span class='ocrx_word' id='word_1_13' title='bbox 1894 254 2028 308; x_wconf 88' lang='lat' dir='ltr'><strong><em>enim</em></strong></span> <span class='ocrx_word' id='word_1_14' title='bbox 2062 254 2148 308; x_wconf 85' lang='lat' dir='ltr'><strong><em>bo-</em></strong></span> <span class='ocrx_word' id='word_1_15' title='bbox 2176 252 2227 311; x_wconf 78' lang='grc' dir='ltr'>Α</span> <span class='ocrx_word' id='word_1_16' title='bbox 2253 253 2573 318; x_wconf 77' lang='grc' dir='ltr'><strong><em>εἱεηιίιιαηι,</em></strong></span> <span class='ocrx_word' id='word_1_17' title='bbox 2623 261 2668 307; x_wconf 87' lang='lat' dir='ltr'><strong><em>et</em></strong></span> <span class='ocrx_word' id='word_1_18' title='bbox 2715 252 3029 323; x_wconf 65' lang='lat' dir='ltr'><strong><em>praeparabit</em></strong></span> <span class='ocrx_word' id='word_1_19' title='bbox 3068 252 3202 310; x_wconf 82' lang='lat' dir='ltr'><strong><em>viam</em></strong></span> <span class='ocrx_word' id='word_1_20' title='bbox 3241 259 3380 304; x_wconf 88' lang='lat' dir='ltr'><strong><em>tuam</em></strong></span> <span class='ocrx_word' id='word_1_21' title='bbox 3406 259 3521 306; x_wconf 91' lang='lat' dir='ltr'><strong><em>ante</em></strong></span> <span class='ocrx_word' id='word_1_22' title='bbox 3547 261 3593 306; x_wconf 88' lang='lat' dir='ltr'><strong><em>te</em></strong></span> <span class='ocrx_word' id='word_1_23' title='bbox 3617 251 3811 321; x_wconf 81' lang='lat' dir='ltr'><strong><em>(Matth.</em></strong></span> 
     </span>
    </p>
   </div>
   <div class='ocr_carea' id='block_1_5' title="bbox 557 347 2151 422">
    <p class='ocr_par' dir='ltr' id='par_1_5' title="bbox 557 347 2151 422">
     <span class='ocr_line' id='line_1_5' title="bbox 557 347 2151 422; baseline -0.008 -9"><span class='ocrx_word' id='word_1_24' title='bbox 557 376 656 413; x_wconf 89' lang='lat' dir='ltr'><strong><em>nus</em></strong></span> <span class='ocrx_word' id='word_1_25' title='bbox 704 357 833 412; x_wconf 86' lang='lat' dir='ltr'><strong><em>odor</em></strong></span> <span class='ocrx_word' id='word_1_26' title='bbox 879 371 1057 411; x_wconf 87' lang='lat' dir='ltr'><strong><em>sumus</em></strong></span> <span class='ocrx_word' id='word_1_27' title='bbox 1119 352 1257 416; x_wconf 89' lang='lat' dir='ltr'><strong><em>Deo,</em></strong></span> <span class='ocrx_word' id='word_1_28' title='bbox 1304 349 1762 422; x_wconf 80' lang='lat' dir='ltr'><strong><em>quemadmodum</em></strong></span> <span class='ocrx_word' id='word_1_29' title='bbox 1804 347 1967 422; x_wconf 78' lang='lat' dir='ltr'><strong><em>35o</em></strong></span> <span class='ocrx_word' id='word_1_30' title='bbox 2014 348 2151 402; x_wconf 80' lang='lat' dir='ltr'><strong><em>dixit</em></strong></span> 
     </span>
    </p>
   </div>
   <div class='ocr_carea' id='block_1_6' title="bbox 559 438 2148 523">
    <p class='ocr_par' dir='ltr' id='par_1_6' title="bbox 559 438 2148 523">
     <span class='ocr_line' id='line_1_6' title="bbox 559 438 2148 523; baseline -0.009 -16"><span class='ocrx_word' id='word_1_31' title='bbox 559 449 853 523; x_wconf 77' lang='lat' dir='ltr'><strong><em>Apostolus</em></strong></span> <span class='ocrx_word' id='word_1_32' title='bbox 898 454 1118 500; x_wconf 88' lang='lat' dir='ltr'><strong><em>sanctus</em></strong></span> <span class='ocrx_word' id='word_1_33' title='bbox 1153 443 1219 518; x_wconf 91' lang='lat' dir='ltr'><strong><em>(ll</em></strong></span> <span class='ocrx_word' id='word_1_34' title='bbox 1240 442 1359 498; x_wconf 88' lang='lat' dir='ltr'><strong><em>Cor.</em></strong></span> <span class='ocrx_word' id='word_1_35' title='bbox 1406 458 1465 510; x_wconf 85' lang='grc' dir='ltr'>ιι,</span> <span class='ocrx_word' id='word_1_36' title='bbox 1502 442 1626 514; x_wconf 79' lang='grc'><strong><em>15);</em></strong></span> <span class='ocrx_word' id='word_1_37' title='bbox 1658 448 1714 497; x_wconf 89' lang='lat' dir='ltr'><strong><em>ct</em></strong></span> <span class='ocrx_word' id='word_1_38' title='bbox 1738 440 1810 496; x_wconf 89' lang='lat' dir='ltr'><strong><em>sit</em></strong></span> <span class='ocrx_word' id='word_1_39' title='bbox 1839 440 1894 496; x_wconf 90' lang='lat' dir='ltr'><strong><em>in</em></strong></span> <span class='ocrx_word' id='word_1_40' title='bbox 1925 449 1978 495; x_wconf 93' lang='lat' dir='ltr'><strong><em>te</em></strong></span> <span class='ocrx_word' id='word_1_41' title='bbox 2027 438 2148 494; x_wconf 90' lang='lat' dir='ltr'><strong><em>lidei</em></strong></span> 
     </span>
    </p>
   </div>
   <div class='ocr_carea' id='block_1_7' title="bbox 556 538 1510 610">
    <p class='ocr_par' dir='ltr' id='par_1_7' title="bbox 556 538 1510 610">
     <span class='ocr_line' id='line_1_7' title="bbox 556 538 1510 610; baseline -0.009 -12"><span class='ocrx_word' id='word_1_42' title='bbox 556 539 970 610; x_wconf 83' lang='lat' dir='ltr'><strong><em>devotionisque</em></strong></span> <span class='ocrx_word' id='word_1_43' title='bbox 1004 538 1160 610; x_wconf 87' lang='lat' dir='ltr'><strong><em>plena</em></strong></span> <span class='ocrx_word' id='word_1_44' title='bbox 1190 538 1510 608; x_wconf 75' lang='lat' dir='ltr'><strong><em>fragrantia.</em></strong></span> 
     </span>
    </p>
   </div>
   <div class='ocr_carea' id='block_1_8' title="bbox 1188 653 1520 712">
    <p class='ocr_par' dir='ltr' id='par_1_8' title="bbox 1188 653 1520 712">
     <span class='ocr_line' id='line_1_8' title="bbox 1188 653 1520 712; baseline -0.012 -1"><span class='ocrx_word' id='word_1_45' title='bbox 1188 653 1418 712; x_wconf 81' lang='lat' dir='ltr'><strong><em>CAPUT</em></strong></span> <span class='ocrx_word' id='word_1_46' title='bbox 1455 653 1520 709; x_wconf 91' lang='lat' dir='ltr'><strong><em>Il.</em></strong></span> 
     </span>
    </p>
   </div>
   <div class='ocr_carea' id='block_1_9' title="bbox 461 744 2155 824">
    <p class='ocr_par' dir='ltr' id='par_1_9' title="bbox 461 744 2155 824">
     <span class='ocr_line' id='line_1_9' title="bbox 461 744 2155 824; baseline -0.007 -14"><span class='ocrx_word' id='word_1_47' title='bbox 461 822 465 824; x_wconf 93' lang='lat'>_</span> <span class='ocrx_word' id='word_1_48' title='bbox 563 753 868 809; x_wconf 87' lang='lat' dir='ltr'><strong><em>Unctionem</em></strong></span> <span class='ocrx_word' id='word_1_49' title='bbox 897 749 1105 804; x_wconf 79' lang='lat' dir='ltr'><strong><em>athleta:</em></strong></span> <span class='ocrx_word' id='word_1_50' title='bbox 1139 748 1416 802; x_wconf 69' lang='lat' dir='ltr'><strong><em>christiani</em></strong></span> <span class='ocrx_word' id='word_1_51' title='bbox 1443 747 1672 819; x_wconf 75' lang='lat' dir='ltr'><strong><em>exponit,</em></strong></span> <span class='ocrx_word' id='word_1_52' title='bbox 1713 761 1863 818; x_wconf 82' lang='lat' dir='ltr'><strong><em>quem</em></strong></span> <span class='ocrx_word' id='word_1_53' title='bbox 1889 754 1944 799; x_wconf 84' lang='lat' dir='ltr'><strong><em>ut</em></strong></span> <span class='ocrx_word' id='word_1_54' title='bbox 1973 744 2155 801; x_wconf 70' lang='lat' dir='ltr'><strong><em>excitet</em></strong></span> 
     </span>
    </p>
   </div>
   <div class='ocr_carea' id='block_1_10' title="bbox 628 837 2158 911">
    <p class='ocr_par' dir='ltr' id='par_1_10' title="bbox 628 837 2158 911">
     <span class='ocr_line' id='line_1_10' title="bbox 628 837 2158 911; baseline -0.008 -10"><span class='ocrx_word' id='word_1_55' title='bbox 628 845 698 901; x_wconf 86' lang='lat' dir='ltr'><strong><em>ad</em></strong></span> <span class='ocrx_word' id='word_1_56' title='bbox 738 842 1045 899; x_wconf 78' lang='lat' dir='ltr'><strong><em>servandam</em></strong></span> <span class='ocrx_word' id='word_1_57' title='bbox 1083 842 1239 911; x_wconf 80' lang='lat' dir='ltr'><strong><em>ﬁdem</em></strong></span> <span class='ocrx_word' id='word_1_58' title='bbox 1268 839 1750 905; x_wconf 84' lang='lat' dir='ltr'><strong><em>abrenuntiationis,</em></strong></span> <span class='ocrx_word' id='word_1_59' title='bbox 1794 839 2002 892; x_wconf 79' lang='lat' dir='ltr'><strong><em>testium</em></strong></span> <span class='ocrx_word' id='word_1_60' title='bbox 2041 837 2158 908; x_wconf 85' lang='lat' dir='ltr'><strong><em>qui-</em></strong></span> 
     </span>
    </p>
   </div>
   <div class='ocr_carea' id='block_1_11' title="bbox 632 928 2156 1012">
    <p class='ocr_par' dir='ltr' id='par_1_11' title="bbox 632 928 2156 1012">
     <span class='ocr_line' id='line_1_11' title="bbox 632 928 2156 1012; baseline -0.006 -21"><span class='ocrx_word' id='word_1_61' title='bbox 632 937 724 992; x_wconf 87' lang='lat' dir='ltr'><strong><em>bus</em></strong></span> <span class='ocrx_word' id='word_1_62' title='bbox 757 934 1091 1012; x_wconf 62' lang='lat' dir='ltr'><strong><em>prptsentibus</em></strong></span> <span class='ocrx_word' id='word_1_63' title='bbox 1123 950 1180 989; x_wconf 89' lang='lat' dir='ltr'><strong><em>ea</em></strong></span> <span class='ocrx_word' id='word_1_64' title='bbox 1205 937 1345 1004; x_wconf 77' lang='lat' dir='ltr'><strong><em>facta</em></strong></span> <span class='ocrx_word' id='word_1_65' title='bbox 1372 942 1466 997; x_wconf 87' lang='lat' dir='ltr'><strong><em>est,</em></strong></span> <span class='ocrx_word' id='word_1_66' title='bbox 1499 932 1802 1004; x_wconf 84' lang='lat' dir='ltr'><strong><em>dignitatem</em></strong></span> <span class='ocrx_word' id='word_1_67' title='bbox 1833 928 2156 1001; x_wconf 77' lang='lat' dir='ltr'><strong><em>ampliﬁcat;</em></strong></span> 
     </span>
    </p>
   </div>
   <div class='ocr_carea' id='block_1_12' title="bbox 632 1027 1668 1098">
    <p class='ocr_par' dir='ltr' id='par_1_12' title="bbox 632 1027 1668 1098">
     <span class='ocr_line' id='line_1_12' title="bbox 632 1027 1668 1098; baseline -0.004 -12"><span class='ocrx_word' id='word_1_68' title='bbox 632 1048 692 1086; x_wconf 92' lang='lat' dir='ltr'><strong><em>ac</em></strong></span> <span class='ocrx_word' id='word_1_69' title='bbox 723 1031 930 1086; x_wconf 88' lang='lat' dir='ltr'><strong><em>demum</em></strong></span> <span class='ocrx_word' id='word_1_70' title='bbox 955 1029 1030 1084; x_wconf 89' lang='lat' dir='ltr'><strong><em>rei</em></strong></span> <span class='ocrx_word' id='word_1_71' title='bbox 1055 1028 1220 1084; x_wconf 82' lang='lat' dir='ltr'><strong><em>lucem</em></strong></span> <span class='ocrx_word' id='word_1_72' title='bbox 1242 1027 1386 1082; x_wconf 84' lang='lat' dir='ltr'><strong><em>addit</em></strong></span> <span class='ocrx_word' id='word_1_73' title='bbox 1415 1027 1668 1098; x_wconf 69' lang='lat' dir='ltr'><strong><em>esenrplo.</em></strong></span> 
     </span>
    </p>
   </div>
   <div class='ocr_carea' id='block_1_13' title="bbox 627 1178 2156 1251">
    <p class='ocr_par' dir='ltr' id='par_1_13' title="bbox 627 1178 2156 1251">
     <span class='ocr_line' id='line_1_13' title="bbox 627 1178 2156 1251; baseline -0.005 -10"><span class='ocrx_word' id='word_1_74' title='bbox 627 1187 680 1241; x_wconf 72' lang='lat' dir='ltr'><strong><em>is.</em></strong></span> <span class='ocrx_word' id='word_1_75' title='bbox 719 1187 982 1242; x_wconf 82' lang='lat' dir='ltr'><strong><em>Venimus</em></strong></span> <span class='ocrx_word' id='word_1_76' title='bbox 1009 1184 1075 1240; x_wconf 90' lang='lat' dir='ltr'><strong><em>ad</em></strong></span> <span class='ocrx_word' id='word_1_77' title='bbox 1108 1183 1312 1240; x_wconf 84' lang='lat' dir='ltr'><strong><em>fontem</em></strong></span> <span class='ocrx_word' id='word_1_78' title='bbox 1344 1181 1448 1251; x_wconf 85' lang='lat' dir='ltr'><strong><em>(De</em></strong></span> <span class='ocrx_word' id='word_1_79' title='bbox 1468 1181 1706 1247; x_wconf 87' lang='lat' dir='ltr'><strong><em>Consec.,</em></strong></span> <span class='ocrx_word' id='word_1_80' title='bbox 1740 1182 1862 1240; x_wconf 81' lang='lat' dir='ltr'><strong><em>dist.</em></strong></span> <span class='ocrx_word' id='word_1_81' title='bbox 1890 1183 1946 1248; x_wconf 72' lang='grc'><strong><em>4,</em></strong></span> <span class='ocrx_word' id='word_1_82' title='bbox 1967 1199 2015 1236; x_wconf 92' lang='lat' dir='ltr'><strong><em>c.</em></strong></span> <span class='ocrx_word' id='word_1_83' title='bbox 2059 1178 2156 1235; x_wconf 83' lang='lat' dir='ltr'><strong><em>Ve-</em></strong></span> 
     </span>
    </p>
   </div>
   <div class='ocr_carea' id='block_1_14' title="bbox 560 1275 2161 1352">
    <p class='ocr_par' dir='ltr' id='par_1_14' title="bbox 560 1275 2161 1352">
     <span class='ocr_line' id='line_1_14' title="bbox 560 1275 2161 1352; baseline -0.005 -14"><span class='ocrx_word' id='word_1_84' title='bbox 560 1283 680 1338; x_wconf 86' lang='lat' dir='ltr'><strong><em>nisti</em></strong></span> <span class='ocrx_word' id='word_1_85' title='bbox 703 1283 772 1336; x_wconf 88' lang='lat' dir='ltr'><strong><em>ad</em></strong></span> <span class='ocrx_word' id='word_1_86' title='bbox 798 1279 1039 1352; x_wconf 77' lang='lat' dir='ltr'><strong><em>fontem),</em></strong></span> <span class='ocrx_word' id='word_1_87' title='bbox 1079 1280 1363 1352; x_wconf 81' lang='lat' dir='ltr'><strong><em>ingressus</em></strong></span> <span class='ocrx_word' id='word_1_88' title='bbox 1391 1294 1450 1334; x_wconf 84' lang='lat' dir='ltr'><strong><em>es</em></strong></span> <span class='ocrx_word' id='word_1_89' title='bbox 1486 1295 1497 1330; x_wconf 92' lang='lat'><strong><em>:</em></strong></span> <span class='ocrx_word' id='word_1_90' title='bbox 1529 1278 1818 1332; x_wconf 84' lang='lat' dir='ltr'><strong><em>considera</em></strong></span> <span class='ocrx_word' id='word_1_91' title='bbox 1843 1291 1982 1349; x_wconf 91' lang='lat' dir='ltr'><strong><em>quos</em></strong></span> <span class='ocrx_word' id='word_1_92' title='bbox 2011 1275 2161 1330; x_wconf 87' lang='lat' dir='ltr'><strong><em>vide-</em></strong></span> 
     </span>
    </p>
   </div>
   <div class='ocr_carea' id='block_1_15' title="bbox 559 1366 2155 1444">
    <p class='ocr_par' dir='ltr' id='par_1_15' title="bbox 559 1366 2155 1444">
     <span class='ocr_line' id='line_1_15' title="bbox 559 1366 2155 1444; baseline -0.007 -15"><span class='ocrx_word' id='word_1_93' title='bbox 559 1375 654 1437; x_wconf 88' lang='lat' dir='ltr'><strong><em>ris,</em></strong></span> <span class='ocrx_word' id='word_1_94' title='bbox 711 1371 840 1444; x_wconf 89' lang='lat' dir='ltr'><strong><em>quid</em></strong></span> <span class='ocrx_word' id='word_1_95' title='bbox 890 1373 1106 1427; x_wconf 90' lang='lat' dir='ltr'><strong><em>locutus</em></strong></span> <span class='ocrx_word' id='word_1_96' title='bbox 1154 1372 1230 1424; x_wconf 87' lang='lat' dir='ltr'><strong><em>sis</em></strong></span> <span class='ocrx_word' id='word_1_97' title='bbox 1277 1368 1592 1435; x_wconf 85' lang='lat' dir='ltr'><strong><em>considera,</em></strong></span> <span class='ocrx_word' id='word_1_98' title='bbox 1625 1376 1807 1438; x_wconf 91' lang='lat' dir='ltr'><strong><em>repete</em></strong></span> <span class='ocrx_word' id='word_1_99' title='bbox 1848 1366 2155 1439; x_wconf 77' lang='lat' dir='ltr'><strong><em>diligenter.</em></strong></span> 
     </span>
    </p>
   </div>
   <div class='ocr_carea' id='block_1_16' title="bbox 558 1460 2162 1531">
    <p class='ocr_par' dir='ltr' id='par_1_16' title="bbox 558 1460 2162 1531">
     <span class='ocr_line' id='line_1_16' title="bbox 558 1460 2162 1531; baseline -0.007 -8"><span class='ocrx_word' id='word_1_100' title='bbox 558 1467 811 1523; x_wconf 88' lang='lat' dir='ltr'><strong><em>Occurrit</em></strong></span> <span class='ocrx_word' id='word_1_101' title='bbox 855 1465 949 1519; x_wconf 90' lang='lat' dir='ltr'><strong><em>tibi</em></strong></span> <span class='ocrx_word' id='word_1_102' title='bbox 981 1464 1169 1527; x_wconf 90' lang='lat' dir='ltr'><strong><em>levita,</em></strong></span> <span class='ocrx_word' id='word_1_103' title='bbox 1203 1463 1439 1517; x_wconf 89' lang='lat' dir='ltr'><strong><em>occurrit</em></strong></span> <span class='ocrx_word' id='word_1_104' title='bbox 1481 1460 1764 1531; x_wconf 86' lang='lat' dir='ltr'><strong><em>presbyter</em></strong></span> <span class='ocrx_word' id='word_1_105' title='bbox 1793 1476 1806 1512; x_wconf 93' lang='lat'><strong><em>:</em></strong></span> <span class='ocrx_word' id='word_1_106' title='bbox 1833 1468 1858 1495; x_wconf 72' lang='grc' dir='ltr'>ει</span> <span class='ocrx_word' id='word_1_107' title='bbox 1884 1469 2077 1513; x_wconf 89' lang='lat' dir='ltr'><strong><em>unctus</em></strong></span> <span class='ocrx_word' id='word_1_108' title='bbox 2101 1471 2162 1513; x_wconf 89' lang='lat' dir='ltr'><strong><em>es</em></strong></span> 
     </span>
    </p>
   </div>
   <div class='ocr_carea' id='block_1_17' title="bbox 563 1551 2162 1634">
    <p class='ocr_par' dir='ltr' id='par_1_17' title="bbox 563 1551 2162 1634">
     <span class='ocr_line' id='line_1_17' title="bbox 563 1551 2162 1634; baseline -0.008 -17"><span class='ocrx_word' id='word_1_109' title='bbox 563 1563 718 1634; x_wconf 88' lang='lat' dir='ltr'><strong><em>quasi</em></strong></span> <span class='ocrx_word' id='word_1_110' title='bbox 743 1561 949 1616; x_wconf 83' lang='lat' dir='ltr'><strong><em>athleta</em></strong></span> <span class='ocrx_word' id='word_1_111' title='bbox 977 1558 1208 1624; x_wconf 85' lang='lat' dir='ltr'><strong><em>Christi,</em></strong></span> <span class='ocrx_word' id='word_1_112' title='bbox 1239 1556 1392 1626; x_wconf 90' lang='lat' dir='ltr'><strong><em>quasi</em></strong></span> <span class='ocrx_word' id='word_1_113' title='bbox 1424 1555 1623 1610; x_wconf 91' lang='lat' dir='ltr'><strong><em>luctam</em></strong></span> <span class='ocrx_word' id='word_1_114' title='bbox 1657 1555 1816 1623; x_wconf 83' lang='lat' dir='ltr'><strong><em>hujus</em></strong></span> <span class='ocrx_word' id='word_1_115' title='bbox 1851 1552 2038 1609; x_wconf 67' lang='lat' dir='ltr'><strong><em>sicculi</em></strong></span> <span class='ocrx_word' id='word_1_116' title='bbox 2080 1551 2162 1605; x_wconf 84' lang='lat' dir='ltr'><strong><em>lu-</em></strong></span> 
     </span>
    </p>
   </div>
   <div class='ocr_carea' id='block_1_18' title="bbox 559 1643 2242 1723">
    <p class='ocr_par' dir='ltr' id='par_1_18' title="bbox 559 1643 2242 1723">
     <span class='ocr_line' id='line_1_18' title="bbox 559 1643 2242 1723; baseline -0.007 -13"><span class='ocrx_word' id='word_1_117' title='bbox 559 1665 826 1718; x_wconf 70' lang='lat' dir='ltr'><strong><em>ctaturus,</em></strong></span> <span class='ocrx_word' id='word_1_118' title='bbox 860 1652 1142 1723; x_wconf 88' lang='lat' dir='ltr'><strong><em>professus</em></strong></span> <span class='ocrx_word' id='word_1_119' title='bbox 1170 1666 1229 1704; x_wconf 82' lang='lat' dir='ltr'><strong><em>es</em></strong></span> <span class='ocrx_word' id='word_1_120' title='bbox 1253 1647 1565 1703; x_wconf 79' lang='lat' dir='ltr'><strong><em>luetaminis</em></strong></span> <span class='ocrx_word' id='word_1_121' title='bbox 1597 1647 1670 1704; x_wconf 92' lang='lat' dir='ltr'><strong><em>tui</em></strong></span> <span class='ocrx_word' id='word_1_122' title='bbox 1704 1645 2023 1702; x_wconf 77' lang='lat' dir='ltr'><strong><em>certamina.</em></strong></span> <span class='ocrx_word' id='word_1_123' title='bbox 2058 1643 2158 1711; x_wconf 86' lang='lat' dir='ltr'><strong><em>Qui</em></strong></span> <span class='ocrx_word' id='word_1_124' title='bbox 2192 1647 2242 1708; x_wconf 86' lang='lat' dir='ltr'><strong>B</strong></span> 
     </span>
    </p>
   </div>
   <div class='ocr_carea' id='block_1_19' title="bbox 559 1737 2166 1814">
    <p class='ocr_par' dir='ltr' id='par_1_19' title="bbox 559 1737 2166 1814">
     <span class='ocr_line' id='line_1_19' title="bbox 559 1737 2166 1814; baseline -0.006 -13"><span class='ocrx_word' id='word_1_125' title='bbox 559 1749 816 1809; x_wconf 81' lang='lat' dir='ltr'><strong><em>luctatur,</em></strong></span> <span class='ocrx_word' id='word_1_126' title='bbox 851 1746 1012 1799; x_wconf 80' lang='lat' dir='ltr'><strong><em>habet</em></strong></span> <span class='ocrx_word' id='word_1_127' title='bbox 1042 1742 1186 1814; x_wconf 90' lang='lat' dir='ltr'><strong><em>quod</em></strong></span> <span class='ocrx_word' id='word_1_128' title='bbox 1232 1749 1454 1810; x_wconf 78' lang='lat' dir='ltr'><strong><em>speret:</em></strong></span> <span class='ocrx_word' id='word_1_129' title='bbox 1487 1740 1574 1794; x_wconf 88' lang='lat' dir='ltr'><strong><em>ubi</em></strong></span> <span class='ocrx_word' id='word_1_130' title='bbox 1622 1749 1923 1803; x_wconf 89' lang='lat' dir='ltr'><strong><em>certamen,</em></strong></span> <span class='ocrx_word' id='word_1_131' title='bbox 1969 1737 2042 1792; x_wconf 86' lang='lat' dir='ltr'><strong><em>ibi</em></strong></span> <span class='ocrx_word' id='word_1_132' title='bbox 2073 1751 2166 1791; x_wconf 91' lang='lat' dir='ltr'><strong><em>co-</em></strong></span> 
     </span>
    </p>
   </div>
   <div class='ocr_carea' id='block_1_20' title="bbox 555 1830 2164 1899">
    <p class='ocr_par' dir='ltr' id='par_1_20' title="bbox 555 1830 2164 1899">
     <span class='ocr_line' id='line_1_20' title="bbox 555 1830 2164 1899; baseline -0.004 -5"><span class='ocrx_word' id='word_1_133' title='bbox 555 1855 709 1894; x_wconf 83' lang='lat' dir='ltr'><strong><em>rona.</em></strong></span> <span class='ocrx_word' id='word_1_134' title='bbox 744 1837 999 1893; x_wconf 80' lang='lat' dir='ltr'><strong><em>Luctaris</em></strong></span> <span class='ocrx_word' id='word_1_135' title='bbox 1045 1835 1099 1890; x_wconf 91' lang='lat' dir='ltr'><strong><em>in</em></strong></span> <span class='ocrx_word' id='word_1_136' title='bbox 1151 1835 1377 1899; x_wconf 71' lang='lat' dir='ltr'><strong><em>saeculo,</em></strong></span> <span class='ocrx_word' id='word_1_137' title='bbox 1411 1834 1506 1888; x_wconf 90' lang='lat' dir='ltr'><strong><em>sed</em></strong></span> <span class='ocrx_word' id='word_1_138' title='bbox 1546 1832 1832 1888; x_wconf 68' lang='lat' dir='ltr'><strong><em>coronat-is</em></strong></span> <span class='ocrx_word' id='word_1_139' title='bbox 1859 1848 1887 1888; x_wconf 88' lang='lat' dir='ltr'><strong><em>a</em></strong></span> <span class='ocrx_word' id='word_1_140' title='bbox 1921 1830 2164 1894; x_wconf 78' lang='lat' dir='ltr'><strong><em>Christo,</em></strong></span> 
     </span>
    </p>
   </div>
   <div class='ocr_carea' id='block_1_21' title="bbox 559 1920 2166 2002">
    <p class='ocr_par' dir='ltr' id='par_1_21' title="bbox 559 1920 2166 2002">
     <span class='ocr_line' id='line_1_21' title="bbox 559 1920 2166 2002; baseline -0.01 -13"><span class='ocrx_word' id='word_1_141' title='bbox 559 1943 615 1989; x_wconf 88' lang='lat' dir='ltr'><strong><em>et</em></strong></span> <span class='ocrx_word' id='word_1_142' title='bbox 645 1948 744 2002; x_wconf 88' lang='lat' dir='ltr'><strong><em>pro</em></strong></span> <span class='ocrx_word' id='word_1_143' title='bbox 775 1928 1167 1985; x_wconf 85' lang='lat' dir='ltr'><strong><em>certaminibus</em></strong></span> <span class='ocrx_word' id='word_1_144' title='bbox 1209 1925 1393 1982; x_wconf 73' lang='lat' dir='ltr'><strong><em>saeculi</em></strong></span> <span class='ocrx_word' id='word_1_145' title='bbox 1425 1922 1750 1980; x_wconf 83' lang='lat' dir='ltr'><strong><em>coronaris?</em></strong></span> <span class='ocrx_word' id='word_1_146' title='bbox 1796 1921 1930 1976; x_wconf 85' lang='lat' dir='ltr'><strong><em>Nam</em></strong></span> <span class='ocrx_word' id='word_1_147' title='bbox 1979 1920 2081 1977; x_wconf 87' lang='lat' dir='ltr'><strong><em>etsi</em></strong></span> <span class='ocrx_word' id='word_1_148' title='bbox 2115 1922 2166 1974; x_wconf 90' lang='lat' dir='ltr'><strong><em>in</em></strong></span> 
     </span>
    </p>
   </div>
   <div class='ocr_carea' id='block_1_22' title="bbox 557 2015 2166 2097">
    <p class='ocr_par' dir='ltr' id='par_1_22' title="bbox 557 2015 2166 2097">
     <span class='ocr_line' id='line_1_22' title="bbox 557 2015 2166 2097; baseline -0.01 -15"><span class='ocrx_word' id='word_1_149' title='bbox 557 2029 698 2084; x_wconf 67' lang='lat' dir='ltr'><strong><em>cttelo</em></strong></span> <span class='ocrx_word' id='word_1_150' title='bbox 725 2026 1029 2097; x_wconf 67' lang='lat' dir='ltr'><strong><em>praemium,</em></strong></span> <span class='ocrx_word' id='word_1_151' title='bbox 1064 2023 1151 2078; x_wconf 87' lang='lat' dir='ltr'><strong><em>hic</em></strong></span> <span class='ocrx_word' id='word_1_152' title='bbox 1191 2029 1370 2076; x_wconf 84' lang='lat' dir='ltr'><strong><em>tamen</em></strong></span> <span class='ocrx_word' id='word_1_153' title='bbox 1393 2019 1422 2058; x_wconf 70' lang='grc' dir='ltr'>δ</span> <span class='ocrx_word' id='word_1_154' title='bbox 1451 2019 1708 2075; x_wconf 87' lang='lat' dir='ltr'><strong><em>meritum</em></strong></span> <span class='ocrx_word' id='word_1_155' title='bbox 1743 2015 1950 2088; x_wconf 70' lang='lat' dir='ltr'><strong><em>prmtuii</em></strong></span> <span class='ocrx_word' id='word_1_156' title='bbox 1992 2015 2166 2071; x_wconf 83' lang='lat' dir='ltr'><strong><em>collo—</em></strong></span> 
     </span>
    </p>
   </div>
   <div class='ocr_carea' id='block_1_23' title="bbox 561 2133 741 2180">
    <p class='ocr_par' dir='ltr' id='par_1_23' title="bbox 561 2133 741 2180">
     <span class='ocr_line' id='line_1_23' title="bbox 561 2133 741 2180; baseline -0.022 0"><span class='ocrx_word' id='word_1_157' title='bbox 561 2133 741 2180; x_wconf 69' lang='lat' dir='ltr'><strong><em>Ctlllll&#39;.</em></strong></span> 
     </span>
    </p>
   </div>
   <div class='ocr_carea' id='block_1_24' title="bbox 634 2202 2171 2284">
    <p class='ocr_par' dir='ltr' id='par_1_24' title="bbox 634 2202 2171 2284">
     <span class='ocr_line' id='line_1_24' title="bbox 634 2202 2171 2284; baseline -0.008 -14"><span class='ocrx_word' id='word_1_158' title='bbox 634 2219 686 2272; x_wconf 86' lang='lat'><strong><em>5.</em></strong></span> <span class='ocrx_word' id='word_1_159' title='bbox 712 2212 940 2284; x_wconf 84' lang='lat' dir='ltr'><strong><em>Quando</em></strong></span> <span class='ocrx_word' id='word_1_160' title='bbox 961 2223 1012 2266; x_wconf 88' lang='lat' dir='ltr'><strong><em>te</em></strong></span> <span class='ocrx_word' id='word_1_161' title='bbox 1050 2207 1443 2282; x_wconf 75' lang='lat' dir='ltr'><strong><em>interrogavit:</em></strong></span> <span class='ocrx_word' id='word_1_162' title='bbox 1481 2205 1844 2261; x_wconf 84' lang='lat' dir='ltr'><strong><em>Abrenuutias</em></strong></span> <span class='ocrx_word' id='word_1_163' title='bbox 1875 2202 2091 2260; x_wconf 89' lang='lat' dir='ltr'><strong><em>diabolo</em></strong></span> <span class='ocrx_word' id='word_1_164' title='bbox 2115 2211 2171 2258; x_wconf 91' lang='lat' dir='ltr'><strong><em>et</em></strong></span> 
     </span>
    </p>
   </div>
   <div class='ocr_carea' id='block_1_25' title="bbox 562 2294 2168 2380">
    <p class='ocr_par' dir='ltr' id='par_1_25' title="bbox 562 2294 2168 2380">
     <span class='ocr_line' id='line_1_25' title="bbox 562 2294 2168 2380; baseline -0.009 -16"><span class='ocrx_word' id='word_1_165' title='bbox 562 2307 823 2380; x_wconf 83' lang='lat' dir='ltr'><strong><em>cperibus</em></strong></span> <span class='ocrx_word' id='word_1_166' title='bbox 850 2305 993 2376; x_wconf 89' lang='lat' dir='ltr'><strong><em>ejus,</em></strong></span> <span class='ocrx_word' id='word_1_167' title='bbox 1028 2301 1157 2374; x_wconf 92' lang='lat' dir='ltr'><strong><em>quid</em></strong></span> <span class='ocrx_word' id='word_1_168' title='bbox 1189 2299 1564 2372; x_wconf 76' lang='lat' dir='ltr'><strong><em>respondisti?</em></strong></span> <span class='ocrx_word' id='word_1_169' title='bbox 1604 2297 1964 2354; x_wconf 87' lang='lat' dir='ltr'><strong><em>Abrenuntio.</em></strong></span> <span class='ocrx_word' id='word_1_170' title='bbox 1993 2294 2168 2351; x_wconf 82' lang='lat' dir='ltr'><strong><em>Abre-</em></strong></span> 
     </span>
    </p>
   </div>
   <div class='ocr_carea' id='block_1_26' title="bbox 564 2391 2168 2468">
    <p class='ocr_par' dir='ltr' id='par_1_26' title="bbox 564 2391 2168 2468">
     <span class='ocr_line' id='line_1_26' title="bbox 564 2391 2168 2468; baseline -0.009 -10"><span class='ocrx_word' id='word_1_171' title='bbox 564 2403 785 2459; x_wconf 69' lang='lat' dir='ltr'><strong><em>nuntias</em></strong></span> <span class='ocrx_word' id='word_1_172' title='bbox 815 2399 1013 2455; x_wconf 79' lang='lat' dir='ltr'><strong><em>szeculo</em></strong></span> <span class='ocrx_word' id='word_1_173' title='bbox 1059 2407 1118 2454; x_wconf 90' lang='lat' dir='ltr'><strong><em>et</em></strong></span> <span class='ocrx_word' id='word_1_174' title='bbox 1163 2395 1537 2466; x_wconf 80' lang='lat' dir='ltr'><strong><em>voluptatibus</em></strong></span> <span class='ocrx_word' id='word_1_175' title='bbox 1581 2395 1720 2465; x_wconf 89' lang='lat' dir='ltr'><strong><em>ejus,</em></strong></span> <span class='ocrx_word' id='word_1_176' title='bbox 1763 2391 1891 2468; x_wconf 90' lang='lat' dir='ltr'><strong><em>quid</em></strong></span> <span class='ocrx_word' id='word_1_177' title='bbox 1936 2404 2168 2461; x_wconf 83' lang='lat' dir='ltr'><strong><em>respou-</em></strong></span> 
     </span>
    </p>
   </div>
   <div class='ocr_carea' id='block_1_27' title="bbox 560 2485 2171 2553">
    <p class='ocr_par' dir='ltr' id='par_1_27' title="bbox 560 2485 2171 2553">
     <span class='ocr_line' id='line_1_27' title="bbox 560 2485 2171 2553; baseline -0.009 -1"><span class='ocrx_word' id='word_1_178' title='bbox 560 2496 726 2553; x_wconf 69' lang='lat' dir='ltr'><strong><em>disti‘?</em></strong></span> <span class='ocrx_word' id='word_1_179' title='bbox 759 2491 1121 2550; x_wconf 85' lang='lat' dir='ltr'><strong><em>Abrenuntio.</em></strong></span> <span class='ocrx_word' id='word_1_180' title='bbox 1149 2490 1354 2546; x_wconf 71' lang='lat' dir='ltr'><strong><em>Memor</em></strong></span> <span class='ocrx_word' id='word_1_181' title='bbox 1373 2499 1494 2546; x_wconf 91' lang='lat' dir='ltr'><strong><em>esto</em></strong></span> <span class='ocrx_word' id='word_1_182' title='bbox 1521 2486 1795 2544; x_wconf 85' lang='lat' dir='ltr'><strong><em>sermonis</em></strong></span> <span class='ocrx_word' id='word_1_183' title='bbox 1824 2485 1925 2552; x_wconf 86' lang='lat' dir='ltr'><strong><em>tui,</em></strong></span> <span class='ocrx_word' id='word_1_184' title='bbox 1949 2493 2004 2540; x_wconf 92' lang='lat' dir='ltr'><strong><em>et</em></strong></span> <span class='ocrx_word' id='word_1_185' title='bbox 2031 2499 2171 2538; x_wconf 87' lang='lat' dir='ltr'><strong><em>unn-</em></strong></span> 
     </span>
    </p>
   </div>
   <div class='ocr_carea' id='block_1_28' title="bbox 566 2575 2170 2658">
    <p class='ocr_par' dir='ltr' id='par_1_28' title="bbox 566 2575 2170 2658">
     <span class='ocr_line' id='line_1_28' title="bbox 566 2575 2170 2658; baseline -0.009 -16"><span class='ocrx_word' id='word_1_186' title='bbox 566 2605 728 2658; x_wconf 88' lang='lat' dir='ltr'><strong><em>quam</em></strong></span> <span class='ocrx_word' id='word_1_187' title='bbox 769 2587 865 2640; x_wconf 84' lang='lat' dir='ltr'><strong><em>tibi</em></strong></span> <span class='ocrx_word' id='word_1_188' title='bbox 912 2583 1130 2640; x_wconf 86' lang='lat' dir='ltr'><strong><em>excidat</em></strong></span> <span class='ocrx_word' id='word_1_189' title='bbox 1163 2593 1268 2635; x_wconf 70' lang='lat' dir='ltr'><strong><em>tua:</em></strong></span> <span class='ocrx_word' id='word_1_190' title='bbox 1313 2580 1484 2636; x_wconf 86' lang='lat' dir='ltr'><strong><em>series</em></strong></span> <span class='ocrx_word' id='word_1_191' title='bbox 1533 2578 1821 2633; x_wconf 86' lang='lat' dir='ltr'><strong><em>cautionis.</em></strong></span> <span class='ocrx_word' id='word_1_192' title='bbox 1875 2577 1932 2632; x_wconf 91' lang='lat' dir='ltr'><strong><em>Si</em></strong></span> <span class='ocrx_word' id='word_1_193' title='bbox 1985 2575 2170 2631; x_wconf 91' lang='lat' dir='ltr'><strong><em>chiro-</em></strong></span> 
     </span>
    </p>
   </div>
   <div class='ocr_carea' id='block_1_29' title="bbox 565 2667 2172 2750">
    <p class='ocr_par' dir='ltr' id='par_1_29' title="bbox 565 2667 2172 2750">
     <span class='ocr_line' id='line_1_29' title="bbox 565 2667 2172 2750; baseline -0.006 -18"><span class='ocrx_word' id='word_1_194' title='bbox 565 2679 833 2750; x_wconf 82' lang='lat' dir='ltr'><strong><em>graphum</em></strong></span> <span class='ocrx_word' id='word_1_195' title='bbox 892 2674 1100 2730; x_wconf 80' lang='lat' dir='ltr'><strong><em>homini</em></strong></span> <span class='ocrx_word' id='word_1_196' title='bbox 1171 2671 1412 2736; x_wconf 75' lang='lat' dir='ltr'><strong><em>dederis,</em></strong></span> <span class='ocrx_word' id='word_1_197' title='bbox 1474 2670 1676 2724; x_wconf 90' lang='lat' dir='ltr'><strong><em>teneris</em></strong></span> <span class='ocrx_word' id='word_1_198' title='bbox 1731 2667 2045 2735; x_wconf 69' lang='lat' dir='ltr'><strong><em>obnoxius,</em></strong></span> <span class='ocrx_word' id='word_1_199' title='bbox 2114 2675 2172 2722; x_wconf 83' lang='lat' dir='ltr'><strong><em>ut</em></strong></span> 
     </span>
    </p>
   </div>
   <div class='ocr_carea' id='block_1_30' title="bbox 563 2758 2171 2841">
    <p class='ocr_par' dir='ltr' id='par_1_30' title="bbox 563 2758 2171 2841">
     <span class='ocr_line' id='line_1_30' title="bbox 563 2758 2171 2841; baseline -0.005 -20"><span class='ocrx_word' id='word_1_200' title='bbox 563 2769 853 2841; x_wconf 84' lang='lat' dir='ltr'><strong><em>pecuniam</em></strong></span> <span class='ocrx_word' id='word_1_201' title='bbox 883 2768 1001 2836; x_wconf 89' lang='lat' dir='ltr'><strong><em>ejus</em></strong></span> <span class='ocrx_word' id='word_1_202' title='bbox 1023 2765 1262 2833; x_wconf 83' lang='lat' dir='ltr'><strong><em>accipias</em></strong></span> <span class='ocrx_word' id='word_1_203' title='bbox 1295 2779 1308 2815; x_wconf 91' lang='lat'><strong><em>:</em></strong></span> <span class='ocrx_word' id='word_1_204' title='bbox 1354 2762 1561 2817; x_wconf 87' lang='lat' dir='ltr'><strong><em>teneris</em></strong></span> <span class='ocrx_word' id='word_1_205' title='bbox 1587 2760 1864 2825; x_wconf 87' lang='lat' dir='ltr'><strong><em>astrictus,</em></strong></span> <span class='ocrx_word' id='word_1_206' title='bbox 1897 2767 1952 2814; x_wconf 91' lang='lat' dir='ltr'><strong><em>et</em></strong></span> <span class='ocrx_word' id='word_1_207' title='bbox 1993 2758 2171 2814; x_wconf 91' lang='lat' dir='ltr'><strong><em>reluc-</em></strong></span> 
     </span>
    </p>
   </div>
   <div class='ocr_carea' id='block_1_31' title="bbox 563 2850 2170 2928">
    <p class='ocr_par' dir='ltr' id='par_1_31' title="bbox 563 2850 2170 2928">
     <span class='ocr_line' id='line_1_31' title="bbox 563 2850 2170 2928; baseline -0.006 -11"><span class='ocrx_word' id='word_1_208' title='bbox 563 2872 769 2917; x_wconf 84' lang='lat' dir='ltr'><strong><em>tantem</em></strong></span> <span class='ocrx_word' id='word_1_209' title='bbox 813 2868 866 2915; x_wconf 91' lang='lat' dir='ltr'><strong><em>te</em></strong></span> <span class='ocrx_word' id='word_1_210' title='bbox 916 2861 1197 2913; x_wconf 89' lang='lat' dir='ltr'><strong><em>fenerator</em></strong></span> <span class='ocrx_word' id='word_1_211' title='bbox 1227 2855 1520 2928; x_wconf 74' lang='lat' dir='ltr'><strong><em>astringit;</em></strong></span> <span class='ocrx_word' id='word_1_212' title='bbox 1575 2856 1620 2908; x_wconf 92' lang='lat' dir='ltr'><strong><em>si</em></strong></span> <span class='ocrx_word' id='word_1_213' title='bbox 1674 2867 1916 2919; x_wconf 81' lang='lat' dir='ltr'><strong><em>recusas,</em></strong></span> <span class='ocrx_word' id='word_1_214' title='bbox 1949 2863 1971 2890; x_wconf 80' lang='lat'><strong>°</strong></span> <span class='ocrx_word' id='word_1_215' title='bbox 2016 2850 2170 2908; x_wconf 77' lang='lat' dir='ltr'><strong><em>vadis</em></strong></span> 
     </span>
    </p>
   </div>
   <div class='ocr_carea' id='block_1_32' title="bbox 555 2947 2046 3024">
    <p class='ocr_par' dir='ltr' id='par_1_32' title="bbox 555 2947 2046 3024">
     <span class='ocr_line' id='line_1_32' title="bbox 555 2947 2046 3024; baseline -0.005 -14"><span class='ocrx_word' id='word_1_216' title='bbox 555 2957 622 3010; x_wconf 89' lang='lat' dir='ltr'><strong><em>ad</em></strong></span> <span class='ocrx_word' id='word_1_217' title='bbox 650 2955 909 3024; x_wconf 78' lang='lat' dir='ltr'><strong><em>judicent,</em></strong></span> <span class='ocrx_word' id='word_1_218' title='bbox 943 2960 1107 3020; x_wconf 59' lang='lat' dir='ltr'><strong><em>atque</em></strong></span> <span class='ocrx_word' id='word_1_219' title='bbox 1137 2949 1249 3005; x_wconf 91' lang='lat' dir='ltr'><strong><em>illic</em></strong></span> <span class='ocrx_word' id='word_1_220' title='bbox 1283 2959 1370 3004; x_wconf 86' lang='lat' dir='ltr'><strong><em>tua</em></strong></span> <span class='ocrx_word' id='word_1_221' title='bbox 1397 2948 1650 3003; x_wconf 88' lang='lat' dir='ltr'><strong><em>cautione</em></strong></span> <span class='ocrx_word' id='word_1_222' title='bbox 1679 2947 2046 3003; x_wconf 78' lang='lat' dir='ltr'><strong><em>convinceris.</em></strong></span> 
     </span>
    </p>
   </div>
   <div class='ocr_carea' id='block_1_33' title="bbox 2254 343 3814 417">
    <p class='ocr_par' dir='ltr' id='par_1_33' title="bbox 2254 343 3814 417">
     <span class='ocr_line' id='line_1_33' title="bbox 2254 343 3814 417; baseline 0.001 -18"><span class='ocrx_word' id='word_1_223' title='bbox 2254 362 2328 408; x_wconf 63' lang='grc' dir='ltr'>ιι,</span> <span class='ocrx_word' id='word_1_224' title='bbox 2379 345 2490 417; x_wconf 75' lang='grc'><strong><em>10).</em></strong></span> <span class='ocrx_word' id='word_1_225' title='bbox 2537 345 2736 413; x_wconf 81' lang='lat' dir='ltr'><strong><em>Accipe</em></strong></span> <span class='ocrx_word' id='word_1_226' title='bbox 2760 345 2908 399; x_wconf 89' lang='lat' dir='ltr'><strong><em>aliud</em></strong></span> <span class='ocrx_word' id='word_1_227' title='bbox 2967 353 2990 380; x_wconf 74' lang='grc' dir='ltr'><strong><em>ε</em></strong></span> <span class='ocrx_word' id='word_1_228' title='bbox 3026 343 3309 400; x_wconf 72' lang='lat' dir='ltr'><strong><em>Malacliite</em></strong></span> <span class='ocrx_word' id='word_1_229' title='bbox 3349 343 3658 415; x_wconf 69' lang='lat' dir='ltr'><strong><em>prophetae:</em></strong></span> <span class='ocrx_word' id='word_1_230' title='bbox 3698 347 3814 414; x_wconf 86' lang='lat' dir='ltr'><strong><em>Quia</em></strong></span> 
     </span>
    </p>
   </div>
   <div class='ocr_carea' id='block_1_34' title="bbox 2253 436 3816 510">
    <p class='ocr_par' dir='ltr' id='par_1_34' title="bbox 2253 436 3816 510">
     <span class='ocr_line' id='line_1_34' title="bbox 2253 436 3816 510; baseline -0.001 -18"><span class='ocrx_word' id='word_1_231' title='bbox 2253 437 2391 492; x_wconf 87' lang='lat' dir='ltr'><strong><em>labia</em></strong></span> <span class='ocrx_word' id='word_1_232' title='bbox 2420 436 2701 492; x_wconf 78' lang='lat' dir='ltr'><strong><em>sacerdotis</em></strong></span> <span class='ocrx_word' id='word_1_233' title='bbox 2735 437 3031 498; x_wconf 84' lang='lat' dir='ltr'><strong><em>custodiunt</em></strong></span> <span class='ocrx_word' id='word_1_234' title='bbox 3060 438 3343 506; x_wconf 75' lang='lat' dir='ltr'><strong><em>scientiam,</em></strong></span> <span class='ocrx_word' id='word_1_235' title='bbox 3387 448 3434 492; x_wconf 88' lang='lat' dir='ltr'><strong><em>et</em></strong></span> <span class='ocrx_word' id='word_1_236' title='bbox 3471 437 3626 510; x_wconf 88' lang='lat' dir='ltr'><strong><em>legem</em></strong></span> <span class='ocrx_word' id='word_1_237' title='bbox 3662 441 3816 510; x_wconf 71' lang='lat' dir='ltr'><strong><em>exqui-</em></strong></span> 
     </span>
    </p>
   </div>
   <div class='ocr_carea' id='block_1_35' title="bbox 2255 530 3816 604">
    <p class='ocr_par' dir='ltr' id='par_1_35' title="bbox 2255 530 3816 604">
     <span class='ocr_line' id='line_1_35' title="bbox 2255 530 3816 604; baseline 0.002 -19"><span class='ocrx_word' id='word_1_238' title='bbox 2255 540 2376 585; x_wconf 89' lang='lat' dir='ltr'><strong><em>runt</em></strong></span> <span class='ocrx_word' id='word_1_239' title='bbox 2405 548 2468 586; x_wconf 81' lang='lat' dir='ltr'><strong><em>ea:</em></strong></span> <span class='ocrx_word' id='word_1_240' title='bbox 2494 548 2583 586; x_wconf 88' lang='lat' dir='ltr'><strong><em>ore</em></strong></span> <span class='ocrx_word' id='word_1_241' title='bbox 2610 531 2808 604; x_wconf 89' lang='lat' dir='ltr'><strong><em>ipsius;</em></strong></span> <span class='ocrx_word' id='word_1_242' title='bbox 2845 532 3059 603; x_wconf 85' lang='lat' dir='ltr'><strong><em>angelus</em></strong></span> <span class='ocrx_word' id='word_1_243' title='bbox 3094 541 3167 586; x_wconf 78' lang='lat' dir='ltr'><strong><em>est</em></strong></span> <span class='ocrx_word' id='word_1_244' title='bbox 3209 531 3342 585; x_wconf 87' lang='lat' dir='ltr'><strong><em>enim</em></strong></span> <span class='ocrx_word' id='word_1_245' title='bbox 3369 530 3460 586; x_wconf 88' lang='lat' dir='ltr'><strong><em>Dei</em></strong></span> <span class='ocrx_word' id='word_1_246' title='bbox 3486 533 3816 600; x_wconf 81' lang='lat' dir='ltr'><strong><em>omnipotentis</em></strong></span> 
     </span>
    </p>
   </div>
   <div class='ocr_carea' id='block_1_36' title="bbox 2259 623 3817 701">
    <p class='ocr_par' dir='ltr' id='par_1_36' title="bbox 2259 623 3817 701">
     <span class='ocr_line' id='line_1_36' title="bbox 2259 623 3817 701; baseline 0.001 -21"><span class='ocrx_word' id='word_1_247' title='bbox 2259 625 2480 701; x_wconf 77' lang='lat' dir='ltr'><strong><em>(Malae.</em></strong></span> <span class='ocrx_word' id='word_1_248' title='bbox 2507 643 2566 696; x_wconf 83' lang='grc' dir='ltr'>ιι,</span> <span class='ocrx_word' id='word_1_249' title='bbox 2591 627 2671 696; x_wconf 90' lang='lat'><strong><em>7).</em></strong></span> <span class='ocrx_word' id='word_1_250' title='bbox 2695 625 2818 681; x_wconf 64' lang='lat' dir='ltr'><strong><em>limo</em></strong></span> <span class='ocrx_word' id='word_1_251' title='bbox 2844 626 2967 681; x_wconf 90' lang='lat' dir='ltr'><strong><em>ideo</em></strong></span> <span class='ocrx_word' id='word_1_252' title='bbox 2985 625 3261 694; x_wconf 90' lang='lat' dir='ltr'><strong><em>dicuntur,</em></strong></span> <span class='ocrx_word' id='word_1_253' title='bbox 3293 623 3312 662; x_wconf 68' lang='grc' dir='ltr'><strong><em>ί</em></strong></span> <span class='ocrx_word' id='word_1_254' title='bbox 3340 634 3398 682; x_wconf 86' lang='grc' dir='ltr'><strong><em>ιιι</em></strong></span> <span class='ocrx_word' id='word_1_255' title='bbox 3417 626 3704 682; x_wconf 80' lang='lat' dir='ltr'><strong><em>sacerdotis</em></strong></span> <span class='ocrx_word' id='word_1_256' title='bbox 3721 627 3817 700; x_wconf 70' lang='lat' dir='ltr'><strong><em>glo-</em></strong></span> 
     </span>
    </p>
   </div>
   <div class='ocr_carea' id='block_1_37' title="bbox 2259 717 3820 792">
    <p class='ocr_par' dir='ltr' id='par_1_37' title="bbox 2259 717 3820 792">
     <span class='ocr_line' id='line_1_37' title="bbox 2259 717 3820 792; baseline 0.003 -21"><span class='ocrx_word' id='word_1_257' title='bbox 2259 718 2393 783; x_wconf 87' lang='lat' dir='ltr'><strong><em>riam</em></strong></span> <span class='ocrx_word' id='word_1_258' title='bbox 2422 717 2799 792; x_wconf 73' lang='lat' dir='ltr'><strong><em>przediccmus,</em></strong></span> <span class='ocrx_word' id='word_1_259' title='bbox 2831 733 2938 776; x_wconf 88' lang='lat' dir='ltr'><strong><em>non</em></strong></span> <span class='ocrx_word' id='word_1_260' title='bbox 2969 729 3024 774; x_wconf 90' lang='lat' dir='ltr'><strong><em>ut</em></strong></span> <span class='ocrx_word' id='word_1_261' title='bbox 3049 718 3252 790; x_wconf 86' lang='lat' dir='ltr'><strong><em>aliquid</em></strong></span> <span class='ocrx_word' id='word_1_262' title='bbox 3283 719 3655 792; x_wconf 90' lang='lat' dir='ltr'><strong><em>personalibus</em></strong></span> <span class='ocrx_word' id='word_1_263' title='bbox 3682 720 3820 778; x_wconf 86' lang='lat' dir='ltr'><strong><em>nteri-</em></strong></span> 
     </span>
    </p>
   </div>
   <div class='ocr_carea' id='block_1_38' title="bbox 2262 811 2665 886">
    <p class='ocr_par' dir='ltr' id='par_1_38' title="bbox 2262 811 2665 886">
     <span class='ocr_line' id='line_1_38' title="bbox 2262 811 2665 886; baseline 0 -20"><span class='ocrx_word' id='word_1_264' title='bbox 2262 811 2328 866; x_wconf 69' lang='grc' dir='ltr'><strong><em>ιίς</em></strong></span> <span class='ocrx_word' id='word_1_265' title='bbox 2359 825 2665 886; x_wconf 76' lang='lat' dir='ltr'><strong><em>arrogetur.</em></strong></span> 
     </span>
    </p>
   </div>
   <div class='ocr_carea' id='block_1_39' title="bbox 2333 904 3822 977">
    <p class='ocr_par' dir='ltr' id='par_1_39' title="bbox 2333 904 3822 977">
     <span class='ocr_line' id='line_1_39' title="bbox 2333 904 3822 977; baseline -0.001 -17"><span class='ocrx_word' id='word_1_266' title='bbox 2333 907 2384 961; x_wconf 91' lang='lat'><strong><em>8.</em></strong></span> <span class='ocrx_word' id='word_1_267' title='bbox 2431 906 2570 977; x_wconf 75' lang='lat' dir='ltr'><strong><em>Ergo</em></strong></span> <span class='ocrx_word' id='word_1_268' title='bbox 2613 904 3006 960; x_wconf 87' lang='lat' dir='ltr'><strong><em>abrenuntiasti</em></strong></span> <span class='ocrx_word' id='word_1_269' title='bbox 3050 904 3274 973; x_wconf 89' lang='lat' dir='ltr'><strong><em>mundo,</em></strong></span> <span class='ocrx_word' id='word_1_270' title='bbox 3315 904 3699 962; x_wconf 88' lang='lat' dir='ltr'><strong><em>abrenuntiasti</em></strong></span> <span class='ocrx_word' id='word_1_271' title='bbox 3733 921 3822 960; x_wconf 76' lang='lat' dir='ltr'><strong><em>sa:-</em></strong></span> 
     </span>
    </p>
   </div>
   <div class='ocr_carea' id='block_1_40' title="bbox 2260 999 3824 1070">
    <p class='ocr_par' dir='ltr' id='par_1_40' title="bbox 2260 999 3824 1070">
     <span class='ocr_line' id='line_1_40' title="bbox 2260 999 3824 1070; baseline -0.001 -15"><span class='ocrx_word' id='word_1_272' title='bbox 2260 999 2386 1055; x_wconf 90' lang='lat' dir='ltr'><strong><em>culo</em></strong></span> <span class='ocrx_word' id='word_1_273' title='bbox 2411 1041 2427 1070; x_wconf 85' lang='lat'><strong><em>,</em></strong></span> <span class='ocrx_word' id='word_1_274' title='bbox 2476 1009 2594 1055; x_wconf 89' lang='lat' dir='ltr'><strong><em>esto</em></strong></span> <span class='ocrx_word' id='word_1_275' title='bbox 2640 999 2928 1055; x_wconf 90' lang='lat' dir='ltr'><strong><em>sollicitus.</em></strong></span> <span class='ocrx_word' id='word_1_276' title='bbox 2961 999 3061 1068; x_wconf 86' lang='lat' dir='ltr'><strong><em>Qui</em></strong></span> <span class='ocrx_word' id='word_1_277' title='bbox 3113 1000 3395 1070; x_wconf 87' lang='lat' dir='ltr'><strong><em>pecuniam</em></strong></span> <span class='ocrx_word' id='word_1_278' title='bbox 3425 999 3604 1066; x_wconf 83' lang='lat' dir='ltr'><strong><em>debet,</em></strong></span> <span class='ocrx_word' id='word_1_279' title='bbox 3635 1015 3824 1070; x_wconf 85' lang='lat' dir='ltr'><strong><em>semper</em></strong></span> 
     </span>
    </p>
   </div>
   <div class='ocr_carea' id='block_1_41' title="bbox 2261 1089 3828 1162">
    <p class='ocr_par' dir='ltr' id='par_1_41' title="bbox 2261 1089 3828 1162">
     <span class='ocr_line' id='line_1_41' title="bbox 2261 1089 3828 1162; baseline -0.001 -16"><span class='ocrx_word' id='word_1_280' title='bbox 2261 1092 2571 1146; x_wconf 89' lang='lat' dir='ltr'><strong><em>cautionem</em></strong></span> <span class='ocrx_word' id='word_1_281' title='bbox 2605 1105 2760 1144; x_wconf 90' lang='lat' dir='ltr'><strong><em>suam</em></strong></span> <span class='ocrx_word' id='word_1_282' title='bbox 2811 1090 3132 1146; x_wconf 83' lang='lat' dir='ltr'><strong><em>considerat</em></strong></span> <span class='ocrx_word' id='word_1_283' title='bbox 3160 1109 3172 1144; x_wconf 93' lang='lat'><strong><em>:</em></strong></span> <span class='ocrx_word' id='word_1_284' title='bbox 3202 1101 3258 1147; x_wconf 92' lang='lat' dir='ltr'><strong><em>et</em></strong></span> <span class='ocrx_word' id='word_1_285' title='bbox 3301 1102 3355 1145; x_wconf 91' lang='lat' dir='ltr'><strong><em>tu</em></strong></span> <span class='ocrx_word' id='word_1_286' title='bbox 3381 1091 3472 1162; x_wconf 91' lang='lat' dir='ltr'><strong><em>qui</em></strong></span> <span class='ocrx_word' id='word_1_287' title='bbox 3507 1090 3658 1146; x_wconf 89' lang='lat' dir='ltr'><strong><em>fidem</em></strong></span> <span class='ocrx_word' id='word_1_288' title='bbox 3685 1089 3828 1149; x_wconf 78' lang='lat' dir='ltr'><strong><em>tit-bes</em></strong></span> 
     </span>
    </p>
   </div>
   <div class='ocr_carea' id='block_1_42' title="bbox 2263 1184 3826 1258">
    <p class='ocr_par' dir='ltr' id='par_1_42' title="bbox 2263 1184 3826 1258">
     <span class='ocr_line' id='line_1_42' title="bbox 2263 1184 3826 1258; baseline -0.001 -18"><span class='ocrx_word' id='word_1_289' title='bbox 2263 1184 2504 1251; x_wconf 87' lang='lat' dir='ltr'><strong><em>Christo,</em></strong></span> <span class='ocrx_word' id='word_1_290' title='bbox 2539 1184 2699 1240; x_wconf 88' lang='lat' dir='ltr'><strong><em>tidem</em></strong></span> <span class='ocrx_word' id='word_1_291' title='bbox 2743 1199 2940 1256; x_wconf 86' lang='lat' dir='ltr'><strong><em>serva,</em></strong></span> <span class='ocrx_word' id='word_1_292' title='bbox 2990 1201 3112 1257; x_wconf 76' lang='lat' dir='ltr'><strong><em>qua:</em></strong></span> <span class='ocrx_word' id='word_1_293' title='bbox 3155 1185 3325 1241; x_wconf 89' lang='lat' dir='ltr'><strong><em>multo</em></strong></span> <span class='ocrx_word' id='word_1_294' title='bbox 3359 1186 3646 1257; x_wconf 80' lang='lat' dir='ltr'><strong><em>pretiosior</em></strong></span> <span class='ocrx_word' id='word_1_295' title='bbox 3690 1203 3826 1258; x_wconf 66' lang='lat' dir='ltr'><strong><em>quam</em></strong></span> 
     </span>
    </p>
   </div>
   <div class='ocr_carea' id='block_1_43' title="bbox 2264 1276 3828 1347">
    <p class='ocr_par' dir='ltr' id='par_1_43' title="bbox 2264 1276 3828 1347">
     <span class='ocr_line' id='line_1_43' title="bbox 2264 1276 3828 1347; baseline 0 -15"><span class='ocrx_word' id='word_1_296' title='bbox 2264 1279 2490 1347; x_wconf 84' lang='lat' dir='ltr'><strong><em>pecunia</em></strong></span> <span class='ocrx_word' id='word_1_297' title='bbox 2522 1288 2646 1344; x_wconf 86' lang='lat' dir='ltr'><strong><em>est;</em></strong></span> <span class='ocrx_word' id='word_1_298' title='bbox 2699 1276 2860 1332; x_wconf 84' lang='lat' dir='ltr'><strong><em>Fides</em></strong></span> <span class='ocrx_word' id='word_1_299' title='bbox 2909 1277 3055 1332; x_wconf 88' lang='lat' dir='ltr'><strong><em>enim</em></strong></span> <span class='ocrx_word' id='word_1_300' title='bbox 3087 1287 3110 1324; x_wconf 64' lang='grc' dir='ltr'>ὅ</span> <span class='ocrx_word' id='word_1_301' title='bbox 3160 1287 3421 1332; x_wconf 83' lang='lat' dir='ltr'><strong><em>a-tcrnum</em></strong></span> <span class='ocrx_word' id='word_1_302' title='bbox 3478 1278 3828 1347; x_wconf 80' lang='lat' dir='ltr'><strong><em>patrimonium</em></strong></span> 
     </span>
    </p>
   </div>
   <div class='ocr_carea' id='block_1_44' title="bbox 2264 1369 3832 1442">
    <p class='ocr_par' dir='ltr' id='par_1_44' title="bbox 2264 1369 3832 1442">
     <span class='ocr_line' id='line_1_44' title="bbox 2264 1369 3832 1442; baseline -0.002 -18"><span class='ocrx_word' id='word_1_303' title='bbox 2264 1380 2370 1436; x_wconf 85' lang='lat' dir='ltr'><strong><em>est,</em></strong></span> <span class='ocrx_word' id='word_1_304' title='bbox 2394 1371 2615 1440; x_wconf 82' lang='lat' dir='ltr'><strong><em>pecunia</em></strong></span> <span class='ocrx_word' id='word_1_305' title='bbox 2643 1371 2967 1442; x_wconf 83' lang='lat' dir='ltr'><strong><em>temporale.</em></strong></span> <span class='ocrx_word' id='word_1_306' title='bbox 2997 1370 3063 1424; x_wconf 87' lang='lat' dir='ltr'><strong><em>Et</em></strong></span> <span class='ocrx_word' id='word_1_307' title='bbox 3084 1380 3136 1426; x_wconf 93' lang='lat' dir='ltr'><strong><em>tu</em></strong></span> <span class='ocrx_word' id='word_1_308' title='bbox 3168 1386 3298 1441; x_wconf 79' lang='lat' dir='ltr'><strong><em>ergo</em></strong></span> <span class='ocrx_word' id='word_1_309' title='bbox 3323 1385 3541 1439; x_wconf 86' lang='lat' dir='ltr'><strong><em>semper</em></strong></span> <span class='ocrx_word' id='word_1_310' title='bbox 3569 1369 3832 1429; x_wconf 82' lang='lat' dir='ltr'><strong><em>recordare</em></strong></span> 
     </span>
    </p>
   </div>
   <div class='ocr_carea' id='block_1_45' title="bbox 2264 1459 3830 1534">
    <p class='ocr_par' dir='ltr' id='par_1_45' title="bbox 2264 1459 3830 1534">
     <span class='ocr_line' id='line_1_45' title="bbox 2264 1459 3830 1534; baseline -0.001 -19"><span class='ocrx_word' id='word_1_311' title='bbox 2264 1462 2395 1532; x_wconf 87' lang='lat' dir='ltr'><strong><em>quid</em></strong></span> <span class='ocrx_word' id='word_1_312' title='bbox 2429 1459 2454 1496; x_wconf 73' lang='grc' dir='ltr'><strong><em>ιι</em></strong></span> <span class='ocrx_word' id='word_1_313' title='bbox 2489 1463 2849 1534; x_wconf 85' lang='lat' dir='ltr'><strong><em>promiseris;</em></strong></span> <span class='ocrx_word' id='word_1_314' title='bbox 2901 1471 2957 1517; x_wconf 89' lang='lat' dir='ltr'><strong><em>et</em></strong></span> <span class='ocrx_word' id='word_1_315' title='bbox 3003 1462 3115 1517; x_wconf 90' lang='lat' dir='ltr'><strong><em>eris</em></strong></span> <span class='ocrx_word' id='word_1_316' title='bbox 3155 1463 3392 1516; x_wconf 87' lang='lat' dir='ltr'><strong><em>cautior.</em></strong></span> <span class='ocrx_word' id='word_1_317' title='bbox 3425 1463 3481 1516; x_wconf 92' lang='lat' dir='ltr'><strong><em>Si</em></strong></span> <span class='ocrx_word' id='word_1_318' title='bbox 3517 1471 3691 1522; x_wconf 83' lang='lat' dir='ltr'><strong><em>teneas</em></strong></span> <span class='ocrx_word' id='word_1_319' title='bbox 3727 1477 3830 1533; x_wconf 86' lang='lat' dir='ltr'><strong><em>pro-</em></strong></span> 
     </span>
    </p>
   </div>
   <div class='ocr_carea' id='block_1_46' title="bbox 2268 1556 3639 1623">
    <p class='ocr_par' dir='ltr' id='par_1_46' title="bbox 2268 1556 3639 1623">
     <span class='ocr_line' id='line_1_46' title="bbox 2268 1556 3639 1623; baseline -0.003 -11"><span class='ocrx_word' id='word_1_320' title='bbox 2268 1557 2584 1612; x_wconf 87' lang='lat' dir='ltr'><strong><em>missionem</em></strong></span> <span class='ocrx_word' id='word_1_321' title='bbox 2621 1565 2791 1623; x_wconf 88' lang='lat' dir='ltr'><strong><em>tuam,</em></strong></span> <span class='ocrx_word' id='word_1_322' title='bbox 2823 1556 3036 1612; x_wconf 88' lang='lat' dir='ltr'><strong><em>tenebis</em></strong></span> <span class='ocrx_word' id='word_1_323' title='bbox 3059 1565 3113 1610; x_wconf 91' lang='lat' dir='ltr'><strong><em>et</em></strong></span> <span class='ocrx_word' id='word_1_324' title='bbox 3139 1556 3452 1616; x_wconf 83' lang='lat' dir='ltr'><strong><em>cautionem</em></strong></span> <span class='ocrx_word' id='word_1_325' title='bbox 3478 1566 3639 1611; x_wconf 90' lang='lat' dir='ltr'><strong><em>luam.</em></strong></span> 
     </span>
    </p>
   </div>
   <div class='ocr_carea' id='block_1_47' title="bbox 2904 1645 3220 1704">
    <p class='ocr_par' dir='ltr' id='par_1_47' title="bbox 2904 1645 3220 1704">
     <span class='ocr_line' id='line_1_47' title="bbox 2904 1645 3220 1704; baseline 0 -2"><span class='ocrx_word' id='word_1_326' title='bbox 2904 1647 3093 1704; x_wconf 82' lang='lat' dir='ltr'><strong><em>CAUT</em></strong></span> <span class='ocrx_word' id='word_1_327' title='bbox 3132 1645 3220 1703; x_wconf 86' lang='grc' dir='ltr'><strong>ΙΙΙ.</strong></span> 
     </span>
    </p>
   </div>
   <div class='ocr_carea' id='block_1_48' title="bbox 2272 1739 3834 1812">
    <p class='ocr_par' dir='ltr' id='par_1_48' title="bbox 2272 1739 3834 1812">
     <span class='ocr_line' id='line_1_48' title="bbox 2272 1739 3834 1812; baseline -0.003 -18"><span class='ocrx_word' id='word_1_328' title='bbox 2272 1739 2414 1796; x_wconf 85' lang='lat' dir='ltr'><strong><em>Licet</em></strong></span> <span class='ocrx_word' id='word_1_329' title='bbox 2443 1742 2636 1812; x_wconf 78' lang='lat' dir='ltr'><strong><em>[antem</em></strong></span> <span class='ocrx_word' id='word_1_330' title='bbox 2657 1750 2808 1810; x_wconf 85' lang='lat' dir='ltr'><strong><em>atque</em></strong></span> <span class='ocrx_word' id='word_1_331' title='bbox 2829 1739 3092 1794; x_wconf 87' lang='lat' dir='ltr'><strong><em>ministros</em></strong></span> <span class='ocrx_word' id='word_1_332' title='bbox 3123 1749 3322 1794; x_wconf 85' lang='lat' dir='ltr'><strong><em>tantum</em></strong></span> <span class='ocrx_word' id='word_1_333' title='bbox 3348 1741 3566 1798; x_wconf 79' lang='lat' dir='ltr'><strong><em>viderint</em></strong></span> <span class='ocrx_word' id='word_1_334' title='bbox 3597 1739 3834 1810; x_wconf 77' lang='lat' dir='ltr'><strong><em>neaphgti,</em></strong></span> 
     </span>
    </p>
   </div>
   <div class='ocr_carea' id='block_1_49' title="bbox 2342 1832 3834 1907">
    <p class='ocr_par' dir='ltr' id='par_1_49' title="bbox 2342 1832 3834 1907">
     <span class='ocr_line' id='line_1_49' title="bbox 2342 1832 3834 1907; baseline -0.001 -21"><span class='ocrx_word' id='word_1_335' title='bbox 2342 1837 2541 1907; x_wconf 88' lang='lat' dir='ltr'><strong><em>majora</em></strong></span> <span class='ocrx_word' id='word_1_336' title='bbox 2563 1843 2732 1889; x_wconf 88' lang='lat' dir='ltr'><strong><em>tamen</em></strong></span> <span class='ocrx_word' id='word_1_337' title='bbox 2752 1849 2861 1888; x_wconf 86' lang='lat' dir='ltr'><strong><em>esse</em></strong></span> <span class='ocrx_word' id='word_1_338' title='bbox 2880 1849 2993 1904; x_wconf 67' lang='lat' dir='ltr'><strong><em>qua:</em></strong></span> <span class='ocrx_word' id='word_1_339' title='bbox 3018 1850 3120 1888; x_wconf 84' lang='lat' dir='ltr'><strong><em>non</em></strong></span> <span class='ocrx_word' id='word_1_340' title='bbox 3144 1833 3406 1899; x_wconf 85' lang='lat' dir='ltr'><strong><em>videntur,</em></strong></span> <span class='ocrx_word' id='word_1_341' title='bbox 3430 1843 3604 1887; x_wconf 82' lang='lat' dir='ltr'><strong><em>auctor</em></strong></span> <span class='ocrx_word' id='word_1_342' title='bbox 3623 1832 3834 1887; x_wconf 81' lang='lat' dir='ltr'><strong><em>ostendit.</em></strong></span> 
     </span>
    </p>
   </div>
   <div class='ocr_carea' id='block_1_50' title="bbox 2341 1923 3838 1998">
    <p class='ocr_par' dir='ltr' id='par_1_50' title="bbox 2341 1923 3838 1998">
     <span class='ocr_line' id='line_1_50' title="bbox 2341 1923 3838 1998; baseline -0.003 -17"><span class='ocrx_word' id='word_1_343' title='bbox 2341 1925 2394 1981; x_wconf 88' lang='lat'><strong><em>9.</em></strong></span> <span class='ocrx_word' id='word_1_344' title='bbox 2418 1925 2620 1981; x_wconf 89' lang='lat' dir='ltr'><strong><em>Deinde</em></strong></span> <span class='ocrx_word' id='word_1_345' title='bbox 2637 1925 2918 1981; x_wconf 80' lang='lat' dir='ltr'><strong><em>occessisti</em></strong></span> <span class='ocrx_word' id='word_1_346' title='bbox 2946 1924 3166 1998; x_wconf 87' lang='lat' dir='ltr'><strong><em>pr0pius</em></strong></span> <span class='ocrx_word' id='word_1_347' title='bbox 3190 1942 3202 1979; x_wconf 93' lang='lat'><strong><em>:</em></strong></span> <span class='ocrx_word' id='word_1_348' title='bbox 3229 1924 3414 1981; x_wconf 88' lang='lat' dir='ltr'><strong><em>vidisti</em></strong></span> <span class='ocrx_word' id='word_1_349' title='bbox 3440 1925 3662 1990; x_wconf 82' lang='lat' dir='ltr'><strong><em>fontem,</em></strong></span> <span class='ocrx_word' id='word_1_350' title='bbox 3683 1923 3838 1979; x_wconf 79' lang='lat' dir='ltr'><strong><em>vidisti</em></strong></span> 
     </span>
    </p>
   </div>
   <div class='ocr_carea' id='block_1_51' title="bbox 2273 2013 3840 2091">
    <p class='ocr_par' dir='ltr' id='par_1_51' title="bbox 2273 2013 3840 2091">
     <span class='ocr_line' id='line_1_51' title="bbox 2273 2013 3840 2091; baseline -0.003 -19"><span class='ocrx_word' id='word_1_351' title='bbox 2273 2025 2328 2072; x_wconf 89' lang='lat' dir='ltr'><strong><em>et</em></strong></span> <span class='ocrx_word' id='word_1_352' title='bbox 2357 2015 2699 2071; x_wconf 88' lang='lat' dir='ltr'><strong><em>sacerdotem</em></strong></span> <span class='ocrx_word' id='word_1_353' title='bbox 2728 2031 2891 2086; x_wconf 88' lang='lat' dir='ltr'><strong><em>supra</em></strong></span> <span class='ocrx_word' id='word_1_354' title='bbox 2923 2013 3152 2071; x_wconf 90' lang='lat' dir='ltr'><strong><em>fontem.</em></strong></span> <span class='ocrx_word' id='word_1_355' title='bbox 3191 2015 3302 2072; x_wconf 83' lang='lat' dir='ltr'><strong><em>Nec</em></strong></span> <span class='ocrx_word' id='word_1_356' title='bbox 3331 2017 3440 2072; x_wconf 91' lang='lat' dir='ltr'><strong><em>hoc</em></strong></span> <span class='ocrx_word' id='word_1_357' title='bbox 3468 2032 3682 2091; x_wconf 86' lang='lat' dir='ltr'><strong><em>possum</em></strong></span> <span class='ocrx_word' id='word_1_358' title='bbox 3711 2013 3840 2086; x_wconf 78' lang='lat' dir='ltr'><strong><em>dubi-</em></strong></span> 
     </span>
    </p>
   </div>
   <div class='ocr_carea' id='block_1_52' title="bbox 2274 2108 3832 2181">
    <p class='ocr_par' dir='ltr' id='par_1_52' title="bbox 2274 2108 3832 2181">
     <span class='ocr_line' id='line_1_52' title="bbox 2274 2108 3832 2181; baseline -0.004 -15"><span class='ocrx_word' id='word_1_359' title='bbox 2274 2119 2416 2177; x_wconf 88' lang='lat' dir='ltr'><strong><em>tare,</em></strong></span> <span class='ocrx_word' id='word_1_360' title='bbox 2444 2110 2587 2180; x_wconf 92' lang='lat' dir='ltr'><strong><em>quod</em></strong></span> <span class='ocrx_word' id='word_1_361' title='bbox 2623 2109 2676 2164; x_wconf 91' lang='lat' dir='ltr'><strong><em>in</em></strong></span> <span class='ocrx_word' id='word_1_362' title='bbox 2707 2110 2945 2164; x_wconf 90' lang='lat' dir='ltr'><strong><em>animum</em></strong></span> <span class='ocrx_word' id='word_1_363' title='bbox 2973 2119 3217 2166; x_wconf 83' lang='lat' dir='ltr'><strong><em>vestrum</em></strong></span> <span class='ocrx_word' id='word_1_364' title='bbox 3249 2125 3354 2164; x_wconf 88' lang='lat' dir='ltr'><strong><em>non</em></strong></span> <span class='ocrx_word' id='word_1_365' title='bbox 3389 2108 3832 2181; x_wconf 87' lang='lat' dir='ltr'><strong><em>potueritcadere,</em></strong></span> 
     </span>
    </p>
   </div>
   <div class='ocr_carea' id='block_1_53' title="bbox 2271 2203 3838 2280">
    <p class='ocr_par' dir='ltr' id='par_1_53' title="bbox 2271 2203 3838 2280">
     <span class='ocr_line' id='line_1_53' title="bbox 2271 2203 3838 2280; baseline -0.001 -16"><span class='ocrx_word' id='word_1_366' title='bbox 2271 2207 2417 2279; x_wconf 87' lang='lat' dir='ltr'><strong><em>quod</em></strong></span> <span class='ocrx_word' id='word_1_367' title='bbox 2445 2207 2645 2270; x_wconf 84' lang='lat' dir='ltr'><strong><em>cecidit</em></strong></span> <span class='ocrx_word' id='word_1_368' title='bbox 2678 2205 2731 2265; x_wconf 87' lang='lat' dir='ltr'><strong><em>in</em></strong></span> <span class='ocrx_word' id='word_1_369' title='bbox 2764 2205 2915 2264; x_wconf 90' lang='lat' dir='ltr'><strong><em>illum</em></strong></span> <span class='ocrx_word' id='word_1_370' title='bbox 2942 2205 3139 2278; x_wconf 84' lang='lat' dir='ltr'><strong><em>Syrum</em></strong></span> <span class='ocrx_word' id='word_1_371' title='bbox 3166 2205 3416 2266; x_wconf 82' lang='lat' dir='ltr'><strong><em>Naaman</em></strong></span> <span class='ocrx_word' id='word_1_372' title='bbox 3445 2206 3540 2280; x_wconf 79' lang='lat' dir='ltr'><strong><em>(IV</em></strong></span> <span class='ocrx_word' id='word_1_373' title='bbox 3571 2205 3693 2277; x_wconf 81' lang='lat' dir='ltr'><strong><em>Reg.</em></strong></span> <span class='ocrx_word' id='word_1_374' title='bbox 3714 2221 3762 2270; x_wconf 86' lang='lat' dir='ltr'><strong><em>v,</em></strong></span> <span class='ocrx_word' id='word_1_375' title='bbox 3788 2203 3838 2263; x_wconf 85' lang='lat' dir='ltr'><strong><em>ll</em></strong></span> 
     </span>
    </p>
   </div>
   <div class='ocr_carea' id='block_1_54' title="bbox 2273 2297 3840 2371">
    <p class='ocr_par' dir='ltr' id='par_1_54' title="bbox 2273 2297 3840 2371">
     <span class='ocr_line' id='line_1_54' title="bbox 2273 2297 3840 2371; baseline -0.005 -16"><span class='ocrx_word' id='word_1_376' title='bbox 2273 2313 2319 2355; x_wconf 91' lang='lat' dir='ltr'><strong><em>et</em></strong></span> <span class='ocrx_word' id='word_1_377' title='bbox 2343 2299 2516 2371; x_wconf 87' lang='lat' dir='ltr'><strong><em>seq.);</em></strong></span> <span class='ocrx_word' id='word_1_378' title='bbox 2549 2301 2674 2370; x_wconf 89' lang='lat' dir='ltr'><strong><em>quia</em></strong></span> <span class='ocrx_word' id='word_1_379' title='bbox 2707 2299 2810 2354; x_wconf 92' lang='lat' dir='ltr'><strong><em>etsi</em></strong></span> <span class='ocrx_word' id='word_1_380' title='bbox 2842 2299 3135 2354; x_wconf 89' lang='lat' dir='ltr'><strong><em>mundatus</em></strong></span> <span class='ocrx_word' id='word_1_381' title='bbox 3158 2307 3262 2366; x_wconf 90' lang='lat' dir='ltr'><strong><em>est,</em></strong></span> <span class='ocrx_word' id='word_1_382' title='bbox 3295 2307 3483 2356; x_wconf 88' lang='lat' dir='ltr'><strong><em>tamen</em></strong></span> <span class='ocrx_word' id='word_1_383' title='bbox 3510 2309 3633 2354; x_wconf 89' lang='lat' dir='ltr'><strong><em>ante</em></strong></span> <span class='ocrx_word' id='word_1_384' title='bbox 3657 2297 3840 2354; x_wconf 90' lang='lat' dir='ltr'><strong><em>dubita-</em></strong></span> 
     </span>
    </p>
   </div>
   <div class='ocr_carea' id='block_1_55' title="bbox 2273 2393 3114 2466">
    <p class='ocr_par' dir='ltr' id='par_1_55' title="bbox 2273 2393 3114 2466">
     <span class='ocr_line' id='line_1_55' title="bbox 2273 2393 3114 2466; baseline 0.001 -18"><span class='ocrx_word' id='word_1_385' title='bbox 2273 2395 2370 2449; x_wconf 85' lang='lat' dir='ltr'><strong><em>vit.</em></strong></span> <span class='ocrx_word' id='word_1_386' title='bbox 2399 2396 2623 2461; x_wconf 81' lang='lat' dir='ltr'><strong><em>Quare?</em></strong></span> <span class='ocrx_word' id='word_1_387' title='bbox 2654 2394 2867 2461; x_wconf 73' lang='lat' dir='ltr'><strong><em>hiteam,</em></strong></span> <span class='ocrx_word' id='word_1_388' title='bbox 2900 2393 3114 2466; x_wconf 87' lang='lat' dir='ltr'><strong><em>accipe.</em></strong></span> 
     </span>
    </p>
   </div>
   <div class='ocr_carea' id='block_1_56' title="bbox 2347 2484 3840 2561">
    <p class='ocr_par' dir='ltr' id='par_1_56' title="bbox 2347 2484 3840 2561">
     <span class='ocr_line' id='line_1_56' title="bbox 2347 2484 3840 2561; baseline -0.004 -17"><span class='ocrx_word' id='word_1_389' title='bbox 2347 2489 2432 2545; x_wconf 76' lang='lat' dir='ltr'><strong><em>l0.</em></strong></span> <span class='ocrx_word' id='word_1_390' title='bbox 2468 2488 2750 2561; x_wconf 64' lang='lat' dir='ltr'><strong><em>Ingressus</em></strong></span> <span class='ocrx_word' id='word_1_391' title='bbox 2789 2503 2868 2556; x_wconf 88' lang='lat' dir='ltr'><strong><em>es,</em></strong></span> <span class='ocrx_word' id='word_1_392' title='bbox 2901 2487 3085 2548; x_wconf 84' lang='lat' dir='ltr'><strong><em>vidisti</em></strong></span> <span class='ocrx_word' id='word_1_393' title='bbox 3127 2503 3352 2558; x_wconf 68' lang='lat' dir='ltr'><strong><em>aquam,</em></strong></span> <span class='ocrx_word' id='word_1_394' title='bbox 3387 2488 3570 2546; x_wconf 76' lang='lat' dir='ltr'><strong><em>vidisti</em></strong></span> <span class='ocrx_word' id='word_1_395' title='bbox 3616 2484 3840 2543; x_wconf 87' lang='lat' dir='ltr'><strong><em>sacerdo-</em></strong></span> 
     </span>
    </p>
   </div>
   <div class='ocr_carea' id='block_1_57' title="bbox 2275 2579 3841 2651">
    <p class='ocr_par' dir='ltr' id='par_1_57' title="bbox 2275 2579 3841 2651">
     <span class='ocr_line' id='line_1_57' title="bbox 2275 2579 3841 2651; baseline -0.003 -15"><span class='ocrx_word' id='word_1_396' title='bbox 2275 2590 2404 2649; x_wconf 91' lang='lat' dir='ltr'><strong><em>tem,</em></strong></span> <span class='ocrx_word' id='word_1_397' title='bbox 2429 2581 2611 2636; x_wconf 79' lang='lat' dir='ltr'><strong><em>vidisti</em></strong></span> <span class='ocrx_word' id='word_1_398' title='bbox 2636 2581 2874 2636; x_wconf 87' lang='lat' dir='ltr'><strong><em>levitam.</em></strong></span> <span class='ocrx_word' id='word_1_399' title='bbox 2899 2579 2978 2636; x_wconf 84' lang='lat' dir='ltr'><strong><em>Ne</em></strong></span> <span class='ocrx_word' id='word_1_400' title='bbox 3006 2579 3145 2635; x_wconf 88' lang='lat' dir='ltr'><strong><em>forte</em></strong></span> <span class='ocrx_word' id='word_1_401' title='bbox 3168 2579 3364 2651; x_wconf 85' lang='lat' dir='ltr'><strong><em>aliquis</em></strong></span> <span class='ocrx_word' id='word_1_402' title='bbox 3388 2581 3585 2636; x_wconf 81' lang='lat' dir='ltr'><strong><em>dixerit</em></strong></span> <span class='ocrx_word' id='word_1_403' title='bbox 3610 2598 3623 2635; x_wconf 92' lang='lat'><strong><em>:</em></strong></span> <span class='ocrx_word' id='word_1_404' title='bbox 3656 2580 3756 2635; x_wconf 87' lang='lat' dir='ltr'><strong><em>Hoc</em></strong></span> <span class='ocrx_word' id='word_1_405' title='bbox 3774 2587 3841 2633; x_wconf 87' lang='lat' dir='ltr'><strong><em>est</em></strong></span> 
     </span>
    </p>
   </div>
   <div class='ocr_carea' id='block_1_58' title="bbox 2276 2674 3842 2743">
    <p class='ocr_par' dir='ltr' id='par_1_58' title="bbox 2276 2674 3842 2743">
     <span class='ocr_line' id='line_1_58' title="bbox 2276 2674 3842 2743; baseline -0.003 -11"><span class='ocrx_word' id='word_1_406' title='bbox 2276 2675 2496 2738; x_wconf 75' lang='lat' dir='ltr'><strong><em>totum?</em></strong></span> <span class='ocrx_word' id='word_1_407' title='bbox 2526 2675 2698 2738; x_wconf 71' lang='lat' dir='ltr'><strong><em>[tumo</em></strong></span> <span class='ocrx_word' id='word_1_408' title='bbox 2725 2684 2812 2731; x_wconf 87' lang='lat' dir='ltr'><strong><em>est</em></strong></span> <span class='ocrx_word' id='word_1_409' title='bbox 2841 2683 3035 2730; x_wconf 89' lang='lat' dir='ltr'><strong><em>totum.</em></strong></span> <span class='ocrx_word' id='word_1_410' title='bbox 3070 2674 3214 2730; x_wconf 79' lang='lat' dir='ltr'><strong><em>Vere</em></strong></span> <span class='ocrx_word' id='word_1_411' title='bbox 3247 2685 3443 2743; x_wconf 89' lang='lat' dir='ltr'><strong><em>totum,</em></strong></span> <span class='ocrx_word' id='word_1_412' title='bbox 3476 2675 3564 2732; x_wconf 90' lang='lat' dir='ltr'><strong><em>ubi</em></strong></span> <span class='ocrx_word' id='word_1_413' title='bbox 3592 2685 3692 2730; x_wconf 84' lang='lat' dir='ltr'><strong><em>tota</em></strong></span> <span class='ocrx_word' id='word_1_414' title='bbox 3714 2675 3842 2728; x_wconf 89' lang='lat' dir='ltr'><strong><em>inuo-</em></strong></span> 
     </span>
    </p>
   </div>
   <div class='ocr_carea' id='block_1_59' title="bbox 2273 2766 3839 2844">
    <p class='ocr_par' dir='ltr' id='par_1_59' title="bbox 2273 2766 3839 2844">
     <span class='ocr_line' id='line_1_59' title="bbox 2273 2766 3839 2844; baseline -0.004 -20"><span class='ocrx_word' id='word_1_415' title='bbox 2273 2768 2453 2824; x_wconf 89' lang='lat' dir='ltr'><strong><em>centia</em></strong></span> <span class='ocrx_word' id='word_1_416' title='bbox 2481 2810 2497 2837; x_wconf 91' lang='lat'><strong><em>,</em></strong></span> <span class='ocrx_word' id='word_1_417' title='bbox 2549 2778 2658 2823; x_wconf 82' lang='lat' dir='ltr'><strong><em>tota</em></strong></span> <span class='ocrx_word' id='word_1_418' title='bbox 2697 2769 2872 2837; x_wconf 87' lang='lat' dir='ltr'><strong><em>pietas</em></strong></span> <span class='ocrx_word' id='word_1_419' title='bbox 2900 2810 2914 2835; x_wconf 91' lang='lat'><strong><em>,</em></strong></span> <span class='ocrx_word' id='word_1_420' title='bbox 2964 2777 3075 2821; x_wconf 90' lang='lat' dir='ltr'><strong><em>tota</em></strong></span> <span class='ocrx_word' id='word_1_421' title='bbox 3112 2769 3313 2844; x_wconf 78' lang='lat' dir='ltr'><strong><em>gratia,</em></strong></span> <span class='ocrx_word' id='word_1_422' title='bbox 3351 2779 3463 2824; x_wconf 91' lang='lat' dir='ltr'><strong><em>tota</em></strong></span> <span class='ocrx_word' id='word_1_423' title='bbox 3495 2766 3839 2824; x_wconf 85' lang='lat' dir='ltr'><strong><em>sanctificatio.</em></strong></span> 
     </span>
    </p>
   </div>
   <div class='ocr_carea' id='block_1_60' title="bbox 2273 2859 3842 2934">
    <p class='ocr_par' dir='ltr' id='par_1_60' title="bbox 2273 2859 3842 2934">
     <span class='ocr_line' id='line_1_60' title="bbox 2273 2859 3842 2934; baseline -0.004 -18"><span class='ocrx_word' id='word_1_424' title='bbox 2273 2860 2472 2916; x_wconf 78' lang='lat' dir='ltr'><strong><em>Vidisti</em></strong></span> <span class='ocrx_word' id='word_1_425' title='bbox 2501 2875 2624 2934; x_wconf 69' lang='lat' dir='ltr'><strong><em>quin</em></strong></span> <span class='ocrx_word' id='word_1_426' title='bbox 2651 2861 2840 2916; x_wconf 85' lang='lat' dir='ltr'><strong><em>videre</em></strong></span> <span class='ocrx_word' id='word_1_427' title='bbox 2878 2860 3100 2928; x_wconf 83' lang='lat' dir='ltr'><strong><em>potuisti</em></strong></span> <span class='ocrx_word' id='word_1_428' title='bbox 3141 2861 3318 2916; x_wconf 91' lang='lat' dir='ltr'><strong><em>oculis</em></strong></span> <span class='ocrx_word' id='word_1_429' title='bbox 3359 2861 3435 2915; x_wconf 90' lang='lat' dir='ltr'><strong><em>tui</em></strong></span> <span class='ocrx_word' id='word_1_430' title='bbox 3484 2859 3757 2931; x_wconf 88' lang='lat' dir='ltr'><strong><em>corporis,</em></strong></span> <span class='ocrx_word' id='word_1_431' title='bbox 3797 2865 3842 2911; x_wconf 85' lang='lat' dir='ltr'><strong><em>et</em></strong></span> 
     </span>
    </p>
   </div>
   <div class='ocr_carea' id='block_1_61' title="bbox 2272 2952 3841 3023">
    <p class='ocr_par' dir='ltr' id='par_1_61' title="bbox 2272 2952 3841 3023">
     <span class='ocr_line' id='line_1_61' title="bbox 2272 2952 3841 3023; baseline -0.004 -14"><span class='ocrx_word' id='word_1_432' title='bbox 2272 2953 2525 3009; x_wconf 87' lang='lat' dir='ltr'><strong><em>humanis</em></strong></span> <span class='ocrx_word' id='word_1_433' title='bbox 2566 2952 2988 3023; x_wconf 86' lang='lat' dir='ltr'><strong><em>conspectibus:</em></strong></span> <span class='ocrx_word' id='word_1_434' title='bbox 3034 2967 3139 3008; x_wconf 91' lang='lat' dir='ltr'><strong><em>non</em></strong></span> <span class='ocrx_word' id='word_1_435' title='bbox 3181 2952 3367 3007; x_wconf 87' lang='lat' dir='ltr'><strong><em>vidisti</em></strong></span> <span class='ocrx_word' id='word_1_436' title='bbox 3410 2953 3503 3008; x_wconf 88' lang='lat' dir='ltr'><strong><em>illa</em></strong></span> <span class='ocrx_word' id='word_1_437' title='bbox 3539 2953 3695 3023; x_wconf 66' lang='lat' dir='ltr'><strong><em>iqua“:</em></strong></span> <span class='ocrx_word' id='word_1_438' title='bbox 3735 2964 3841 3020; x_wconf 87' lang='lat' dir='ltr'><strong><em>Ope-</em></strong></span> 
     </span>
    </p>
   </div>
   <div class='ocr_carea' id='block_1_62' title="bbox 632 3034 3842 3116">
    <p class='ocr_par' dir='ltr' id='par_1_62' title="bbox 632 3034 3842 3116">
     <span class='ocr_line' id='line_1_62' title="bbox 632 3034 3842 3116; baseline -0.002 -14"><span class='ocrx_word' id='word_1_439' title='bbox 632 3049 664 3102; x_wconf 78' lang='lat' dir='ltr'><strong><em>(i</em></strong></span> <span class='ocrx_word' id='word_1_440' title='bbox 690 3045 937 3102; x_wconf 83' lang='lat' dir='ltr'><strong><em>et7.Ubi</em></strong></span> <span class='ocrx_word' id='word_1_441' title='bbox 962 3043 1288 3113; x_wconf 89' lang='lat' dir='ltr'><strong><em>promiseris</em></strong></span> <span class='ocrx_word' id='word_1_442' title='bbox 1308 3041 1618 3107; x_wconf 90' lang='lat' dir='ltr'><strong><em>considera,</em></strong></span> <span class='ocrx_word' id='word_1_443' title='bbox 1649 3041 1731 3097; x_wconf 86' lang='lat' dir='ltr'><strong><em>vel</em></strong></span> <span class='ocrx_word' id='word_1_444' title='bbox 1754 3041 1948 3112; x_wconf 87' lang='lat' dir='ltr'><strong><em>quibus</em></strong></span> <span class='ocrx_word' id='word_1_445' title='bbox 1963 3040 2166 3110; x_wconf 85' lang='lat' dir='ltr'><strong><em>prumi-</em></strong></span> <span class='ocrx_word' id='word_1_446' title='bbox 2195 3034 2244 3100; x_wconf 86' lang='lat' dir='ltr'><strong><em>C</em></strong></span> <span class='ocrx_word' id='word_1_447' title='bbox 2276 3055 2504 3111; x_wconf 85' lang='lat' dir='ltr'><strong><em>rantur;</em></strong></span> <span class='ocrx_word' id='word_1_448' title='bbox 2556 3044 2679 3115; x_wconf 91' lang='lat' dir='ltr'><strong><em>quia</em></strong></span> <span class='ocrx_word' id='word_1_449' title='bbox 2712 3060 2820 3098; x_wconf 90' lang='lat' dir='ltr'><strong><em>non</em></strong></span> <span class='ocrx_word' id='word_1_450' title='bbox 2853 3043 3128 3099; x_wconf 89' lang='lat' dir='ltr'><strong><em>videntur.</em></strong></span> <span class='ocrx_word' id='word_1_451' title='bbox 3179 3043 3272 3099; x_wconf 86' lang='lat' dir='ltr'><strong><em>Illa</em></strong></span> <span class='ocrx_word' id='word_1_452' title='bbox 3314 3045 3490 3101; x_wconf 87' lang='lat' dir='ltr'><strong><em>multo</em></strong></span> <span class='ocrx_word' id='word_1_453' title='bbox 3521 3045 3712 3116; x_wconf 86' lang='lat' dir='ltr'><strong><em>majora</em></strong></span> <span class='ocrx_word' id='word_1_454' title='bbox 3739 3049 3842 3098; x_wconf 84' lang='lat' dir='ltr'><strong><em>sunt</em></strong></span> 
     </span>
    </p>
   </div>
   <div class='ocr_carea' id='block_1_63' title="bbox 563 3131 2168 3200">
    <p class='ocr_par' dir='ltr' id='par_1_63' title="bbox 563 3131 2168 3200">
     <span class='ocr_line' id='line_1_63' title="bbox 563 3131 2168 3200; baseline -0.004 -6"><span class='ocrx_word' id='word_1_455' title='bbox 563 3140 720 3194; x_wconf 88' lang='lat' dir='ltr'><strong><em>seris.</em></strong></span> <span class='ocrx_word' id='word_1_456' title='bbox 737 3137 977 3193; x_wconf 87' lang='lat' dir='ltr'><strong><em>Levitam</em></strong></span> <span class='ocrx_word' id='word_1_457' title='bbox 1001 3135 1203 3200; x_wconf 88' lang='lat' dir='ltr'><strong><em>vidisti,</em></strong></span> <span class='ocrx_word' id='word_1_458' title='bbox 1231 3135 1327 3190; x_wconf 90' lang='lat' dir='ltr'><strong><em>sed</em></strong></span> <span class='ocrx_word' id='word_1_459' title='bbox 1349 3134 1596 3190; x_wconf 86' lang='lat' dir='ltr'><strong><em>minister</em></strong></span> <span class='ocrx_word' id='word_1_460' title='bbox 1618 3143 1703 3189; x_wconf 89' lang='lat' dir='ltr'><strong><em>est</em></strong></span> <span class='ocrx_word' id='word_1_461' title='bbox 1722 3131 1945 3188; x_wconf 88' lang='lat' dir='ltr'><strong><em>Christi.</em></strong></span> <span class='ocrx_word' id='word_1_462' title='bbox 1975 3131 2168 3187; x_wconf 82' lang='lat' dir='ltr'><strong><em>Vidisti</em></strong></span> 
     </span>
    </p>
   </div>
   <div class='ocr_carea' id='block_1_64' title="bbox 561 3223 2155 3298">
    <p class='ocr_par' dir='ltr' id='par_1_64' title="bbox 561 3223 2155 3298">
     <span class='ocr_line' id='line_1_64' title="bbox 561 3223 2155 3298; baseline -0.004 -12"><span class='ocrx_word' id='word_1_463' title='bbox 561 3232 708 3286; x_wconf 87' lang='lat' dir='ltr'><strong><em>illum</em></strong></span> <span class='ocrx_word' id='word_1_464' title='bbox 740 3239 866 3285; x_wconf 87' lang='lat' dir='ltr'><strong><em>ante</em></strong></span> <span class='ocrx_word' id='word_1_465' title='bbox 918 3228 1110 3282; x_wconf 88' lang='lat' dir='ltr'><strong><em>altaria</em></strong></span> <span class='ocrx_word' id='word_1_466' title='bbox 1163 3227 1496 3282; x_wconf 78' lang='lat' dir='ltr'><strong><em>ministrare.</em></strong></span> <span class='ocrx_word' id='word_1_467' title='bbox 1549 3226 1690 3298; x_wconf 81' lang='lat' dir='ltr'><strong><em>Ergo</em></strong></span> <span class='ocrx_word' id='word_1_468' title='bbox 1733 3223 2155 3296; x_wconf 83' lang='lat' dir='ltr'><strong><em>chirographum</em></strong></span> 
     </span>
    </p>
   </div>
   <div class='ocr_carea' id='block_1_65' title="bbox 563 3317 2158 3385">
    <p class='ocr_par' dir='ltr' id='par_1_65' title="bbox 563 3317 2158 3385">
     <span class='ocr_line' id='line_1_65' title="bbox 563 3317 2158 3385; baseline -0.001 -7"><span class='ocrx_word' id='word_1_469' title='bbox 563 3334 711 3378; x_wconf 89' lang='lat' dir='ltr'><strong><em>tuum</em></strong></span> <span class='ocrx_word' id='word_1_470' title='bbox 756 3329 967 3377; x_wconf 90' lang='lat' dir='ltr'><strong><em>tenetur</em></strong></span> <span class='ocrx_word' id='word_1_471' title='bbox 999 3335 1105 3374; x_wconf 90' lang='lat' dir='ltr'><strong><em>non</em></strong></span> <span class='ocrx_word' id='word_1_472' title='bbox 1140 3320 1192 3374; x_wconf 91' lang='lat' dir='ltr'><strong><em>in</em></strong></span> <span class='ocrx_word' id='word_1_473' title='bbox 1225 3330 1390 3385; x_wconf 89' lang='lat' dir='ltr'><strong><em>terra,</em></strong></span> <span class='ocrx_word' id='word_1_474' title='bbox 1431 3319 1526 3373; x_wconf 92' lang='lat' dir='ltr'><strong><em>sed</em></strong></span> <span class='ocrx_word' id='word_1_475' title='bbox 1562 3319 1612 3373; x_wconf 90' lang='lat' dir='ltr'><strong><em>in</em></strong></span> <span class='ocrx_word' id='word_1_476' title='bbox 1655 3319 1814 3374; x_wconf 74' lang='lat' dir='ltr'><strong><em>ccelo.</em></strong></span> <span class='ocrx_word' id='word_1_477' title='bbox 1858 3317 2158 3376; x_wconf 73' lang='lat' dir='ltr'><strong><em>Considera</em></strong></span> 
     </span>
    </p>
   </div>
   <div class='ocr_carea' id='block_1_66' title="bbox 563 3411 2162 3486">
    <p class='ocr_par' dir='ltr' id='par_1_66' title="bbox 563 3411 2162 3486">
     <span class='ocr_line' id='line_1_66' title="bbox 563 3411 2162 3486; baseline -0.004 -14"><span class='ocrx_word' id='word_1_478' title='bbox 563 3418 651 3472; x_wconf 89' lang='lat' dir='ltr'><strong><em>ubi</em></strong></span> <span class='ocrx_word' id='word_1_479' title='bbox 697 3415 879 3486; x_wconf 89' lang='lat' dir='ltr'><strong><em>capias</em></strong></span> <span class='ocrx_word' id='word_1_480' title='bbox 923 3422 1267 3469; x_wconf 88' lang='lat' dir='ltr'><strong><em>sacramenta</em></strong></span> <span class='ocrx_word' id='word_1_481' title='bbox 1306 3412 1572 3467; x_wconf 87' lang='lat' dir='ltr'><strong><em>coelestia.</em></strong></span> <span class='ocrx_word' id='word_1_482' title='bbox 1625 3413 1679 3466; x_wconf 86' lang='lat' dir='ltr'><strong><em>Si</em></strong></span> <span class='ocrx_word' id='word_1_483' title='bbox 1708 3411 1798 3466; x_wconf 91' lang='lat' dir='ltr'><strong><em>hic</em></strong></span> <span class='ocrx_word' id='word_1_484' title='bbox 1831 3425 2031 3481; x_wconf 90' lang='lat' dir='ltr'><strong><em>corpus</em></strong></span> <span class='ocrx_word' id='word_1_485' title='bbox 2077 3420 2162 3466; x_wconf 92' lang='lat' dir='ltr'><strong><em>est</em></strong></span> 
     </span>
    </p>
   </div>
   <div class='ocr_carea' id='block_1_67' title="bbox 562 3493 2169 3577">
    <p class='ocr_par' dir='ltr' id='par_1_67' title="bbox 562 3493 2169 3577">
     <span class='ocr_line' id='line_1_67' title="bbox 562 3493 2169 3577; baseline -0.002 -13"><span class='ocrx_word' id='word_1_486' title='bbox 562 3493 786 3573; x_wconf 67' lang='lat' dir='ltr'><strong><em>causa,</em></strong></span> <span class='ocrx_word' id='word_1_487' title='bbox 827 3508 912 3563; x_wconf 92' lang='lat' dir='ltr'><strong><em>hic</em></strong></span> <span class='ocrx_word' id='word_1_488' title='bbox 939 3517 992 3562; x_wconf 93' lang='lat' dir='ltr'><strong><em>et</em></strong></span> <span class='ocrx_word' id='word_1_489' title='bbox 1024 3507 1200 3577; x_wconf 78' lang='lat' dir='ltr'><strong><em>angeli</em></strong></span> <span class='ocrx_word' id='word_1_490' title='bbox 1227 3504 1508 3560; x_wconf 87' lang='lat' dir='ltr'><strong><em>constituti</em></strong></span> <span class='ocrx_word' id='word_1_491' title='bbox 1542 3513 1686 3558; x_wconf 89' lang='lat' dir='ltr'><strong><em>sunt.</em></strong></span> <span class='ocrx_word' id='word_1_492' title='bbox 1739 3503 1838 3558; x_wconf 82' lang='lat' dir='ltr'><strong><em>Ubi</em></strong></span> <span class='ocrx_word' id='word_1_493' title='bbox 1866 3520 2074 3572; x_wconf 84' lang='lat' dir='ltr'><strong><em>corpus,</em></strong></span> <span class='ocrx_word' id='word_1_494' title='bbox 2099 3504 2169 3560; x_wconf 87' lang='lat' dir='ltr'><strong><em>ibi</em></strong></span> 
     </span>
    </p>
   </div>
   <div class='ocr_carea' id='block_1_68' title="bbox 562 3597 2171 3675">
    <p class='ocr_par' dir='ltr' id='par_1_68' title="bbox 562 3597 2171 3675">
     <span class='ocr_line' id='line_1_68' title="bbox 562 3597 2171 3675; baseline -0.004 -15"><span class='ocrx_word' id='word_1_495' title='bbox 562 3615 607 3660; x_wconf 88' lang='lat' dir='ltr'><strong><em>et</em></strong></span> <span class='ocrx_word' id='word_1_496' title='bbox 629 3604 842 3675; x_wconf 65' lang='lat' dir='ltr'><strong><em>aquila,</em></strong></span> <span class='ocrx_word' id='word_1_497' title='bbox 871 3601 1047 3674; x_wconf 80' lang='lat' dir='ltr'><strong><em>legisti</em></strong></span> <span class='ocrx_word' id='word_1_498' title='bbox 1081 3603 1133 3656; x_wconf 90' lang='lat' dir='ltr'><strong><em>in</em></strong></span> <span class='ocrx_word' id='word_1_499' title='bbox 1165 3599 1462 3671; x_wconf 83' lang='lat' dir='ltr'><strong><em>Evangelio</em></strong></span> <span class='ocrx_word' id='word_1_500' title='bbox 1492 3597 1706 3673; x_wconf 82' lang='lat' dir='ltr'><strong><em>(Matth.</em></strong></span> <span class='ocrx_word' id='word_1_501' title='bbox 1736 3615 1893 3667; x_wconf 81' lang='lat' dir='ltr'><strong><em>xxiv,</em></strong></span> <span class='ocrx_word' id='word_1_502' title='bbox 1915 3599 2032 3672; x_wconf 75' lang='lat'><strong><em>28).</em></strong></span> <span class='ocrx_word' id='word_1_503' title='bbox 2068 3598 2171 3656; x_wconf 91' lang='lat' dir='ltr'><strong><em>Ubi</em></strong></span> 
     </span>
    </p>
   </div>
   <div class='ocr_carea' id='block_1_69' title="bbox 565 3695 2170 3769">
    <p class='ocr_par' dir='ltr' id='par_1_69' title="bbox 565 3695 2170 3769">
     <span class='ocr_line' id='line_1_69' title="bbox 565 3695 2170 3769; baseline -0.002 -16"><span class='ocrx_word' id='word_1_504' title='bbox 565 3713 766 3769; x_wconf 90' lang='lat' dir='ltr'><strong><em>corpus</em></strong></span> <span class='ocrx_word' id='word_1_505' title='bbox 793 3697 1022 3761; x_wconf 88' lang='lat' dir='ltr'><strong><em>Christi,</em></strong></span> <span class='ocrx_word' id='word_1_506' title='bbox 1063 3695 1134 3750; x_wconf 91' lang='lat' dir='ltr'><strong><em>ibi</em></strong></span> <span class='ocrx_word' id='word_1_507' title='bbox 1166 3705 1220 3751; x_wconf 90' lang='lat' dir='ltr'><strong><em>et</em></strong></span> <span class='ocrx_word' id='word_1_508' title='bbox 1247 3695 1444 3765; x_wconf 70' lang='lat' dir='ltr'><strong><em>aquilae</em></strong></span> <span class='ocrx_word' id='word_1_509' title='bbox 1474 3695 1657 3750; x_wconf 79' lang='lat' dir='ltr'><strong><em>volare</em></strong></span> <span class='ocrx_word' id='word_1_510' title='bbox 1694 3705 2064 3762; x_wconf 84' lang='lat' dir='ltr'><strong><em>consuerunt;</em></strong></span> <span class='ocrx_word' id='word_1_511' title='bbox 2114 3705 2170 3750; x_wconf 91' lang='grc' dir='ltr'><strong><em>ιιι</em></strong></span> 
     </span>
    </p>
   </div>
   <div class='ocr_carea' id='block_1_70' title="bbox 564 3787 2169 3863">
    <p class='ocr_par' dir='ltr' id='par_1_70' title="bbox 564 3787 2169 3863">
     <span class='ocr_line' id='line_1_70' title="bbox 564 3787 2169 3863; baseline -0.004 -15"><span class='ocrx_word' id='word_1_512' title='bbox 564 3803 780 3848; x_wconf 87' lang='lat' dir='ltr'><strong><em>terrena</em></strong></span> <span class='ocrx_word' id='word_1_513' title='bbox 829 3790 1058 3863; x_wconf 82' lang='lat' dir='ltr'><strong><em>fugiant,</em></strong></span> <span class='ocrx_word' id='word_1_514' title='bbox 1106 3789 1349 3845; x_wconf 71' lang='lat' dir='ltr'><strong><em>ccelestia</em></strong></span> <span class='ocrx_word' id='word_1_515' title='bbox 1393 3797 1601 3860; x_wconf 88' lang='lat' dir='ltr'><strong><em>petant.</em></strong></span> <span class='ocrx_word' id='word_1_516' title='bbox 1636 3788 1819 3856; x_wconf 77' lang='lat' dir='ltr'><strong><em>Quare</em></strong></span> <span class='ocrx_word' id='word_1_517' title='bbox 1851 3787 1954 3843; x_wconf 91' lang='lat' dir='ltr'><strong><em>hoc</em></strong></span> <span class='ocrx_word' id='word_1_518' title='bbox 2003 3787 2169 3844; x_wconf 84' lang='lat' dir='ltr'><strong><em>dico?</em></strong></span> 
     </span>
    </p>
   </div>
   <div class='ocr_carea' id='block_1_71' title="bbox 561 3880 2169 3954">
    <p class='ocr_par' dir='ltr' id='par_1_71' title="bbox 561 3880 2169 3954">
     <span class='ocr_line' id='line_1_71' title="bbox 561 3880 2169 3954; baseline 0 -18"><span class='ocrx_word' id='word_1_519' title='bbox 561 3885 699 3952; x_wconf 87' lang='lat' dir='ltr'><strong><em>Quia</em></strong></span> <span class='ocrx_word' id='word_1_520' title='bbox 731 3896 785 3939; x_wconf 83' lang='lat' dir='ltr'><strong><em>et</em></strong></span> <span class='ocrx_word' id='word_1_521' title='bbox 815 3883 1066 3940; x_wconf 89' lang='lat' dir='ltr'><strong><em>homines</em></strong></span> <span class='ocrx_word' id='word_1_522' title='bbox 1095 3883 1271 3953; x_wconf 80' lang='lat' dir='ltr'><strong><em>angeli</em></strong></span> <span class='ocrx_word' id='word_1_523' title='bbox 1300 3880 1461 3954; x_wconf 77' lang='lat'><strong><em>351</em></strong></span> <span class='ocrx_word' id='word_1_524' title='bbox 1489 3881 1816 3952; x_wconf 87' lang='lat' dir='ltr'><strong><em>quicumque</em></strong></span> <span class='ocrx_word' id='word_1_525' title='bbox 1844 3881 2169 3936; x_wconf 88' lang='lat' dir='ltr'><strong><em>annuutiant</em></strong></span> 
     </span>
    </p>
   </div>
   <div class='ocr_carea' id='block_1_72' title="bbox 562 3959 2161 4046">
    <p class='ocr_par' dir='ltr' id='par_1_72' title="bbox 562 3959 2161 4046">
     <span class='ocr_line' id='line_1_72' title="bbox 562 3959 2161 4046; baseline -0.003 -14"><span class='ocrx_word' id='word_1_526' title='bbox 562 3977 862 4044; x_wconf 83' lang='lat' dir='ltr'><strong><em>Christum,</em></strong></span> <span class='ocrx_word' id='word_1_527' title='bbox 905 3986 959 4032; x_wconf 92' lang='lat' dir='ltr'><strong><em>et</em></strong></span> <span class='ocrx_word' id='word_1_528' title='bbox 989 3977 1042 4030; x_wconf 87' lang='lat' dir='ltr'><strong><em>in</em></strong></span> <span class='ocrx_word' id='word_1_529' title='bbox 1065 3977 1387 4046; x_wconf 78' lang='lat' dir='ltr'><strong><em>angelorum</em></strong></span> <span class='ocrx_word' id='word_1_530' title='bbox 1420 3973 1650 4030; x_wconf 87' lang='lat' dir='ltr'><strong><em>adscisci</em></strong></span> <span class='ocrx_word' id='word_1_531' title='bbox 1681 3975 1932 4030; x_wconf 89' lang='lat' dir='ltr'><strong><em>videntur</em></strong></span> <span class='ocrx_word' id='word_1_532' title='bbox 1965 3959 2161 4030; x_wconf 79' lang='lat' dir='ltr'><strong><em>locum.</em></strong></span> 
     </span>
    </p>
   </div>
   <div class='ocr_carea' id='block_1_73' title="bbox 562 4068 2167 4139">
    <p class='ocr_par' dir='ltr' id='par_1_73' title="bbox 562 4068 2167 4139">
     <span class='ocr_line' id='line_1_73' title="bbox 562 4068 2167 4139; baseline 0.001 -19"><span class='ocrx_word' id='word_1_533' title='bbox 562 4068 925 4138; x_wconf 75' lang='lat' dir='ltr'><strong><em>Quomodo?d</em></strong></span> <span class='ocrx_word' id='word_1_534' title='bbox 955 4069 1158 4139; x_wconf 86' lang='lat' dir='ltr'><strong><em>Accipe</em></strong></span> <span class='ocrx_word' id='word_1_535' title='bbox 1184 4069 1443 4139; x_wconf 70' lang='lat' dir='ltr'><strong><em>Baptistm</em></strong></span> <span class='ocrx_word' id='word_1_536' title='bbox 1475 4071 1767 4124; x_wconf 77' lang='lat' dir='ltr'><strong><em>rationem.</em></strong></span> <span class='ocrx_word' id='word_1_537' title='bbox 1795 4069 2035 4125; x_wconf 83' lang='lat' dir='ltr'><strong><em>Joannes</em></strong></span> <span class='ocrx_word' id='word_1_538' title='bbox 2073 4085 2167 4124; x_wconf 89' lang='lat' dir='ltr'><strong><em>na-</em></strong></span> 
     </span>
    </p>
   </div>
   <div class='ocr_carea' id='block_1_74' title="bbox 563 4160 2167 4232">
    <p class='ocr_par' dir='ltr' id='par_1_74' title="bbox 563 4160 2167 4232">
     <span class='ocr_line' id='line_1_74' title="bbox 563 4160 2167 4232; baseline -0.001 -14"><span class='ocrx_word' id='word_1_539' title='bbox 563 4175 648 4218; x_wconf 88' lang='lat' dir='ltr'><strong><em>tus</em></strong></span> <span class='ocrx_word' id='word_1_540' title='bbox 678 4173 796 4217; x_wconf 87' lang='lat' dir='ltr'><strong><em>erat</em></strong></span> <span class='ocrx_word' id='word_1_541' title='bbox 825 4177 892 4216; x_wconf 86' lang='lat' dir='ltr'><strong><em>ex</em></strong></span> <span class='ocrx_word' id='word_1_542' title='bbox 923 4162 1039 4216; x_wconf 89' lang='lat' dir='ltr'><strong><em>viro</em></strong></span> <span class='ocrx_word' id='word_1_543' title='bbox 1068 4170 1121 4216; x_wconf 93' lang='lat' dir='ltr'><strong><em>et</em></strong></span> <span class='ocrx_word' id='word_1_544' title='bbox 1154 4160 1419 4226; x_wconf 89' lang='lat' dir='ltr'><strong><em>muliere;</em></strong></span> <span class='ocrx_word' id='word_1_545' title='bbox 1459 4171 1696 4216; x_wconf 79' lang='lat' dir='ltr'><strong><em>attamen</em></strong></span> <span class='ocrx_word' id='word_1_546' title='bbox 1749 4161 1873 4216; x_wconf 90' lang='lat' dir='ltr'><strong><em>audi</em></strong></span> <span class='ocrx_word' id='word_1_547' title='bbox 1906 4164 2030 4232; x_wconf 85' lang='lat' dir='ltr'><strong><em>quia</em></strong></span> <span class='ocrx_word' id='word_1_548' title='bbox 2069 4177 2167 4217; x_wconf 91' lang='lat' dir='ltr'><strong><em>an-</em></strong></span> 
     </span>
    </p>
   </div>
   <div class='ocr_carea' id='block_1_75' title="bbox 559 4254 2162 4331">
    <p class='ocr_par' dir='ltr' id='par_1_75' title="bbox 559 4254 2162 4331">
     <span class='ocr_line' id='line_1_75' title="bbox 559 4254 2162 4331; baseline -0.001 -17"><span class='ocrx_word' id='word_1_549' title='bbox 559 4259 714 4331; x_wconf 79' lang='lat' dir='ltr'><strong><em>gelus</em></strong></span> <span class='ocrx_word' id='word_1_550' title='bbox 739 4267 822 4312; x_wconf 88' lang='lat' dir='ltr'><strong><em>est</em></strong></span> <span class='ocrx_word' id='word_1_551' title='bbox 849 4265 905 4311; x_wconf 90' lang='lat' dir='ltr'><strong><em>et</em></strong></span> <span class='ocrx_word' id='word_1_552' title='bbox 938 4257 1053 4326; x_wconf 89' lang='lat' dir='ltr'><strong><em>ipse</em></strong></span> <span class='ocrx_word' id='word_1_553' title='bbox 1081 4275 1094 4310; x_wconf 89' lang='lat'><strong><em>:</em></strong></span> <span class='ocrx_word' id='word_1_554' title='bbox 1126 4254 1260 4310; x_wconf 86' lang='lat' dir='ltr'><strong><em>Ecce</em></strong></span> <span class='ocrx_word' id='word_1_555' title='bbox 1291 4256 1437 4308; x_wconf 86' lang='lat' dir='ltr'><strong><em>mitto</em></strong></span> <span class='ocrx_word' id='word_1_556' title='bbox 1467 4257 1704 4326; x_wconf 88' lang='lat' dir='ltr'><strong><em>angelum</em></strong></span> <span class='ocrx_word' id='word_1_557' title='bbox 1739 4273 1901 4311; x_wconf 86' lang='lat' dir='ltr'><strong><em>meum</em></strong></span> <span class='ocrx_word' id='word_1_558' title='bbox 1938 4269 2054 4312; x_wconf 87' lang='lat' dir='ltr'><strong><em>ante</em></strong></span> <span class='ocrx_word' id='word_1_559' title='bbox 2084 4262 2162 4331; x_wconf 80' lang='lat' dir='ltr'><strong><em>[a-</em></strong></span> 
     </span>
    </p>
   </div>
   <div class='ocr_carea' id='block_1_76' title="bbox 2273 3137 3843 3210">
    <p class='ocr_par' dir='ltr' id='par_1_76' title="bbox 2273 3137 3843 3210">
     <span class='ocr_line' id='line_1_76' title="bbox 2273 3137 3843 3210; baseline -0.001 -18"><span class='ocrx_word' id='word_1_560' title='bbox 2273 3153 2394 3208; x_wconf 60' lang='lat' dir='ltr'><strong><em>quic</em></strong></span> <span class='ocrx_word' id='word_1_561' title='bbox 2423 3154 2529 3192; x_wconf 93' lang='lat' dir='ltr'><strong><em>non</em></strong></span> <span class='ocrx_word' id='word_1_562' title='bbox 2554 3137 2825 3200; x_wconf 89' lang='lat' dir='ltr'><strong><em>videntur,</em></strong></span> <span class='ocrx_word' id='word_1_563' title='bbox 2849 3154 3011 3209; x_wconf 90' lang='lat' dir='ltr'><strong><em>quam</em></strong></span> <span class='ocrx_word' id='word_1_564' title='bbox 3033 3155 3154 3210; x_wconf 66' lang='lat' dir='ltr'><strong><em>qum</em></strong></span> <span class='ocrx_word' id='word_1_565' title='bbox 3179 3139 3466 3206; x_wconf 86' lang='lat' dir='ltr'><strong><em>videntur;</em></strong></span> <span class='ocrx_word' id='word_1_566' title='bbox 3488 3141 3725 3210; x_wconf 89' lang='lat' dir='ltr'><strong><em>quoniam</em></strong></span> <span class='ocrx_word' id='word_1_567' title='bbox 3745 3152 3843 3208; x_wconf 84' lang='lat' dir='ltr'><strong><em>qua:</em></strong></span> 
     </span>
    </p>
   </div>
   <div class='ocr_carea' id='block_1_77' title="bbox 2269 3229 3843 3302">
    <p class='ocr_par' dir='ltr' id='par_1_77' title="bbox 2269 3229 3843 3302">
     <span class='ocr_line' id='line_1_77' title="bbox 2269 3229 3843 3302; baseline 0.001 -20"><span class='ocrx_word' id='word_1_568' title='bbox 2269 3229 2545 3297; x_wconf 86' lang='lat' dir='ltr'><strong><em>videntur,</em></strong></span> <span class='ocrx_word' id='word_1_569' title='bbox 2571 3230 2894 3300; x_wconf 88' lang='lat' dir='ltr'><strong><em>temporalia</em></strong></span> <span class='ocrx_word' id='word_1_570' title='bbox 2931 3239 3086 3286; x_wconf 88' lang='lat' dir='ltr'><strong><em>sunt:</em></strong></span> <span class='ocrx_word' id='word_1_571' title='bbox 3114 3247 3231 3302; x_wconf 61' lang='lat' dir='ltr'><strong><em>qua:</em></strong></span> <span class='ocrx_word' id='word_1_572' title='bbox 3254 3248 3367 3288; x_wconf 89' lang='lat' dir='ltr'><strong><em>non</em></strong></span> <span class='ocrx_word' id='word_1_573' title='bbox 3390 3232 3654 3300; x_wconf 88' lang='lat' dir='ltr'><strong><em>videntur,</em></strong></span> <span class='ocrx_word' id='word_1_574' title='bbox 3673 3241 3843 3287; x_wconf 69' lang='lat' dir='ltr'><strong><em>interna</em></strong></span> 
     </span>
    </p>
   </div>
   <div class='ocr_carea' id='block_1_78' title="bbox 2270 3321 2744 3394">
    <p class='ocr_par' dir='ltr' id='par_1_78' title="bbox 2270 3321 2744 3394">
     <span class='ocr_line' id='line_1_78' title="bbox 2270 3321 2744 3394; baseline 0.002 -19"><span class='ocrx_word' id='word_1_575' title='bbox 2270 3321 2340 3394; x_wconf 89' lang='lat' dir='ltr'><strong><em>(ll</em></strong></span> <span class='ocrx_word' id='word_1_576' title='bbox 2371 3321 2491 3377; x_wconf 83' lang='lat' dir='ltr'><strong><em>Cor.</em></strong></span> <span class='ocrx_word' id='word_1_577' title='bbox 2522 3338 2596 3390; x_wconf 84' lang='lat' dir='ltr'><strong><em>tv,</em></strong></span> <span class='ocrx_word' id='word_1_578' title='bbox 2633 3321 2744 3392; x_wconf 74' lang='grc'><strong>18).</strong></span> 
     </span>
    </p>
   </div>
   <div class='ocr_carea' id='block_1_79' title="bbox 2884 3413 3241 3473">
    <p class='ocr_par' dir='ltr' id='par_1_79' title="bbox 2884 3413 3241 3473">
     <span class='ocr_line' id='line_1_79' title="bbox 2884 3413 3241 3473; baseline 0 -3"><span class='ocrx_word' id='word_1_579' title='bbox 2884 3413 3115 3473; x_wconf 87' lang='lat' dir='ltr'><strong><em>CAPUT</em></strong></span> <span class='ocrx_word' id='word_1_580' title='bbox 3151 3417 3241 3471; x_wconf 85' lang='lat' dir='ltr'><strong><em>1V.</em></strong></span> 
     </span>
    </p>
   </div>
   <div class='ocr_carea' id='block_1_80' title="bbox 2279 3505 3843 3582">
    <p class='ocr_par' dir='ltr' id='par_1_80' title="bbox 2279 3505 3843 3582">
     <span class='ocr_line' id='line_1_80' title="bbox 2279 3505 3843 3582; baseline -0.002 -21"><span class='ocrx_word' id='word_1_581' title='bbox 2279 3507 2620 3561; x_wconf 63' lang='lat' dir='ltr'><strong><em>Sacramenta</em></strong></span> <span class='ocrx_word' id='word_1_582' title='bbox 2669 3505 3087 3562; x_wconf 81' lang='lat' dir='ltr'><strong><em>Christianorum</em></strong></span> <span class='ocrx_word' id='word_1_583' title='bbox 3134 3509 3396 3563; x_wconf 84' lang='lat' dir='ltr'><strong><em>diviniora</em></strong></span> <span class='ocrx_word' id='word_1_584' title='bbox 3447 3520 3493 3564; x_wconf 88' lang='lat' dir='ltr'><strong><em>et</em></strong></span> <span class='ocrx_word' id='word_1_585' title='bbox 3543 3511 3712 3582; x_wconf 86' lang='lat' dir='ltr'><strong><em>priora</em></strong></span> <span class='ocrx_word' id='word_1_586' title='bbox 3757 3521 3843 3561; x_wconf 79' lang='lat' dir='ltr'><strong><em>esse</em></strong></span> 
     </span>
    </p>
   </div>
   <div class='ocr_carea' id='block_1_81' title="bbox 2347 3599 3842 3674">
    <p class='ocr_par' dir='ltr' id='par_1_81' title="bbox 2347 3599 3842 3674">
     <span class='ocr_line' id='line_1_81' title="bbox 2347 3599 3842 3674; baseline -0.003 -20"><span class='ocrx_word' id='word_1_587' title='bbox 2347 3617 2502 3672; x_wconf 87' lang='lat' dir='ltr'><strong><em>quant</em></strong></span> <span class='ocrx_word' id='word_1_588' title='bbox 2525 3599 2832 3655; x_wconf 74' lang='lat' dir='ltr'><strong><em>Juda’orunt</em></strong></span> <span class='ocrx_word' id='word_1_589' title='bbox 2854 3617 2874 3655; x_wconf 89' lang='lat'><strong><em>:</em></strong></span> <span class='ocrx_word' id='word_1_590' title='bbox 2903 3610 3056 3671; x_wconf 89' lang='lat' dir='ltr'><strong><em>atque</em></strong></span> <span class='ocrx_word' id='word_1_591' title='bbox 3080 3601 3208 3654; x_wconf 81' lang='lat' dir='ltr'><strong><em>inibi</em></strong></span> <span class='ocrx_word' id='word_1_592' title='bbox 3237 3601 3302 3656; x_wconf 87' lang='lat' dir='ltr'><strong><em>de</em></strong></span> <span class='ocrx_word' id='word_1_593' title='bbox 3325 3603 3468 3658; x_wconf 72' lang='lat' dir='ltr'><strong><em>vocis</em></strong></span> <span class='ocrx_word' id='word_1_594' title='bbox 3495 3601 3683 3674; x_wconf 86' lang='lat' dir='ltr'><strong><em>pascha</em></strong></span> <span class='ocrx_word' id='word_1_595' title='bbox 3707 3599 3842 3670; x_wconf 83' lang='lat' dir='ltr'><strong><em>signi-</em></strong></span> 
     </span>
    </p>
   </div>
   <div class='ocr_carea' id='block_1_82' title="bbox 2345 3693 2530 3763">
    <p class='ocr_par' dir='ltr' id='par_1_82' title="bbox 2345 3693 2530 3763">
     <span class='ocr_line' id='line_1_82' title="bbox 2345 3693 2530 3763; baseline 0 -17"><span class='ocrx_word' id='word_1_596' title='bbox 2345 3693 2530 3763; x_wconf 78' lang='lat' dir='ltr'><strong><em>ﬁcatu.</em></strong></span> 
     </span>
    </p>
   </div>
   <div class='ocr_carea' id='block_1_83' title="bbox 2347 3781 3842 3856">
    <p class='ocr_par' dir='ltr' id='par_1_83' title="bbox 2347 3781 3842 3856">
     <span class='ocr_line' id='line_1_83' title="bbox 2347 3781 3842 3856; baseline -0.002 -18"><span class='ocrx_word' id='word_1_597' title='bbox 2347 3784 2435 3838; x_wconf 84' lang='grc'><strong>11.</strong></span> <span class='ocrx_word' id='word_1_598' title='bbox 2465 3784 2613 3855; x_wconf 78' lang='lat' dir='ltr'><strong><em>Ergo</em></strong></span> <span class='ocrx_word' id='word_1_599' title='bbox 2637 3783 2886 3842; x_wconf 78' lang='lat' dir='ltr'><strong><em>dicamus</em></strong></span> <span class='ocrx_word' id='word_1_600' title='bbox 2924 3784 3183 3856; x_wconf 85' lang='lat' dir='ltr'><strong><em>primum,</em></strong></span> <span class='ocrx_word' id='word_1_601' title='bbox 3217 3793 3351 3840; x_wconf 77' lang='lat' dir='ltr'><strong><em>tene</em></strong></span> <span class='ocrx_word' id='word_1_602' title='bbox 3375 3787 3684 3842; x_wconf 74' lang='lat' dir='ltr'><strong><em>cautiones»</em></strong></span> <span class='ocrx_word' id='word_1_603' title='bbox 3717 3781 3842 3836; x_wconf 75' lang='lat' dir='ltr'><strong><em>roris</em></strong></span> 
     </span>
    </p>
   </div>
   <div class='ocr_carea' id='block_1_84' title="bbox 2277 3878 3841 3950">
    <p class='ocr_par' dir='ltr' id='par_1_84' title="bbox 2277 3878 3841 3950">
     <span class='ocr_line' id='line_1_84' title="bbox 2277 3878 3841 3950; baseline 0.003 -18"><span class='ocrx_word' id='word_1_604' title='bbox 2277 3894 2443 3945; x_wconf 82' lang='lat' dir='ltr'><strong><em>mese,</em></strong></span> <span class='ocrx_word' id='word_1_605' title='bbox 2476 3888 2533 3933; x_wconf 86' lang='lat' dir='ltr'><strong><em>et</em></strong></span> <span class='ocrx_word' id='word_1_606' title='bbox 2561 3878 2740 3948; x_wconf 64' lang='lat' dir='ltr'><strong><em>exige.</em></strong></span> <span class='ocrx_word' id='word_1_607' title='bbox 2782 3878 3044 3934; x_wconf 75' lang='lat' dir='ltr'><strong><em>Miramur</em></strong></span> <span class='ocrx_word' id='word_1_608' title='bbox 3085 3879 3345 3950; x_wconf 81' lang='lat' dir='ltr'><strong><em>mysteria</em></strong></span> <span class='ocrx_word' id='word_1_609' title='bbox 3393 3880 3716 3944; x_wconf 78' lang='lat' dir='ltr'><strong><em>Judteorutu,</em></strong></span> <span class='ocrx_word' id='word_1_610' title='bbox 3743 3888 3841 3946; x_wconf 61' lang='lat' dir='ltr'><strong><em>alii?</em></strong></span> 
     </span>
    </p>
   </div>
   <div class='ocr_carea' id='block_1_85' title="bbox 2278 3973 3839 4044">
    <p class='ocr_par' dir='ltr' id='par_1_85' title="bbox 2278 3973 3839 4044">
     <span class='ocr_line' id='line_1_85' title="bbox 2278 3973 3839 4044; baseline -0.004 -19"><span class='ocrx_word' id='word_1_611' title='bbox 2278 3974 2519 4044; x_wconf 83' lang='lat' dir='ltr'><strong><em>patribus</em></strong></span> <span class='ocrx_word' id='word_1_612' title='bbox 2565 3973 2770 4029; x_wconf 89' lang='lat' dir='ltr'><strong><em>nostris</em></strong></span> <span class='ocrx_word' id='word_1_613' title='bbox 2810 3973 2937 4028; x_wconf 87' lang='lat' dir='ltr'><strong><em>data</em></strong></span> <span class='ocrx_word' id='word_1_614' title='bbox 2969 3981 3115 4038; x_wconf 89' lang='lat' dir='ltr'><strong><em>sunt,</em></strong></span> <span class='ocrx_word' id='word_1_615' title='bbox 3147 3973 3160 4022; x_wconf 87' lang='lat' dir='ltr'><strong>i</strong></span> <span class='ocrx_word' id='word_1_616' title='bbox 3205 3973 3442 4042; x_wconf 90' lang='lat' dir='ltr'><strong><em>primum</em></strong></span> <span class='ocrx_word' id='word_1_617' title='bbox 3493 3980 3744 4030; x_wconf 77' lang='lat' dir='ltr'><strong><em>vetustate</em></strong></span> <span class='ocrx_word' id='word_1_618' title='bbox 3769 3985 3839 4022; x_wconf 77' lang='lat' dir='ltr'><strong><em>sa-</em></strong></span> 
     </span>
    </p>
   </div>
   <div class='ocr_carea' id='block_1_86' title="bbox 2276 4060 3838 4139">
    <p class='ocr_par' dir='ltr' id='par_1_86' title="bbox 2276 4060 3838 4139">
     <span class='ocr_line' id='line_1_86' title="bbox 2276 4060 3838 4139; baseline -0.006 -15"><span class='ocrx_word' id='word_1_619' title='bbox 2276 4077 2680 4124; x_wconf 89' lang='lat' dir='ltr'><strong><em>cramentorum</em></strong></span> <span class='ocrx_word' id='word_1_620' title='bbox 2708 4109 2723 4134; x_wconf 90' lang='lat'><strong><em>,</em></strong></span> <span class='ocrx_word' id='word_1_621' title='bbox 2785 4067 2983 4123; x_wconf 91' lang='lat' dir='ltr'><strong><em>deinde</em></strong></span> <span class='ocrx_word' id='word_1_622' title='bbox 3029 4067 3316 4121; x_wconf 88' lang='lat' dir='ltr'><strong><em>sanctitate</em></strong></span> <span class='ocrx_word' id='word_1_623' title='bbox 3360 4069 3686 4139; x_wconf 71' lang='lat' dir='ltr'><strong><em>prmstantia.</em></strong></span> <span class='ocrx_word' id='word_1_624' title='bbox 3724 4060 3838 4119; x_wconf 89' lang='lat' dir='ltr'><strong><em>Illud</em></strong></span> 
     </span>
    </p>
   </div>
   <div class='ocr_carea' id='block_1_87' title="bbox 2274 4159 3836 4234">
    <p class='ocr_par' dir='ltr' id='par_1_87' title="bbox 2274 4159 3836 4234">
     <span class='ocr_line' id='line_1_87' title="bbox 2274 4159 3836 4234; baseline -0.007 -16"><span class='ocrx_word' id='word_1_625' title='bbox 2274 4165 2532 4234; x_wconf 90' lang='lat' dir='ltr'><strong><em>promitto</em></strong></span> <span class='ocrx_word' id='word_1_626' title='bbox 2559 4160 2706 4232; x_wconf 89' lang='lat' dir='ltr'><strong><em>quod</em></strong></span> <span class='ocrx_word' id='word_1_627' title='bbox 2737 4160 3006 4216; x_wconf 87' lang='lat' dir='ltr'><strong><em>diviniora</em></strong></span> <span class='ocrx_word' id='word_1_628' title='bbox 3036 4159 3198 4231; x_wconf 71' lang='lat'><strong><em>352</em></strong></span> <span class='ocrx_word' id='word_1_629' title='bbox 3231 4169 3288 4216; x_wconf 94' lang='lat' dir='ltr'><strong><em>et</em></strong></span> <span class='ocrx_word' id='word_1_630' title='bbox 3316 4163 3502 4231; x_wconf 87' lang='lat' dir='ltr'><strong><em>priora</em></strong></span> <span class='ocrx_word' id='word_1_631' title='bbox 3531 4165 3836 4217; x_wconf 83' lang='lat' dir='ltr'><strong><em>sacramenta</em></strong></span> 
     </span>
    </p>
   </div>
   <div class='ocr_carea' id='block_1_88' title="bbox 2274 4253 3402 4326">
    <p class='ocr_par' dir='ltr' id='par_1_88' title="bbox 2274 4253 3402 4326">
     <span class='ocr_line' id='line_1_88' title="bbox 2274 4253 3402 4326; baseline -0.002 -14"><span class='ocrx_word' id='word_1_632' title='bbox 2274 4267 2395 4312; x_wconf 90' lang='lat' dir='ltr'><strong><em>sunt</em></strong></span> <span class='ocrx_word' id='word_1_633' title='bbox 2425 4253 2859 4311; x_wconf 85' lang='lat' dir='ltr'><strong><em>Christianorum</em></strong></span> <span class='ocrx_word' id='word_1_634' title='bbox 2886 4269 3044 4326; x_wconf 87' lang='lat' dir='ltr'><strong><em>quam</em></strong></span> <span class='ocrx_word' id='word_1_635' title='bbox 3065 4253 3402 4312; x_wconf 68' lang='lat' dir='ltr'><strong><em>.ludreorum.</em></strong></span> 
     </span>
    </p>
   </div>
   <div class='ocr_carea' id='block_1_89' title="bbox 633 4367 3841 4474">
    <p class='ocr_par' dir='ltr' id='par_1_89' title="bbox 633 4367 3841 4474">
     <span class='ocr_line' id='line_1_89' title="bbox 633 4367 3841 4474; baseline 0.001 -22"><span class='ocrx_word' id='word_1_636' title='bbox 633 4409 659 4435; x_wconf 68' lang='grc' dir='ltr'><strong><em>ιι</em></strong></span> <span class='ocrx_word' id='word_1_637' title='bbox 695 4395 863 4474; x_wconf 69' lang='lat' dir='ltr'><strong><em>liujus</em></strong></span> <span class='ocrx_word' id='word_1_638' title='bbox 903 4394 1170 4450; x_wconf 91' lang='lat' dir='ltr'><strong><em>unctionis</em></strong></span> <span class='ocrx_word' id='word_1_639' title='bbox 1216 4395 1272 4452; x_wconf 89' lang='lat' dir='ltr'><strong><em>in</em></strong></span> <span class='ocrx_word' id='word_1_640' title='bbox 1319 4394 1506 4454; x_wconf 86' lang='lat' dir='ltr'><strong><em>libello</em></strong></span> <span class='ocrx_word' id='word_1_641' title='bbox 1535 4395 1598 4450; x_wconf 87' lang='lat' dir='ltr'><strong><em>de</em></strong></span> <span class='ocrx_word' id='word_1_642' title='bbox 1640 4397 1905 4467; x_wconf 79' lang='lat' dir='ltr'><strong><em>Mysteriis</em></strong></span> <span class='ocrx_word' id='word_1_643' title='bbox 1955 4415 2059 4454; x_wconf 88' lang='lat' dir='ltr'><strong><em>non</em></strong></span> <span class='ocrx_word' id='word_1_644' title='bbox 2107 4400 2164 4456; x_wconf 83' lang='lat' dir='ltr'><strong><em>tit</em></strong></span> <span class='ocrx_word' id='word_1_645' title='bbox 2191 4367 2242 4428; x_wconf 65' lang='grc' dir='ltr'>υ</span> <span class='ocrx_word' id='word_1_646' title='bbox 2268 4407 2482 4462; x_wconf 72' lang='lat' dir='ltr'><strong><em>visione</em></strong></span> <span class='ocrx_word' id='word_1_647' title='bbox 2515 4403 2895 4473; x_wconf 69' lang='lat' dir='ltr'><strong><em>expellendum</em></strong></span> <span class='ocrx_word' id='word_1_648' title='bbox 2934 4413 3146 4459; x_wconf 78' lang='lat' dir='ltr'><strong><em>censuit</em></strong></span> <span class='ocrx_word' id='word_1_649' title='bbox 3171 4421 3182 4456; x_wconf 92' lang='lat'><strong><em>:</em></strong></span> <span class='ocrx_word' id='word_1_650' title='bbox 3211 4403 3455 4474; x_wconf 71' lang='lat' dir='ltr'><strong><em>cognitio</em></strong></span> <span class='ocrx_word' id='word_1_651' title='bbox 3477 4416 3606 4459; x_wconf 81' lang='lat' dir='ltr'><strong><em>vero</em></strong></span> <span class='ocrx_word' id='word_1_652' title='bbox 3639 4414 3736 4456; x_wconf 76' lang='lat' dir='ltr'><strong><em>non</em></strong></span> <span class='ocrx_word' id='word_1_653' title='bbox 3759 4394 3841 4452; x_wconf 78' lang='lat' dir='ltr'><strong><em>tle-</em></strong></span> 
     </span>
    </p>
   </div>
   <div class='ocr_carea' id='block_1_90' title="bbox 565 4480 793 4527">
    <p class='ocr_par' dir='ltr' id='par_1_90' title="bbox 565 4480 793 4527">
     <span class='ocr_line' id='line_1_90' title="bbox 565 4480 793 4527; baseline -0.026 0"><span class='ocrx_word' id='word_1_654' title='bbox 565 4480 793 4527; x_wconf 79' lang='lat' dir='ltr'><strong><em>IllCllllO.</em></strong></span> 
     </span>
    </p>
   </div>
   <div class='ocr_carea' id='block_1_91' title="bbox 629 4535 2159 4611">
    <p class='ocr_par' dir='ltr' id='par_1_91' title="bbox 629 4535 2159 4611">
     <span class='ocr_line' id='line_1_91' title="bbox 629 4535 2159 4611; baseline 0.001 -16"><span class='ocrx_word' id='word_1_655' title='bbox 629 4541 655 4580; x_wconf 70' lang='grc' dir='ltr'>δ</span> <span class='ocrx_word' id='word_1_656' title='bbox 677 4540 802 4597; x_wconf 87' lang='lat' dir='ltr'><strong><em>Gill.</em></strong></span> <span class='ocrx_word' id='word_1_657' title='bbox 831 4539 884 4592; x_wconf 89' lang='lat' dir='ltr'><strong><em>in</em></strong></span> <span class='ocrx_word' id='word_1_658' title='bbox 911 4553 1106 4603; x_wconf 72' lang='lat' dir='ltr'><strong><em>marg.,</em></strong></span> <span class='ocrx_word' id='word_1_659' title='bbox 1132 4536 1268 4611; x_wconf 79' lang='lat' dir='ltr'><strong><em>edit.</em></strong></span> <span class='ocrx_word' id='word_1_660' title='bbox 1292 4535 1452 4593; x_wconf 78' lang='lat' dir='ltr'><strong><em>Rom.</em></strong></span> <span class='ocrx_word' id='word_1_661' title='bbox 1476 4537 1532 4591; x_wconf 91' lang='lat' dir='ltr'><strong><em>in</em></strong></span> <span class='ocrx_word' id='word_1_662' title='bbox 1555 4553 1710 4609; x_wconf 91' lang='lat' dir='ltr'><strong><em>corp.</em></strong></span> <span class='ocrx_word' id='word_1_663' title='bbox 1733 4548 1789 4594; x_wconf 90' lang='lat' dir='ltr'><strong><em>et</em></strong></span> <span class='ocrx_word' id='word_1_664' title='bbox 1820 4540 1975 4610; x_wconf 85' lang='lat' dir='ltr'><strong><em>pauci</em></strong></span> <span class='ocrx_word' id='word_1_665' title='bbox 2003 4558 2159 4611; x_wconf 88' lang='lat' dir='ltr'><strong><em>mss.,</em></strong></span> 
     </span>
    </p>
   </div>
   <div class='ocr_carea' id='block_1_92' title="bbox 560 4609 1347 4678">
    <p class='ocr_par' dir='ltr' id='par_1_92' title="bbox 560 4609 1347 4678">
     <span class='ocr_line' id='line_1_92' title="bbox 560 4609 1347 4678; baseline -0.01 -10"><span class='ocrx_word' id='word_1_666' title='bbox 560 4615 798 4668; x_wconf 76' lang='lat' dir='ltr'><strong><em>inerituin</em></strong></span> <span class='ocrx_word' id='word_1_667' title='bbox 830 4611 1028 4678; x_wconf 71' lang='lat' dir='ltr'><strong><em>prtemii</em></strong></span> <span class='ocrx_word' id='word_1_668' title='bbox 1057 4609 1347 4678; x_wconf 80' lang='lat' dir='ltr'><strong><em>colligitur.</em></strong></span> 
     </span>
    </p>
   </div>
   <div class='ocr_carea' id='block_1_93' title="bbox 637 4680 2159 4751">
    <p class='ocr_par' dir='ltr' id='par_1_93' title="bbox 637 4680 2159 4751">
     <span class='ocr_line' id='line_1_93' title="bbox 637 4680 2159 4751; baseline 0.002 -13"><span class='ocrx_word' id='word_1_669' title='bbox 637 4697 657 4722; x_wconf 79' lang='grc' dir='ltr'><em>ε</em></span> <span class='ocrx_word' id='word_1_670' title='bbox 693 4685 766 4739; x_wconf 82' lang='lat' dir='ltr'><strong><em>Ita</em></strong></span> <span class='ocrx_word' id='word_1_671' title='bbox 794 4683 928 4737; x_wconf 89' lang='lat' dir='ltr'><strong><em>edit.</em></strong></span> <span class='ocrx_word' id='word_1_672' title='bbox 962 4681 1092 4737; x_wconf 87' lang='lat' dir='ltr'><strong><em>Gill.</em></strong></span> <span class='ocrx_word' id='word_1_673' title='bbox 1133 4680 1294 4735; x_wconf 79' lang='lat' dir='ltr'><strong><em>Rom.</em></strong></span> <span class='ocrx_word' id='word_1_674' title='bbox 1324 4688 1382 4736; x_wconf 89' lang='lat' dir='ltr'><strong><em>et</em></strong></span> <span class='ocrx_word' id='word_1_675' title='bbox 1409 4695 1541 4738; x_wconf 78' lang='lat' dir='ltr'><strong><em>mss.</em></strong></span> <span class='ocrx_word' id='word_1_676' title='bbox 1576 4680 1759 4749; x_wconf 79' lang='lat' dir='ltr'><strong><em>plures</em></strong></span> <span class='ocrx_word' id='word_1_677' title='bbox 1789 4697 1852 4738; x_wconf 85' lang='lat' dir='ltr'><strong><em>ac</em></strong></span> <span class='ocrx_word' id='word_1_678' title='bbox 1883 4685 2159 4751; x_wconf 86' lang='lat' dir='ltr'><strong><em>potiores:</em></strong></span> 
     </span>
    </p>
   </div>
   <div class='ocr_carea' id='block_1_94' title="bbox 559 4753 2160 4824">
    <p class='ocr_par' dir='ltr' id='par_1_94' title="bbox 559 4753 2160 4824">
     <span class='ocr_line' id='line_1_94' title="bbox 559 4753 2160 4824; baseline 0.001 -14"><span class='ocrx_word' id='word_1_679' title='bbox 559 4765 616 4810; x_wconf 90' lang='lat' dir='ltr'><strong><em>at</em></strong></span> <span class='ocrx_word' id='word_1_680' title='bbox 663 4757 713 4810; x_wconf 90' lang='lat' dir='ltr'><strong><em>in</em></strong></span> <span class='ocrx_word' id='word_1_681' title='bbox 764 4755 989 4821; x_wconf 82' lang='lat' dir='ltr'><strong><em>reliquis</em></strong></span> <span class='ocrx_word' id='word_1_682' title='bbox 1028 4753 1159 4807; x_wconf 90' lang='lat' dir='ltr'><strong><em>edit.</em></strong></span> <span class='ocrx_word' id='word_1_683' title='bbox 1194 4767 1259 4808; x_wconf 88' lang='lat' dir='ltr'><strong><em>ac</em></strong></span> <span class='ocrx_word' id='word_1_684' title='bbox 1298 4766 1430 4807; x_wconf 90' lang='lat' dir='ltr'><strong><em>mss.</em></strong></span> <span class='ocrx_word' id='word_1_685' title='bbox 1466 4753 1815 4822; x_wconf 83' lang='lat' dir='ltr'><strong><em>omittuntur,</em></strong></span> <span class='ocrx_word' id='word_1_686' title='bbox 1856 4755 1900 4809; x_wconf 90' lang='lat' dir='ltr'><strong><em>si</em></strong></span> <span class='ocrx_word' id='word_1_687' title='bbox 1931 4772 2160 4824; x_wconf 85' lang='lat' dir='ltr'><strong><em>recusas,</em></strong></span> 
     </span>
    </p>
   </div>
   <div class='ocr_carea' id='block_1_95' title="bbox 564 4826 1072 4898">
    <p class='ocr_par' dir='ltr' id='par_1_95' title="bbox 564 4826 1072 4898">
     <span class='ocr_line' id='line_1_95' title="bbox 564 4826 1072 4898; baseline -0.01 -17"><span class='ocrx_word' id='word_1_688' title='bbox 564 4827 720 4898; x_wconf 17' lang='lat' dir='ltr'><strong><em>vadis,</em></strong></span> <span class='ocrx_word' id='word_1_689' title='bbox 738 4827 805 4880; x_wconf 89' lang='lat' dir='ltr'><strong><em>ad</em></strong></span> <span class='ocrx_word' id='word_1_690' title='bbox 819 4826 1072 4898; x_wconf 76' lang='lat' dir='ltr'><strong><em>judicent.</em></strong></span> 
     </span>
    </p>
   </div>
   <div class='ocr_carea' id='block_1_96' title="bbox 633 4892 2161 4978">
    <p class='ocr_par' dir='ltr' id='par_1_96' title="bbox 633 4892 2161 4978">
     <span class='ocr_line' id='line_1_96' title="bbox 633 4892 2161 4978; baseline 0 -24"><span class='ocrx_word' id='word_1_691' title='bbox 633 4896 661 4938; x_wconf 73' lang='grc' dir='ltr'>ἀ</span> <span class='ocrx_word' id='word_1_692' title='bbox 691 4892 834 4978; x_wconf 58' lang='lat' dir='ltr'><strong><em>Cod:</em></strong></span> <span class='ocrx_word' id='word_1_693' title='bbox 856 4896 1004 4953; x_wconf 88' lang='lat' dir='ltr'><strong><em>Clar.</em></strong></span> <span class='ocrx_word' id='word_1_694' title='bbox 1033 4914 1048 4951; x_wconf 89' lang='lat'><strong><em>:</em></strong></span> <span class='ocrx_word' id='word_1_695' title='bbox 1081 4894 1290 4967; x_wconf 83' lang='lat' dir='ltr'><strong><em>Accipe,</em></strong></span> <span class='ocrx_word' id='word_1_696' title='bbox 1320 4892 1560 4968; x_wconf 79' lang='lat' dir='ltr'><strong><em>Baptista</em></strong></span> <span class='ocrx_word' id='word_1_697' title='bbox 1609 4906 1719 4952; x_wconf 83' lang='lat' dir='ltr'><strong><em>erat</em></strong></span> <span class='ocrx_word' id='word_1_698' title='bbox 1745 4896 1979 4954; x_wconf 79' lang='lat' dir='ltr'><strong><em>Joannes</em></strong></span> <span class='ocrx_word' id='word_1_699' title='bbox 2009 4908 2161 4954; x_wconf 86' lang='lat' dir='ltr'><strong><em>natus</em></strong></span> 
     </span>
    </p>
   </div>
   <div class='ocr_carea' id='block_1_97' title="bbox 562 4986 783 5026">
    <p class='ocr_par' dir='ltr' id='par_1_97' title="bbox 562 4986 783 5026">
     <span class='ocr_line' id='line_1_97' title="bbox 562 4986 783 5026; baseline 0.005 -1"><span class='ocrx_word' id='word_1_700' title='bbox 562 4986 625 5025; x_wconf 84' lang='lat' dir='ltr'><strong><em>ea:</em></strong></span> <span class='ocrx_word' id='word_1_701' title='bbox 656 4986 783 5026; x_wconf 79' lang='lat' dir='ltr'><strong><em>viro.</em></strong></span> 
     </span>
    </p>
   </div>
   <div class='ocr_carea' id='block_1_98' title="bbox 635 5038 2158 5114">
    <p class='ocr_par' dir='ltr' id='par_1_98' title="bbox 635 5038 2158 5114">
     <span class='ocr_line' id='line_1_98' title="bbox 635 5038 2158 5114; baseline 0.001 -19"><span class='ocrx_word' id='word_1_702' title='bbox 635 5051 658 5077; x_wconf 76' lang='grc' dir='ltr'>ε</span> <span class='ocrx_word' id='word_1_703' title='bbox 689 5041 819 5096; x_wconf 80' lang='lat' dir='ltr'><strong><em>Mss.</em></strong></span> <span class='ocrx_word' id='word_1_704' title='bbox 869 5039 1139 5114; x_wconf 83' lang='lat' dir='ltr'><strong><em>plerique,</em></strong></span> <span class='ocrx_word' id='word_1_705' title='bbox 1196 5038 1483 5114; x_wconf 73' lang='lat' dir='ltr'><strong><em>Malae/tie!</em></strong></span> <span class='ocrx_word' id='word_1_706' title='bbox 1506 5057 1534 5114; x_wconf 12' lang='lat'><strong><em>:7</em></strong></span> <span class='ocrx_word' id='word_1_707' title='bbox 1569 5041 1786 5114; x_wconf 86' lang='lat' dir='ltr'><strong><em>quidam</em></strong></span> <span class='ocrx_word' id='word_1_708' title='bbox 1815 5044 1979 5102; x_wconf 81' lang='lat' dir='ltr'><strong><em>etiam</em></strong></span> <span class='ocrx_word' id='word_1_709' title='bbox 2011 5082 2027 5109; x_wconf 88' lang='lat'><strong><em>,</em></strong></span> <span class='ocrx_word' id='word_1_710' title='bbox 2061 5041 2158 5098; x_wconf 82' lang='lat' dir='ltr'><strong><em>sed</em></strong></span> 
     </span>
    </p>
   </div>
   <div class='ocr_carea' id='block_1_99' title="bbox 560 5113 1832 5182">
    <p class='ocr_par' dir='ltr' id='par_1_99' title="bbox 560 5113 1832 5182">
     <span class='ocr_line' id='line_1_99' title="bbox 560 5113 1832 5182; baseline 0.001 -16"><span class='ocrx_word' id='word_1_711' title='bbox 560 5113 896 5168; x_wconf 82' lang='lat' dir='ltr'><strong><em>recentiores</em></strong></span> <span class='ocrx_word' id='word_1_712' title='bbox 925 5113 1124 5179; x_wconf 81' lang='lat' dir='ltr'><strong><em>legunt,</em></strong></span> <span class='ocrx_word' id='word_1_713' title='bbox 1153 5113 1226 5165; x_wconf 83' lang='lat' dir='ltr'><strong><em>ait</em></strong></span> <span class='ocrx_word' id='word_1_714' title='bbox 1251 5113 1536 5167; x_wconf 76' lang='lat' dir='ltr'><strong><em>Malae/tie!</em></strong></span> <span class='ocrx_word' id='word_1_715' title='bbox 1563 5113 1832 5182; x_wconf 74' lang='lat' dir='ltr'><strong><em>propheta.</em></strong></span> 
     </span>
    </p>
   </div>
   <div class='ocr_carea' id='block_1_100' title="bbox 639 5181 1803 5255">
    <p class='ocr_par' dir='ltr' id='par_1_100' title="bbox 639 5181 1803 5255">
     <span class='ocr_line' id='line_1_100' title="bbox 639 5181 1803 5255; baseline 0.002 -17"><span class='ocrx_word' id='word_1_716' title='bbox 639 5181 657 5222; x_wconf 72' lang='grc' dir='ltr'><strong>ί</strong></span> <span class='ocrx_word' id='word_1_717' title='bbox 692 5184 948 5249; x_wconf 62' lang='lat' dir='ltr'><strong><em>Qua-dam</em></strong></span> <span class='ocrx_word' id='word_1_718' title='bbox 982 5184 1144 5250; x_wconf 74' lang='lat' dir='ltr'><strong><em>edit...</em></strong></span> <span class='ocrx_word' id='word_1_719' title='bbox 1173 5193 1227 5236; x_wconf 85' lang='lat' dir='ltr'><strong><em>ut</em></strong></span> <span class='ocrx_word' id='word_1_720' title='bbox 1257 5184 1536 5255; x_wconf 76' lang='lat' dir='ltr'><strong><em>sacerdotii</em></strong></span> <span class='ocrx_word' id='word_1_721' title='bbox 1560 5185 1803 5255; x_wconf 82' lang='lat' dir='ltr'><strong><em>gloriam.</em></strong></span> 
     </span>
    </p>
   </div>
   <div class='ocr_carea' id='block_1_101' title="bbox 637 5253 2156 5326">
    <p class='ocr_par' dir='ltr' id='par_1_101' title="bbox 637 5253 2156 5326">
     <span class='ocr_line' id='line_1_101' title="bbox 637 5253 2156 5326; baseline 0.003 -18"><span class='ocrx_word' id='word_1_722' title='bbox 637 5264 661 5300; x_wconf 73' lang='grc' dir='ltr'>ες</span> <span class='ocrx_word' id='word_1_723' title='bbox 688 5255 907 5322; x_wconf 73' lang='lat' dir='ltr'><strong><em>Quaeres</em></strong></span> <span class='ocrx_word' id='word_1_724' title='bbox 938 5269 1061 5309; x_wconf 92' lang='lat' dir='ltr'><strong><em>cum</em></strong></span> <span class='ocrx_word' id='word_1_725' title='bbox 1108 5256 1272 5310; x_wconf 80' lang='lat' dir='ltr'><strong><em>[leum</em></strong></span> <span class='ocrx_word' id='word_1_726' title='bbox 1308 5271 1403 5326; x_wconf 88' lang='lat' dir='ltr'><strong><em>per</em></strong></span> <span class='ocrx_word' id='word_1_727' title='bbox 1434 5253 1599 5308; x_wconf 81' lang='lat' dir='ltr'><strong><em>fidem</em></strong></span> <span class='ocrx_word' id='word_1_728' title='bbox 1641 5255 1873 5313; x_wconf 84' lang='lat' dir='ltr'><strong><em>obscure</em></strong></span> <span class='ocrx_word' id='word_1_729' title='bbox 1921 5264 2156 5320; x_wconf 85' lang='lat' dir='ltr'><strong><em>tantum,</em></strong></span> 
     </span>
    </p>
   </div>
   <div class='ocr_carea' id='block_1_102' title="bbox 561 5326 2159 5396">
    <p class='ocr_par' dir='ltr' id='par_1_102' title="bbox 561 5326 2159 5396">
     <span class='ocr_line' id='line_1_102' title="bbox 561 5326 2159 5396; baseline 0.004 -20"><span class='ocrx_word' id='word_1_730' title='bbox 561 5334 746 5392; x_wconf 85' lang='lat' dir='ltr'><strong><em>atque,</em></strong></span> <span class='ocrx_word' id='word_1_731' title='bbox 779 5336 834 5379; x_wconf 90' lang='lat' dir='ltr'><strong><em>ut</em></strong></span> <span class='ocrx_word' id='word_1_732' title='bbox 863 5326 1065 5396; x_wconf 85' lang='lat' dir='ltr'><strong><em>Paulus</em></strong></span> <span class='ocrx_word' id='word_1_733' title='bbox 1094 5326 1349 5395; x_wconf 88' lang='lat' dir='ltr'><strong><em>loquitur,</em></strong></span> <span class='ocrx_word' id='word_1_734' title='bbox 1381 5341 1444 5379; x_wconf 80' lang='lat' dir='ltr'><strong><em>ea:</em></strong></span> <span class='ocrx_word' id='word_1_735' title='bbox 1467 5335 1613 5394; x_wconf 88' lang='lat' dir='ltr'><strong><em>parte</em></strong></span> <span class='ocrx_word' id='word_1_736' title='bbox 1641 5342 2032 5396; x_wconf 84' lang='lat' dir='ltr'><strong><em>cognoscamus,</em></strong></span> <span class='ocrx_word' id='word_1_737' title='bbox 2057 5342 2159 5382; x_wconf 88' lang='lat' dir='ltr'><strong><em>nec</em></strong></span> 
     </span>
    </p>
   </div>
   <div class='ocr_carea' id='block_1_103' title="bbox 559 5395 2158 5466">
    <p class='ocr_par' dir='ltr' id='par_1_103' title="bbox 559 5395 2158 5466">
     <span class='ocr_line' id='line_1_103' title="bbox 559 5395 2158 5466; baseline 0.001 -17"><span class='ocrx_word' id='word_1_738' title='bbox 559 5411 665 5452; x_wconf 86' lang='lat' dir='ltr'><strong><em>nun</em></strong></span> <span class='ocrx_word' id='word_1_739' title='bbox 699 5411 764 5451; x_wconf 82' lang='lat' dir='ltr'><strong><em>ex</em></strong></span> <span class='ocrx_word' id='word_1_740' title='bbox 812 5397 1000 5451; x_wconf 91' lang='lat' dir='ltr'><strong><em>eodem</em></strong></span> <span class='ocrx_word' id='word_1_741' title='bbox 1022 5395 1304 5466; x_wconf 75' lang='lat' dir='ltr'><strong><em>&#39;Apostolo</em></strong></span> <span class='ocrx_word' id='word_1_742' title='bbox 1333 5397 1586 5454; x_wconf 85' lang='lat' dir='ltr'><strong><em>evacuari</em></strong></span> <span class='ocrx_word' id='word_1_743' title='bbox 1643 5395 1894 5464; x_wconf 73' lang='lat' dir='ltr'><strong><em>oporteat</em></strong></span> <span class='ocrx_word' id='word_1_744' title='bbox 1923 5399 2061 5466; x_wconf 84' lang='lat' dir='ltr'><strong><em>quod</em></strong></span> <span class='ocrx_word' id='word_1_745' title='bbox 2092 5415 2158 5455; x_wconf 74' lang='lat' dir='ltr'><strong><em>ea:</em></strong></span> 
     </span>
    </p>
   </div>
   <div class='ocr_carea' id='block_1_104' title="bbox 563 5467 2154 5539">
    <p class='ocr_par' dir='ltr' id='par_1_104' title="bbox 563 5467 2154 5539">
     <span class='ocr_line' id='line_1_104' title="bbox 563 5467 2154 5539; baseline 0.004 -22"><span class='ocrx_word' id='word_1_746' title='bbox 563 5477 708 5539; x_wconf 77' lang='lat' dir='ltr'><strong><em>parte</em></strong></span> <span class='ocrx_word' id='word_1_747' title='bbox 739 5476 850 5539; x_wconf 86' lang='lat' dir='ltr'><strong><em>est;</em></strong></span> <span class='ocrx_word' id='word_1_748' title='bbox 874 5467 1152 5539; x_wconf 83' lang='lat' dir='ltr'><strong><em>quomodo</em></strong></span> <span class='ocrx_word' id='word_1_749' title='bbox 1179 5468 1313 5524; x_wconf 83' lang='lat' dir='ltr'><strong><em>ﬁdes</em></strong></span> <span class='ocrx_word' id='word_1_750' title='bbox 1344 5478 1611 5539; x_wconf 60' lang='lat' dir='ltr'><strong><em>alternum</em></strong></span> <span class='ocrx_word' id='word_1_751' title='bbox 1643 5467 1857 5524; x_wconf 87' lang='lat' dir='ltr'><strong><em>dicatur</em></strong></span> <span class='ocrx_word' id='word_1_752' title='bbox 1888 5471 2154 5539; x_wconf 84' lang='lat' dir='ltr'><strong><em>patrimo-</em></strong></span> 
     </span>
    </p>
   </div>
   <div class='ocr_carea' id='block_1_105' title="bbox 563 5537 2156 5612">
    <p class='ocr_par' dir='ltr' id='par_1_105' title="bbox 563 5537 2156 5612">
     <span class='ocr_line' id='line_1_105' title="bbox 563 5537 2156 5612; baseline 0.005 -24"><span class='ocrx_word' id='word_1_753' title='bbox 563 5537 756 5612; x_wconf 81' lang='lat' dir='ltr'><strong><em>nium?</em></strong></span> <span class='ocrx_word' id='word_1_754' title='bbox 786 5537 888 5612; x_wconf 84' lang='lat' dir='ltr'><strong><em>Sed</em></strong></span> <span class='ocrx_word' id='word_1_755' title='bbox 920 5539 1170 5612; x_wconf 71' lang='lat' dir='ltr'><strong><em>expedita</em></strong></span> <span class='ocrx_word' id='word_1_756' title='bbox 1198 5549 1282 5596; x_wconf 80' lang='lat' dir='ltr'><strong><em>est</em></strong></span> <span class='ocrx_word' id='word_1_757' title='bbox 1303 5537 1609 5612; x_wconf 77' lang='lat' dir='ltr'><strong><em>responsio.</em></strong></span> <span class='ocrx_word' id='word_1_758' title='bbox 1643 5539 1856 5612; x_wconf 81' lang='lat' dir='ltr'><strong><em>Etenim</em></strong></span> <span class='ocrx_word' id='word_1_759' title='bbox 1886 5537 1994 5598; x_wconf 79' lang='lat' dir='ltr'><strong><em>duo</em></strong></span> <span class='ocrx_word' id='word_1_760' title='bbox 2021 5540 2156 5612; x_wconf 54' lang='lat' dir='ltr'><strong><em>(“cs</em></strong></span> 
     </span>
    </p>
   </div>
   <div class='ocr_carea' id='block_1_106' title="bbox 563 5607 2155 5685">
    <p class='ocr_par' dir='ltr' id='par_1_106' title="bbox 563 5607 2155 5685">
     <span class='ocr_line' id='line_1_106' title="bbox 563 5607 2155 5685; baseline 0.007 -27"><span class='ocrx_word' id='word_1_761' title='bbox 563 5607 614 5658; x_wconf 91' lang='lat' dir='ltr'><strong><em>in</em></strong></span> <span class='ocrx_word' id='word_1_762' title='bbox 639 5623 706 5685; x_wconf 78' lang='lat' dir='ltr'><strong><em>se</em></strong></span> <span class='ocrx_word' id='word_1_763' title='bbox 731 5607 1008 5675; x_wconf 74' lang='lat' dir='ltr'><strong><em>continet,</em></strong></span> <span class='ocrx_word' id='word_1_764' title='bbox 1041 5607 1412 5685; x_wconf 79' lang='lat' dir='ltr'><strong><em>cognitionem</em></strong></span> <span class='ocrx_word' id='word_1_765' title='bbox 1440 5618 1498 5664; x_wconf 91' lang='lat' dir='ltr'><strong><em>et</em></strong></span> <span class='ocrx_word' id='word_1_766' title='bbox 1523 5607 1951 5685; x_wconf 78' lang='lat' dir='ltr'><strong><em>_obscuritatem.</em></strong></span> <span class='ocrx_word' id='word_1_767' title='bbox 2006 5611 2155 5669; x_wconf 77' lang='lat' dir='ltr'><strong><em>Hanc</em></strong></span> 
     </span>
    </p>
   </div>
   <div class='ocr_carea' id='block_1_107' title="bbox 562 5677 2150 5752">
    <p class='ocr_par' dir='ltr' id='par_1_107' title="bbox 562 5677 2150 5752">
     <span class='ocr_line' id='line_1_107' title="bbox 562 5677 2150 5752; baseline 0.006 -23"><span class='ocrx_word' id='word_1_768' title='bbox 562 5677 782 5745; x_wconf 79' lang='lat' dir='ltr'><strong><em>quidem</em></strong></span> <span class='ocrx_word' id='word_1_769' title='bbox 809 5677 1227 5747; x_wconf 77' lang='lat' dir='ltr'><strong><em>superveniente</em></strong></span> <span class='ocrx_word' id='word_1_770' title='bbox 1249 5682 1396 5736; x_wconf 88' lang='lat' dir='ltr'><strong><em>clara</em></strong></span> <span class='ocrx_word' id='word_1_771' title='bbox 1424 5687 1481 5736; x_wconf 89' lang='lat' dir='ltr'><strong><em>et</em></strong></span> <span class='ocrx_word' id='word_1_772' title='bbox 1520 5679 1796 5752; x_wconf 80' lang='lat' dir='ltr'><strong><em>intuitiva,</em></strong></span> <span class='ocrx_word' id='word_1_773' title='bbox 1829 5692 1887 5739; x_wconf 89' lang='lat' dir='ltr'><strong><em>ut</em></strong></span> <span class='ocrx_word' id='word_1_774' title='bbox 1916 5691 2113 5739; x_wconf 86' lang='lat' dir='ltr'><strong><em>vocant</em></strong></span> <span class='ocrx_word' id='word_1_775' title='bbox 2136 5723 2150 5750; x_wconf 95' lang='lat'><strong><em>,</em></strong></span> 
     </span>
    </p>
   </div>
   <div class='ocr_carea' id='block_1_108' title="bbox 2266 4476 3836 4546">
    <p class='ocr_par' dir='ltr' id='par_1_108' title="bbox 2266 4476 3836 4546">
     <span class='ocr_line' id='line_1_108' title="bbox 2266 4476 3836 4546; baseline -0.005 -16"><span class='ocrx_word' id='word_1_776' title='bbox 2266 4485 2531 4543; x_wconf 89' lang='lat' dir='ltr'><strong><em>struetur,</em></strong></span> <span class='ocrx_word' id='word_1_777' title='bbox 2564 4476 2659 4531; x_wconf 90' lang='lat' dir='ltr'><strong><em>sed</em></strong></span> <span class='ocrx_word' id='word_1_778' title='bbox 2704 4476 2924 4531; x_wconf 88' lang='lat' dir='ltr'><strong><em>luminis</em></strong></span> <span class='ocrx_word' id='word_1_779' title='bbox 2973 4476 3208 4531; x_wconf 86' lang='lat' dir='ltr'><strong><em>heatiﬁci</em></strong></span> <span class='ocrx_word' id='word_1_780' title='bbox 3257 4476 3570 4546; x_wconf 83' lang='lat' dir='ltr'><strong><em>perﬁcietur</em></strong></span> <span class='ocrx_word' id='word_1_781' title='bbox 3603 4483 3836 4546; x_wconf 67' lang='lat' dir='ltr'><strong><em>accessu;</em></strong></span> 
     </span>
    </p>
   </div>
   <div class='ocr_carea' id='block_1_109' title="bbox 2269 4543 3838 4628">
    <p class='ocr_par' dir='ltr' id='par_1_109' title="bbox 2269 4543 3838 4628">
     <span class='ocr_line' id='line_1_109' title="bbox 2269 4543 3838 4628; baseline -0.008 -25"><span class='ocrx_word' id='word_1_782' title='bbox 2269 4549 2410 4628; x_wconf 83' lang='lat' dir='ltr'><strong><em>quod</em></strong></span> <span class='ocrx_word' id='word_1_783' title='bbox 2439 4548 2588 4617; x_wconf 90' lang='lat' dir='ltr'><strong><em>pueri</em></strong></span> <span class='ocrx_word' id='word_1_784' title='bbox 2605 4547 2712 4628; x_wconf 42' lang='lat' dir='ltr'><strong><em>‘qui</em></strong></span> <span class='ocrx_word' id='word_1_785' title='bbox 2741 4547 3018 4617; x_wconf 84' lang='lat' dir='ltr'><strong><em>dissipatis</em></strong></span> <span class='ocrx_word' id='word_1_786' title='bbox 3041 4543 3290 4628; x_wconf 66' lang='lat' dir='ltr'><strong><em>pueritia:</em></strong></span> <span class='ocrx_word' id='word_1_787' title='bbox 3318 4545 3492 4628; x_wconf 72' lang='lat' dir='ltr'><strong><em>vitiis,</em></strong></span> <span class='ocrx_word' id='word_1_788' title='bbox 3520 4543 3713 4628; x_wconf 64' lang='lat' dir='ltr'><strong><em>virilem</em></strong></span> <span class='ocrx_word' id='word_1_789' title='bbox 3735 4554 3838 4628; x_wconf 67' lang='lat' dir='ltr'><strong><em>per-</em></strong></span> 
     </span>
    </p>
   </div>
   <div class='ocr_carea' id='block_1_110' title="bbox 2268 4615 3837 4688">
    <p class='ocr_par' dir='ltr' id='par_1_110' title="bbox 2268 4615 3837 4688">
     <span class='ocr_line' id='line_1_110' title="bbox 2268 4615 3837 4688; baseline -0.008 -13"><span class='ocrx_word' id='word_1_790' title='bbox 2268 4615 2560 4677; x_wconf 81' lang='lat' dir='ltr'><strong><em>fectionem</em></strong></span> <span class='ocrx_word' id='word_1_791' title='bbox 2589 4615 2810 4672; x_wconf 86' lang='lat' dir='ltr'><strong><em>demum</em></strong></span> <span class='ocrx_word' id='word_1_792' title='bbox 2841 4615 3164 4688; x_wconf 82' lang='lat' dir='ltr'><strong><em>assequitur,</em></strong></span> <span class='ocrx_word' id='word_1_793' title='bbox 3190 4617 3499 4684; x_wconf 83' lang='lat' dir='ltr'><strong><em>exemplum</em></strong></span> <span class='ocrx_word' id='word_1_794' title='bbox 3525 4615 3732 4688; x_wconf 80' lang='lat' dir='ltr'><strong><em>ibidem,</em></strong></span> <span class='ocrx_word' id='word_1_795' title='bbox 3766 4615 3837 4664; x_wconf 86' lang='lat' dir='ltr'><strong><em>tti-</em></strong></span> 
     </span>
    </p>
   </div>
   <div class='ocr_carea' id='block_1_111' title="bbox 2265 4686 3765 4762">
    <p class='ocr_par' dir='ltr' id='par_1_111' title="bbox 2265 4686 3765 4762">
     <span class='ocr_line' id='line_1_111' title="bbox 2265 4686 3765 4762; baseline -0.007 -15"><span class='ocrx_word' id='word_1_796' title='bbox 2265 4693 2464 4748; x_wconf 88' lang='lat' dir='ltr'><strong><em>mirum</em></strong></span> <span class='ocrx_word' id='word_1_797' title='bbox 2495 4690 2514 4744; x_wconf 94' lang='lat' dir='ltr'><strong>I</strong></span> <span class='ocrx_word' id='word_1_798' title='bbox 2542 4689 2669 4762; x_wconf 77' lang='lat' dir='ltr'><strong><em>Ger.</em></strong></span> <span class='ocrx_word' id='word_1_799' title='bbox 2703 4705 2800 4744; x_wconf 69' lang='lat' dir='ltr'><strong><em>xm</em></strong></span> <span class='ocrx_word' id='word_1_800' title='bbox 2833 4686 3196 4760; x_wconf 82' lang='lat' dir='ltr'><strong><em>propositum,</em></strong></span> <span class='ocrx_word' id='word_1_801' title='bbox 3227 4690 3365 4762; x_wconf 60' lang='lat' dir='ltr'><strong><em>satis</em></strong></span> <span class='ocrx_word' id='word_1_802' title='bbox 3389 4686 3665 4762; x_wconf 43' lang='lat' dir='ltr'><strong><em>ostendit.&quot;</em></strong></span> <span class='ocrx_word' id='word_1_803' title='bbox 3741 4752 3765 4762; x_wconf 16' lang='grc' dir='ltr'><strong><em>Α.</em></strong></span> 
     </span>
    </p>
   </div>
   <div class='ocr_carea' id='block_1_112' title="bbox 2337 4755 3838 4830">
    <p class='ocr_par' dir='ltr' id='par_1_112' title="bbox 2337 4755 3838 4830">
     <span class='ocr_line' id='line_1_112' title="bbox 2337 4755 3838 4830; baseline -0.001 -14"><span class='ocrx_word' id='word_1_804' title='bbox 2337 4761 2361 4799; x_wconf 81' lang='grc' dir='ltr'><strong><em>ιι</em></strong></span> <span class='ocrx_word' id='word_1_805' title='bbox 2392 4762 2516 4817; x_wconf 83' lang='lat' dir='ltr'><strong><em>Vet.</em></strong></span> <span class='ocrx_word' id='word_1_806' title='bbox 2542 4761 2675 4817; x_wconf 90' lang='lat' dir='ltr'><strong><em>edit.</em></strong></span> <span class='ocrx_word' id='word_1_807' title='bbox 2701 4773 2755 4816; x_wconf 92' lang='lat' dir='ltr'><strong><em>et</em></strong></span> <span class='ocrx_word' id='word_1_808' title='bbox 2787 4755 2916 4816; x_wconf 70' lang='lat' dir='ltr'><strong><em>mss.</em></strong></span> <span class='ocrx_word' id='word_1_809' title='bbox 2939 4755 3060 4814; x_wconf 53' lang='lat' dir='ltr'><strong><em>&#39;non</em></strong></span> <span class='ocrx_word' id='word_1_810' title='bbox 3091 4759 3270 4830; x_wconf 85' lang='lat' dir='ltr'><strong><em>pauci,</em></strong></span> <span class='ocrx_word' id='word_1_811' title='bbox 3297 4758 3607 4830; x_wconf 79' lang='lat' dir='ltr'><strong><em>Promiseris</em></strong></span> <span class='ocrx_word' id='word_1_812' title='bbox 3629 4755 3838 4830; x_wconf 60' lang='lat' dir='ltr'><strong><em>(lautior.</em></strong></span> 
     </span>
    </p>
   </div>
   <div class='ocr_carea' id='block_1_113' title="bbox 2262 4828 3834 4903">
    <p class='ocr_par' dir='ltr' id='par_1_113' title="bbox 2262 4828 3834 4903">
     <span class='ocr_line' id='line_1_113' title="bbox 2262 4828 3834 4903; baseline -0.009 -15"><span class='ocrx_word' id='word_1_813' title='bbox 2262 4836 2307 4888; x_wconf 85' lang='lat' dir='ltr'><strong><em>si</em></strong></span> <span class='ocrx_word' id='word_1_814' title='bbox 2335 4845 2546 4896; x_wconf 85' lang='lat' dir='ltr'><strong><em>teneas;</em></strong></span> <span class='ocrx_word' id='word_1_815' title='bbox 2577 4832 2766 4898; x_wconf 79' lang='lat' dir='ltr'><strong><em>Rom.,</em></strong></span> <span class='ocrx_word' id='word_1_816' title='bbox 2798 4828 3115 4903; x_wconf 77' lang='lat' dir='ltr'><strong><em>promiseris.</em></strong></span> <span class='ocrx_word' id='word_1_817' title='bbox 3153 4830 3214 4889; x_wconf 89' lang='lat' dir='ltr'><strong><em>Si</em></strong></span> <span class='ocrx_word' id='word_1_818' title='bbox 3257 4841 3429 4886; x_wconf 88' lang='lat' dir='ltr'><strong><em>teneas</em></strong></span> <span class='ocrx_word' id='word_1_819' title='bbox 3455 4848 3472 4896; x_wconf 80' lang='lat'><strong><em>,&#39;</em></strong></span> <span class='ocrx_word' id='word_1_820' title='bbox 3511 4828 3690 4903; x_wconf 79' lang='lat' dir='ltr'><strong><em>reliqui</em></strong></span> <span class='ocrx_word' id='word_1_821' title='bbox 3713 4837 3834 4903; x_wconf 62' lang='lat' dir='ltr'><strong><em>ipss.</em></strong></span> 
     </span>
    </p>
   </div>
   <div class='ocr_carea' id='block_1_114' title="bbox 2262 4895 3833 4973">
    <p class='ocr_par' dir='ltr' id='par_1_114' title="bbox 2262 4895 3833 4973">
     <span class='ocr_line' id='line_1_114' title="bbox 2262 4895 3833 4973; baseline -0.01 -12"><span class='ocrx_word' id='word_1_822' title='bbox 2262 4916 2317 4961; x_wconf 88' lang='lat' dir='ltr'><strong><em>ut</em></strong></span> <span class='ocrx_word' id='word_1_823' title='bbox 2342 4906 2393 4959; x_wconf 92' lang='lat' dir='ltr'><strong><em>in</em></strong></span> <span class='ocrx_word' id='word_1_824' title='bbox 2424 4895 2592 4966; x_wconf 80' lang='lat' dir='ltr'><strong><em>textu,</em></strong></span> <span class='ocrx_word' id='word_1_825' title='bbox 2628 4903 2730 4957; x_wconf 90' lang='lat' dir='ltr'><strong><em>nisi</em></strong></span> <span class='ocrx_word' id='word_1_826' title='bbox 2753 4895 2915 4973; x_wconf 74' lang='lat' dir='ltr'><strong><em>quod</em></strong></span> <span class='ocrx_word' id='word_1_827' title='bbox 2946 4903 3258 4972; x_wconf 89' lang='lat' dir='ltr'><strong><em>conjunctio</em></strong></span> <span class='ocrx_word' id='word_1_828' title='bbox 3288 4911 3334 4956; x_wconf 92' lang='lat' dir='ltr'><strong><em>et</em></strong></span> <span class='ocrx_word' id='word_1_829' title='bbox 3355 4895 3511 4956; x_wconf 84' lang='lat' dir='ltr'><strong><em>abest</em></strong></span> <span class='ocrx_word' id='word_1_830' title='bbox 3540 4895 3833 4973; x_wconf 77' lang='lat' dir='ltr'><strong><em>apluribus.</em></strong></span> 
     </span>
    </p>
   </div>
   <div class='ocr_carea' id='block_1_115' title="bbox 2348 4970 3781 5045">
    <p class='ocr_par' dir='ltr' id='par_1_115' title="bbox 2348 4970 3781 5045">
     <span class='ocr_line' id='line_1_115' title="bbox 2348 4970 3781 5045; baseline -0.01 -15"><span class='ocrx_word' id='word_1_831' title='bbox 2348 4975 2362 5014; x_wconf 83' lang='grc' dir='ltr'><strong>ί</strong></span> <span class='ocrx_word' id='word_1_832' title='bbox 2393 4975 2522 5030; x_wconf 72' lang='lat' dir='ltr'><strong><em>Mss.</em></strong></span> <span class='ocrx_word' id='word_1_833' title='bbox 2553 4970 2928 5044; x_wconf 47' lang='lat' dir='ltr'><strong><em>aliqttot,&#39;qute</em></strong></span> <span class='ocrx_word' id='word_1_834' title='bbox 2955 4970 3260 5045; x_wconf 80' lang='lat' dir='ltr'><strong><em>aperantur,</em></strong></span> <span class='ocrx_word' id='word_1_835' title='bbox 3287 4974 3376 5028; x_wconf 82' lang='lat' dir='ltr'><strong><em>sed</em></strong></span> <span class='ocrx_word' id='word_1_836' title='bbox 3407 4987 3522 5039; x_wconf 75' lang='lat' dir='ltr'><strong><em>qua:</em></strong></span> <span class='ocrx_word' id='word_1_837' title='bbox 3547 4970 3781 5045; x_wconf 65' lang='lat' dir='ltr'><strong><em>ridentur.</em></strong></span> 
     </span>
    </p>
   </div>
   <div class='ocr_carea' id='block_1_116' title="bbox 2338 5041 3832 5113">
    <p class='ocr_par' dir='ltr' id='par_1_116' title="bbox 2338 5041 3832 5113">
     <span class='ocr_line' id='line_1_116' title="bbox 2338 5041 3832 5113; baseline -0.006 -14"><span class='ocrx_word' id='word_1_838' title='bbox 2338 5047 2352 5097; x_wconf 80' lang='grc' dir='ltr'><strong><em>ι</em></strong></span> <span class='ocrx_word' id='word_1_839' title='bbox 2394 5046 2471 5101; x_wconf 90' lang='lat' dir='ltr'><strong><em>lta</em></strong></span> <span class='ocrx_word' id='word_1_840' title='bbox 2500 5041 2892 5113; x_wconf 55' lang='lat' dir='ltr'><strong><em>mssfaliquot</em></strong></span> <span class='ocrx_word' id='word_1_841' title='bbox 2945 5041 3194 5101; x_wconf 85' lang='lat' dir='ltr'><strong><em>melioris</em></strong></span> <span class='ocrx_word' id='word_1_842' title='bbox 3224 5055 3406 5109; x_wconf 73' lang='lat' dir='ltr'><strong><em>notae;</em></strong></span> <span class='ocrx_word' id='word_1_843' title='bbox 3452 5058 3518 5098; x_wconf 80' lang='lat' dir='ltr'><strong><em>ex</em></strong></span> <span class='ocrx_word' id='word_1_844' title='bbox 3543 5041 3729 5112; x_wconf 87' lang='lat' dir='ltr'><strong><em>quibus</em></strong></span> <span class='ocrx_word' id='word_1_845' title='bbox 3765 5046 3832 5092; x_wconf 52' lang='lat' dir='ltr'><strong><em>ta-</em></strong></span> 
     </span>
    </p>
   </div>
   <div class='ocr_carea' id='block_1_117' title="bbox 2259 5113 3832 5189">
    <p class='ocr_par' dir='ltr' id='par_1_117' title="bbox 2259 5113 3832 5189">
     <span class='ocr_line' id='line_1_117' title="bbox 2259 5113 3832 5189; baseline -0.008 -17"><span class='ocrx_word' id='word_1_846' title='bbox 2259 5134 2383 5174; x_wconf 88' lang='lat' dir='ltr'><strong><em>men</em></strong></span> <span class='ocrx_word' id='word_1_847' title='bbox 2415 5117 2652 5173; x_wconf 90' lang='lat' dir='ltr'><strong><em>Clarom.</em></strong></span> <span class='ocrx_word' id='word_1_848' title='bbox 2680 5116 2841 5189; x_wconf 83' lang='lat' dir='ltr'><strong><em>habet</em></strong></span> <span class='ocrx_word' id='word_1_849' title='bbox 2869 5116 3055 5171; x_wconf 83' lang='lat' dir='ltr'><strong><em>deinde</em></strong></span> <span class='ocrx_word' id='word_1_850' title='bbox 3077 5117 3348 5171; x_wconf 85' lang='lat' dir='ltr'><strong><em>sanctitate</em></strong></span> <span class='ocrx_word' id='word_1_851' title='bbox 3377 5113 3672 5186; x_wconf 74' lang='lat' dir='ltr'><strong><em>prwstaiitia</em></strong></span> <span class='ocrx_word' id='word_1_852' title='bbox 3698 5125 3716 5163; x_wconf 91' lang='lat'><strong><em>:</em></strong></span> <span class='ocrx_word' id='word_1_853' title='bbox 3739 5122 3832 5161; x_wconf 54' lang='lat' dir='ltr'><strong><em>cas.</em></strong></span> 
     </span>
    </p>
   </div>
   <div class='ocr_carea' id='block_1_118' title="bbox 2257 5189 3830 5255">
    <p class='ocr_par' dir='ltr' id='par_1_118' title="bbox 2257 5189 3830 5255">
     <span class='ocr_line' id='line_1_118' title="bbox 2257 5189 3830 5255; baseline -0.008 -11"><span class='ocrx_word' id='word_1_854' title='bbox 2257 5192 2359 5244; x_wconf 89' lang='lat' dir='ltr'><strong><em>teri</em></strong></span> <span class='ocrx_word' id='word_1_855' title='bbox 2383 5199 2564 5246; x_wconf 82' lang='lat' dir='ltr'><strong><em>autem</em></strong></span> <span class='ocrx_word' id='word_1_856' title='bbox 2583 5195 2639 5244; x_wconf 89' lang='lat' dir='ltr'><strong><em>et</em></strong></span> <span class='ocrx_word' id='word_1_857' title='bbox 2679 5197 2790 5244; x_wconf 85' lang='lat' dir='ltr'><strong><em>vet.</em></strong></span> <span class='ocrx_word' id='word_1_858' title='bbox 2823 5189 2957 5246; x_wconf 83' lang='lat' dir='ltr'><strong><em>edit.</em></strong></span> <span class='ocrx_word' id='word_1_859' title='bbox 2981 5189 3203 5255; x_wconf 85' lang='lat' dir='ltr'><strong><em>primum</em></strong></span> <span class='ocrx_word' id='word_1_860' title='bbox 3231 5195 3533 5240; x_wconf 83' lang='lat' dir='ltr'><strong><em>vetustatem</em></strong></span> <span class='ocrx_word' id='word_1_861' title='bbox 3561 5193 3830 5238; x_wconf 62' lang='lat' dir='ltr'><strong><em>sacramen-</em></strong></span> 
     </span>
    </p>
   </div>
   <div class='ocr_carea' id='block_1_119' title="bbox 2258 5255 3830 5330">
    <p class='ocr_par' dir='ltr' id='par_1_119' title="bbox 2258 5255 3830 5330">
     <span class='ocr_line' id='line_1_119' title="bbox 2258 5255 3830 5330; baseline -0.006 -16"><span class='ocrx_word' id='word_1_862' title='bbox 2258 5270 2469 5326; x_wconf 86' lang='lat' dir='ltr'><strong><em>torum,</em></strong></span> <span class='ocrx_word' id='word_1_863' title='bbox 2503 5259 2690 5315; x_wconf 83' lang='lat' dir='ltr'><strong><em>deinde</em></strong></span> <span class='ocrx_word' id='word_1_864' title='bbox 2739 5256 3064 5315; x_wconf 76' lang='lat' dir='ltr'><strong><em>sdnctitatem</em></strong></span> <span class='ocrx_word' id='word_1_865' title='bbox 3105 5258 3486 5330; x_wconf 74' lang='lat' dir='ltr'><strong><em>prwstantiuns.</em></strong></span> <span class='ocrx_word' id='word_1_866' title='bbox 3533 5255 3684 5330; x_wconf 81' lang='lat' dir='ltr'><strong><em>Unde</em></strong></span> <span class='ocrx_word' id='word_1_867' title='bbox 3723 5262 3830 5330; x_wconf 76' lang='lat' dir='ltr'><strong><em>eum</em></strong></span> 
     </span>
    </p>
   </div>
   <div class='ocr_carea' id='block_1_120' title="bbox 2258 5322 3825 5400">
    <p class='ocr_par' dir='ltr' id='par_1_120' title="bbox 2258 5322 3825 5400">
     <span class='ocr_line' id='line_1_120' title="bbox 2258 5322 3825 5400; baseline -0.003 -15"><span class='ocrx_word' id='word_1_868' title='bbox 2258 5322 2676 5386; x_wconf 51' lang='lat' dir='ltr'><strong><em>nullus&#39;sensus</em></strong></span> <span class='ocrx_word' id='word_1_869' title='bbox 2725 5332 2956 5400; x_wconf 78' lang='lat' dir='ltr'><strong><em>exprimi</em></strong></span> <span class='ocrx_word' id='word_1_870' title='bbox 2988 5322 3201 5398; x_wconf 76' lang='lat' dir='ltr'><strong><em>posset;</em></strong></span> <span class='ocrx_word' id='word_1_871' title='bbox 3243 5328 3370 5396; x_wconf 88' lang='lat' dir='ltr'><strong><em>quid</em></strong></span> <span class='ocrx_word' id='word_1_872' title='bbox 3397 5330 3544 5400; x_wconf 83' lang='lat' dir='ltr'><strong><em>enim</em></strong></span> <span class='ocrx_word' id='word_1_873' title='bbox 3570 5325 3670 5380; x_wconf 89' lang='lat' dir='ltr'><strong><em>sibi</em></strong></span> <span class='ocrx_word' id='word_1_874' title='bbox 3695 5322 3825 5400; x_wconf 58' lang='lat' dir='ltr'><strong><em>vult.</em></strong></span> 
     </span>
    </p>
   </div>
   <div class='ocr_carea' id='block_1_121' title="bbox 2258 5391 3825 5473">
    <p class='ocr_par' dir='ltr' id='par_1_121' title="bbox 2258 5391 3825 5473">
     <span class='ocr_line' id='line_1_121' title="bbox 2258 5391 3825 5473; baseline -0.006 -18"><span class='ocrx_word' id='word_1_875' title='bbox 2258 5412 2701 5456; x_wconf 80' lang='lat' dir='ltr'><strong><em>sacramentorum</em></strong></span> <span class='ocrx_word' id='word_1_876' title='bbox 2747 5391 3106 5473; x_wconf 63' lang='lat' dir='ltr'><strong><em>prestanliuiti</em></strong></span> <span class='ocrx_word' id='word_1_877' title='bbox 3129 5391 3425 5456; x_wconf 74' lang='lat' dir='ltr'><strong><em>vetustatem</em></strong></span> <span class='ocrx_word' id='word_1_878' title='bbox 3448 5399 3484 5473; x_wconf 85' lang='lat'><strong><em>?_</em></strong></span> <span class='ocrx_word' id='word_1_879' title='bbox 3521 5399 3672 5454; x_wconf 79' lang='lat' dir='ltr'><strong><em>Rom.</em></strong></span> <span class='ocrx_word' id='word_1_880' title='bbox 3710 5391 3825 5448; x_wconf 84' lang='lat' dir='ltr'><strong><em>edit.</em></strong></span> 
     </span>
    </p>
   </div>
   <div class='ocr_carea' id='block_1_122' title="bbox 2259 5471 3828 5542">
    <p class='ocr_par' dir='ltr' id='par_1_122' title="bbox 2259 5471 3828 5542">
     <span class='ocr_line' id='line_1_122' title="bbox 2259 5471 3828 5542; baseline -0.011 -6"><span class='ocrx_word' id='word_1_881' title='bbox 2259 5473 2400 5538; x_wconf 70' lang='grc' dir='ltr'><strong><em>νοεῖ.</em></strong></span> <span class='ocrx_word' id='word_1_882' title='bbox 2431 5471 2792 5542; x_wconf 67' lang='grc' dir='ltr'>ρτιεδιαιιιίιιὶιι</span> <span class='ocrx_word' id='word_1_883' title='bbox 2818 5516 2833 5539; x_wconf 85' lang='grc'>,</span> <span class='ocrx_word' id='word_1_884' title='bbox 2871 5481 3181 5530; x_wconf 77' lang='lat' dir='ltr'><strong><em>attexuerat</em></strong></span> <span class='ocrx_word' id='word_1_885' title='bbox 3217 5485 3407 5529; x_wconf 80' lang='lat' dir='ltr'><strong><em>vocem</em></strong></span> <span class='ocrx_word' id='word_1_886' title='bbox 3437 5471 3697 5528; x_wconf 81' lang='lat' dir='ltr'><strong><em>virtutum,</em></strong></span> <span class='ocrx_word' id='word_1_887' title='bbox 3721 5476 3828 5542; x_wconf 58' lang='lat' dir='ltr'><strong><em>suc:</em></strong></span> 
     </span>
    </p>
   </div>
   <div class='ocr_carea' id='block_1_123' title="bbox 2256 5531 3826 5611">
    <p class='ocr_par' dir='ltr' id='par_1_123' title="bbox 2256 5531 3826 5611">
     <span class='ocr_line' id='line_1_123' title="bbox 2256 5531 3826 5611; baseline -0.01 -13"><span class='ocrx_word' id='word_1_888' title='bbox 2256 5531 2566 5601; x_wconf 68' lang='lat' dir='ltr'><strong><em>cessu&#39;non</em></strong></span> <span class='ocrx_word' id='word_1_889' title='bbox 2615 5543 2788 5601; x_wconf 89' lang='lat' dir='ltr'><strong><em>multo</em></strong></span> <span class='ocrx_word' id='word_1_890' title='bbox 2823 5531 3082 5604; x_wconf 47' lang='lat' dir='ltr'><strong><em>felicioris</em></strong></span> <span class='ocrx_word' id='word_1_891' title='bbox 3114 5543 3527 5611; x_wconf 82' lang='lat' dir='ltr'><strong><em>Consequeuter</em></strong></span> <span class='ocrx_word' id='word_1_892' title='bbox 3553 5549 3723 5593; x_wconf 85' lang='lat' dir='ltr'><strong><em>autem</em></strong></span> <span class='ocrx_word' id='word_1_893' title='bbox 3748 5531 3826 5586; x_wconf 77' lang='lat' dir='ltr'><strong><em>ubi</em></strong></span> 
     </span>
    </p>
   </div>
   <div class='ocr_carea' id='block_1_124' title="bbox 2257 5611 3824 5695">
    <p class='ocr_par' dir='ltr' id='par_1_124' title="bbox 2257 5611 3824 5695">
     <span class='ocr_line' id='line_1_124' title="bbox 2257 5611 3824 5695; baseline -0.001 -28"><span class='ocrx_word' id='word_1_894' title='bbox 2257 5629 2450 5695; x_wconf 73' lang='lat' dir='ltr'><strong><em>oman</em></strong></span> <span class='ocrx_word' id='word_1_895' title='bbox 2477 5613 2611 5672; x_wconf 77' lang='lat' dir='ltr'><strong><em>edit.</em></strong></span> <span class='ocrx_word' id='word_1_896' title='bbox 2641 5616 2898 5684; x_wconf 55' lang='lat' dir='ltr'><strong><em>[taminiae</em></strong></span> <span class='ocrx_word' id='word_1_897' title='bbox 2920 5659 2933 5684; x_wconf 88' lang='lat'><strong><em>,</em></strong></span> <span class='ocrx_word' id='word_1_898' title='bbox 2981 5614 3154 5686; x_wconf 73' lang='lat' dir='ltr'><strong><em>magis</em></strong></span> <span class='ocrx_word' id='word_1_899' title='bbox 3181 5611 3468 5673; x_wconf 76' lang='lat' dir='ltr'><strong><em>seminudo</em></strong></span> <span class='ocrx_word' id='word_1_900' title='bbox 3506 5613 3683 5682; x_wconf 73' lang='lat' dir='ltr'><strong><em>legunt</em></strong></span> 
     </span>
    </p>
   </div>
   <div class='ocr_carea' id='block_1_125' title="bbox 2256 5693 2519 5756">
    <p class='ocr_par' dir='ltr' id='par_1_125' title="bbox 2256 5693 2519 5756">
     <span class='ocr_line' id='line_1_125' title="bbox 2256 5693 2519 5756; baseline -0.008 -14"><span class='ocrx_word' id='word_1_901' title='bbox 2256 5693 2519 5756; x_wconf 82' lang='lat' dir='ltr'><strong><em>promitto.</em></strong></span> 
     </span>
    </p>
   </div>
  </div>
