3952 6178
554 161 690 253 tas?

1917 153 2162 252 SANGTI
2199 167 2548 285 auenosnf

3741 179 3845 274 427i

554 313 903 370 vocationem
938 319 1122 383 postea
1150 317 1207 369 et
1235 323 1453 392 precem
1483 310 1697 389 defert;
1742 320 1802 368 ut
1840 287 2151 370 sanctiﬁce-
2177 313 2231 373 Α
2254 311 2400 382 quod
2423 309 2647 375 evadas,
2674 287 3152 368 nonvmurmurare
3175 330 3189 366 :
3214 311 3486 382 invocare,
3509 327 3719 386 rogare,
3739 287 3832 373 non

559 413 648 461 tur
699 405 858 472 fons,
916 413 971 460 et
1025 404 1167 482 adsit
1212 404 1503 475 praesentia
1555 404 1839 481 Trinitatis
1888 414 2150 461 aeternae:

557 497 808 554 Christus
832 507 1015 553 autem
1043 506 1170 553 ante
1196 496 1500 563 descendit,
1530 507 1754 554 secutus
1779 507 1863 554 est
1892 497 2156 569 Spiritus.

555 590 670 658 Qua
704 589 952 646 ratione?
975 588 1045 646 Ut
1069 605 1174 646 non
1203 589 1360 662 quasi
1383 589 1499 661 ipse
1519 604 1682 661 egere
1709 591 1975 646 Dominus
1994 589 2154 646 Jesus

549 682 999 740 sanctiﬁcationis
1025 685 1289 754 mysterio
1314 683 1594 740 videretur
1621 702 1632 737 :
1663 683 1759 740 sed
1787 681 2156 739 sanctificaret

557 778 696 848 ipse,
723 777 1092 834 sanctiﬁcaret
1121 786 1176 834 et
1199 778 1455 849 Spiritus.
1530 789 1531 792 η
1596 786 1602 796 ι
1659 784 1663 790 -
1728 786 1731 787 ν
1828 793 1830 795 ,
2137 775 2140 777 λ

629 869 718 926 19.
755 870 896 941 Ergo
919 869 1204 926 descendit
1230 870 1284 926 in
1315 885 1508 941 aquam
1533 870 1808 939 Christus,
1840 879 1895 926 et
1919 869 2154 941 Spiritus

554 969 777 1017 sanctus
805 960 949 1017 sicut
973 960 1226 1017 columba
1251 959 1572 1032 descendit(
1583 960 1772 1017 Matth.
1804 977 1886 1030 Ill,
1918 961 2032 1034 16).
2056 961 2157 1017 Pa-

557 1061 642 1108 ter
672 1067 888 1124 quoque
914 1052 1062 1110 Deus
1084 1069 1115 1110 e
1152 1053 1293 1111 coelo
1320 1053 1535 1110 locutus
1563 1063 1668 1111 est.
1702 1054 1882 1112 Habes
1914 1047 2158 1125 praesen-

559 1145 688 1202 tiam
715 1142 1024 1201 Trinitatis.

1176 1259 1416 1354 CAPUT.
1436 1260 1525 1320 Vl.

555 1365 623 1434 In
650 1379 783 1435 mari
809 1375 989 1462 Rubro
1032 1362 1272 1452 baptismi
1310 1382 1532 1454 ﬁguram
1570 1383 1906 1454 prwcessiue,
1929 1383 2155 1454 partium

626 1471 954 1544 singularum
1005 1472 1478 1552 accommodatione
1505 1472 1944 1552 __demonstratur.
2006 1474 2156 1528 Idem

632 1581 832 1636 quoque
853 1565 943 1621 sed
966 1565 1296 1637 paucioribus
1315 1551 1509 1632 uerbis,
1527 1567 1816 1643 ostenditur
1842 1569 1895 1622 in
1918 1568 2154 1640 diluvio;

633 1643 750 1728 post
775 1658 912 1742 quod
943 1657 1178 1742 absoluto
1223 1659 1397 1739 primo.
1419 1675 1672 1728 sermone,
1699 1677 1912 1732 sequens
1936 1661 2153 1734 promit-

629 1751 772 1806 titur.

549 1918 566 1931 ι
624 1886 715 1945 20.
740 1886 797 1943 In
820 1887 953 1943 mari
971 1843 1612 1970 autevauhroﬁguram
1636 1889 1792 1947 istius
1812 1879 2153 1963 baptismatis
2183 1915 2186 1918 ~

541 1979 843 2037 exstitisse
875 1979 954 2035 ait
981 1965 1288 2056 Apostolus.
1333 1966 1563 2037 dicens:
1595 1979 1761 2054 355I
1783 1980 1939 2050 'Quia
1983 1974 2153 2055 patres

555 2072 719 2128 nostri
745 2088 921 2128 omnes
950 2072 1199 2145 baptizati
1234 2083 1355 2129 sunt
1379 2074 1436 2128 in
1465 2074 1600 2130 nube
1620 2086 1668 2130 et
1702 2075 1756 2130 in
1796 2076 1928 2130 mari
1952 2076 2008 2148 (1
2029 2065 2148 2132 Cor.

548 2187 612 2238 vx,
643 2171 697 2238 1,
723 2169 830 2243 2)..
856 2156 1251 2226 Ει-ευιιόἰὰἱιέ
1293 2169 1425 2226 Haec
1470 2179 1641 2226 autem
1673 2171 1856 2250 omnia
1882 2159 1948 2250 in.
1981 2171 2153 2242 ﬁgura

555 2267 694 2334 facta
724 2272 845 2317 sunt
874 2261 980 2318 tua
1001 2261 1196 2335 (una,
1228 2262 1284 2336 6)
1316 2280 1330 2345 ς
1359 2264 1469 2320 illis
1490 2263 1544 2319 in
1572 2263 1766 2345 ﬁgura,
1786 2248 1883 2321 sed
1907 2248 2068 2345 nobis
2097 2255 2150 2322 in

550 2355 1024 2434 veritateaTune
1045 2357 1262 2429 Moyses
1306 2343 1513 2430 virgam
1554 2343 1814 2424 tenebat,
1861 2343 2152 2415 conclusus

548 2455 668 2505 erat
691 2447 924 2519 populus
950 2445 1306 2514 Judaeorum;
1336 2447 1574 2504 instabat
1598 2447 1884 2520 Egyptius
1911 2465 2032 2506 cum
2065 2447 2152 2505 ar;-

550 2541 656 2598 mis
681 2555 748 2616 ex
778 2555 883 2595 una
910 2548 1089 2612 parte,
1109 2550 1149 2601 ,α
1177 2547 1232 2596 et
1260 2555 1328 2596 ex
1359 2541 1534 2618 altera
1560 2551 1716 2611 parte
1758 2543 1894 2598 mari
1924 2543 2150 2599 claude;

549 2633 750 2689 bantur
761 2633 997 2700 Hebrai;
1027 2648 1206 2704 neque
1226 2633 1400 2688 maria
1422 2634 1657 2690 transire
1677 2643 1954 2704 poterant,
1974 2651 2151 2707 neque

549 2727 608 2782 in
636 2725 850 2782 hostem
878 2739 1205 2782 recurrere:
1252 2739 1597 2781 murmurare
1625 2736 1911 2798 cmperunt
1949 2726 2146 2798 (Exod.

551 2817 1094 2890 le,ﬂetseq.).~
1191 2857 1193 2860 .
1273 2851 1276 2856 .
1779 2841 1834 2850 .,
2139 2834 2142 2839 .

545 2945 554 2951 -
621 2909 716 2965 21.
748 2908 908 2976 Vide,
941 2924 1052 2965 non
1084 2917 1138 2967 te
1160 2919 1419 2982 provocet
1449 2911 1574 2983 quia
1594 2912 1835 2970 exauditi
1862 2922 2010 2971 sunt.
2031 2915 2146 2972 Etsi

551 3002 832 3061 exaudivit
849 3003 1133 3072 Dominus,
1159 3014 1340 3061 tamen
1360 3005 1518 3076 culpa
1539 3019 1647 3061 non
1664 3016 1872 3075 carent,
1891 3009 1982 3080 qui
2004 3025 2151 3065 mur-

550 3105 925 3153 muraverunt.
955 3095 1131 3152 Tuum
1168 3106 1256 3154 est
1303 3097 1398 3154 ubi
1440 3098 1836 3170 constringeris
1859 3140 1877 3167 ,
1923 3102 2150 3160 credere
2177 3096 2222 3161 C

548 3235 890 3293 Diversitatis
934 3245 1116 3293 autem
1164 3253 1388 3295 causam
1439 3239 1493 3294 in
1541 3238 1800 3297 adverbio
1852 3242 2141 3298 secundum

544 3308 888 3382 arithmetica
916 3317 1048 3382 nota
1092 3310 1147 3365 in
1183 3309 1306 3382 cod.
1340 3325 1446 3366 non
1477 3311 1671 3382 paucis
1694 3326 1981 3382 perperam
2011 3315 2139 3370 bre-

540 3378 694 3452 yiato
732 3380 891 3435 sitam
922 3381 1091 3436 fuisse
1133 3378 1491 3437 manifestum
1512 3390 1619 3438 est.
1647 3378 1814 3452 Atqui
1855 3385 2142 3439 secundum

544 3448 636 3506 hic
662 3465 839 3524 neque
867 3452 1091 3524 numeri
1110 3466 1287 3524 neque
1314 3448 1872 3524 ordinisadverbium
1905 3465 2012 3524 est,
2043 3456 2140 3524 sed
2189 3509 2192 3513 .

545 3523 884 3597 _tautum_loci
910 3541 924 3578 :
949 3538 1014 3579 ac
1044 3523 1205 3597 plane
1234 3522 1378 3578 idem
1409 3523 1680 3595 signiﬁcat
1705 3539 1770 3580 ac
1799 3522 2004 3597 prope,-
2024 3522 2143 3584 sive

543 3595 600 3666 in
625 3594 897 3666 proximo,
931 3604 991 3650 ut
1020 3596 1171 3666 pueri
1219 3604 1441 3649 norunt.
1469 3594 1532 3651 ’ln
1562 3594 2142 3656 memora’ndis‘autem

541 3663 1142 3735 baptismiceremoniis
1163 3679 1272 3720 non
1296 3681 1516 3736 semper
1528 3683 1652 3723 cum
1667 3667 1910 3724 sacram.
1927 3669 1988 3724 S.
2004 3669 2142 3726 Grc-

543 3738 908 3813 garii,_neque
926 3753 1052 3813 _cum
1071 3736 1296 3809 gotbico
1322 3739 1528 3813 missali
1549 3738 1825 3813 congruit,
1848 3741 1945 3813 sed
1970 3741 2143 3813 magis

542 3809 755 3865 accedit
776 3809 843 3864 ad
867 3809 1090 3865 missale
1115 3819 1270 3879 vetus
1317 3809 1514 3865 Gallic.
1546 3809 1786 3879 itemque
1806 3810 1874 3867 ad
1895 3809 2142 3868 Sacram.

543 3879 708 3953 etiam
736 3880 932 3953 _Gallic.
965 3879 1112 3953 quod,
1147 3877 1585 3953 nobisgvulgavit
1627 3877 1994 3938 Mabillonius.
2028 3885 2143 3953 Qua

544 3947 616 4005 de
648 3965 708 4022 r_e
728 3950 839 4020 jam
875 3947 1203 4022 nos'aliq‘uid
1233 3952 1285 4006 in
1310 3947 1640 4009 Prtefatione
1661 3953 1729 4008 ad
1754 3953 1922 4010 hosce
1953 3947 2142 4011 libros.

617 4029 644 4058 ⁸
673 4020 738 4096 lu.
755 4024 966 4096 cunctis
989 4020 1123 4079 edit.
1149 4032 1207 4079 et
1241 4037 1507 4096 mss._non
1541 4025 1725 4095 paucis
1741 4025 2145 4095 desiderantur,

544 4093 884 4176 desatura
909 4103 1056 4166 parte
1083 4111 1099 4150 :
1124 4109 1246 4165 qua:
1273 4094 1441 4152 verba
1467 4111 1500 4153 e
1526 4093 1714 4152 multis
1755 4097 1882 4154 cod.
1916 4097 2041 4154 aliis
2067 4093 2153 4154 rc-

548 4172 851 4222 stiluimus.

2259 402 2538 474 querelam
2572 417 2920 473 expromere.
3169 460 3174 464 .

2251 509 2261 516 ·
2328 494 2421 550 29..
2455 493 2698 552 Tenebat
2724 494 2932 566 virgam
2963 497 3211 571 Moyses,
3241 507 3300 555 et
3327 498 3562 557 ducebat
3593 501 3833 572 populum

2259 584 2612 642 Hebraeorum
2639 586 2905 659 ingnocte,
2935 580 3262 645 in'columna
3288 590 3445 658 lucis,
3476 591 3531 648 in
3561 591 3649 649 die
3678 592 3730 648 in
3755 609 3850 648 σοι

2260 679 2445 735 lumna
2474 680 2651 754 nubis.
2670 680 2792 752 Lux
2825 681 2953 752 quid
2979 691 3065 739 est
3093 683 3198 738 nisi
3223 683 3463 751 veritas;
3493 685 3620 756 quia
3641 683 3669 724 δ
3694 700 3834 756 aper-

2260 783 2370 829 tum
2403 783 2460 830 et
2491 761 2710 844 plenum
2731 775 2926 838 _lumen
2953 759 3220 831 effundit?
3258 774 3521 833 Columna
3565 777 3696 834 lucis
3720 776 3833 848 quid

2258 875 2362 934 est,
2393 867 2496 923 nisi
2521 866 2770 923 Christus
2795 868 3094 940 Dominus,
3113 867 3209 938 qui
3237 868 3492 924 tenebras
3518 867 3836 925 inﬁdelitatis

2257 957 2487 1030 depulit,
2519 959 2692 1016 lucem
2721 960 2971 1016 veritatis
2992 969 3048 1017 et
3069 962 3260 1032 gratiae
3281 961 3547 1033 spiritalis
3573 961 3834 1019 affectibus

2257 1051 2454 1108 infudit
2480 1051 2776 1109 humanis?
2799 1056 2868 1108 At
2888 1068 3020 1110 vero
3040 1055 3305 1132 columna
3322 1055 3484 1111 nubis
3511 1063 3599 1112 est
3621 1054 3834 1126 Spiritus

2257 1153 2504 1203 sanctus.
2554 1145 2611 1200 In
2641 1147 2779 1202 mari
2805 1154 2925 1202 erat
2949 1146 3201 1219 populus,
3235 1156 3305 1220 (et
3332 1147 3563 1220 praeibat
3603 1133 3863 1204 columna.

2256 1237 2399 1294 lucis
2427 1258 2440 1292 :
2473 1237 2674 1295 deinde
2702 1239 3310 1310 sequebaturcolumna
3340 1239 3524 1307 nubis,
3558 1241 3707 1312 quasi
3733 1257 3834 1295 um-

2256 1330 2451 1408 bratio
2500 1331 2740 1404 Spiritus
2787 1333 2984 1412 sancti.
3018 1331 3404 1404 ,Videsquod
3431 1319 3554 1405 per
3595 1332 3828 1404 Spiritum

2255 1433 2505 1502 sanctum
2534 1433 2590 1481 ct
2636 1439 2735 1496 per
2785 1439 2981 1497 aquam
3012 1432 3201 1498 typum
3231 1425 3576 1496 baptismatis
3601 1425 3831 1482 demons-

2255 1517 2523 1596 traverit.
2581 1569 2585 1574 .
2655 1568 2657 1570 .
2819 1579 2826 1592 ι
3017 1563 3023 1589 ί
3107 1555 3116 1587 λ
3208 1583 3212 1587 Α
3400 1586 3402 1589 ι

2253 1611 2437 1689 _325.
2455 1611 2514 1666 ln
2533 1610 2763 1684 diluvio.
2788 1625 3005 1686 quoque
3031 1610 3134 1683 fuit
3157 1611 3277 1682 jam
3299 1619 3431 1689 tunc
3457 1611 3626 1684 ﬁgura
3644 1609 3831 1681 baptis-

2180 1705 2230 1766 B
2259 1705 2441 1772 matis,
2472 1713 2542 1780 et.
2561 1691 2742 1760 adhuc
2768 1697 2976 1781 utique
3003 1719 3123 1776 non
3153 1688 3326 1780 erant
3355 1704 3614 1776 mysteria
3633 1703 3830 1760 Judaeo-

2257 1812 2400 1853 rum.
2432 1795 2560 1871 {Si
2593 1810 2733 1874 ergo
2751 1796 2913 1870 hujus
2950 1795 3296 1867 baptismatis
3320 1787 3515 1866 forma
3551 1795 3830 1866 praecessit,

2255 1889 2406 1946 vides
2443 1891 2725 1960 superiora
2756 1888 3014 1961 mysteria
3046 1881 3511 1959 Christianorum,
3533 1902 3705 1960 quam
3733 1885 3833 1942 fue-

2255 1981 2367 2037 rint
2392 1979 2729 2036 Judteorum.
3182 2053 3188 2059 _
3627 2046 3631 2048 η
3745 2043 3750 2047 η

2256 2085 2262 2106 έ
2323 2074 2430 2129 24.‘
2459 2059 2586 2131 Sed.
2622 2062 2866 2155 interim"
2891 2073 3195 2149 secundum
3235 2070 3262 2110 (1
3311 2073 3657 2145 fragilitatem
3687 2070 3830 2127 ‘vocis

2255 2179 2460 2247 nostra:
2487 2211 2502 2237 ,
2540 2177 2596 2226 et
2641 2160 2942 2226 secundum
2989 2160 3270 2244 temporis
3302 2168 3580 2225 rationem
3615 2155 3739 2223 satis
3772 2163 3831 2219 sit

2254 2264 2418 2322 hodie
2444 2264 2609 2320 etiam
2631 2263 2700 2320 de
2729 2251 2890 2319 sacro
2914 2263 3065 2319 fonte
3085 2263 3289 2320 libasse
3311 2259 3830 2335 mysteria.Crastina

2253 2357 2373 2433 die,
2394 2357 2441 2413 si
2474 2349 2736 2414 Duminus
2763 2355 2976 2413 dederit
3001 2355 3263 2427 loquendi
3291 2363 3618 2427 potestatem
3641 2351 3722 2408 vel
3746 2365 3827 2405 co-

2255 2451 2420 2526 piam,
2443 2451 2659 2522 plenius
2700 2451 2986 2507 intimabo.
3009 2449 3179 2522 [Opus
3197 2459 3282 2507 est
3302 2458 3362 2506 ut
3389 2449 3652 2506 sanctitas
3669 2454 3829 2503 vestra

2254 2559 2413 2602 aures
2441 2553 2658 2616 paratas
2702 2543 2924 2612 habeat,
2963 2531 3360 2615 promptiorem
3395 2543 3664 2607 animum;
3695 2548 3748 2594 ut
3774 2553 3827 2593 ea

2253 2654 2377 2708 quae
2416 2652 2516 2693 nos
2543 2636 2804 2708 colligere
2833 2650 3128 2707 possumus
3147 2635 3217 2692 de
3238 2634 3386 2692 serie
3417 2635 3824 2706 Scripturarum.

2254 2740 2310 2787 et
2339 2730 2495 2786 vobis
2529 2729 2991 2796 intimaverimus,
3031 2736 3218 2784 tenere
3243 2728 3496 2799 possitis,
3530 2737 3586 2782 ut
3610 2722 3857 2814 habeatis,
3891 2735 3905 2745 λ

2253 2823 2481 2896 gratiam
2520 2823 2722 2890 Patris,
2761 2831 2820 2879 et
2850 2821 2999 2890 Filii,
3033 2829 3088 2878 et
3109 2821 3348 2892 Spiritus
3376 2820 3580 2878 sancti.
3602 2807 3824 2898 Cui’fTi-ié

2254 2918 2412 2973 nitati
2461 2927 2783 2989 perpetuum
2827 2925 2912 2972 est
2942 2931 3170 2989 regnum
3211 2930 3241 2970 a
3279 2903 3609 2994 saeculisi'et
3631 2924 3760 2968 nunc
3781 2917 3824 2963 et

2252 3025 2495 3083 semper,
2527 3019 2582 3066 et
2609 3009 2664 3065 in
2694 3005 2876 3065 omnia
2903 3007 3104 3065 saecula
3135 3002 3495 3092 saeculorum.
3537 3001 3539 3004 ⁴

2321 3243 2349 3284 b
2377 3245 2507 3301 Mss.
2541 3241 3080 3317 ηοηῃιῑιιὶίαρενεὲίηι
3109 3251 3156 3297 εί
3179 3241 3447 3317 planum
3688 3307 3698 3317 .
3753 3306 3762 3317 ι

2317 3327 2340 3355 ο
2369 3315 2735 3389 Οιηηθε“θᾱίι.
2775 3307 2844 3389 ac
2875 3307 3127 3389 plerique
3158 3307 3289 3369 mss.
3317 3354 3331 3378 ,
3380 3312 3475 3368 Sic
3519 3326 3634 3389 ergo
3681 3307 3817 3389 hujus

2243 3385 2396 3472 bapt.
2413 3389 2581 3469 {army
2600 3383 2898 3472 prwcessit.
2927 3384 3084 3472 Vides
3111 3400 3259 3472 ergo,
3291 3392 3402 3440 elc.
3433 3401 3449 3452 ;
3487 3383 3580 3439 sed
3604 3383 3818 3437 omnium

2248 3456 2613 3527 antiquissimi
2640 3456 2926 3539 nobiscum
2959 3456 3187 3540 faciunt.
3424 3526 3436 3539 .
3696 3521 3708 3533 _

2317 3529 2344 3568 ά
2378 3530 2506 3585 Hmc
2529 3528 2597 3584 de
2624 3527 2916 3598 fragilitate
2955 3542 3106 3583 vocis
3135 3525 3358 3598 querela
3382 3526 3600 3598 Videtur
3623 3519 3815 3598 quidem

2246 3599 2337 3669 iis,
2366 3610 2424 3656 ut
2451 3601 2502 3655 in
2534 3596 2862 3655 Praefatione
2886 3598 3089 3655 dictum
3114 3596 3220 3666 eét,
3248 3598 3501 3654 nonnihil
3523 3596 3718 3658 favere,
3738 3596 3815 3661 qui

2248 3672 2415 3744 hosce
2446 3669 2926 3744 librosAmbrosio
2945 3679 3216 3744 assertum
3249 3677 3384 3726 eunt
3409 3689 3422 3725 :
3448 3681 3632 3744 verum
3658 3680 3687 3722 e
3707 3677 3817 3744 con-

2247 3743 2414 3798 trario
2445 3743 2577 3813 ipsis
2609 3740 2753 3796 haud
2785 3757 2971 3811 parum
2991 3741 3335 3813 adversatur,
3359 3739 3507 3812 quod
3532 3746 3708 3813 auctor
3729 3739 3814 3788 iste

2249 3831 2382 3870 suos
2426 3809 2704 3868 auditores
2747 3809 2907 3882 paulo
2933 3813 3094 3878 inira,
3126 3822 3181 3866 et
3212 3811 3310 3867 lib.
3341 3809 3420 3879 vi,
3457 3827 3577 3880 cap.
3606 3809 3659 3873 5,
3677 3819 3814 3882 _com-

2247 3886 2489 3962 pellans,
2530 3877 2814 3962 sanctitas,
2847 3877 3266 3962 _inquit,vestra
3302 3877 3487 3962 aur—es,
3527 3877 3635 3962 etc.
3665 3877 3810 3962 Quian]

2251 3946 2581 4032 locutionem
2609 3946 3178 4032 Ambrosianamesse
3199 3969 3306 4010 non
3337 3946 3500 4032 facile
3525 3952 3612 4008 isti
3639 3946 3813 4032 proba-

2250 4029 2460 4094 verint,
2493 4028 2636 4084 sicut
2665 4039 2769 4082 nec
2795 4026 3000 4084 incisas
3036 4026 3500 4097 interrogationes
3524 4026 3711 4096 passim
3741 4032 3810 4072 m-

2252 4110 2449 4156 sertas.

608 4269 3805 4306 MM

1665 4396 2013 4483 LIBER
2066 4398 2721 4485 SECUNDUS.

1175 4669 1404 4735 CAPUT
1429 4667 1719 4733 PRIMUM.

540 4793 779 4856 Resumit
811 4797 1208 4868 eapiicationem
1234 4793 1440 4861 diluvii,
1483 4810 1584 4866 quo
1617 4794 1903 4866 ﬁguratum
1929 4806 2038 4847 esse
2059 4808 2143 4847 as-

609 4891 734 4947 serit
762 4906 941 4946 verum
965 4890 1309 4962 baptismum;
1338 4890 1424 4946 ubi
1445 4890 1509 4946 de
1535 4889 1655 4946 aliis
1678 4886 1948 4959 baptismi:
1975 4901 2143 4956 pauca

613 4985 904 5058 subjungit.

611 5143 665 5201 1.
705 5142 766 5200 lu
796 5140 1003 5198 diluvio
1032 5155 1252 5213 quoque
1282 5141 1507 5212 ﬁguram
1534 5138 1878 5211 baptismatis
1905 5152 2140 5211 praeces-

531 5234 674 5292 sisse
721 5235 982 5292 hesterno
1031 5231 1300 5305 cmpimus
1333 5241 1360 5270 ι
1387 5232 1688 5302 disputare.
1720 5231 1860 5300 Quid
1885 5241 1970 5288 est
1992 5231 2134 5287 dilu-

533 5326 682 5384 vium
711 5325 869 5400 (Gen.
890 5342 988 5395 vn,
1005 5325 1126 5399 25),
1149 5324 1259 5382 nisi
1277 5323 1332 5381 in
1353 5339 1462 5395 quo
1491 5323 1672 5393 justus
1690 5323 1759 5380 ad
1777 5322 2133 5381 seminarium

535 5419 764 5492 iustitiae
806 5418 1189 5488 reservatur,b
1220 5427 1501 5490 peccaturo
1547 5414 1820 5472 moritur?
1858 5415 1984 5472 Ideo
2029 5417 2137 5473 Do-

605 5592 634 5623 ι
669 5583 830 5639 Rom.
873 5579 1008 5638 edit.
1038 5579 1181 5646 sola,
1208 5578 1473 5645 disputare
1502 5589 1754 5629 sermone.
1799 5571 1941 5627 Nam
1980 5572 2128 5642 quid,

533 5661 641 5708 etc.
671 5653 778 5709 Sed
811 5651 985 5708 nihilo
1014 5650 1256 5709 deterius
1285 5646 1664 5719 subintelligas
1691 5647 1774 5701 die
1794 5687 1808 5713 ,
1837 5660 1996 5717 quam
2026 5661 2130 5700 ser-

543 5735 714 5778 mone.

2161 4677 2216 4738 D
2240 4675 2420 4732 minus
2445 4684 2505 4733 ut
2531 4677 2665 4734 vidit
2681 4676 2960 4734 hominum
2988 4678 3258 4750 pullulare
3277 4677 3496 4748 delicta,
3518 4676 3706 4748 justum
3733 4683 3806 4726 so-

2251 4770 2363 4825 lum
2392 4784 2515 4826 cum
2541 4784 2640 4827 sua
2670 4771 2930 4842 progenie
2952 4771 3253 4828 reservavit
3285 4793 3300 4833 ;
3328 4787 3520 4844 aquam
3541 4778 3708 4826 autem
3730 4776 3807 4818 su-

2250 4877 2348 4932 pra
2383 4870 2598 4918 montes
2643 4877 2859 4934 quoque
2897 4864 3047 4920 exire
3078 4864 3357 4936 prmcepit.
3397 4865 3465 4920 Et
3493 4861 3613 4918 ideo
3653 4857 3702 4913 in
3729 4851 3806 4909 illo

2249 4953 2458 5011 diluvio
2480 4954 2662 5011 omnis
2697 4955 3008 5027 corruptela
3049 4957 3231 5013 carnis
3279 4956 3507 5023 interiit,
3551 4951 3659 5008 sola
3695 4941 3806 5018 justi

2248 5047 2500 5120 prosapia
2533 5056 2588 5104 et
2630 5047 2805 5104 forma
2855 5050 3177 5120 permansit.
3217 5048 3411 5105 Nonne
3455 5049 3558 5103 hoc
3583 5051 3662 5100 est
3685 5037 3839 5095 dilu—-

2250 5140 2425 5209 vium,
2450 5139 2597 5213 quod
2621 5149 2706 5196 est
2726 5140 2994 5212 baptisma
3015 5159 3030 5206 ;
3054 5157 3160 5214 quo
3183 5150 3404 5213 peccata
3427 5137 3602 5196 omnia
3617 5133 3802 5191 diluun-

2249 5240 2357 5301 tur,
2387 5233 2506 5289 sola
2534 5233 2668 5304 justi
2691 5248 2847 5288 mens
2873 5242 2930 5289 et
2949 5235 3118 5304 gratia
3141 5232 3530 5291 resuscitatur?

2248 5356 2251 5358 —
2320 5327 2374 5381 2.
2419 5327 2584 5383 Multa
2642 5334 2773 5382 sunt
2819 5342 3022 5399 genera
3062 5328 3472 5399 baptismatum,
3527 5323 3619 5382 sed
3656 5327 3796 5376 unum

2244 5421 2533 5494 baptisma,
2579 5421 2781 5479 clamat
2828 5422 3123 5496 Apostolus
3145 5423 3368 5498 (Ep/tes.
3411 5439 3483 5493 tv,
3507 5420 3582 5494 5).
3609 5408 3796 5488 Quare?

2305 5572 2332 5612 δ
2353 5573 2489 5650 _Non
2521 5575 2679 5645 pauci
2703 5591 2863 5646 mss.,
2889 5585 3127 5650 peccator
3157 5580 3399 5636 moritur.
3437 5553 3502 5636 Et
3529 5573 3677 5638 infra,
3698 5564 3793 5624 εθία

2228 5647 2452 5721 justitia:
2482 5663 2644 5702 utens.
