3952 6178
151 183 238 238 ω
1077 193 1082 200 ’
1331 183 1419 239 DE
1458 176 1936 239 SACRAMENTIS
1976 176 2106 235 LIB.
2153 178 2217 234 ll.
3320 191 3425 250 4‘26

142 295 259 352 Sunt
281 294 608 364 baptismata
654 298 916 368 gentium,
949 298 1042 354 sed
1066 313 1170 352 non
1203 308 1330 354 sunt
1360 299 1702 370 bapti~mata.
1733 293 1936 364 Αίιιιὶίι
1999 308 2096 362 pro
2127 302 2179 349 le
2209 308 2403 365 passus
2430 303 2534 352 εει.
2571 297 2628 352 In
2670 297 2790 368 ipso
2837 299 3146 372 redimeriS,
3207 305 3259 360 in
3300 305 3420 376 ipso

141 390 356 443 Lavacra
399 398 555 453 sunt,
612 389 931 461 baptismata
976 405 1098 446 esse
1145 405 1252 447 non
1282 403 1534 462 possunt.
1561 395 1706 452 Caro
1818 385 2148 440 Salvabel‘iso

137 485 339 546 lavatur,
383 497 494 538 non
539 482 695 553 culpa
742 483 1001 550 diluitur;
1046 486 1214 540 immo
1265 487 1316 542 in
1354 488 1446 542 illo
1491 489 1708 546 lavacro

1891 478 1945 532 7.
1993 477 2289 548 Hominem,
2328 482 2524 552 inquit,
2557 499 2656 537 non
2687 485 2888 551 habeo;
2913 486 3017 541 hoc
3040 497 3144 554 est,
3167 493 3287 560 quia
3332 509 3421 562 per

134 576 468 632 ωηιι-ειιίιυιι,
515 578 687 633 Eram
735 588 913 635 autem
969 581 1292 650 baptisma“.
1351 583 1661 642 Jud£omm
1688 630 1702 655 ’
1816 571 2077 628 hominem
2116 591 2276 641 mors,
2320 585 2369 629 et
2420 593 2510 646 per
2541 576 2797 632 hominem
2837 583 3148 636 resurrectio
3192 597 3420 641 mortuo-

134 670 301 742 (Μαῖα.
329 687 426 737 vn,
459 671 546 742 8),
575 672 678 727 alia
695 674 992 742 superﬂua,
1017 675 1118 728 alia
1151 675 1204 731 in
1240 676 1514 746 figura.Et
1539 682 1707 751 ligura

1824 680 1930 718 rum
1987 665 2029 736 (Ι
2075 663 2195 721 Cor.
2226 682 2338 734 xu,
2366 666 2484 738 21).
2515 669 2631 724 Νοη
2674 680 2887 740 poterat
2927 671 3283 744 descendere,
3309 691 3417 732 non

135 763 227 832 ipsa
255 763 408 820 nobis
430 764 692 835 proﬁcit,
724 765 848 836 quia
890 767 1130 823 veritatis
1151 776 1234 825 est
1265 770 1474 826 nuntia,
1815 769 2030 830 poterat
2057 761 2276 824 salvari,
2299 763 2388 831 qui
2428 778 2534 818 non
2563 763 2823 819 credebat
2851 765 2993 834 quod
3024 766 3286 824 Dominus
3318 784 3416 825 no-

745 877 973 937 CAPUT
1001 880 1064 937 η,
1816 861 1928 908 ster
1953 853 2112 909 Jesus
2139 870 2361 910 carnem
2393 856 2724 926 suscepisset
2752 872 2822 912 ex
2845 856 3084 928 Virgine.
3117 860 3212 916 ilic
3238 871 3420 917 autem

129 971 326 1028 Piscina:
351 973 659 1030 Probaticte
677 975 741 1028 ab
762 974 946 1044 angelo
980 986 1263 1043 commotae,
1300 995 1362 1031 ac
1402 980 1448 1033 ei
1491 980 1581 1050 qui
1604 980 1710 1051 pri-
1815 945 1907 1047 qu}
1960 946 2346 1051 °Pp,e"ieb“'f,'
2377 947 2733 1051 ἷηέάίωοτθω
2767 947 2859 1051 Dei
2891 958 2945 1004 et
2972 949 3276 1051 homi_num’
3320 954 3415 1051 ψ’

185 1083 285 1120 mus
317 1067 372 1120 in
419 1066 581 1120 illam
631 1067 995 1132 descendisset,
1048 1070 1320 1124 sanitatem
1349 1036 1664 1125 restitueniis
1691 1090 1709 1137 ;
1817 1036 2015 1092 minem
2047 1036 2235 1137 1353'“
2262 1037 2560 1137 ςιηίδξυηιξ
2593 1047 2922 1137 “specialis
2951 1055 3073 1137 eun}
3103 1041 3170 1137 de
3201 1058 3308 1113 quo
3331 1043 3416 1098 di-

183 1160 388 1228 itemqtte
409 1158 700 1232 paralytici
727 1159 796 1214 ad
826 1157 1092 1214 Christum
1117 1163 1384 1231 responsio
1411 1128 1709 1218 edisserun;
1814 1139 2101 1232 mum-gem}
2122 1129 2191 1183 Et
2214 1129 2377 1232 mu}?!
2399 1128 2660 1232 f’mfnu‘
2689 1132 2947 1232 {ﬂammam
2974 1133 3060 1202 qui
3080 1135 3248 1232 δί’(υφ
3263 1137 3423 1228 facim

181 1260 272 1303 ω.
304 1221 314 1228 -
409 1221 420 1231 ·
574 1221 598 1232 ν
1198 1221 1208 1231 ⁸
1377 1241 1386 1247 ~
1815 1239 1900 1277 eos
1930 1221 2100 1294 (Esai.
2153 1223 2381 1292 xtx,4);
2415 1223 2626 1280 dicebat
2651 1242 2665 1277 ε
2689 1224 2968 1280 Hominem
2989 1244 3093 1281 non
3132 1229 3330 1294 habeo;
3366 1225 3421 1286 et

1816 1313 1938 1370 ideo
1957 1315 2025 1368 ad
2048 1316 2337 1370 sanitatem
2368 1318 2569 1371 meruit
2599 1318 2908 1386 pervenire,
2933 1320 3056 1388 quia
3087 1323 3344 1378 credebat
3365 1324 3419 1378 in

177 1413 224 1467 3.
252 1411 390 1481 Quid
416 1411 633 1468 lectum
671 1420 752 1468 est
779 1411 934 1468 lteri?
960 1423 982 1448 υ
1007 1413 1271 1484 Angelus,
1291 1414 1489 1484 inquit,
1517 1429 1708 1470 secun-

1824 1406 2217 1462 advenientem.
2263 1407 2456 1462 Melior
2501 1418 2679 1464 tamen
2714 1417 2768 1464 et
2806 1410 3100 1479 perfectior
3128 1413 3340 1484 fuisset,
3373 1417 3418 1472 si

120 1504 225 1559 dum
269 1513 488 1576 tempus
536 1504 907 1560 descendebat
937 1505 988 1560 in
1021 1505 1284 1575 piscinam
1315 1547 1328 1570 ,
1362 1514 1416 1561 et
1468 1507 1710 1576 quoties-
1814 1500 2264 1571 credidissetjam
2282 1502 2500 1557 venisse
2517 1517 2674 1572 quem
2701 1502 3415 1571 sperabatesseveuturum.

125 1614 329 1667 cumque
371 1598 763 1654 descendisset
814 1599 1060 1669 angelus,
1107 1598 1428 1655 movebatur
1456 1608 1712 1670 aqua;et
2420 1614 2652 1672 CAPUT
2701 1615 2788 1672 ιιι,

121 1693 193 1761 ίιιιί
220 1694 362 1763 Prior
400 1693 1235 1789 descenfﬁsselvfanabawfla!)
1265 1693 1420 1789 Ῡηηξί
1451 1695 1710 1789 λξδηειξυΐυ
1739 1697 1788 1757 Β
1816 1705 2107 1763 Nonnullis
2134 1725 2198 1764 ea:
2223 1710 2441 1764 historia
2469 1709 2712 1766 Naaman
2743 1716 3026 1782 enarratis,
3057 1718 3190 1772 alias
3227 1717 3425 1789 aliquot

121 1800 438 1857 ψιυειιωειυθ
477 1784 990 1857 tenebatur-(low!-
1018 1801 1048 1839 ν
1072 1825 1089 1852 ν
1117 1784 1176 1879 4f)
1199 1784 1228 1824 b
1253 1785 1405 1879 Ωιιοά
1437 1785 1708 1857 Signiﬁcat
2039 1801 2275 1872 ejusdem
2305 1802 2618 1857 sacramenti
2645 1803 2842 1874 ﬁguras
2873 1806 3199 1879 perstringit.

122 1882 312 1948 ligarant
337 1888 639 1936 venturam
674 1879 884 1934 Domini
917 1879 1089 1935 nostri
1118 1878 1244 1935 Jesu
1265 1878 1489 1936 Christi.
1893 1940 1924 1952 η
1988 1936 2029 1952 υ
2204 1938 2252 1952 __
2366 1939 2378 1951 ,
2498 1934 2516 1952 ,η
2621 1939 2677 1952 Ν
2723 1940 2734 1952 _

1891 1940 1946 1993 8.
1987 1936 2142 1993 Nunc
2167 1938 2289 2015 vide
2334 1939 2566 2010 singula.
2619 1939 2862 1997 Diximus
2913 1943 3142 2013 figuram
3193 1960 3426 2015 praeces-

1818 2027 1958 2082 sisse
1983 2028 2036 2082 in
2065 2027 2321 2092 Jordaue,
2348 2029 2566 2100 quando
2583 2029 2819 2086 Naamau
2852 2032 3101 2100 leprosus
3130 2033 3222 2091 ille
3260 2052 3420 2092 mun-

1817 2118 1976 2175 datus
2004 2129 2105 2175 est.
2143 2119 2328 2176 Puella
2351 2121 2440 2176 illa
2471 2136 2536 2177 ex
2565 2124 2796 2192 captivis
2830 2123 2918 2195 (lV
2962 2126 3092 2199 Reg.
3126 2143 3177 2192 ν,
3220 2129 3276 2198 5)
3303 2145 3425 2200 qua:

1817 2221 1922 2277 est,
1950 2211 2052 2266 nisi
2097 2227 2220 2280 qua:
2251 2212 2491 2281 speciem
2533 2213 2768 2270 habebat
2798 2214 3084 2284 Ecclesiae,
3110 2227 3167 2273 et
3197 2219 3420 2290 liguram

1816 2303 2269 2373 representabat?
2289 2302 2548 2374 Captivus
2563 2305 2708 2361 enim
2723 2317 2840 2361 erat
2861 2309 3092 2378 populus
3115 2313 3417 2380 nationum,

1815 2396 2063 2466 captivus
2092 2405 2234 2461 erat,
2263 2411 2372 2451 non
2396 2395 2519 2451 dico
2546 2398 2914 2468 captivitatem
2951 2412 2974 2437 θ
3003 2401 3105 2456 sub
3133 2401 3290 2458 hoste
3317 2405 3421 2459 ali-

1813 2504 1921 2560 quo
1953 2488 2152 2559 populo
2183 2490 2532 2545 constitutam
2561 2507 2572 2541 :
2605 2491 2699 2546 sed
2728 2507 2847 2547 eam
2887 2495 3252 2564 captivitatem
3297 2497 3422 2554 dico

1811 2597 1932 2653 qua:
1961 2583 2134 2652 major
2160 2591 2264 2648 est,
2294 2583 2510 2654 quando
2539 2583 2790 2639 diabolus
2809 2601 2933 2640 cum
2979 2588 3094 2642 suis
3123 2604 3272 2645 saevo
3319 2589 3415 2645 do-

1813 2676 2048 2730 minatur
2071 2674 2324 2746 imperio,
2349 2684 2404 2731 et
2431 2676 2643 2747 captiva
2675 2676 2780 2732 sibi
2811 2678 2955 2734 colla
2975 2679 3196 2749 subjicit
3227 2693 3421 2749 pecca-

1815 2778 2017 2824 torum.

1886 2860 1941 2918 9.
1985 2860 2127 2932 Ergo
2162 2860 2329 2917 habes
2360 2877 2524 2916 unutn
2555 2861 2845 2932 baptisma,
2897 2865 3043 2920 aliud
3087 2869 3142 2922 tn
3192 2867 3418 2933 diluvio,

1814 2953 1980 3010 habes
2005 2954 2225 3008 tertium
2253 2969 2444 3025 genus,
2462 2953 2678 3024 quando
2706 2955 2759 3008 iu
2785 2955 2922 3010 mari
2953 2954 3137 3012 Rubro
3161 2957 3417 3030 baptizati

1811 3056 1931 3103 sunt
1961 3055 2168 3117 patres,
2199 3047 2365 3102 habes
2397 3055 2648 3116 quartum
2677 3063 2848 3118 genus
2888 3048 2943 3104 in
2975 3049 3207 3120 piscina,
3239 3069 3418 3124 quan-

1813 3138 1885 3195 do
1909 3138 2224 3194 movebatur
2253 3155 2411 3210 aqua.
2444 3124 2600 3193 Nunc
2629 3149 2680 3196 te
2707 3142 2936 3198 consulo
2967 3154 3143 3200 utrum
3194 3147 3420 3206 credere

1811 3231 2014 3288 debeas
2063 3231 2190 3303 quia
2240 3231 2409 3288 habes
2453 3232 2615 3306 357
2669 3235 3013 3303 praesentiam
3054 3236 3338 3296 Trinitatis
3365 3243 3418 3297 iu

1808 3322 1912 3379 hoc
1933 3323 2280 3394 baptismate,
2320 3323 2338 3361 ί
2373 3341 2482 3394 quo
2522 3324 2829 3395 baptizatur
2855 3327 2910 3382 in
2932 3327 3194 3386 Ecclesia.

173 1973 222 2028 4.
259 1974 508 2046 Angelus
537 1973 752 2045 quare?
780 1971 899 2044 Ipse
930 1984 1015 2028 est
1072 1973 1216 2028 enim
1267 1979 1447 2044 magni
1493 1973 1708 2029 consilii

119 2065 326 2136 Angelus
357 2064 539 2137 (Esai.
572 2081 650 2131 Ix,
701 2063 781 2134 6).
824 2064 1134 2120 Secundum
1191 2074 1425 2134 tempus,
1471 2065 1612 2134 quod
1643 2064 1710 2120 ad

119 2154 284 2211 horam
328 2157 699 2213 novissimam
747 2156 1112 2222 servabatur;
1153 2165 1213 2210 ut
1254 2157 1306 2210 iu
1349 2169 1548 2212 occasu
1593 2157 1711 2226 ipso

117 2247 236 2304 diem
255 2250 723 2321 deprehenderet,
765 2258 822 2305 et
854 2248 1101 2305 dill'erret
1128 2263 1407 2305 occasum.
1457 2248 1710 2318 Quoties-

118 2357 320 2412 cumque
341 2359 478 2415 ergo
500 2341 890 2398 descendisset
917 2341 1166 2411 angelus,
1199 2342 1520 2396 movebatur
1547 2356 1708 2412 aqua.

117 2433 476 2492 Dicisfortasse
495 2454 509 2490 :
525 2435 716 2502 Quare
734 2432 896 2488 modo
915 2448 1022 2488 non
1044 2431 1334 2489 movetur?
1355 2431 1498 2489 Audi
1511 2431 1710 2503 quare?

119 2529 255 2600 Signa
285 2531 616 2594 incredulis,
647 2527 786 2584 fides
824 2526 1184 2584 credentibus
1224 2525 1268 2599 (Ι
1297 2525 1417 2581 Cor.
1448 2541 1558 2592 xiv,
1588 2524 1704 2595 22).

173 2622 218 2676 5.
254 2623 351 2693 Qui
391 2624 552 2696 prior
594 2619 997 2687 descendisset,
1036 2618 1331 2674 sanabatur
1353 2618 1423 2673 ab
1451 2619 1599 2673 omni
1627 2618 1710 2671 in-

117 2711 351 2772 firmitate.
379 2717 484 2785 Qui
516 2722 605 2770 est
624 2715 794 2785 prior,
818 2722 1084 2782 tempore,
1110 2725 1176 2764 au
1204 2708 1448 2764 honore?
1479 2708 1706 2765 Utrum-

113 2828 195 2882 que
220 2813 477 2884 intellige.
515 2810 575 2868 Si
601 2818 867 2879 tempore,
901 2807 1052 2877 prior
1078 2805 1169 2876 qui
1201 2803 1597 2869 descendisset,
1623 2817 1709 2857 sa-

115 2905 310 2960 nabatur
349 2915 482 2960 ante
503 2943 520 2969 ,
568 2901 673 2958 hoc
726 2908 832 2964 est,
877 2899 946 2955 de
972 2897 1172 2969 populo
1199 2897 1365 2971 356
1391 2895 1706 2952 Judasorum

116 2998 257 3069 magis
309 3011 472 3068 quam
530 2993 600 3049 de
638 2991 840 3064 populo
883 2991 1186 3046 nationum.
1231 2989 1289 3044 Si
1336 2989 1565 3056 honore,
1613 2987 1705 3058 qui

118 3091 239 3159 prior
267 3089 673 3156 descendisset,
696 3085 800 3142 hoc
829 3093 936 3152 est,
965 3084 1057 3154 qui
1089 3083 1317 3140 haberet
1344 3081 1440 3138 Dei
1471 3089 1704 3148 metum,
1732 3086 1778 3150 ο

119 3183 322 3239 studium
347 3182 612 3256 iustitiae,
649 3191 672 3219 ο
704 3179 933 3251 gratiam
973 3177 1280 3242 charitatis,
1327 3177 1594 3233 castitatis
1631 3175 1710 3232 al-

119 3274 322 3345 lectum;
362 3278 487 3349 ipse
521 3273 694 3346 magis
737 3272 1052 3328 sanabatur.
1088 3270 1298 3328 Tamen
1340 3279 1469 3326 tunc
1499 3278 1708 3340 tempo-

119 3368 180 3424 ris
204 3385 333 3425 unus
359 3367 693 3433 sanabatur,
722 3374 873 3430 tunc,
900 3365 1138 3435 inquam,
1166 3359 1426 3433 temporis
1454 3364 1507 3418 in
1536 3361 1706 3434 figura

121 3461 194 3530 qui
216 3463 356 3533 prior
374 3457 789 3523 descendisset,
814 3457 965 3512 solus
988 3456 1296 3513 curabatur.
1325 3457 1543 3523 Quanto
1587 3471 1701 3510 ma-
1833 3532 1838 3533 7
2142 3531 2148 3533 Α
2410 3435 2643 3533 CAPUT
2683 3438 2772 3494 IV.

120 3552 190 3623 jor
214 3531 484 3628 cstgratia
518 3549 802 3618 Ecclesiae,
832 3551 884 3606 in
917 3564 1025 3622 qua
1048 3563 1237 3605 omnes
1268 3545 1562 3616 salvantur,
1588 3549 1707 3620 qui-

1824 3532 1950 3587 llias
1977 3533 2105 3587 duas
2132 3531 2457 3602 baptismatis
2490 3531 2724 3602 ﬁguras;
2755 3533 2809 3587 in
2855 3539 2993 3606 ferro
3019 3539 3159 3604 quod
3197 3541 3266 3594 ad
3293 3557 3414 3610 pre-

125 3623 332 3718 cumque
352 3642 704 3703 descendunt
729 3642 752 3696 ?
1883 3642 1963 3680 σεδ
1986 3623 2167 3679 Eliswi
2188 3624 2402 3692 natavit,
2428 3639 2520 3677 nec
2545 3641 2647 3678 non
2671 3624 2724 3678 in
2749 3629 2890 3696 fonte
2909 3629 3022 3698 qui,
3061 3631 3220 3686 misso
3251 3633 3415 3705 ligno,

183 3740 230 3794 6.
250 3717 372 3798 Sed
402 3739 599 3796 videte
621 3737 961 3810 mysterium.
991 3735 1158 3792 Venit
1214 3735 1472 3792 Dominus
1523 3746 1708 3793 noster

1884 3719 2055 3773 dulcis
2082 3722 2254 3788 factus
2285 3725 2376 3779 est,
2400 3717 2644 3787 proponit
2665 3718 2878 3772 Auctor.

75 3889 94 3910 ι
126 3831 258 3890 lesus
283 3835 542 3891 Christus
579 3831 646 3887 ad
672 3831 959 3900 piscinam,
990 3829 1145 3884 multi
1190 3830 1318 3900 aegri
1343 3829 1618 3900 jacebant.
1646 3830 1711 3884 Et
1882 3831 1968 3886 10.
2013 3830 2158 3885 Idem
2207 3830 2388 3900 itaque
2418 3829 2679 3884 Dominus
2726 3838 2912 3887 noster
2960 3831 3119 3889 Jesus
3165 3836 3416 3897 Christus

129 3923 258 3981 facile
286 3927 361 3983 ibi
390 3924 557 3982 multi
595 3922 723 3993 aegri
750 3922 1024 3991 iacebant,
1048 3921 1137 3977 ubi
1162 3935 1302 3976 unus
1334 3919 1709 3976 tantummodo
1811 3921 1866 3977 in
1901 3919 2200 3991 Evangelia
2229 3934 2329 3974 suo
2359 3918 2492 3974 dicit
2520 3918 2587 3973 ad
2637 3921 2965 3988 Apostolos:
2999 3922 3102 3990 lte,
3159 3927 3416 3996 baptizate

133 4019 414 4075 curabatur.
435 4013 1032 4074 Deindedaitadillum
1056 4013 1416 4084 paralyticum
1443 4029 1456 4066 :
1485 4011 1711 4066 Descen-
1812 4027 1987 4068 omnes
2034 4019 2211 4082 gentes
2256 4011 2310 4065 in
2350 4010 2554 4064 nomine
2583 4009 2782 4075 Patris,
2816 4021 2862 4065 et
2894 4011 3054 4080 Filii,
3084 4028 3131 4070 et
3183 4020 3415 4090 δρξιοίιαε

133 4107 196 4162 de.
224 4108 302 4165 Ait
329 4112 462 4167 ille:
507 4108 782 4164 Hominem
827 4123 931 4161 non
972 4105 1134 4160 habeo
1159 4103 1340 4177 (Joan.
1373 4120 1430 4170 v,
1470 4105 1548 4175 7).
1572 4103 1710 4160 Vide
1811 4105 1977 4160 sancti
2000 4102 2220 4176 (Matth.
2255 4117 2447 4169 xxvnt,
2475 4100 2584 4172 l9).
2611 4102 2805 4158 Sermo
2833 4103 2922 4159 hic
2952 4105 3250 4167 Salvatoris
3274 4126 3375 4170 est.

135 4198 204 4253 ubi
252 4202 569 4275 haptizaris.
609 4199 768 4258 Unde
821 4199 891 4253 sit
935 4197 1222 4268 baptisma,
1278 4197 1382 4253 nisi
1440 4196 1508 4253 de
1551 4211 1710 4254 cruce
1886 4197 1975 4252 ll.
2021 4195 2116 4249 Dic
2151 4192 2309 4261 mihi,
2365 4207 2399 4249 ο
2444 4192 2649 4250 homo!
2682 4193 2966 4253 Invocavit
3000 4198 3147 4255 Elias
3183 4201 3252 4258 de
3278 4209 3416 4264 caalo

137 4290 330 4362 Christi,
367 4297 435 4352 de
465 4303 647 4351 morte
669 4291 918 4349 Christi?
965 4289 1040 4348 lbi
1073 4299 1157 4347 est
1182 4305 1344 4347 omne
1363 4290 1707 4362 mysterium,
1812 4291 2012 4363 ignem,
2035 4296 2090 4344 et
2114 4287 2396 4345 descendit
2422 4287 2564 4359 ignis
2592 4288 2658 4344 de
2685 4288 2826 4344 etelo
2855 4288 2949 4362 (Ill
2978 4289 3276 4367 Reg.xvm,
3298 4300 3415 4371 58).

195 4421 214 4445 ει
251 4411 393 4467 Hanc
416 4406 704 4478 Evangelii
735 4405 1221 4479 lectionemuintra
1276 4403 1584 4479 pasclialem
1609 4418 1704 4458 oc-
1732 4404 1786 4464 l)
1814 4404 1976 4479 modo
2013 4403 2461 4479 interpretemur,
2486 4403 2624 4473 quod
2648 4403 2931 4479 significat,
2959 4407 3044 4463 vel
3071 4420 3125 4465 ut
3155 4412 3311 4479 edit.,
3345 4417 3416 4470 si-

138 4487 286 4535 tavam
309 4482 527 4537 recitari
551 4473 907 4534 canuevisse
954 4475 1102 4548 nulla
1130 4477 1373 4548 liturgia,
1396 4490 1498 4548 nec
1525 4489 1709 4548 sacra-
1813 4474 2118 4548 gniﬁcabat,
2144 4473 2370 4548 ﬁguram
2393 4483 2661 4548 uenturam
2688 4473 2761 4548 Βἶ
2814 4473 2927 4542 Ν.;
2957 4483 3112 4547 quasi
3145 4473 3412 4543 scribére.

137 4555 433 4608 ment-trium
470 4552 658 4607 tradit.
690 4549 801 4604 Hoc
822 4560 1000 4603 tamen
1021 4545 1248 4601 forsitan
1268 4543 1518 4600 innuitur
1541 4545 1706 4601 inlib.
1814 4543 1926 4609 iur,
1959 4545 2101 4615 (μιοά
2140 4543 2487 4614 significabat
2507 4545 2849 4614 praesentiam
2881 4543 3163 4606 venturam
3207 4555 3268 4609 D.
3299 4556 3364 4612 N.
3399 4577 3412 4613 :

139 4622 193 4676 de
218 4625 500 4694 tlysteriis,
532 4623 622 4677 ubi
654 4621 852 4694 dicitur
886 4639 900 4694 ς
935 4617 1063 4673 Ideo
1101 4617 1194 4694 tib_i
1219 4617 1416 4694 dictum
1435 4627 1552 4694 est,
1585 4619 1710 4694 quia
1815 4619 1990 4694 figura
2014 4617 2160 4673 enim
2194 4631 2259 4672 ac
2285 4616 2498 4694 Species
2528 4617 2842 4694 plerumque
2887 4617 3032 4675 inter
3075 4636 3135 4676 se
3183 4626 3412 4682 confun-

141 4687 323 4763 angelus
364 4694 577 4750 Domini
629 4689 1266 4763 descendebanetcased
1293 4687 1587 4763 peculiaris
1616 4687 1705 4763 hic
1813 4687 2034 4751 duntur,
2095 4694 2152 4742 et
2192 4688 2428 4763 speciem
2471 4701 2568 4753 pro
2610 4689 2736 4763 ipsa
2781 4703 2840 4763 re
2897 4704 2993 4745 seu
3048 4697 3305 4752 exteriori
3333 4701 3410 4757 rei

142 4757 250 4837 μείω
275 4783 392 4820 esse
427 4763 986 4837 potuigq..ammdam
1017 4757 1510 4837 Ecclesiarum,vel
1542 4757 1708 4813 inseri
1811 4758 2270 4837 conspectusunii
2301 4765 2358 4836 et
2384 4771 2543 4837 supra
2599 4772 2662 4837 ex
2710 4758 3002 4837 Ambrosio
3033 4768 3412 4837 adnotavimus

142 4832 239 4906 haec
277 4826 440 4893 verba'
486 4826 794 4906 baptiémali
823 4833 1069 4906 cuipiam
1117 4831 1416 4906 precationi
1447 4847 1460 4883 :
1494 4838 1565 4906 et_
1580 4840 1708 4906 tunc
1811 4839 1872 4906 e_t_
1898 4845 1964 4906 ex
1991 4827 2177 4906 va_riis_
2200 4827 2498 4906 Scriptum
2523 4826 2657 4906 locis
2681 4829 2850 4883 asseri
2883 4826 3408 4906 potest.Nont:une.i

142 4903 399 4964 dicendum
459 4895 608 4964 esset
649 4907 769 4975 ipso
809 4905 896 4978 die
918 4895 1200 4978 'paschatis
1241 4902 1486 4958 habitum
1540 4901 1711 4978 fuisse
1819 4896 2272 4978 dissimulandum
2304 4895 2594 4978 estliaheri
2628 4898 2832 4978 in_uno
2854 4895 2978 4955 cod.
3010 4903 3156 4972 Vah,
3190 4895 3412 4978 ﬁguram

142 4979 362 5049 eumdem
384 4965 715 5042 sermonem,
748 4976 834 5031 cui
864 4965 1102 5049 opinioni
1133 4975 1322 5049 favere
1348 4971 1709 5049 potest,_quod
1820 4971 2042 5049 venturi,
2074 4981 2206 5049 etc...
2235 4965 2373 5049 haud
2397 4966 2762 5049 incommode.

144 5046 188 5099 in
213 5048 434 5106 Gallensi
461 5050 585 5106 cod.
639 5039 1013 5118 praenotatur:
1049 5043 1243 5118 Incipit
1298 5039 1465 5114 prima
1511 5039 1594 5099 die
1653 5044 1708 5096 in
1894 5051 1916 5118 (ξ
1957 5042 2084 5118 Mss.
2109 5039 2336 5118 aliquot,
2370 5039 2552 5118 gratia:
2582 5039 2904 5118 charilatem.

145 5126 332 5192 pascha.
879 5190 888 5192 _
964 5189 973 5192 Δ
1168 5108 1178 5118 -
1467 5185 1478 5192 .
1842 5185 1853 5192 -
1891 5108 2105 5192 «1.3155,.
2111 5109 2342 5192 aliquot,
2361 5109 2531 5192 aitgad
2541 5110 2898 5192 ﬁaralgticum
2925 5113 3066 5192 :.Vis
3083 5135 3238 5174 sanus
3250 5123 3367 5192 ﬁeri
3388 5129 3413 5179 εδ

203 5188 227 5227 δ
263 5191 331 5246 Ita
377 5203 486 5248 vet.
538 5190 669 5246 edit.
726 5203 788 5244 ac
840 5189 1086 5260 plerique
1112 5203 1245 5243 mss.
1275 5187 1368 5260 alii
1407 5185 1572 5260 etiam
1596 5201 1703 5240 non
1783 5211 1788 5214 -
1819 5185 1882 5238 At
1914 5183 2045 5237 ille:
2077 5178 2377 5260 Hominem,
2405 5190 2510 5260 etc.
2541 5180 2617 5260 Ex
2676 5178 2779 5260 huc
2817 5194 3017 5260 autem_
3053 5187 3173 5245 loco
3220 5178 3408 5251 c'cmtra

145 5264 300 5328 pmci,
328 5263 476 5329 Quod
520 5261 782 5332 signiﬁcat
810 5251 1234 5334 ﬁ'gura'ventura
1264 5257 1498 5334 Domini,
1546 5265 1651 5334 etc.
1687 5273 1700 5311 :
1744 5297 1746 5300 μ
1817 5266 2103 5334 auctorem.
2122 5251 2280 5318 Inuus
2299 5252 2481 5319 operis
2503 5253 3103 5334 objectionemconflari
3132 5261 3184 5315 in
3213 5263 3413 5322 Praefa-

144 5322 250 5406 que
270 5322 422 5389 leciio
453 5322 820 5389 non'om'nino'
851 5322 1154 5406 iespuenda
1185 5339 1290 5406 est,
1324 5322 1495 5406 modo;
1531 5330 1708 5406 ﬁgura
1809 5322 2254 5406 tione-diximus,
2285 5337 2444 5392 quam
2476 5324 2723 5406 consule.
2746 5394 2778 5406 η

148 5393 189 5478 ᾖν
216 5416 360 5478 sexto
382 5420 532 5471 casn,
558 5414 613 5459 et
639 5413 852 5478 ventura
877 5393 1150 5478 iii__'qu§rto
1164 5393 1364 5478 plurali
1385 5393 1704 5478 accipiatur.
1877 5405 1920 5478 ,ξ’
1961 5393 2216 5477 Nonnulli
2241 5409 2365 5447 mss.
2384 5394 2686 5478 ,"subghoste
2705 5394 2882 5478 aliquo
2893 5400 3089 5478 popqu
3112 5407 3413 5478 constituto,-

147 5469 449 5541 Scntentiam
471 5465 605 5531 vero
628 5475 855 5529 mutavit
875 5465 1182 5528 edit'.RoniI
1209 5472 1261 5525 in
1281 5471 1426 5526 hunc
1445 5465 1665 5526 modum
1696 5488 1708 5523 :
1815 5467 2006 5538 reliqui
2038 5479 2316 5541 et_0I_nues_
2337 5465 2464 5519 edit.
2491 5475 2548 5518 ut
2576 5465 2630 5518 in
2663 5472 2832 5532 textu,
2867 5465 2973 5524 nisi
2989 5474 3138 5541 quod
3166 5477 3216 5530 in
3248 5465 3408 5539 Rom:

151 5540 283 5608 Quod
330 5551 382 5618 in
419 5548 643 5618 ﬁguram
693 5545 889 5599 venturi
911 5543 979 5618 ο.
1015 5543 1088 5597 Ν.
1121 5543 1176 5597 .l.
1205 5541 1266 5596 C.
1291 5543 1446 5612 ﬁebat
1477 5558 1495 5596 :
1521 5551 1713 5618 aperto
1816 5536 2410 5618 vox—populo‘jngulata
2441 5544 2544 5589 est.

149 5605 314 5689 sensu.
341 5605 724 5689 Verumtamen
756 5616 1076 5689 auctoritate
1109 5630 1172 5669 ac
1192 5605 1426 5689 numero
1456 5605 1714 5689 mss'.‘ad-
1896 5605 2087 5689 fu’Mss.
2130 5605 2410 5689 ‘Cla’rontr,
2432 5605 2579 5689 Quod
2611 5605 2832 5686 baptizat
2860 5606 3127 5682 Christus;
3155 5618 3246 5675 alii
3279 5639 3413 5684 non-

147 5681 390 5757 ducimur,
415 5675 472 5746 ut
496 5688 774 5757 antiquam
804 5686 1090 5741 lectionem
1121 5685 1498 5757 przehabeutes
1519 5683 1714 5743 eodem
1822 5682 1980 5751 nulli,
2003 5679 2141 5752 quod
2169 5678 2393 5751 baptizat
2421 5675 2672 5733 Ecclesia.

573 5782 848 5842 Ρηιιοι.
895 5779 1066 5842 XVI.

2814 5773 2886 5836 1Ῑι
