3946 6180
525 149 629 203 427

1853 135 2099 192 SANCTI
2126 135 2454 194 AMBROSII
2571 209 2584 227 .
3721 135 3809 190 ἂΞί

520 263 802 320 lnvocavit
824 261 1051 316 Eliszeus
1094 255 1304 311 Domini
1339 268 1560 317 nomen,
1589 260 1644 306 et
1668 252 1736 306 de
1759 266 1895 320 aqua
1917 250 2120 306 ferrum
2149 253 2198 311 Α
2228 250 2667 320 scendit(.l!attli.
2704 267 2782 315 ιιι,
2809 249 2920 321 16).
2954 249 3138 316 Quare
3159 249 3310 320 quasi
3336 249 3620 305 columba?
3651 250 3712 307 Ut
3741 251 3812 305 in-

527 355 740 410 securis
777 349 1018 406 ascendit
1056 345 1197 417 quod
1228 345 1538 399 demersum
1569 341 1748 397 fuerat
1770 341 1864 411 (IV
1893 340 2022 414 Reg.
2058 357 2130 407 vi,

534 449 614 519 6).
653 449 790 502 Ecce
818 443 960 498 aliud
985 457 1154 512 genus
1183 437 1548 506 baptismatis.
1581 435 1806 504 Quare?
1850 435 1984 503 Quia
2017 448 2134 487 om-

533 543 618 597 nis
672 539 834 593 homo
863 542 988 589 ante
1040 532 1365 602 baptismum
1415 529 1571 599 quasi
1605 528 1807 583 ferrum
1873 527 2136 598 premitur

534 644 697 702 atque
740 626 1076 699 demergitur
1110 625 1237 680 :ubi
1291 623 1598 694 baptizatus
1645 623 1831 687 fuerit,
1863 638 1967 676 non
2000 630 2136 674 tam-

534 739 694 796 quam
725 721 952 786 ferrum,
977 718 1074 774 sed
1094 727 1368 788 tamquam
1417 717 1527 785 jam
1582 715 1753 771 levior
1785 713 2041 768 fruetuosi
2075 712 2136 766 li-

533 819 623 891 gni
647 816 859 889 species
881 815 1145 870 elevatur.
1176 811 1319 882 Ergo
1351 819 1404 865 et
1434 810 1520 865 hic
1551 811 1717 880 ﬁgura
1749 809 1938 862 altera.
1973 806 2138 861 Secu-

535 913 744 967 riserat
763 924 864 978 qua
897 905 1247 962 ctedebantur
1276 903 1439 974 ligna.
1465 901 1677 957 Cecidit
1700 899 2040 955 manubrium
2069 897 2138 952 de

534 1005 736 1070 securi,
782 1002 884 1058 hoc
922 1009 1028 1060 est.
1081 997 1285 1055 ferrum
1332 997 1642 1052 demersum
1675 1002 1777 1049 est.
1816 992 1985 1047 Filius
2013 1007 2138 1062 pro-

534 1103 711 1172 phetae
761 1097 990 1152 nescivit
1033 1092 1160 1164 quid
1212 1091 1415 1147 faceret
1455 1089 1590 1144 :sed
1617 1088 1720 1142 hoc
1751 1087 1926 1142 solum
1958 1085 2136 1149 scivit,

533 1203 593 1248 ιιι
615 1199 830 1262 rogaret
859 1189 1118 1244 Eliszeum
1155 1185 1499 1256 prophetam,
1533 1193 1587 1237 et
1609 1180 1908 1237 remedium
1955 1189 2140 1249 postu-

531 1285 692 1340 laret.
722 1283 875 1338 Tunc
904 1281 996 1336 ille
1024 1279 1227 1351 lignum
1256 1277 1422 1342 misit,
1449 1284 1505 1330 et
1525 1275 1726 1330 ferrum
1769 1273 2002 1328 levatum
2033 1268 2134 1326 est.

536 1375 697 1431 Vides
728 1389 860 1444 ergo
889 1372 1034 1442 quod
1057 1371 1108 1425 in
1135 1384 1298 1426 cruce
1324 1368 1527 1423 Christi
1558 1366 1803 1422 omnium
1856 1363 2136 1418 hominum

532 1472 743 1527 levatur
775 1466 1071 1522 inﬁrmitas
1091 1466 1116 1518 ?

608 1561 699 1617 12.
739 1557 924 1624 Aliud,
953 1557 1054 1612 etsi
1080 1570 1185 1610 non
1233 1554 1481 1609 ordinem
1532 1561 1813 1617 tenemus;
1846 1552 1966 1621 quis
1995 1550 2136 1606 enim

2239 347 2441 402 creduli
2472 357 2800 402 vocarentur
2850 343 2916 398 ad
2969 343 3152 398 ﬁdem.
3199 341 3255 396 In
3308 343 3569 414 principio
3613 345 3812 413 signum

2238 441 2427 497 debuit
2453 456 2596 506 esse,
2630 441 2681 494 in
2714 437 3114 512 p05terioribus
3135 439 3299 492 debet
3326 453 3447 493 esse
3479 437 3748 508 perfectio.

2315 535 2400 588 15.
2445 533 2644 601 Accipe
2670 531 2814 586 aliud
2851 550 2863 584 :
2896 541 2918 567 ε
2949 530 3080 584 Post
3132 541 3360 585 mortem
3421 530 3631 585 Domini
3661 531 3817 586 nostri

2239 626 2368 682 Jesu
2393 625 2595 680 Christi
2622 625 2855 695 apostoli
2885 634 3044 682 erant
3075 624 3125 677 in
3155 639 3261 677 uno
3289 622 3431 688 loco,
3460 632 3514 678 et
3529 623 3749 677 orabant
3773 624 3816 678 in

2239 720 2327 774 die
2358 729 2735 789 pentecosms;
2763 727 2817 773 et
2850 717 3030 771 subito
3053 717 3224 770 factus
3250 726 3334 771 est
3381 731 3604 787 magnus
3635 731 3817 781 sonus,

2241 812 2398 882 quasi
2427 827 2548 866 cum
2583 811 2635 865 vi
2664 826 2854 881 magna
2885 809 3126 880 Spiritus
3170 808 3429 873 ferretur,
3463 819 3514 863 et
3553 810 3682 862 visa:
3709 818 3823 862 sunt

2243 905 2439 975 lingua:
2489 904 2774 973 dispersze,
2831 903 2974 958 sicut
3042 902 3181 972 ignis
3215 902 3353 972 (Act.
3387 919 3472 970 ιι.,
3497 903 3554 968 2,
3592 902 3667 971 5).
3697 902 3822 971 Quid

2243 997 2346 1052 hoc
2384 997 2676 1064 signiﬁcat,
2701 995 2805 1050 nisi
2833 994 3158 1049 descensum
3190 993 3427 1064 Spiritus
3445 992 3636 1055 sancti,
3662 994 3746 1062 qui
3774 1008 3826 1048 se

2243 1089 2416 1143 voluit
2472 1087 2768 1142 incredulis
2821 1067 2986 1169 etiam
3041 1084 3401 1155 corporaliter
3440 1083 3826 1150 demonstrare,

2244 1183 2348 1237 hoc
2374 1191 2479 1247 est,
2507 1181 2871 1251 corporaliter
2900 1195 2996 1250 per
3027 1181 3263 1250 signum,
3296 1179 3615 1248 spiritaliter
3639 1195 3729 1248 per
3752 1192 3830 1232 sa-

2243 1274 2625 1330 cramentum?
2654 1275 2793 1344 Ergo
2826 1274 3175 1328 manifestum
3203 1271 3575 1327 testimonium
3600 1272 3713 1340 eius
3745 1270 3829 1325 ad-

2243 1377 2460 1432 ventus,
2491 1367 2649 1421 nobis
2679 1376 2858 1420 autem
2885 1365 3012 1421 fidei
3039 1365 3152 1436 jam
3181 1366 3545 1435 prterogativa
3567 1364 3827 1427 defertur;

2245 1463 2365 1533 quia
2392 1463 2442 1516 in
2473 1461 2745 1532 principio
2776 1461 2929 1530 signa
2962 1459 3259 1514 incredulis
3288 1457 3527 1522 ﬁebant,
3557 1457 3709 1512 nobis
3729 1457 3829 1526 jam

2246 1555 2299 1607 in
2329 1554 2668 1624 plenitudine
2698 1553 2954 1609 Ecclesim
2985 1550 3002 1589 ί
3036 1567 3143 1606 non
3178 1553 3356 1620 signo,
3383 1549 3478 1605 sed
3513 1547 3618 1605 ﬁde
3642 1549 3830 1604 veritas

532 1650 707 1721 possit
755 1649 936 1702 omnia
999 1655 1151 1717 gesta
1177 1644 1667 1715 comprehendere
1724 1641 1959 1697 Christi?
1998 1642 2136 1695 sicut
2168 1645 2215 1704 B
2242 1645 2548 1716 colligenda
2582 1655 2687 1700 est.

535 1743 772 1813 apostoli
798 1741 1052 1796 dixerunt
1081 1737 1259 1810 (Joan.
1287 1753 1399 1802 ut,
1423 1736 1538 1808 25).
1573 1737 1784 1807 Moyses
1809 1751 1932 1790 cum
1957 1737 2141 1788 venis-

541 1846 626 1891 set
667 1836 719 1889 in
763 1833 1066 1897 desertum,
1100 1842 1155 1887 et
1184 1832 1390 1886 sitisset
1433 1830 1682 1898 populus,
1718 1838 1772 1883 et
1815 1826 2142 1883 venissetad

535 1927 752 1982 Merrha
793 1925 1022 1991 fontem,
1075 1931 1129 1978 et
1174 1922 1360 1978 bibere
1390 1931 1413 1956 η
1439 1921 1605 1978 vellet
1633 1936 1827 1988 aquam
1859 1937 1874 1972 :
1902 1920 2027 1988 quia
2057 1917 2144 1972 ubi

536 2021 772 2092 primum
801 2020 1002 2085 hausit,
1034 2017 1454 2075 amaritudinem
1480 2016 1674 2082 sensit,
1700 2015 1938 2084 et'cmpit
1959 2013 2146 2069 bibere

539 2130 648 2170 non
689 2128 849 2185 posse
875 2129 889 2178 ;
921 2112 1044 2167 ideo
1075 2112 1288 2183 Moyses
1320 2110 1467 2165 misit
1514 2110 1720 2180 tignum
1750 2109 1803 2164 in
1830 2107 2060 2171 fontem,
2093 2115 2147 2163 et

537 2209 706 2280 coepit
771 2223 908 2279 aqua
975 2223 1095 2278 quae
1149 2218 1313 2264 antea
1372 2216 1489 2262 erat
1547 2221 1768 2273 amara,
1823 2205 2146 2261 'dulcescere

541 2302 740 2374 (Exod.
775 2316 864 2365 xv,
889 2299 961 2356 25
982 2309 1027 2353 et
1053 2298 1184 2369 seq.)

605 2398 695 2452 15.
735 2395 876 2466 Quid
903 2395 1188 2465 signiﬁcat,
1225 2386 1325 2449 nisi
1357 2394 1484 2464 quia
1507 2394 1688 2450 clunis
1733 2403 1983 2449 creatura
2021 2407 2144 2448 cor-

539 2490 772 2562 ruptela:
811 2487 1071 2553 obnoxia,
1101 2504 1237 2560 aqua
1281 2503 1464 2543 amara
1508 2498 1597 2546 est.
1624 2489 1900 2544 omnibus.
1934 2487 2052 2541 Etsi
2083 2485 2148 2542 ad

540 2592 752 2654 tempus
795 2581 977 2637 suavis
1004 2589 1112 2645 est,
1158 2581 1262 2636 etsi
1286 2580 1356 2634 ad
1384 2590 1600 2649 tempus
1649 2579 1922 2648 jucunda;
1963 2594 2148 2634 amara

540 2684 722 2731 tamen
771 2684 876 2738 est,
918 2688 1039 2744 quas
1091 2687 1198 2728 non
1255 2681 1434 2740 potest
1463 2672 1679 2726 auferre
1708 2681 2011 2741 peccatum.
2048 2671 2148 2728 Ubi

543 2765 766 2832 biberis,
797 2765 949 2820 sities
985 2765 1109 2818 :ubi
1139 2774 1298 2834 potus
1325 2763 1557 2833 coeperis
1584 2763 1932 2826 suavitatem,
1951 2765 2147 2820 iterum

540 2856 958 2914 amaritudinem
983 2855 1208 2911 senties.
1232 2856 1430 2909 Amata
1444 2871 1577 2924 ergo
1599 2871 1736 2924 aqua
1759 2873 1770 2908 :
1791 2855 1890 2910 sed
1911 2856 2002 2911 ubi
2029 2873 2150 2912 cru-

541 2964 660 3004 cem
686 2945 910 3012 Christi,
952 2947 1044 3002 ubi
1071 2948 1348 3016 acceperis
1377 2947 1606 3010 cmlestc
1621 2959 2046 3015 sacramentum,
2065 2950 2149 3005 in-

2839 1735 3070 1794 CAPUT
3111 1736 3200 1792 Vl.

2247 1828 2374 1884 Cum
2399 1831 2449 1883 in
2475 1829 2704 1885 homines
2724 1831 2901 1884 mortis
2923 1831 3174 1884 sententia
3197 1841 3408 1902 prapter
3448 1841 3711 1901 peccatum
3739 1830 3833 1882 luta

2320 1924 2524 1994 fuisset,
2551 1925 2835 1994 baptismus
2863 1924 2933 1978 ad
2966 1923 3170 1978 eosdem
3200 1924 3588 1980 resuscitandas
3614 1924 3834 1979 inventus

2321 2025 2600 2069 astruttur.

2325 2197 2412 2252 16.
2453 2195 2606 2252 Nunc
2628 2196 2971 2268 disputemus
2992 2199 3120 2270 quid
3148 2199 3219 2254 sit
3250 2200 3396 2272 quod
3425 2199 3631 2256 dicitur
3653 2201 3834 2271 baptis-

2252 2306 2358 2344 ma.
2399 2289 2602 2344 Venisti
2651 2290 2718 2345 ad
2769 2290 2994 2355 fontem.
3052 2293 3382 2348 descendisti
3423 2294 3475 2348 in
3498 2310 3650 2360 eum,
3679 2303 3835 2349 atten-

2250 2381 2380 2436 disti
2413 2398 2683 2437 summum
2737 2385 3104 2450 sacerdotem,
3163 2385 3354 2439 levitas
3386 2395 3441 2441 et
3471 2386 3833 2457 presbyterum

2252 2476 2306 2528 in
2336 2474 2485 2530 fonte
2508 2475 2713 2530 vidisti.
2740 2475 2878 2542 Quid
2906 2488 2988 2530 est
3013 2475 3385 2545 baptismum?

2327 2569 2413 2622 17.
2459 2568 2514 2622 In
2557 2568 2822 2638 principio
2862 2567 3005 2624 Deus
3029 2578 3214 2623 noster
3245 2567 3522 2623 hominem
3549 2568 3694 2633 fecit,
3728 2569 3837 2622 utsi

2255 2674 2533 2731 peccatum
2563 2678 2668 2715 non
2687 2669 2954 2732 gustaret,
2971 2671 3148 2716 morte
3171 2678 3277 2715 11011
3301 2673 3630 2716 moreretur.
3660 2661 3840 2716 Peccac

2255 2763 2365 2806 tum
2397 2756 2687 2818 contraxit,
2711 2751 2885 2806 factus
2907 2761 2994 2808 est
3023 2753 3297 2809 obnoxius
3324 2755 3509 2820 morti,
3543 2753 3742 2823 eiectus
3767 2764 3840 2808 est

2253 2844 2321 2899 de
2347 2844 2621 2914 paradiso.
2655 2846 2760 2901 Sed
2795 2845 3056 2900 Dominus
3104 2847 3195 2916 qui
3248 2861 3341 2902 sua
3376 2846 3544 2901 vellet
3597 2848 3838 2902 beneﬁcia

2257 2959 2600 3014 permanere,
2632 2953 2687 3000 et
2719 2945 2951 3002 insidias
2993 2963 3190 3003 omnes
3213 2949 3439 3004 abolere
3465 2951 3755 3022 serpentis,
3773 2963 3839 3001 re-

543 3042 676 3112 cipit
703 3056 824 3096 esse
847 3040 1022 3096 dulcis
1041 3051 1096 3096 et
1124 3041 1314 3097 suavis
1345 3058 1358 3095 :
1401 3050 1453 3096 et
1485 3042 1681 3097 merito
1706 3041 1899 3108 dulcis,
1925 3041 2021 3096 hin
2045 3059 2146 3113 qua
2175 3032 2221 3094 C
2252 3039 2502 3096 scindere
2525 3056 2743 3110 quoque
2762 3056 2924 3098 omne
2947 3042 3089 3112 quod
3117 3045 3332 3112 nocuit;
3367 3045 3604 3115 primum
3635 3042 3835 3115 quidem

543 3135 699 3204 culpa
729 3143 1036 3189 revocatur.
1075 3133 1215 3204 Ergo
1243 3134 1288 3189 si
1316 3133 1370 3188 in
1404 3133 1576 3204 ﬁgura
1616 3142 1821 3189 tantum
1862 3135 2148 3190 valuerunt

548 3227 892 3298 baptismata,
953 3238 1155 3296 quanto
1203 3227 1443 3296 amplius
1470 3227 1618 3284 valet
1638 3228 1901 3298 baptism
1925 3229 1980 3284 in
2009 3229 2148 3286 veri-

549 3322 706 3379 tate?

1192 3411 1420 3468 CAPUT
1468 3412 1534 3466 γ.

549 3527 630 3584 Ad
655 3542 829 3600 preces
862 3525 1146 3588 sacerdotis
1173 3525 1352 3582 adesse
1381 3525 1692 3586 Trinitatem.
1715 3537 1770 3584 et.
1792 3528 1991 3600 colligit
2020 3547 2047 3583 e
2067 3547 2152 3586 su-

619 3616 929 3689 perioribus,
961 3627 1008 3670 et
1037 3633 1100 3670 ea:
1128 3617 1306 3689 ﬁguris
1328 3618 1590 3688 corporeis
1606 3619 1788 3688 quibus
1809 3621 1864 3676 in
1893 3621 2152 3676 Christum

623 3721 776 3780 atque
795 3712 850 3762 in
879 3709 1160 3780 discipulos
1187 3707 1416 3781 Spiritus
1443 3721 1656 3767 sanctus
1688 3711 1912 3783 illapsu
1937 3713 2150 3782 dicitur,

624 3803 924 3872 conﬁrmat.

627 3956 718 4012 μ.
756 3955 910 4012 Nunc
936 3971 1076 4027 ergo
1098 3956 1529 4014 consideremus.
1565 3960 1726 4016 Venit
1753 3963 2011 4018 sacerdos
2039 3965 2056 4034 (
2083 3963 2156 4018 De

555 4051 794 4117 Conscia,
827 4050 953 4105 dist.
977 4049 1029 4116 4,
1063 4068 1179 4123 cap.
1220 4051 1368 4106 Venit
1390 4055 1676 4125 sacerdos),
1701 4072 1912 4124 precem
1936 4059 2068 4114 dicit
2089 4058 2156 4113 ad

555 4142 785 4209 fontem,
847 4143 1064 4198 invocat
1107 4143 1272 4216 358
1325 4144 1500 4201 Patris
1541 4164 1737 4204 nomen
1763 4191 1775 4214 ,
1810 4153 2154 4220 prmsemiam

556 4234 682 4290 Filii
723 4244 780 4289 et
832 4235 1066 4303 Spiritus
1112 4235 1284 4288 sancti
1322 4255 1333 4288 :
1368 4236 1534 4290 utitur
1562 4240 1740 4294 verbis
1772 4251 1792 4278 ο
1818 4242 2154 4297 cmlestibus.

559 4325 816 4384 leedia
842 4325 1002 4386 verba
1027 4326 1189 4395 quae?
1209 4325 1408 4382 Christi
1439 4340 1586 4394 sunt,
1635 4333 1778 4400 quod
1823 4333 2160 4403 baptizemus

2250 3132 2574 3188 sententiam
2608 3135 2734 3188 tulit
2762 3135 2814 3189 in
2848 3135 3126 3191 hominem
3155 3152 3167 3188 :
3201 3135 3360 3190 Terra
3387 3154 3462 3203 es,
3491 3149 3543 3190 et
3576 3139 3627 3190 in
3667 3148 3840 3191 terram

2249 3225 2346 3279 ibis
2375 3223 2532 3298 (Gen.
2560 3241 2638 3290 ιιι,
2663 3225 2786 3296 19);
2813 3237 2870 3282 et
2900 3230 3062 3284 morti
3092 3228 3366 3286 hominem
3384 3229 3508 3284 fecit
3534 3229 3836 3285 obnoxium.

2251 3316 2387 3372 Erat
2423 3318 2604 3372 divina
2636 3321 2929 3382 sententia,
2963 3322 3098 3376 solvi
3127 3321 3364 3392 humana
3392 3323 3714 3378 conditione
3741 3336 3838 3374 non

2252 3417 2484 3479 poterat.
2520 3409 2843 3467 Remedium
2874 3413 3063 3468 datum
3085 3424 3190 3482 est,
3217 3427 3276 3471 ut
3308 3415 3471 3472 homo
3519 3423 3836 3474 moreretur.

2251 3516 2306 3560 et
2336 3516 2664 3577 resurgeret.
2696 3507 2912 3577 Quare?
2940 3508 3011 3564 Ut
3036 3509 3166 3565 illud
3198 3511 3343 3581 quod
3370 3521 3501 3568 ante
3549 3509 3837 3567 damnatio-

2256 3597 2339 3653 nis
2368 3598 2494 3653 loco
2541 3609 2803 3666 cesserat,
2829 3601 2948 3656 loco
2993 3602 3215 3657 cederet
3252 3603 3522 3659 beneﬁcii.
3559 3603 3697 3671 Quid
3720 3597 3839 3656 illud

2257 3699 2340 3744 est
2372 3690 2475 3743 nisi
2505 3692 2686 3746 mors?
2717 3693 2934 3758 Quaeris
2979 3693 3290 3763 quomodo?
3337 3695 3474 3763 Quia
3505 3710 3662 3750 mors
3686 3695 3838 3749 inter-

2259 3783 2486 3839 veniens
2519 3785 2676 3840 ﬁnem
2709 3786 2838 3840 facit
2866 3789 3097 3856 peccati.
3127 3787 3355 3854 Quando
3382 3789 3526 3844 enim
3573 3788 3837 3847 morimur,

2260 3876 2447 3945 utique
2481 3892 2707 3946 peccare
2733 3877 3068 3933 desistimus.
3093 3879 3446 3936 Satisfactum
3477 3896 3612 3953 ergo
3633 3889 3839 3936 senten-

2260 3969 2349 4022 tia:
2398 3968 2702 4036 videbatur,
2735 3973 2855 4040 quia
2884 3972 3046 4026 homo
3073 3973 3164 4040 qui
3195 3973 3368 4029 factus
3418 3973 3592 4031 fuerat
3622 3987 3679 4029 ut
3709 3973 3840 4027 vive-

2262 4067 2364 4124 ret,
2401 4062 2443 4113 si
2470 4069 2650 4116 tamen
2677 4078 2781 4117 non
2813 4073 3099 4133 peccaret,
3134 4064 3436 4135 incipiebat
3485 4068 3644 4124 mori.
3671 4066 3767 4122 Sed
3793 4074 3844 4118 ut

2262 4149 2358 4206 Dei
2392 4163 2651 4222 perpetua
2673 4155 2845 4225 gratia
2872 4167 3270 4226 perseveraret,
3293 4168 3538 4215 nwrtuus
3551 4170 3635 4216 est
3654 4159 3835 4213 homo:

2262 4244 2358 4300 sed
2399 4245 2654 4303 Christus
2705 4250 2910 4304 invenit
2941 4254 3423 4320 resurrectionem,
3475 4255 3526 4309 id
3555 4266 3660 4320 εει,
3689 4265 3740 4308 ut
3768 4266 3845 4306 re-

2264 4338 2594 4410 dintegraret
2626 4343 2853 4399 caleste
2879 4343 3228 4410 beneﬁcium,
3261 4336 3405 4418 quod
3458 4349 3644 4404 fraude
3685 4347 3845 4401 fuerat

560 4424 615 4480 in
669 4421 894 4485 nomine
935 4420 1113 4474 Patris
1134 4430 1194 4476 et
1217 4420 1339 4476 Filii
1366 4431 1424 4476 et
1447 4424 1682 4492 Spiritus
1712 4429 1907 4480 sancti.
1934 4429 1990 4483 Si
2023 4445 2153 4500 ergo
2178 4423 2231 4483 D
2258 4435 2524 4502 serpentis
2557 4435 2839 4490 amissum.
2869 4435 3168 4508 Utrumque
3198 4455 3328 4510 ergo
3351 4440 3516 4512 359
3537 4456 3632 4509 pro
3661 4439 3842 4500 nobis;

561 4513 636 4569 ad
659 4513 939 4569 hominum
966 4527 1300 4577 sermonem,
1339 4513 1412 4568 ad'
1437 4514 1837 4574 invocationem
1865 4522 2036 4576 sancti
2063 4523 2158 4579 ad-

560 4615 680 4662 erat
719 4604 1010 4677 przesentia
1064 4604 1383 4673 Trinitatis,
1434 4618 1638 4677 quanto
1669 4613 1841 4682 magis
1877 4613 1950 4668 ibi
1982 4615 2156 4681 adest.

563 4700 652 4757 ubi
696 4714 882 4757 sermo
906 4706 1162 4768 operatur
1200 4701 1470 4756 alaternus?
1497 4701 1672 4758 Vultis
1710 4705 1849 4760 scire
1879 4707 2001 4778 quia
2058 4709 2158 4765 de-

562 4791 773 4848 scendit
817 4790 1090 4864 Spiritus?
1120 4790 1150 4828 ιι
1177 4791 1386 4846 Audisti
1425 4794 1550 4864 quia
1603 4799 1757 4867 quasi
1781 4799 2033 4858 columba
2061 4801 2161 4858 de-

631 4937 658 4963 ἰ
705 4927 780 4982 Ita
808 4941 938 5002 mss.
967 4941 1169 5002 prope
1190 4927 1256 4981 ad
1293 4944 1470 5002 unum
1500 4947 1511 4982 :
1542 4929 1672 4985 edit.
1726 4942 1928 4996 autem,
1981 4937 2152 5002 vellet,

558 5015 742 5067 aquam
773 4999 855 5051 ubi
898 4999 1120 5071 primum
1152 5000 1342 5059 Itaasit.
1374 5011 1422 5054 et
1472 5004 1870 5059 amaritudinem
1897 5009 2076 5071 sensit,
2108 4999 2157 5061 et

559 5071 731 5140 coepit,
757 5079 862 5123 etc.
892 5068 1040 5124 Unde
1072 5081 1248 5124 tamen
1279 5071 1669 5128 linum-delevit
1699 5077 1946 5131 ultimum
1975 5089 2040 5132 et.
2065 5068 2156 5133 ln-

558 5142 650 5220 ιη.
669 5140 1161 5220 γειοβιιιειιιβοιει
1180 5152 1309 5220 post
1355 5159 1516 5199 voces
1569 5149 1880 5214 corruptela:
1899 5151 2152 5220 obnoxia,

564 5211 866 5279 subiunxit,
897 5222 948 5264 nt
991 5210 1222 5266 Mamili.
1730 5210 1737 5214 ’
1899 5217 1903 5220 ⁴

633 5281 660 5321 ιι
702 5283 824 5355 Mss.
855 5284 1080 5352 aliquot,
1129 5286 1182 5338 in
1211 5302 1312 5353 qua
1359 5286 1513 5355 culpa
1563 5299 1852 5354 reseratur;
1878 5294 2060 5346 caueri
2093 5309 2156 5350 ac

564 5363 670 5406 vet.
719 5354 861 5435 edit._
892 5364 949 5435 ut
977 5357 1027 5408 in
1075 5363 1244 5435 textu,
1281 5354 1552 5435 nisiqnod
1584 5361 1824 5415 nonnulli
1851 5378 1949 5430 pro
1977 5365 2030 5417 in
2057 5384 2158 5435 qua

564 5433 822 5490 coronata
850 5425 1304 5500 habeatsirtfaqna
1333 5430 1415 5483 vel
1451 5430 1505 5482 in
1527 5446 1745 5500 aquam:
1764 5441 1815 5485 at
1844 5425 1997 5486 l'tom.
2019 5425 2152 5492 edit.

569 5511 664 5563 pro
695 5506 980 5559 resecatur,
1016 5499 1192 5565 [tonuit
1217 5502 1516 5553 devoratur.

638 5577 659 5646 εξ
702 5565 1002 5646 Nonpauei
1046 5584 1201 5632 mss.,
1255 5573 1563 5646 (mlestibus,
1619 5590 1736 5646 qua:
1777 5573 1970 5630 Christi
2007 5592 2159 5634 sunt:

567 5636 754 5704 reliqui
783 5644 835 5687 el.
860 5636 986 5690 edit.
1032 5648 1136 5692 vet.
1193 5648 1250 5693 nt
1281 5643 1333 5695 in
1365 5657 1593 5712 corpore
1629 5636 1642 5698 Ξ
1678 5645 1840 5702 Rom.
1869 5663 2022 5716 vero,
2057 5666 2156 5707 ca:-

2266 4525 2391 4595 quia
2422 4536 2478 4582 et
2505 4543 2654 4584 mors
2687 4528 2809 4584 ﬁnis
2840 4538 2926 4584 est
2954 4540 3395 4600 peccatorum,et
3416 4531 3741 4590 resurrectio
3761 4545 3848 4584 na.

2271 4630 2402 4673 tura:
2431 4629 2518 4674 est
2546 4619 2884 4678 refer-nmio.

2342 4713 2429 4768 18.
2473 4713 2863 4772 Verumtamen
2894 4733 2961 4773 ne
3005 4717 3057 4771 in
3110 4717 3213 4773 hoc
3243 4720 3441 4775 szeculo
3486 4718 3683 4775 diaboli
3713 4717 3848 4772 fraus

2270 4807 2355 4861 vel
2389 4807 2598 4862 insidia:
2633 4811 3012 4879 praevalerent,
3034 4810 3314 4868 inventum
3345 4824 3429 4868 est
3460 4813 3744 4882 baptisma.
3780 4811 3848 4864 Dc

2258 4940 2488 5018 testibus.
2509 4941 2765 5018 __leestin
2797 4946 2950 5018 verba
2997 4962 3110 5015 qua:
3142 4948 3300 5004 sunt?
3330 4948 3396 5003 At
3441 4947 3496 5002 in
3536 4946 3753 5018 antiqua
3781 4945 3850 5000 le-

2259 5013 2441 5068 ctione
2469 5014 2606 5089 nihil
2639 5017 2975 5080 mutandum,
3010 5013 3206 5086 praeter
3237 5013 3698 5089 punctuationcm',
3730 5032 3841 5088 qua:

2261 5091 2444 5137 tmnen
2477 5088 2696 5140 retineri
2733 5099 2932 5155 potest,
2965 5090 3125 5143 modo
3150 5088 3375 5145 verbum
3407 5090 3840 5154 suntscmelsnp-

2259 5156 2408 5230 piens
2441 5157 2490 5230 in
2527 5158 2666 5212 hanc
2718 5162 2968 5226 lormam,
3032 5159 3273 5217 Caelestia
3335 5162 3484 5216 verba
3551 5172 3694 5226 stmt,
3735 5171 3842 5230 qua:

2261 5226 2453 5280 Christi
2486 5238 2626 5294 sunt,
2655 5242 2761 5282 etc.

2331 5296 2357 5335 (1
2404 5299 2572 5373 limit”
2600 5301 2794 5355 Audite
2816 5304 2934 5372 quia
2953 5306 3122 5373 quasi,
3149 5315 3258 5357 etc.

2339 5380 2359 5406 ο
2401 5369 2445 5438 ρ
2470 5371 2632 5424 nidum
2666 5389 2776 5426 mss
2809 5369 2836 5436 ,⁷
2859 5369 2976 5440 post
2993 5376 3341 5430 ascensionem
3367 5375 3595 5430 Domini.
3629 5384 3732 5429 etc.

2342 5440 2360 5477 τ
2410 5443 2539 5519 νοις·
2559 5441 2692 5496 edit.
2727 5458 2788 5498 ac
2816 5462 2952 5519 tuss.
2985 5449 3209 5519 aliquot,
3234 5447 3535 5519 transigam,
3581 5448 3671 5500 sed
3713 5444 3848 5519 ﬁde;

2266 5513 2424 5565 Rom.
2458 5513 2614 5586 etlit.,
2654 5530 2756 5566 non
2780 5517 2930 5585 signa
2950 5517 3039 5570 sed
3059 5517 3220 5586 ﬁdei;
3247 5513 3584 5573 meliuSmss.
3612 5515 3845 5583 complu-

2263 5599 2370 5708 νεῖ,
2403 5599 2502 5636 non
2526 5584 2698 5656 signo,
2729 5584 2842 5641 etc.
2876 5605 2888 5640 :
2923 5584 3271 5659 qutcLatinii
3299 5604 3386 5658 qui
3408 5604 3515 5658 que
3544 5588 3850 5656 conjectura

2263 5670 2322 5708 es
2353 5689 2370 5702 α

2262 5670 2370 5710 (35L
