3952 6178
549 197 648 252 651

1914 193 2161 251 SANCTI
2198 191 2526 251 AMBROSII

3737 187 3832 243 ‘51

545 297 3794 325 ww

1730 372 2074 457 LIBER
2152 371 2694 503 TERTIUS.

967 610 1128 683 361
1166 606 1396 665 CAPUT
1440 604 1731 664 PRIMUM.

559 733 730 799 Quare
758 728 813 784 in
839 728 1094 796 baptismo
1145 725 1365 781 demersi
1415 740 1475 779 ac
1505 724 1747 793 riviﬁcati
1780 723 2032 793 recipiant
2060 737 2156 775 un-

624 831 868 895 guentum
905 820 960 873 in
993 818 1181 888 capite,
1215 828 1260 872 et
1296 816 1421 886 quid
1449 817 1517 872 sit
1546 816 1865 888 regeneratio
1896 830 1913 869 :
1938 829 2041 884 qua
2070 828 2155 866 ra-

628 916 767 969 tione
788 912 942 966 etiam
970 925 1065 964 nos
1096 908 1254 980 piscis
1297 908 1353 961 in
1380 907 1512 961 ntari
1555 906 1737 963 surculi
1768 906 1924 979 hujus
1963 902 2157 957 imitari

628 1016 867 1060 naturam
883 1009 1116 1072 aporteat
1139 1001 1164 1055 ?
1197 998 1329 1055 Item
1350 1000 1415 1055 de
1433 1000 1681 1072 mysterio
1711 997 1920 1053 lotionis
1942 995 2152 1068 pedum,

627 1098 776 1168 cujus
798 1096 917 1151 licet
956 1110 1078 1149 usus
1105 1094 1159 1148 in
1186 1092 1420 1148 Ecclesia
1468 1090 1706 1147 Romana
1758 1106 1861 1145 non
1909 1087 2149 1151 obtineat,

625 1190 825 1245 utilitas
854 1187 993 1243 haud
1033 1203 1193 1258 parva
1223 1186 1540 1242 declaratur.

628 1348 679 1401 l.
724 1345 991 1403 Hesterno
1016 1354 1042 1382 α
1070 1344 1159 1400 die
1203 1344 1273 1400 de
1303 1343 1453 1399 fonte
1504 1342 1905 1414 disputavimus
1929 1385 1943 1408 ,
1996 1340 2157 1412 cujus

553 1443 771 1514 species
794 1440 962 1496 veluti
990 1438 1240 1510 qumdam
1264 1437 1502 1507 sepulcri
1532 1436 1702 1491 forma
1736 1446 1819 1490 est
1846 1453 1861 1501 ;
1889 1436 1942 1490 in
1973 1449 2154 1505 quem,

551 1533 843 1591 credentes
874 1532 927 1587 in
957 1531 1173 1587 Patrem
1195 1540 1251 1585 et
1282 1528 1477 1584 Filium
1505 1537 1559 1584 et
1587 1527 1851 1597 Spiritum
1882 1536 2154 1592 sanctum,

547 1629 847 1700 recipimur
891 1639 947 1684 et
1002 1625 1376 1697 demergimur
1427 1633 1482 1679 et
1539 1622 1848 1692 surgimus,
1894 1621 1997 1676 hoc
2027 1630 2111 1677 est
2140 1661 2155 1686 ,

549 1722 963 1778 resuscitamur.
1015 1717 1231 1788 Accipis
1279 1725 1461 1770 autem
1495 1715 1520 1753 ι)
1549 1716 1730 1792 μύρον,
1764 1714 1868 1769 hoc
1905 1720 2010 1778 cst,
2058 1725 2160 1765 un-

550 1824 812 1889 guentum
844 1828 1011 1884 supra
1031 1820 1195 1881 caput
1219 1809 1323 1874 (De
1349 1808 1562 1863 Consec.
1590 1809 1713 1862 dist.
1743 1806 1798 1873 8,
1822 1822 1868 1861 c.
1902 1805 2158 1874 Accepisti

552 1909 756 1979 myst.).
787 1906 967 1975 Quare
992 1919 1155 1975 supra
1186 1903 1385 1972 caput?
1418 1902 1555 1969 Quia
1586 1914 1783 1957 sensus
1809 1899 2071 1969 sapientis
2104 1898 2155 1952 in

2178 605 2229 664 Α
2261 600 2522 658 Producat
2545 613 2679 658 terra
2691 619 2756 659 ea:
2772 622 2825 661 se
2842 606 3071 675 fructum
3091 606 3460 678 germinantem
3486 603 3636 677 (Gen.
3663 619 3718 668 ιι,
3736 603 3839 673 ll).

2257 692 2521 749 Similiter
2549 702 2605 773 et
2646 695 2716 751 de
2758 696 2914 767 aquis
2943 695 3122 766 legisti
3157 715 3170 752 :
3207 695 3507 752 Produrant
3546 711 3697 767 aqua:
3739 695 3841 749 aui-

2258 790 2453 843 mantia
2484 788 2649 861 (Ibid,
2679 790 2795 863 20).
2829 800 2885 847 et
2918 800 3042 847 nata
3086 802 3213 849 sunt
3258 793 3576 849 animantia.
3611 792 3704 847 Illa
3734 793 3842 862 qui-

2258 884 2382 938 dem
2414 883 2466 938 iu
2489 885 2760 956 principio
2786 895 3054 941 creatura:
3081 905 3093 939 :
3125 886 3221 942 sed
3254 887 3347 942 tibi
3380 894 3718 943 reservatum
3744 894 3839 952 est,

2259 976 2420 1050 362
2450 988 2508 1032 ut
2531 993 2669 1049 aqua
2693 988 2745 1035 te
2772 989 3062 1051 regeneret
3088 980 3153 1036 ad
3180 982 3435 1052 gratiam,
3458 979 3597 1036 sicut
3624 980 3728 1035 alia
3762 995 3847 1051 ge-

2260 1070 2470 1125 neravit
2496 1070 2564 1126 ad
2587 1070 2774 1126 vitam.
2819 1071 3041 1128 Imitare
3068 1072 3216 1127 illum
3242 1072 3450 1142 piscem
3474 1071 3563 1144 qui
3590 1070 3846 1129 minorem

2258 1162 2474 1234 quidem
2512 1164 2743 1233 adeptus
2770 1175 2853 1221 est
2873 1166 3139 1236 gratiam;
3185 1175 3368 1222 tamen
3391 1165 3555 1222 debet
3599 1164 3699 1222 tibi
3736 1179 3848 1221 esse

2261 1256 2545 1312 miraculo.
2598 1256 2657 1313 ln
2689 1258 2824 1313 mari
2856 1268 2962 1325 est,
2991 1267 3048 1315 et
3071 1274 3236 1329 super
3264 1260 3436 1315 undas
3476 1268 3599 1315 est:
3631 1259 3683 1314 in
3724 1257 3850 1313 mari

2259 1357 2362 1414 est,
2395 1359 2449 1404 et
2476 1364 2640 1421 super
2666 1348 2864 1406 llu’ctus
2891 1359 3062 1408 natat.
3094 1350 3155 1407 ln
3203 1352 3338 1407 mari
3372 1361 3688 1423 tempestas
3711 1350 3848 1419 furit,

2259 1440 2499 1497 stridunt
2530 1441 2781 1510 procella:
2813 1460 2826 1497 :
2861 1443 2960 1500 sed
2990 1445 3155 1514 piscis
3203 1452 3390 1513 natat,
3446 1460 3552 1500 non
3593 1443 3851 1515 demergi-

2261 1543 2380 1600 tur;
2418 1543 2440 1572 ο
2471 1536 2595 1606 quia
2622 1546 2812 1592 natare
2855 1539 3161 1593 consuevit.
3193 1537 3336 1610 Ergo
3363 1547 3418 1593 et
3445 1538 3540 1594 tibi
3564 1536 3668 1594 hoc
3695 1552 3853 1593 sacu-

2262 1627 2372 1683 lum
2405 1643 2554 1683 mare
2584 1636 2686 1682 est.
2721 1627 2895 1684 llabet
2919 1628 3166 1686 diversos
3196 1629 3416 1695 ﬂuctus,
3447 1631 3625 1688 undas
3650 1646 3849 1704 graves,

2262 1735 2434 1776 saevas
2486 1729 2859 1792 tempestates.
2912 1723 2977 1778 Et
3030 1735 3084 1779 tu
3115 1734 3233 1781 esto
3263 1726 3447 1796 piscis,
3502 1734 3562 1782 ut
3590 1725 3767 1782 saeculi
3807 1735 3852 1781 te

2264 1813 2409 1869 unda
2438 1831 2543 1868 non
2576 1825 2805 1886 mergat.
2839 1816 3073 1873 Pulchre
3114 1831 3296 1874 autem
3332 1817 3492 1874 Pater
3521 1817 3657 1875 dicit
3681 1818 3743 1873 ad
3775 1816 3853 1873 Fi-

2263 1907 2424 1963 lium:
2450 1905 2566 1978 Ego
2592 1907 2750 1963 hodie
2774 1909 2929 1980 genui
2950 1919 2997 1964 te
3023 1908 3194 1982 (Psal.
3213 1926 3275 1976 tt,
3295 1909 3377 1983 7),
3402 1910 3504 1964 hoc
3520 1921 3628 1979 cst,
3651 1909 3850 1982 quando

552 2001 731 2071 capite
758 1998 1179 2070 ejus,Salomon
1227 1999 1303 2052 ait
1331 1996 1559 2070 (Eccles.
1589 2012 1651 2061 tt,
1684 1995 1800 2066 M);
1833 1993 1995 2065 friget
2016 1993 2160 2049 enim
2194 2012 2242 2072 Β
2268 1997 2549 2054 redemisti
2605 2000 2885 2070 populum,
2934 2002 3152 2072 quando
3193 2001 3261 2058 ad
3307 2003 3430 2059 casti
3483 2018 3714 2075 regnum
3765 2018 3851 2056 vo-

551 2091 819 2163 sapientia
853 2091 971 2146 sine
1015 2089 1228 2161 gratia:
1264 2101 1284 2127 ι’
1310 2087 1409 2146 sed
1475 2089 1567 2144 ubi
1603 2088 1839 2159 gratiam
1884 2085 2162 2158 acceperit

551 2183 842 2254 sapientia,
890 2194 1015 2237 tunc
1060 2198 1196 2250 opus
1241 2181 1360 2252 ejus
1412 2181 1604 2253 incipit
1654 2196 1779 2237 esse
1837 2178 2157 2251 perfecmm.

551 2277 681 2334 Htec
706 2278 1049 2357 regeneratio
1076 2277 1298 2334 dicitur.

626 2372 680 2427 2.
721 2372 859 2441 Quid
889 2382 974 2427 est
1005 2370 1395 2442 regeneratio?
1427 2370 1606 2427 Habes
1659 2372 1711 2426 in
1750 2370 1978 2426 Actibus
2030 2385 2163 2441 apo-

555 2465 824 2521 stolorum
873 2464 1013 2536 (Act.
1070 2480 1202 2532 xnt,
1245 2463 1366 2535 55),
1399 2463 1545 2534 quod
1578 2464 1671 2519 ille
1711 2464 2015 2519 versiculus
2069 2463 2161 2533 qui

554 2558 755 2615 dicitur
781 2560 832 2614 in
877 2559 1089 2629 psalmo
1115 2558 1362 2615 secundo
1396 2575 1409 2611 :
1443 2555 1618 2611 Filius
1670 2574 1815 2611 utens
1860 2572 1913 2611 es
1950 2566 2023 2624 tu,
2069 2573 2161 2627 ego

494 2668 503 2677 ί
556 2651 710 2706 hodie
738 2652 890 2722 genui
922 2660 986 2716 te,
1022 2650 1089 2706 ad
1122 2650 1584 2705 resurrectionem
1613 2660 1863 2716 speetare
1889 2647 2158 2703 videatur.

555 2740 801 2811 Namque
829 2750 1049 2796 sanctus
1076 2739 1103 2778 ιι
1140 2741 1424 2811 apostolus
1453 2740 1645 2795 Petrus
1675 2740 1731 2795 in
1759 2740 1988 2796 Aetibus
2031 2757 2164 2810 upo-

557 2834 822 2889 stolorum
855 2835 938 2888 sic
963 2835 1353 2903 interpretatus
1376 2843 1483 2899 est,
1501 2832 1646 2902 quod
1673 2841 1802 2888 tunc
1831 2833 2050 2903 quando
2078 2850 2164 2889 rc-

557 2927 796 2983 surrexit
838 2926 1008 2982 Filius
1039 2941 1067 2978 a
1108 2926 1359 2990 mortuis,
1396 2925 1576 2981 Patris
1621 2942 1727 2981 vox
1771 2927 2161 2984 resultaverit:

567 3017 739 3073 Filius
786 3036 931 3074 meus
971 3035 1027 3073 es
1079 3027 1156 3082 tu,
1188 3034 1281 3087 ego
1311 3018 1463 3073 hodie
1511 3019 1665 3090 genui
1692 3028 1739 3074 te
1764 3018 1950 3091 (Psal.
1986 3037 2044 3088 It,
2069 3021 2158 3092 7).

563 3110 716 3167 Unde
744 3121 793 3165 et
823 3109 1216 3180 primogenitus
1246 3124 1276 3163 a
1300 3110 1534 3166 mortuis
1554 3111 1775 3166 dicitur.
1805 3110 1948 3182 Ergo
1974 3128 2161 3168 resur-

564 3205 731 3259 rectio
753 3204 1015 3279 quidem,
1041 3202 1148 3258 nisi
1171 3202 1387 3273 quando
1406 3204 1476 3260 de
1504 3212 1680 3260 morte
1702 3204 1771 3260 ad
1796 3205 1960 3260 vitam
1985 3221 2164 3262 resur-

562 3299 738 3368 gitnus
764 3298 786 3349 ?
815 3295 906 3351 Stc
951 3310 1081 3367 ergo
1128 3304 1182 3349 et
1209 3296 1261 3349 in
1292 3295 1651 3366 baptismate,
1681 3298 1936 3367 quoniam
1967 3297 2161 3354 simili-

2260 2093 2420 2159 casti,
2449 2093 2668 2164 quando
2720 2094 2962 2165 implesti
3009 2096 3347 2153 voluntatem
3386 2112 3599 2164 meam,
3635 2094 3859 2169 probasti

2262 2199 2444 2240 meum
2475 2201 2597 2241 esse
2620 2193 2674 2240 te
2705 2185 2926 2242 Filium.

2332 2280 2388 2359 li.
2426 2278 2734 2335 Ascendisti
2764 2279 2833 2335 de
2863 2280 3033 2349 fonte,
3066 2281 3194 2353 quid
3223 2291 3468 2338 secutum
3501 2285 3631 2340 est?
3661 2280 3854 2340 Audisti

2264 2372 2579 2429 lectionem.
2642 2373 2660 2411 ί
2721 2374 3045 2431 Succinctus
3095 2390 3342 2431 summus
3397 2366 3687 2447 sacerdos,
3744 2376 3856 2432 licet

2263 2469 2408 2523 enim
2451 2478 2507 2524 et
2533 2468 2840 2540 presbyteri
2872 2469 3121 2538 fecerint,
3154 2479 3335 2526 tamen
3381 2472 3671 2528 exordium
3715 2470 3858 2527 mini-

2263 2563 2417 2619 sterii
2462 2577 2493 2618 a
2538 2578 2751 2619 summo
2778 2576 2862 2619 est
2886 2563 3197 2619 sacerdote.
3238 2563 3590 2635 Succinctus,
3624 2565 3849 2636 inquam,

2264 2669 2513 2709 summus
2537 2653 2799 2710 sacerdos
2824 2653 2991 2724 pedes
3044 2654 3143 2710 tibi
3198 2654 3349 2711 lavit.
3398 2655 3559 2725 Quod
3601 2669 3685 2715 est
3731 2655 3858 2713 istud

2265 2750 2628 2822 mysterium?
2658 2749 2871 2805 Audisti
2905 2750 3089 2822 utique
3118 2752 3244 2820 quia
3275 2751 3545 2810 Dominus
3568 2769 3689 2809 cum
3716 2751 3858 2808 lavis-

2264 2849 2351 2896 set
2374 2841 2657 2911 discipulis
2684 2843 2806 2896 aliis
2839 2841 3023 2909 pedes,
3054 2844 3206 2899 venit
3231 2843 3297 2899 ad
3329 2844 3552 2901 Petrum
3573 2888 3589 2915 ,
3613 2854 3671 2903 et
3696 2846 3768 2901 ait
3789 2843 3857 2900 illi

2266 2932 2463 2988 Petrus
2521 2952 2534 2988 :
2592 2932 2669 2988 Tu
2724 2934 2852 2989 mihi
2888 2934 3029 2991 lavas
3082 2937 3237 3008 pedes
3271 2936 3453 3011 (Joan.
3486 2955 3607 3006 xui,
3639 2939 3858 3011 8)?lloc

2265 3034 2370 3093 est,
2396 3034 2453 3082 tu
2482 3026 2738 3083 dominus
2779 3044 2939 3084 servo
2985 3030 3134 3085 lavas
3163 3031 3374 3101 pedes?
3408 3040 3464 3089 tu
3499 3034 3859 3091 immaculatus

2266 3118 2400 3174 mihi
2429 3119 2579 3174 lavas
2610 3120 2778 3191 pedes
2804 3121 2827 3175 ’ἰ
2857 3129 2912 3176 ιιι
2941 3131 3132 3178 auctor
3160 3123 3422 3179 malorum
3446 3126 3588 3182 mihi
3620 3127 3760 3183 lavas
3780 3140 3855 3196 pe—

2265 3212 2408 3268 des?
2438 3212 2616 3269 [labes
2646 3213 2749 3269 hoc
2782 3223 2837 3270 et
2882 3216 3012 3272 alibi
3048 3233 3061 3271 :
3124 3216 3269 3273 Venit
3300 3219 3368 3272 ad
3409 3219 3694 3289 Joannem,
3726 3230 3772 3277 et
3797 3221 3858 3274 ait

2262 3305 2348 3360 illi
2390 3305 2624 3362 Joannes
2647 3324 2666 3362 :
2698 3307 2811 3380 Ego
2839 3326 2871 3364 a
2899 3321 2947 3365 te
2973 3309 3128 3366 debeo
3170 3312 3454 3382 baptizari,
3485 3326 3535 3371 et
3561 3326 3615 3371 tu
3645 3317 3775 3370 venis
3798 3313 3858 3368 ad

565 3389 697 3444 tudo
731 3387 923 3442 ltttJ‘liS
950 3398 1055 3455 est,
1082 3386 1201 3443 sine
1224 3386 1389 3445 dubio
1414 3388 1541 3445 dum
1572 3390 1774 3458 mergis
1800 3398 1855 3444 et
1897 3391 2156 3461 rcsurgis,
2190 3398 2235 3460 ρ
2267 3414 2346 3453 me
2373 3397 2590 3471 (Matth.
2634 3417 2714 3464 ιιι,
2769 3402 2907 3475 l4)?
2937 3405 3047 3475 Ego
3076 3420 3196 3461 sum
3231 3417 3515 3479 peccator,
3547 3419 3606 3467 et,
3635 3421 3690 3467 tu
3727 3409 3857 3465 venis

561 3479 864 3536 similitudo
902 3480 959 3533 tit
1000 3480 1439 3538 resurrecﬁonis.
1470 3481 1635 3537 Recte
1663 3482 1843 3552 itaque
1870 3482 2168 3538 secundum

568 3570 1075 3642 interpretationem
1125 3570 1363 3642 apostoli
1420 3570 1567 3626 Petri
1622 3572 1764 3627 sicut
1819 3573 1911 3628 illa
1978 3589 2163 3629 resur-

566 3666 741 3721 rectio
774 3663 1116 3733 regeneratio
1162 3663 1280 3723 l'uit.
1311 3663 1385 3720 ita
1416 3672 1472 3721 et
1509 3664 1613 3721 ista
1656 3667 1984 3723 resurrectio
2015 3683 2168 3739 rcge-

569 3756 780 3811 neratio
806 3764 908 3810 est.

640 3849 694 3903 5.
740 3847 846 3904 Sed
875 3846 1003 3918 quid
1028 3847 1164 3903 dicis
1190 3847 1318 3917 quia
1346 3847 1401 3904 in
1428 3863 1621 3920 aquam
1647 3852 1888 3921 mergis?
1914 3851 2041 3910 ldco
2077 3869 2171 3925 pc-

570 3941 888 4012 regrinzu-is,
916 3941 1040 3996 ideo
1060 3950 1114 3998 te
1134 3940 1402 3998 dubitatio
1427 3943 1611 3999 tenet?
1634 3944 1891 4017 Legimus
1915 3950 2135 4019 quidem
2156 3969 2171 4009 :

642 4070 666 4139 εξ
702 4060 900 4139 Vocula
929 4060 1115 4139 dieuin
1146 4077 1487 4139 mss._‘prupe
1511 4066 1765 4139 omnibus
1784 4067 2164 4139 desideratur;

566 4134 661 4189 scd
691 4144 866 4187 exsutt
890 4133 941 4185 iu
968 4132 1115 4205 edit.
1148 4132 1451 4190 omnibus}
1476 4137 1619 4205 quod
1642 4150 1823 4193 autem
1848 4141 2008 4196 Roun.
2034 4132 2167 4199 edit;

570 4205 687 4275 ψει
719 4205 784 4259 de
809 4206 970 4285 mute.
1000 4204 1353 4285 subjttnxerat
1379 4204 1719 4278 baptismatis,
1751 4210 1802 4266 id
1848 4212 1968 4269 sine
1989 4216 2169 4285 cujus-

571 4274 731 4348 ququ
756 4274 1011 4348 sntit-agit)
1042 4276 1267 4330 fecerat.
1705 4274 1715 4278 '
2054 4274 2072 4285 '
2120 4288 2129 4293 ν

638 4345 666 4383 ι)
696 4345 899 4402 Omnes
929 4345 1060 4399 edit.
1104 4361 1168 4400 ac
1198 4362 1330 4424 m_ss.
1357 4348 1809 4424 longe‘pluritni,
1845 4356 2163 4424 mysterium,

568 4418 664 4474 hoc
704 4427 801 4480 est,
836 4427 1187 4487 unguentum;
1233 4417 1472 4487 GemeL,
1523 4419 1746 4475 Pratell.
1797 4417 2044 4481 Caenum.
2104 4417 2168 4484 ac

570 4488 860 4575 Teller.‘i.
893 4489 1195 4575 praeferunt
1224 4490 1419 4575 partim
1447 4506 1704 4575 [murram
1729 4533 1744 4558 ,
1800 4496 1993 4563 partim
2026 4515 2166 4575 myr-

570 4577 707 4639 ram,
755 4566 861 4613 etc.
893 4558 997 4614 Sed
1047 4558 1359 4639 legendum
1390 4558 1813 4639 pdpov_eatnque
1848 4558 2162 4638 germanam

574 4633 861 4686 lectionem
893 4646 1013 4684 esse
1043 4646 1202 4684 nemo
1229 4630 1486 4687 cordatus
1532 4633 1632 4689 ibit
1663 4630 1890 4692 inlicias.
1927 4642 1995 4693 At
2025 4642 2166 4697 infra

572 4718 668 4767 pro
706 4702 795 4757 sed
845 4703 929 4775 ubi
976 4700 1419 4775 gratiam,‘etc.,
1475 4719 1606 4759 mss.
1656 4721 1765 4760 non
1799 4712 1952 4775 pauci
1986 4711 2162 4769 locum

574 4778 642 4855 ita
680 4773 1015 4852 contrahunt
1044 4771 1181 4855 used
1210 4772 1296 4825 ubi
1320 4775 1489 4843 gratia
1512 4779 1721 4846 coeperit
1761 4771 1871 4835 ease
1913 4786 2161 4855 perfecta,

573 4846 684 4898 litvo
704 4845 1023 4916 regetteratio
1051 4841 1262 4916 dicitur.

2277 3492 2344 3548 ad
2377 3508 2463 3548 me
2493 3504 2856 3565 peccatorum,
2879 3509 2939 3553 ut
2962 3507 3053 3554 tua
3073 3503 3224 3570 quasi
3252 3513 3473 3572 peccata
3501 3504 3756 3577 deponas,
3777 3502 3855 3573 qui

2273 3597 2552 3655 peccatum
2581 3603 2690 3644 non
2722 3589 2964 3646 ieceris?
2993 3591 3132 3649 Vide
3173 3602 3392 3650 omnem
3430 3596 3724 3667 justitiam,
3748 3596 3858 3652 vide

2276 3678 2661 3748 humilitatem,
2695 3682 2821 3739 vide
2859 3684 3113 3755 gratiam,
3164 3687 3289 3744 vide
3337 3692 3852 3749 sanctificationem:

2276 3769 2400 3827 Nisi
2443 3774 2636 3842 lavero,
2669 3776 2868 3848 inquit,
2904 3780 2994 3834 tibi
3045 3782 3220 3852 pedes,
3276 3800 3377 3839 non
3425 3784 3639 3843 habebis
3683 3800 3855 3843 mecum

2278 3876 2498 3936 partem.

2350 3959 2403 4014 5.
2447 3959 2563 4016 Non
2597 3961 2909 4033 ignoramus
2937 3966 3085 4037 quod
3107 3978 3134 4017 tt
3164 3968 3405 4027 Ecclesia
3452 3972 3696 4029 Romana
3732 3972 3854 4029 lianc

2353 4088 2376 4115 ο
2408 4078 2647 4165 Clarum.
2676 4082 2825 4151 cod.,
2851 4086 2973 4156 quia
3016 4099 3202 4143 natura
3231 4093 3521 4165 consueuit.
3554 4094 3651 4151 llic
3692 4103 3851 4150 autem

2276 4149 2431 4233 Ipctts
2452 4166 2526 4233 ex
2543 4149 2830 4233 unus
2852 4149 2958 4221 est,
2992 4174 3162 4233 quem
3211 4149 3646 4221 suhSannat-unt—
3666 4149 3855 4221 hetero-

2276 4220 2423 4304 duxi.
2451 4222 2555 4306 Sed
2610 4224 2928 4306 illidiscant
2944 4220 3034 4306 ab:
3055 4233 3354 4306 Augusdno
3386 4220 3685 4306 Deiropera
3712 4220 3854 4293 cotu-

2279 4297 2460 4375 munia
2479 4304 2533 4349 et
2559 4297 2874 4377 quotidiana
2892 4297 3307 4377 admirationem
3331 4320 3431 4377 per
3446 4322 3508 4364 se
3531 4297 3726 4365 tantam
3755 4323 3855 4363 mc-

2277 4370 2693 4446 reri,hqttanta_nt
2716 4370 2952 4446 maxime
2978 4370 3439 4446 extraordinaria.

2352 4433 2371 4471 ί
2402 4433 2529 4491 Gill.
2556 4446 2611 4493 ct
2639 4436 2800 4493 Rom.
2830 4440 2990 4506 edit.,
3025 4444 3328 4503 Succinctus
3350 4460 3423 4503 est
3449 4467 3678 4506 summus
3700 4466 3851 4506 sacer-

2269 4504 2382 4560 dos.
2411 4508 2631 4562 Amerb.
2662 4520 2717 4565 et
2750 4511 2930 4571 Eras..
2967 4504 3243 4572 Succintus
3269 4530 3342 4574 est
3370 4504 3665 4578 sacerdos—:7
3687 4504 3848 4576 cuncti

2268 4586 2449 4660 autem
2491 4594 2622 4635 mss.
2653 4582 2910 4660 omittunt
2934 4586 3163 4660 verbum
3204 4600 3300 4653 est,
3355 4593 3573 4660 plurimi
3603 4594 3759 4649 etiam
3803 4592 3847 4644 in

2268 4649 2463 4716 quibus
2504 4660 2564 4735 ct
2606 4653 2969 4722 antiquissimi
3020 4649 3368 4735 adjectivu'm'
3395 4660 3483 4718 hic
3528 4673 3689 4735 atque
3725 4662 3847 4716 infra

2267 4730 2570 4802 sumptus-cl
2595 4739 2793 4802 summa
2829 4739 2935 4779 non
2966 4740 3284 4802 agnoscunt.
3319 4734 3570 4790 Attamen
3603 4730 3851 4790 usitatum

2267 4798 2386 4872 erat
2416 4794 2534 4845 istis
2559 4794 2797 4857 sazcutis.
2822 4806 2881 4872 ιιι
2910 4794 3200 4872 episcopus
3230 4804 3433 4858 summi
3456 4804 3770 4867 sacerdotis,
3796 4817 3852 4857 ac

2268 4868 2616 4932 cpisc0patus
2670 4868 2861 4920 stuutui
2916 4868 3210 4926 sacerdotii
3264 4877 3485 4930 nomine
3521 4884 3848 4932 vocarentur.

646 4926 671 5014 ἱ
693 4908 1213 5014 pls};
1458 4919 1630 4989 gratia
1656 4923 1866 4992 cwperit
1913 4940 2021 4980 esse
2049 4941 2165 4996 per-
2197 4908 2242 4969 θ
3525 4908 3852 5008 ἒέἶίὶῖῗὲἶὲἰ

570 4990 734 5065 facta,
761 4985 868 5039 Itan:
895 4985 1214 5065 regeneratio
1241 4985 1453 5065 dicitur.

641 5054 669 5095 ἀ
699 5054 1013 5127 ιιοιιιηθαίι.
1046 5055 1183 5123 sola,
1214 5058 1480 5127 apostolus
1510 5058 1731 5118 Paulus.
1754 5064 1818 5118 Et
1849 5065 2041 5122 iterum
2062 5069 2163 5125 sub

572 5129 732 5207 tinem
786 5125 943 5207 hujus
977 5142 1164 5207 _num.,
1214 5125 1977 5207 interpretationem_Apostoli
2028 5139 2164 5193 sicut

562 5199 677 5262 illa,
736 5207 846 5254 etc.
886 5196 992 5253 Sed
1036 5199 1316 5252 memoria:
1350 5196 1572 5268 lapsum
1622 5196 1892 5261 malumus
1948 5212 2177 5265 auctori’

567 5268 888 5336 attribuere,
912 5282 1073 5338 quam
1098 5280 1388 5338 corruptos
1442 5285 1634 5328 omnes
1677 5286 1733 5329 et
1764 5293 1895 5333 mss.
1951 5291 2005 5333 et
2049 5290 2157 5335 vet.

568 5339 701 5394 edit.
730 5342 1065 5411 existimare.
1089 5339 1362 5394 Continuo
1385 5356 1514 5395 vero
1543 5353 1664 5411 post
1693 5346 1779 5401 ubi
1808 5362 2001 5405 omnes
2027 5352 2159 5407 edit.

568 5424 633 5491 ac
657 5425 789 5466 mss.
818 5410 1023 5490 aliquot
1046 5452 1060 5474 ,
1107 5411 1239 5491 sicut
1285 5412 1378 5491 illa
1420 5410 1724 5470 resurrectio
1750 5422 2013 5488 generatio
2039 5424 2160 5491 fuit,

570 5481 753 5545 plures
781 5495 845 5535 ac
871 5484 1112 5551 patiores
1142 5482 1441 5551 babent,...
1490 5481 1807 5557 regeneratio
1837 5492 1955 5560 fuit.
2011 5481 2163 5548 Alte-'-

568 5564 688 5633 ratn_
735 5563 924 5633 autem
951 5561 1157 5633 partem
1201 5568 1494 5633 mss._non
1528 5560 1692 5633 pauci
1734 5560 2014 5617 invertunt
2058 5564 2162 5621 hoc

565 5622 760 5710 modo,
775 5622 865 5710 ita)
874 5631 925 5710 ξι
945 5622 1394 5710 ῦξιαεξερεηςναιὶο
1420 5622 1725 5688 resurrectio
1744 5642 1821 5689 est
1849 5650 1869 5700 ;
1891 5633 2085 5710 reliqui
2104 5646 2159 5694 et

559 5699 766 5748 cunctae
799 5690 932 5748 edit.
966 5701 1026 5747 ut
1051 5693 1106 5749 in
1131 5690 1305 5753 textu.

2272 5002 2369 5056 lib.
2403 5002 2773 5087 deilyst‘eriis
2799 5024 2917 5087 cap.
2943 5002 3004 5078 9.,
3022 5029 3184 5087 gnum.
3208 5016 3260 5081 6,
3278 5002 3845 5087 ρνωιιειἈιιιιιτοείιιξε

2271 5076 2494 5156 secundi
2530 5076 2774 5156 probatio
2796 5076 2879 5135 est
2906 5082 2965 5156 in
2981 5076 3103 5150 ejus
3130 5076 3405 5156 vita'apud
3439 5088 3747 5151 Paulinum;
3773 5084 3850 5139 hic

2269 5145 2413 5230 enim
2439 5148 2487 5201 ai
2497 5145 2569 5230 tn:
2592 5146 2773 5230 [ti-lebat
2800 5145 3123 5230 amarissime
3137 5145 3556 5230 quotiescumque
3578 5159 3710 5230 forte
3728 5145 3846 5230 nun-

2267 5219 2781 5298 tiatutn_illihfuernt
2826 5224 2890 5298 de
2932 5219 3298 5295 cujuscumque
3323 5219 3842 5284 obitu'sacerdotis....

2268 5290 2791 5369 ιλιιὶιιᾴίῃὶεξιεβεεει
2823 5290 3049 5369 inuenire
3079 5290 3264 5361 virum,
3295 5301 3385 5363 qui
3408 5317 3607 5356 summa
3627 5297 3845 5369 sacerdoj

2267 5361 2338 5411 tiu
2359 5361 2548 5435 dignus
2559 5361 2861 5435 haberetur.
2893 5364 3090 5423 Iterum
3118 5361 3431 5427 autem-hoc
3461 5374 3581 5435 ipso
3607 5372 3742 5434 loco,
3763 5367 3842 5421 ubi

2269 5441 2456 5484 onmes
2484 5431 2616 5505 edit.
2652 5434 2936 5505 pluresque
2964 5454 3123 5503 m~s.,
3156 5442 3428 5495 exordium
3449 5431 3738 5504 ministerii,
3761 5436 3843 5490 alii

2267 5513 2397 5623 ms:
2430 5501 2709 5565 exhibent,
2764 5501 3140 5567 casistttnutatio
3184 5514 3437 5583 mysterii.
3488 5514 3663 5569 Minus
3707 5501 3842 5566 com-

2267 5583 2355 5623 mo
2397 5585 2446 5623 e.

2265 5583 2446 5624 moue.

2336 5641 2524 5727 8799‘“
2566 5643 2633 5727 ἀρ
2667 5645 2770 5727 hoc
2830 5648 2933 5703 titu
2966 5651 3060 5727 l_i_b.
3095 5653 3164 5710 de
3189 5652 3460 5727 Mysteriis
3489 5670 3612 5727 cap.
3641 5655 3692 5727 ti.
3736 5664 3838 5727 meo

2263 5721 2562 5785 morantur,
2592 5715 2693 5774 hoc
2722 5719 2844 5778 loco
2870 5721 3216 5796 explicantur
3241 5715 3405 5798 paulo
3424 5715 3619 5786 fusilis.
3645 5721 3841 5788 Etenim
