3952 6178
139 283 225 337 433
1258 285 1348 343 DE
1387 287 1873 346 SACRAMENTIS
1913 289 2043 348 LIB.
2087 291 2173 347 Ill.

3280 293 3383 348 43b

139 400 532 457 consuetudinem
564 416 668 458 non
702 402 918 467 habeat,
945 404 1098 474 cujus
1137 414 1320 476 typum
1346 405 1397 458 iu
1422 405 1676 460 omnibus
1704 419 1754 478 Α
1851 418 2076 478 spectent
2097 422 2270 462 omnes
2293 409 2518 474 virtutes,
2544 409 2765 478 quodam
2792 421 2958 464 tamen
2980 412 3246 482 prtecipuo
3259 415 3384 484 jure

139 492 368 561 sequimur
416 505 468 548 et
519 494 744 550 l'orutam
781 515 792 550 :
829 497 966 552 hanc
997 507 1176 552 tamen
1227 497 1676 553 consuetudinem

137 602 218 640 non
247 587 412 653 habet,
447 599 502 643 ut
538 590 698 659 pedes
731 590 891 644 lavet.
936 589 1072 646 Vide
1095 605 1244 661 ergo,
1289 589 1427 645 forte
1458 603 1681 661 pr0pter

135 679 487 736 multitudinem
541 682 849 737 declinavit.
906 682 1047 738 Sunt
1082 691 1262 738 tamen
1294 683 1384 753 qui
1415 684 1599 738 dicant
1627 692 1680 738 et

133 786 342 828 excusare
358 783 660 839 .conentur,
692 775 813 846 quia
845 775 947 830 hoc
969 791 1076 830 non
1109 775 1159 829 in
1190 778 1453 848 mysterio
1481 777 1681 831 facien-

131 866 226 919 dum
245 876 339 930 est,
365 885 470 922 non
499 869 662 941 363
691 870 742 923 in
771 871 1116 938 baptismate,
1150 887 1256 925 non
1308 871 1360 925 in
1390 885 1679 941 regenera-

134 960 242 1012 tione
262 977 274 1011 :
295 959 383 1014 sed
415 965 574 1030 quasi
600 961 795 1032 hospiti
819 961 984 1030 pedes
1007 961 1219 1015 lavandi
1249 961 1377 1016 sint.
1413 961 1573 1016 Aliud
1600 971 1682 1016 est

132 1049 426 1116 humilitatis,
453 1051 602 1106 aliud
630 1052 1097 1107 sanctiﬁcationis.
1135 1053 1375 1123 Denique
1405 1052 1528 1108 audi
1557 1053 1680 1123 quia

131 1152 147 1175 ³
170 1144 451 1214 mysterium
475 1153 564 1200 est
605 1155 659 1200 et
693 1146 1054 1200 sanctiﬁcatio
1081 1161 1094 1200 :
1126 1144 1249 1199 Nisi
1275 1146 1447 1200 lavero
1476 1146 1567 1199 tibi
1594 1162 1681 1215 pe-

127 1236 210 1300 des,
233 1251 322 1289 non
345 1236 559 1291 habebis
586 1253 786 1291 mecum
823 1249 1022 1307 partem
1057 1237 1240 1307 (Joan.
1287 1254 1380 1292 χιιι
1410 1278 1424 1303 ,
1459 1237 1538 1308 8).
1571 1238 1682 1292 Hoc.

131 1326 225 1382 ideo
244 1327 378 1394 dico,
411 1344 520 1384 non
550 1330 692 1401 quod
719 1331 858 1385 alios
881 1330 1303 1402 reprehendam,
1333 1331 1430 1387 sed
1460 1347 1576 1384 mea
1602 1331 1683 1385 of-

129 1420 216 1474 ficia
245 1423 351 1491 ipse
379 1424 786 1480 commendem.
826 1423 885 1480 ln
915 1423 1171 1480 omnibus
1211 1427 1370 1496 cupio
1398 1425 1555 1496 sequi
1583 1425 1683 1481 Ec-

126 1513 302 1568 clesiam
330 1515 629 1572 Romanam
672 1535 685 1570 :
716 1516 810 1572 sed
843 1525 1023 1572 tamen
1061 1528 1114 1573 et
1143 1532 1242 1573 nos
1281 1517 1533 1574 homines
1561 1532 1684 1573 seu-

124 1622 214 1662 .cum
241 1607 527 1676 habemus;
558 1609 682 1666 ideo
709 1609 855 1678 quod
885 1610 1017 1664 alibi
1070 1611 1274 1666 rectius
1316 1623 1596 1677 servatur,
1629 1622 1684 1668 et

128 1716 196 1755 nos
218 1702 401 1759 rectius
425 1704 788 1760 custodimus.

171 1793 213 1847 6.
236 1792 400 1862 Ipsum
433 1797 718 1866 sequimur
767 1795 1077 1866 apostolum
1108 1795 1350 1860 Petrum,
1387 1797 1556 1867 ipsius
1607 1797 1683 1852 iu-

127 1884 342 1943 lnerentus
369 1890 672 1945 devotioni.
693 1889 700 1896 ’
721 1891 799 1945 Ad
832 1894 935 1945 hoc
984 1891 1231 1947 Ecclesia
1276 1892 1520 1948 Romana
1551 1893 1684 1964 quid

124 1980 399 2047 respondet?
430 1981 636 2054 Utique
663 1984 778 2052 ipse
799 1993 992 2038 auctor
1024 1995 1106 2040 est
1131 1986 1292 2040 nobis
1315 1984 1478 2056 hujus
1505 2002 1683 2042 asser-

124 2070 246 2128 tionis
282 2074 467 2130 Petrus
497 2078 806 2146 apostolus,
856 2078 946 2146 qui
991 2079 1250 2134 sacerdos
1297 2079 1399 2134 fuit
1420 2079 1682 2136 Ecclesia:

123 2164 349 2223 Romamn.
381 2169 501 2239 Ipse
526 2169 725 2225 Petrus
748 2171 823 2224 ait
853 2187 865 2224 :
902 2170 1143 2236 Domine,
1176 2189 1279 2226 non
1309 2173 1478 2226 solum
1505 2173 1678 2241 pedes,

121 2258 188 2311 sed
230 2262 367 2316 etiam
416 2279 611 2318 manus
651 2273 699 2317 et
745 2275 904 2335 caput
937 2262 1132 2337 (lbid.,
1185 2264 1264 2332 9).
1315 2263 1451 2320 Vide
1492 2264 1679 2320 ﬁdem.

121 2351 241 2416 Quod
272 2366 389 2413 ante
427 2357 738 2424 excusavit,
766 2357 1091 2414 humilitatis
1121 2357 1224 2413 fuit
1260 2376 1274 2413 :
1317 2358 1460 2430 quod
1495 2368 1680 2430 postea

123 2444 332 2515 l‘obtulit,
355 2450 675 2508 devotionis
701 2462 756 2507 et
781 2451 932 2508 fidei.

173 2540 216 2593 7.
239 2541 530 2614 Respondit
557 2543 636 2599 illi
662 2544 945 2608 Dominus,
975 2543 1097 2613 quia
1136 2543 1353 2599 dixerat
1402 2559 1594 2599 manus
1625 2553 1680 2600 et

121 2643 277 2702 caput:
305 2636 399 2703 Qui
451 2638 605 2702 lavit,
652 2653 753 2690 non
809 2652 1010 2691 necesse
1059 2636 1207 2691 habet
1248 2637 1433 2690 iterant
1482 2638 1675 2701 lavare,

123 2725 193 2777 nisi
215 2738 260 2779 ut
279 2730 407 2784 solos
442 2731 605 2798 pedes
632 2729 766 2783 lavet
808 2728 997 2802 (lbid.,
1029 2729 1140 2796 10).
1160 2728 1342 2794 Quare
1370 2729 1471 2782 hoc
1498 2727 1675 2796 ?Quia

122 2817 159 2869 in
198 2819 498 2892 baptismate
549 2822 733 2878 omnis
783 2822 945 2892 culpa
984 2821 1232 2876 diluitur.
1271 2820 1498 2878 Reccdit
1549 2835 1679 2891 ergo

121 2911 400 2978 culpazsed
449 2915 579 2985 quia
632 2915 804 2968 Adam
855 2912 1240 2983 supplantatus
1294 2928 1323 2967 a
1354 2911 1571 2968 diabolo
1595 2921 1674 2966 est

121 3001 239 3068 (Gen.
265 3021 338 3070 tu,
372 3008 453 3079 tl),
480 3018 537 3064 et
588 3022 860 3062 venenum
906 3007 956 3061 ei
988 3005 1220 3061 emtsum
1253 3015 1336 3060 est
1389 3020 1549 3074 supra
1585 3020 1678 3072 pc-

121 3094 207 3162 des,
233 3099 343 3156 ideo
373 3102 522 3158 lavas
552 3101 765 3173 pedes;
798 3112 856 3155 ut
885 3102 936 3156 in
968 3116 1028 3155 ea
1056 3109 1208 3169 parte
1232 3100 1282 3154 in
1315 3115 1420 3169 qua
1455 3098 1676 3154 insidia-

1853 510 2043 570 septent
2073 501 2324 569 pertinent
2351 518 2368 555 :
2398 502 2558 555 eidem
2585 502 2846 572 baptizata
2876 501 2961 556 ubi
2989 504 3056 556 ad
3095 502 3260 558 altare
3297 521 3386 558 ac-

1855 596 2078 661 cesserit,
2109 596 2283 649 oculos
2321 598 2444 650 cruci
2496 598 2547 651 in
2577 595 2800 651 Joannis
2827 595 3112 668 Evangelia
3142 597 3388 667 descripti

1852 688 2036 752 instar,
2067 688 2176 741 luto
2201 688 2364 754 (iniri,
2399 705 2490 757 per
2514 688 2654 759 quod
2683 699 3011 760 peccatorum
3040 690 3293 759 confessio
3313 691 3388 745 si-

1854 781 2134 852 gniﬁcatur
2159 797 2175 832 :
2196 797 2295 850 quo
2319 783 2430 835 loco
2449 783 2515 836 iis
2528 786 2616 850 qui
2632 791 2926 852 peccatores
2953 799 3066 837 esse
3097 799 3150 837 se
3178 795 3384 854 negant,

1854 872 2152 941 confutatis,
2185 873 2360 928 oculos
2407 873 2504 928 hac
2556 875 2885 944 impositione
2913 875 3012 929 luti
3039 875 3108 928 ad
3162 875 3387 931 videnda

1857 965 2120 1035 spiritalia
2146 967 2344 1036 aperiri
2365 966 2704 1022 demonstrat.

1857 1080 1913 1134 8.
1947 1080 2207 1150 Sequitur
2253 1080 2498 1151 Spiritale
2554 1082 2894 1152 signaculum
2946 1084 3094 1154 quod
3161 1083 3392 1141 audistis

1788 1171 1948 1226 hodie
1983 1173 2086 1242 legi
2119 1172 2224 1243 (De
2245 1171 2488 1240 Consec.,
2519 1175 2641 1228 dist.
2667 1174 2722 1241 4,
2767 1175 3116 1245 ε.νΛσοερίδιὶ,
3140 1175 3169 1247 §
3196 1176 3386 1246 Sequi-

1785 1263 2080 1334 tur);quia
2130 1275 2250 1334 post
2285 1265 2488 1320 fontem
2538 1277 2787 1337 superest
2834 1278 2891 1322 ut
2950 1268 3217 1338 perfectio
3254 1269 3386 1335 ﬁat;

1785 1357 2004 1426 quando
2027 1357 2092 1412 ad
2127 1358 2527 1414 invocationem
2559 1359 2866 1415 sacerdotis
2897 1360 3135 1430 Spiritus
3161 1369 3386 1416 sanctus

1787 1449 2111 1516 infunditur,
2135 1449 2372 1521 Spiritus
2400 1451 2688 1522 sapientiae
2713 1462 2766 1506 et
2790 1451 3122 1521 intellectus,
3155 1452 3389 1522 Spiritus
3476 1445 3481 1450 ’

1786 1542 1997 1598 consilii
2048 1552 2212 1612 atque
2259 1543 2476 1598 virtutis
2509 1584 2524 1607 ,
2571 1543 2813 1610 Spiritus
2863 1545 3195 1614 cognitionis
3225 1554 3388 1616 atque

1787 1635 2032 1702 pietatis,
2055 1635 2293 1706 Spiritus
2323 1637 2496 1692 sancti
2529 1638 2743 1692 timoris
2770 1655 2782 1691 :
2816 1635 2841 1673 ἀ
2866 1649 3074 1709 septem
3098 1640 3253 1710 quasi
3277 1641 3387 1694 vir-

1791 1736 1936 1782 tutes
1959 1727 2198 1796 Spiritus
2223 1727 2390 1800 (Esai.
2424 1746 2498 1796 ιι,
2526 1731 2606 1800 2).

1717 1817 1762 1877 Β
1861 1821 1914 1876 9.
1946 1820 2015 1876 Et
2045 1837 2237 1877 omnes
2277 1822 2497 1892 quidem
2523 1824 2756 1880 virtutes
2793 1825 2859 1879 ad
2917 1825 3178 1896 Spiritum
3227 1829 3396 1898 perti-

1788 1915 2074 1971 nent:sed
2118 1917 2234 1970 istae
2275 1917 2431 1988 quasi
2471 1917 2782 1973 cardinales
2813 1927 2962 1983 sunt,
2989 1919 3144 1988 quasi
3185 1920 3395 1989 princi-

1784 2008 1956 2078 pales.
1981 2008 2118 2074 Quid
2145 2007 2291 2063 enim
2329 2018 2434 2063 tam
2469 2009 2969 2080 principale,quam
2993 2011 3204 2080 pietas?
3228 2011 3394 2085 364

1784 2102 1914 2170 quid
1942 2110 2048 2155 tant
2084 2101 2407 2172 principale,
2435 2116 2599 2172 quam
2657 2089 2896 2172 cognitio
2929 2104 3022 2159 Dei
3049 2104 3073 2157 ἲ
3101 2104 3230 2173 quid
3280 2117 3387 2158 tam

1785 2193 2108 2262 principale.
2142 2207 2306 2262 quam
2342 2193 2562 2246 virtus?
2589 2193 2720 2262 quid
2747 2203 2854 2248 tam
2883 2193 3205 2264 principale,
3231 2210 3391 2263 quam

1784 2285 2076 2342 consilium
2126 2285 2424 2356 Dei?quid
2461 2295 2568 2339 tam
2627 2287 2950 2355 principale,
3003 2301 3166 2356 quam
3230 2287 3391 2342 timor

1784 2380 2097 2435 Dei?sicut
2127 2381 2292 2434 timor
2341 2379 2523 2434 saeculi
2584 2378 2876 2434 inﬁrmitas
2908 2419 2924 2446 ,
2973 2379 3044 2433 ita
3077 2380 3240 2434 timor
3296 2382 3389 2435 Dei

1785 2487 1974 2540 magna
2004 2481 2090 2527 est
2131 2470 2416 2527 fortitudo.

1857 2564 1942 2618 10.
1967 2561 2092 2617 Istae
2142 2572 2270 2617 sunt
2313 2573 2522 2633 septem
2555 2563 2786 2618 virtutes
2816 2563 3035 2634 quando
3087 2563 3382 2636 consigna-

1783 2655 1879 2710 ris.
1908 2654 2041 2709 Nam
2074 2664 2126 2709 ut
2173 2654 2244 2709 ait
2268 2654 2566 2725 Apostolus
2594 2639 2818 2714 sanctus
2850 2673 2862 2708 :
2893 2656 3030 2724 Quia
3051 2656 3388 2727 multiformis

1782 2759 1874 2813 est,
1904 2749 2100 2818 inquit,
2133 2748 2387 2818 sapientia
2408 2747 2509 2802 Dei
2538 2749 2703 2802 nostri
2727 2747 2950 2821 (Ephes.
2978 2765 3059 2814 tu,
3084 2747 3200 2819 10).
3237 2749 3301 2803 Et
3331 2758 3389 2802 ut

1782 2841 2132 2898 multiformis
2177 2850 2264 2898 est
2306 2840 2578 2912 sapientia
2632 2842 2749 2910 Dei,
2785 2841 2857 2896 ita
2916 2840 3270 2896 multiformis
3301 2852 3386 2898 est

1779 2935 2012 3006 Spiritus
2038 2945 2283 3000 sanctus,
2318 2935 2408 3005 qui
2460 2933 2624 2988 habet
2655 2933 2902 2988 diversas
2950 2933 3244 3004 variasque
3273 2933 3384 2987 vir-

1781 3038 1944 3084 tutes.
1980 3027 2135 3083 Unde
2158 3038 2214 3083 et
2240 3029 2385 3083 Deus
2433 3027 2694 3082 virtutum
2748 3027 2950 3082 dicitur
2982 3044 2995 3080 :
3030 3026 3174 3096 quod
3213 3031 3386 3098 aptari

1780 3127 1961 3190 potest
1988 3119 2136 3174 Patri
2167 3128 2221 3174 et
2243 3118 2385 3173 Filio
2414 3127 2470 3174 et
2519 3117 2748 3188 Spiritui
2797 3127 3010 3174 sancto.
3038 3117 3146 3174 Sed
3175 3117 3282 3174 hoc
3312 3118 3392 3172 al-

122 3197 183 3242 tus
224 3205 296 3248 est
349 3210 605 3266 serpens,
636 3197 812 3265 majus
867 3193 1168 3250 subsidium
1223 3192 1672 3247 sanctificationis

1801 3214 1945 3268 erius
1965 3213 2370 3284 disputationis,
2387 3213 2614 3268 alterius
2639 3223 2720 3268 est
2745 3213 3028 3284 temporis.

121 3285 447 3360 accedat,quo
489 3298 686 3361 postea
723 3300 775 3343 te
805 3289 1155 3359 supplantare
1193 3302 1300 3340 non
1335 3287 1525 3356 possit.
1573 3285 1675 3340 La~

121 3391 187 3431 tas
209 3395 322 3452 ergo
348 3383 539 3454 pedes,
588 3391 650 3437 ut
682 3382 832 3438 laves
883 3397 1088 3438 venena
1139 3379 1430 3450 serpentis.
1462 3379 1540 3434 Ad
1573 3378 1676 3433 bu-

119 3471 359 3530 militatetn
390 3490 616 3547 quoque
647 3473 882 3546 proﬁcit,
911 3486 932 3512 ο
963 3483 1022 3530 ιιι
1052 3473 1105 3528 in
1137 3474 1396 3544 mysterio
1420 3487 1526 3526 non
1550 3487 1676 3526 cru.

122 3562 377 3636 bescamus,
401 3569 551 3640 quod
584 3568 945 3638 dedignamur
965 3569 1016 3622 in
1043 3566 1332 3638 obsequio.

697 3679 929 3736 CAPUT
971 3681 1035 3734 ll.

121 3764 394 3838 Baptizatum
425 3775 729 3845 consignari
785 3775 983 3844 Spiritu
1016 3784 1213 3839 sancto,
1245 3774 1312 3826 ad
1357 3788 1508 3843 quem
1555 3788 1672 3826 cum

121 3939 237 3997 istius
273 3945 496 4001 instituti
537 3956 780 4007 causam,
811 3940 1064 3996 nimirum
1118 3937 1414 3992 Dominicae
1444 3935 1670 3990 humili-

122 4014 215 4086 tatis
234 4030 343 4086 qua:
386 4020 438 4072 in
483 4015 768 4086 prtemissa
803 4010 1078 4086 Evangelii
1129 4010 1361 4086 lectione
1395 4007 1672 4086 pr0po-sita

121 4078 287 4153 luerat,
334 4078 740 4148 imitationem,
769 4078 1125 4151 ejusdcinque
1176 4081 1342 4153 veluti
1391 4078 1671 4147 praprium

122 4152 341 4222 (lit-clum,
363 4161 579 4215 scilicet
600 4155 1050 4224 euttcupisccntia:
1069 4152 1526 4216 tlehilitationcm,
1552 4165 1674 4218 per-

122 4227 352 4286 strinxisse
373 4243 567 4287 auctor
598 4225 819 4281 minime
839 4232 1427 4292 contentus,pr'.ulet'ea
1459 4235 1564 4274 non
1586 4236 1674 4273 or-

121 4293 261 4353 dinent
289 4304 452 4356 Solum
486 4314 598 4365 quo
630 4300 696 4352 ab
741 4297 997 4365 episcopo
1025 4293 1674 4365 presbytcriSquc_pcrli-

121 4369 334 4443 cichatur,
366 4362 566 4443 aperit,
600 4362 793 4443 verum
822 4362 984 4423 etiam
1013 4362 1256 4443 confutat
1288 4363 1444 4443 Itoni:
1479 4362 1672 4417 Eccle-

123 4437 255 4513 siatu,
302 4432 348 4499 in
402 4432 517 4513 qua
558 4442 662 4513 ille
702 4456 820 4494 mos
854 4455 965 4513 non
1011 4437 1346 4513 servabatur.
1402 4432 1670 4513 Cmtertrm

123 4503 576 4579 interpretationem
611 4511 756 4565 illam
798 4527 898 4579 qua
933 4507 1165 4563 Romani
1200 4506 1374 4560 locnnt
1401 4503 1674 4579 evangeli-

124 4594 213 4651 cum
233 4576 291 4638 de
307 4587 546 4639 lavandis
580 4576 988 4651 peregrinorum
1013 4579 1239 4651 pedibus
1260 4576 1577 4651 asserebant
1599 4576 1672 4628 in-

128 4650 447 4721 telligendum,
502 4647 644 4708 haud
678 4647 744 4708 eo
775 4668 936 4708 sensu
967 4651 1034 4704 ab
1064 4650 1184 4702 aliis
1217 4647 1507 4721 admissam
1539 4661 1672 4721 conf

125 4717 290 4796 suum
311 4717 706 4796 eam'putarent
733 4726 785 4777 in
811 4723 1133 4796 baptismate
1159 4719 1333 4796 omitti
1363 4733 1543 4796 posse,
1572 4717 1668 4796 sed

126 4797 167 4842 ut
189 4794 440 4864 baptizatis
457 4787 832 4865 imponeretur
850 4787 1012 4865 pedes
1029 4792 1435 4865 peregrinorum
1451 4787 1665 4865 lavandi

125 4857 390 4941 necessitas.
459 4857 599 4941 Vit-le
662 4857 1040 4941 in__A[rpcnd.
1105 4857 1270 4941 scrin.
1435 4859 1662 4941 August.

125 4937 351 5011 lfﬂg.288.
385 4939 610 5011 tertium
633 4953 706 5011 ex
747 4930 852 5011 illis
875 4930 1092 5011 quase
1140 4930 1522 5011 cod._chig.
1566 4931 1668 5011 sub

125 5005 360 5075 Augustini
393 5013 548 5065 titulo
576 5001 911 5083 Sirmondus
956 5005 1226 5083 ediderat;
1280 5001 1410 5056 item
1447 5001 1668 5083 Dzesziroii

124 5088 382 5134 sermonem
413 5083 504 5152 qui
536 5079 783 5152 eiusdem
812 5076 1058 5152 Append.
1089 5076 1198 5152 25]
1225 5076 1668 5152 numeratum-si:

124 5157 262 5219 cutet
281 5151 409 5205 alios
430 5140 1082 5219 iluos—Anonynti'ibidem
1115 5145 1311 5209 editos,
1342 5158 1536 5219 nempe
1563 5140 1667 5219 149

124 5218 290 5290 (³1158,
316 5237 539 5288 quorum
570 5223 718 5290 prior
749 5213 924 5276 eidem
967 5218 1155 5290 lotioni
1176 5232 1281 5290 non
1308 5213 1477 5290 modo
1504 5214 1664 5290 levia,

124 5288 196 5363 sed
223 5285 421 5346 lethalia
453 5285 670 5363 quoque
699 5302 913 5360 peccata
938 5288 1249 5363 remittendi
1272 5285 1378 5340 vim
1401 5285 1668 5363 attribuit.

127 5353 262 5414 l’orru
286 5353 723 5417 consuetudinem
776 5363 969 5431 pedum
1013 5361 1066 5414 in
1109 5358 1376 5431 baptismo
1414 5355 1674 5431 eluendo-

126 5442 217 5483 tutn
243 5431 290 5485 in
310 5432 596 5488 Gallicanis
628 5425 872 5488 ecclesiis
902 5433 1064 5486 etiam
1092 5425 1390 5483 obtinuisse
1416 5425 1675 5480 discimus

128 5498 450 5557 eilissalibus
473 5503 702 5560 Gothico
744 5519 862 5573 pag.
895 5503 1023 5565 249,
1074 5508 1131 5553 et
1182 5497 1460 5573 Gallicano
1498 5496 1675 5573 veteri

127 5582 358 5639 pag......,
391 5592 507 5644 qua:
552 5565 894 5628 Mabillouius
941 5579 1126 5644 noster
1156 5568 1448 5644 evolgavit.
1482 5567 1564 5644 ᾼι)
1596 5565 1680 5644 his

127 5655 306 5709 quoque
327 5637 428 5700 non
451 5645 661 5699 abludit
686 5646 828 5699 aliud
858 5644 1070 5698 Missale
1099 5643 1150 5695 in
1181 5639 1373 5694 Itinere
1395 5637 1589 5709 Italico
1611 5640 1678 5690 ab

128 5708 287 5766 eodem
314 5715 537 5780 editum,
563 5715 669 5769 nisi
709 5717 849 5784 quod
873 5711 1479 5784 eamdemgablutionem
1510 5708 1680 5784 colica

130 5787 195 5832 "at
219 5788 332 5844 post
354 5777 533 5838 datam
555 5777 759 5838 vestem
790 5785 1095 5840 candidam.
1123 5781 1248 5835 Haec
1269 5786 1446 5831 autem
1479 5777 1681 5829 ablutio

1697 4755 1748 4816 D

1851 3307 1939 3364 11.
1995 3306 2126 3362 Post
2171 3308 2288 3361 haec
2337 3306 2468 3376 quid
2516 3306 2805 3376 sequitur?
2860 3306 3056 3361 Venire
3101 3305 3269 3362 habes
3317 3307 3384 3363 ad

1775 3401 1948 3456 altare
1975 3400 2092 3472 (Ps.
2131 3415 2315 3468 Lxxtx,
2341 3398 2421 3467 5).
2454 3408 2476 3436 ο
2510 3397 2780 3467 Quoniam
2832 3399 3052 3464 venisti,
3079 3397 3262 3454 videre
3291 3397 3387 3452 ha-

1777 3494 1875 3547 bes
1906 3508 2026 3562 qua:
2049 3502 2176 3548 ante
2198 3507 2306 3547 non
2335 3490 2584 3559 videbas,
2619 3491 2723 3546 hoc
2753 3500 2858 3559 est,
2893 3491 3211 3563 mysterium
3240 3491 3384 3558 quod

1774 3586 1954 3657 legisti
1981 3586 2033 3640 in
2063 3585 2361 3655 Evangelio
2390 3600 2404 3648 ;
2460 3584 2506 3638 si
2536 3592 2716 3640 tamen
2747 3600 2854 3638 non
2888 3583 3090 3652 legisti,
3113 3593 3264 3638 certe
3286 3598 3384 3636 au-

1778 3680 1928 3734 disti.
1976 3679 2167 3734 Caecus
2194 3677 2398 3732 obtulit
2444 3691 2504 3732 se
2535 3676 2808 3732 Salvatori
2859 3685 2918 3730 ut
2965 3684 3293 3731 curaretur:
3327 3687 3383 3730 et

1784 3772 1880 3827 ille
1902 3772 1995 3842 qui
2029 3769 2167 3824 alios
2193 3769 2363 3824 verbo
2387 3777 2595 3823 tantum
2643 3778 2700 3823 et
2747 3781 3000 3830 sermone
3053 3767 3298 3833 curabat,
3331 3776 3386 3822 et

1781 3947 1904 3989 cum
1933 3930 2270 3999 aliquamdiu
2293 3929 2550 3999 viguisset
2567 3929 2620 3984 in
2640 3928 2918 3999 Hispania,
2941 3943 2970 3982 a
2994 3943 3147 3985 conc.
3176 3929 3374 3988 Elibcr.

1780 4020 1900 4059 can.
1932 4004 2002 4058 48
2032 4002 2242 4057 sublata
2287 4011 2389 4054 est.
2421 3999 2575 4066 Quod
2622 4001 2688 4055 ad
2741 4000 3049 4055 Africanam
3084 4002 3378 4058 Ecclesium

1781 4082 2010 4145 August.
2062 4075 2228 4145 epist.
2257 4071 2347 4136 54,
2397 4088 2546 4135 num,
2577 4072 2664 4134 10,
2698 4081 2752 4126 et
2782 4072 2943 4145 epist.
2977 4071 3046 4145 55
3103 4087 3251 4127 num.
3285 4075 3378 4140 55,

1781 4141 1895 4202 noni
1920 4141 2278 4214 pauca’tradit
2303 4160 2420 4213 qua:
2450 4151 2698 4214 spectant
2741 4141 3084 4214 adeamdem
3132 4158 3380 4199 ceremo»

1782 4213 1966 4272 niam:
2000 4232 2064 4271 ex
2104 4216 2300 4285 quibus
2329 4228 2593 4284 quantum
2625 4213 2866 4270 Ecclesia
2919 4213 3010 4268 illa
3051 4214 3120 4271 ab
3146 4215 3380 4271 Ambro-

1782 4291 1932 4343 siaua
1961 4288 2045 4342 vel
2078 4286 2358 4342 Gallicana
2384 4287 2436 4340 in
2467 4285 2569 4340 hoc
2593 4286 2899 4350 dissideret,
2923 4301 3254 4355 cognoscere
3275 4295 3378 4340 est.

1782 4360 2021 4415 Berosus
2052 4359 2104 4412 in
2137 4357 2498 4413 Ccremoniali
2543 4357 2904 4413 Atnbrosiano
2933 4357 3176 4426 ejusdem
3224 4372 3378 4413 usum

1780 4431 2000 4485 lotionis
2033 4445 2141 4499 quo
2172 4440 2418 4499 tempore
2444 4429 2738 4498 scribebat,
2776 4428 3002 4484 necdum
3036 4429 3378 4486 intercidisse

1778 4501 2121 4556 testiﬁcatur.

1852 4582 1876 4609 ει
1909 4572 2036 4627 Mss.
2065 4570 2330 4636 Clarom.,
2359 4572 2661 4642 mysterium
2687 4582 2762 4628 est
2789 4570 3236 4642 sanctiﬁcationis.

1851 4642 1876 4680 ι)
1897 4644 2096 4698 Omnes
2123 4643 2255 4698 edit.
2279 4683 2294 4707 ,
2347 4639 2429 4696 se'
2450 4643 2629 4696 obtulit
2655 4659 2674 4707 ;
2729 4656 2924 4696 omnes
2959 4655 3117 4707 mss.,
3166 4639 3372 4706 obtulit,

1774 4715 1967 4784 supple
1994 4715 2170 4784 pedes,
2199 4723 2305 4768 etc.
2351 4712 2483 4767 Ibid.
2533 4715 2721 4775 etiam,
2754 4713 2842 4766 ubi
2897 4711 3378 4784 cunctaguedituac

1777 4780 1962 4856 plures
1995 4780 2175 4847 'mss.,
2199 4784 2484 4856 deuotionis
2520 4793 2565 4837 et
2605 4784 2747 4851 ﬁdei,
2781 4784 2871 4838 alii
2902 4780 3149 4837 nonnulli
3181 4781 3378 4852 pmic-

1776 4853 1921 4919 iuut,
1949 4856 2149 4908 devotio
2175 4853 2317 4922 ﬁdei.

1854 4938 1874 4962 ο
1900 4926 2045 4978 Clar.
2077 4924 2227 4987 cod.,
2259 4932 2315 4977 ut
2344 4925 2399 4978 in
2427 4924 2713 4976 ministerio
2756 4940 2859 4978 non
2906 4923 3175 4977 erubescas
3198 4940 3216 4977 :
3247 4937 3380 4978 conc

1777 4999 1930 5052 tinuo
1953 5011 2081 5049 vero
2124 5003 2247 5060 post
2277 5010 2372 5064 pro
2403 4993 2541 5065 quod
2570 5010 2671 5047 non
2703 4995 3066 5065 dedignamur,
3097 5001 3149 5048 ut
3170 5003 3296 5065 crat
3323 4996 3375 5065 in

1775 5069 2028 5122 omnibus
2058 5065 2190 5121 edit.
2221 5062 2405 5119 et'ms.
2441 5062 2704 5130 Clarom.,
2751 5062 2963 5119 sublata
3003 5063 3289 5134 negatioiie
3318 5064 3372 5119 in

1776 5155 1907 5195 mss.
1945 5137 2192 5206 legimus,
2213 5135 2352 5206 quod
2381 5134 2739 5206 dedignamur.
2795 5136 2860 5190 Et
2899 5135 3042 5191 hanc
3065 5151 3250 5190 veram
3301 5137 3377 5192 le-

1771 5211 2006 5265 ctionem
2029 5223 2151 5264 esse
2174 5208 2515 5277 perspicuum
2544 5216 2648 5261 est.

1845 5279 1871 5316 (ι
1904 5280 2030 5335 Mss.
2062 5280 2288 5348 aliquot,
2312 5288 2502 5350 septem
2527 5278 2904 5350 virtutesquasi
2926 5287 3116 5350 septem
3133 5278 3369 5347 spiritus.

1854 5360 1876 5388 ο
1907 5352 1980 5406 Ita
2009 5347 2163 5404 edil.’
2186 5347 2379 5406 omnes
2420 5363 2474 5403 et
2523 5364 2654 5404 tnss.
2708 5347 2950 5418 plerique
2980 5367 2994 5402 ι
3025 5347 3132 5402 duo
3188 5357 3368 5404 tamen

1779 5425 1989 5493 legunt,
2015 5423 2100 5492 qui
2128 5422 2281 5475 modo
2323 5421 2506 5476 uenisti
2530 5435 2548 5484 ;
2577 5418 2946 5493 aliigtotidem,
2971 5435 3072 5486 quo
3103 5428 3222 5493 ante
3272 5435 3376 5493 non

1779 5489 1984 5549 venisti.
1999 5489 2130 5560 Quae
2152 5493 2311 5548 lectio
2329 5494 2556 5547 multum
2580 5490 2804 5545 arridet.
2823 5489 2962 5544 Infra
2977 5504 3106 5544 vero
3127 5489 3218 5543 ubi
3241 5490 3374 5545 edit.

1785 5581 1847 5620 ac
1883 5567 2064 5634 plures
2093 5577 2249 5629 mss.,
2277 5563 2322 5618 si
2361 5572 2530 5634 tamen
2557 5577 2658 5634 non
2692 5561 2882 5634 legisti,
2914 5561 3128 5630 negatio
3156 5576 3255 5634 non
3283 5561 3378 5634 de-

1786 5631 2054 5690 sideratur
2082 5635 2136 5690 in
2164 5647 2293 5689 mss.
2330 5632 2471 5687 haud
2501 5631 2706 5700 paucis.
2745 5631 3028 5686 Postremo
3078 5631 3220 5700 quod
3251 5631 3379 5686 seb-

1783 5707 1967 5776 jicitut'
1987 5708 2054 5760 de
2074 5719 2240 5768 θέρου,
2267 5704 2320 5759 id
2349 5704 2401 5757 in
2429 5702 2617 5758 libello
2645 5701 2713 5755 de
2754 5703 3024 5773 Mysteriis
3054 5703 3211 5771 plane
3253 5702 3382 5760 retis
3479 5722 3484 5726 ·

1788 5787 1958 5831 εθιιιτ.
