3952 6178
132 308 222 364 437
1303 314 1392 372 ns
1422 287 1917 378 ‘SACRAMENTIS
1955 320 2087 379 LIB.
2130 324 2221 380 tv.

3298 333 3405 391 458

131 429 170 480 in
184 425 564 493 sacerdotium,
595 428 816 500 ungitur
861 438 915 484 et
944 430 995 484 in
1028 445 1253 502 regnum
1288 449 1302 488 :
1329 431 1426 488 sed
1468 432 1712 504 spiritale
1736 436 1792 496 Α
1884 439 2277 507 comparatione
2304 457 2326 507 ;
2359 441 2449 495 ubi
2488 440 2638 496 illum
2664 452 2712 497 et
2733 443 3095 514 mysterion
3114 457 3408 505 nostrorum

126 535 316 592 regnum
343 528 451 588 est,
476 529 537 577 et
560 521 935 579 sacerdotium
962 524 1227 597 spiritale.

180 638 225 689 t.
248 634 303 689 In
327 634 586 699 secundo
640 650 860 709 quoque
889 638 1243 697 tabernaculo
1271 650 1357 698 est
1383 640 1709 712 thymiama-

124 729 288 785 terium
312 726 511 799 (Hebr.
556 744 648 797 ix,
676 728 763 799 4),
791 731 935 801 quod
975 732 1181 791 bonum
1218 732 1445 789 odorem
1476 732 1711 807 ﬂagrare

122 819 412 884 consuevit;
442 818 523 874 ita
552 828 616 877 et
644 835 741 877 vos
779 822 893 893 jam
937 823 1116 880 bonus
1140 824 1279 879 odor
1320 823 1523 881 Christi
1549 825 1706 895 estis,

120 916 208 982 jam
235 911 427 971 enulla
458 914 517 967 in
552 912 712 979 vobis
736 926 863 977 sors
915 913 1241 971 delictorum
1270 955 1287 984 ,
1340 915 1522 972 nullus
1573 915 1710 972 odor

119 1006 352 1076 gravioris
379 1008 628 1064 erroris.

776 1140 1012 1200 CAPUT
1051 1142 1115 1198 ll.

121 1250 387 1309 Humanam
441 1256 502 1310 in
538 1256 797 1328 baptismo
833 1256 1180 1311 cbnditionem
1233 1254 1565 1310 admirationi
1600 1270 1709 1311 esse

171 1348 287 1417 ipsis
308 1348 569 1419 Angelis;
597 1348 731 1403 hanc
754 1350 890 1404 enim
923 1366 1016 1417 per
1046 1349 1195 1403 illunt
1223 1349 1292 1402 ad
1322 1348 1630 1403 innocentia:
1647 1365 1708 1403 ac

160 1442 437 1507 jucentutis
460 1442 695 1513 gratiam
719 1443 973 1499 revocari.

172 1558 217 1613 5.
240 1559 509 1632 Sequitur
543 1569 604 1616 ut
629 1560 860 1619 veniatis
879 1560 947 1617 ad
978 1559 1454 1631 altare..Cmpistis
1475 1560 1662 1617 venire
1691 1578 1703 1614 :

117 1660 411 1722 spectarunt
453 1655 668 1725 angeli,
709 1654 966 1711 viderunt
990 1669 1089 1710 νινε
1121 1654 1287 1733 366
1328 1655 1706 1724 advenientes,

116 1760 159 1802 et
181 1747 468 1805 humanam
501 1748 883 1805 conditionem
906 1749 1080 1816 illam,
1106 1765 1225 1821 qua:
1276 1758 1406 1805 ante
1454 1759 1707 1823 peccato-

1882 538 2144 584 auctorem
2168 540 2217 584 et
2242 530 2435 587 Christi
2456 532 2678 606 ﬁguram
2707 537 2964 591 exstitisse
2992 538 3206 608 planum
3231 542 3380 612 facit.

1884 620 1938 676 8.
1977 623 2184 678 Venisti
2208 625 2273 695 ad
2305 626 2503 695 altare,
2534 627 2716 695 vidisti
2745 643 3091 687 sacramenta
3117 634 3292 704 posita
3322 652 3414 692 su-

1813 729 1911 785 per
1934 714 2129 784 altare,
2159 725 2216 773 et
2239 718 2411 789 ipsam
2442 719 2660 793 quidem
2709 721 2870 801 367
2902 726 3131 793 miratus
3170 742 3231 783 es
3260 743 3415 786 crea-

1811 818 1984 865 turam
2008 827 2022 877 ;
2055 819 2232 868 tamen
2260 823 2566 870 creaturam
2595 815 2896 873 solemnem
2914 828 2969 873 et
2988 828 3194 875 notam.

1883 900 1937 957 9.
1974 902 2139 961 Forte
2167 904 2363 977 aliquis
2383 907 2620 965 dixerit:
2653 907 2860 966 Iudaeis
2891 911 3031 968 Deus
3059 922 3260 983 tantam
3291 931 3418 989 gra-

1812 994 1942 1051 tiam
1973 1005 1997 1035 ο
2025 998 2300 1067 praestitit,
2326 1014 2520 1055 manna
2552 1000 2660 1056 illis
2684 1000 2827 1072 pluit
2850 1019 2881 1058 e
2910 1004 3054 1061 caelo
3073 1005 3273 1079 (Exod.
3301 1024 3414 1077 xvi,

1813 1084 1905 1179 i3)
1939 1105 1953 1145 :
1982 1090 2110 1167 quid
2135 1090 2257 1161 plus
2286 1091 2437 1148 dedit
2462 1094 2718 1151 ﬁdelibus
2745 1096 2882 1163 suis,
2916 1098 3050 1175 quid
3073 1100 3195 1179 plus
3227 1104 3416 1160 tribuit

1810 1177 1878 1235 iis
1903 1179 2100 1249 quibus
2125 1182 2246 1252 plus
2275 1184 2563 1254 promisit?

1885 1272 1971 1326 10.
2030 1274 2233 1346 Accipe
2289 1293 2410 1348 qua:
2460 1279 2605 1347 dico,
2657 1283 2934 1338 anteriora
2984 1299 3107 1341 esse
3153 1289 3413 1359 mysteria

1811 1364 2247 1423 Christianorum
2276 1386 2436 1441 quam
2458 1370 2796 1449 Judaeorum,
2825 1386 2881 1431 et
2905 1376 3171 1434 diviniora
3190 1395 3312 1437 esse
3332 1397 3419 1436 sa-

1810 1469 2095 1516 cramenta
2151 1460 2585 1523 Christianorum
2649 1484 2810 1538 quam
2862 1468 3196 1528 Judaeorum.
3244 1474 3414 1549 ,Quo-

1812 1554 2008 1611 modo?
2046 1556 2270 1629 Accipe.
2321 1558 2495 1615 Judaei
2542 1562 2758 1639 quando
2798 1578 2924 1620 esse
2967 1567 3293 1636 cmperunt?
3333 1568 3412 1625 Ex

1810 1644 1946 1700 Juda
1978 1646 2163 1719 utique
2188 1659 2492 1721 pronepote
2522 1651 2758 1709 Abrahae
2794 1670 2811 1715 ς
2839 1649 2866 1690 ά
2893 1665 3008 1725 aut,
3053 1656 3101 1712 si
3129 1656 3211 1713 vis
3256 1669 3313 1715 et
3337 1660 3418 1714 sic

1811 1738 2142 1810 intelligere,
2176 1757 2242 1797 ex
2272 1741 2439 1813 Lege,
2472 1743 2526 1799 id
2553 1757 2637 1800 est
2659 1747 2878 1816 quando
2903 1747 3078 1805 Judaei
3102 1750 3301 1822 Legem
3333 1767 3416 1806 ac-

116 1854 210 1894 rutn
258 1842 567 1897 tenebroso
594 1842 851 1911 squalore
901 1840 1160 1897 sordebat
1185 1883 1201 1909 ,
1248 1852 1580 1912 aspexerunt
1616 1857 1707 1896 su-
1738 1823 1783 1885 Β
1812 1834 1993 1903 εἰρετθ
2038 1844 2380 1890 meruemnl-
2412 1837 2556 1915 Ergo
2593 1853 2661 1901 ex
2708 1852 3010 1914 pronepote
3049 1843 3287 1903 Abrahae
3314 1844 3411 1907 «lu-

114 1933 205 1989 bito
232 1934 532 2007 refulgere.
564 1935 804 2007 Ideoque
844 1935 1142 1992 dixerunt:
1185 1935 1313 2005 Quae
1352 1943 1430 1991 est
1458 1935 1566 1989 hazc
1591 1950 1708 2006 qua:

114 2028 314 2082 escendit
352 2047 387 2083 α
418 2031 629 2087 deserto
660 2029 899 2085 dealbata
947 2029 1123 2100 (Cant.
1156 2045 1275 2096 VIII,
1306 2027 1362 2100 5)
1395 2028 1419 2083 Ἰ
1444 2027 1707 2085 Mirantur

115 2134 221 2189 ergo
240 2131 292 2176 et
317 2123 528 2193 angeli.
564 2122 658 2178 Vis
690 2123 833 2178 scire
881 2124 1010 2194 quia
1058 2123 1326 2177 mirantur
1353 2122 1377 2176 ’ἒ
1407 2121 1549 2176 Audi
1575 2136 1706 2191 ergo

114 2216 437 2285 apostolumb
465 2217 705 2275 Paulum
737 2216 1011 2273 dicentem
1043 2230 1105 2272 ea
1136 2215 1296 2271 nobis
1324 2230 1449 2272 esse
1479 2212 1704 2282 collata,

114 2323 214 2376 qua»
236 2311 642 2382 concupiscunt
667 2318 722 2366 et
741 2310 924 2382 angeli
950 2307 1133 2369 videre
1159 2308 1204 2381 (Ι
1228 2308 1377 2365 Petr.
1409 2324 1450 2375 ι,
1476 2306 1591 2380 l2).
1640 2307 1707 2365 lit

114 2400 321 2456 iterum:
356 2402 520 2469 Quod
563 2404 749 2457 oculus
780 2420 882 2456 non
918 2403 1067 2467 vidit,
1098 2417 1189 2456 nec
1213 2402 1357 2456 auris
1385 2400 1702 2457 audivit"...

116 2508 209 2559 quae
234 2496 559 2565 pra’puravit
595 2493 734 2549 Deus
771 2494 1107 2567 diligentibus
1134 2508 1186 2547 se
1211 2491 1256 2567 (l
1281 2490 1402 2549 Cor.
1427 2506 1487 2557 ιι,
1516 2489 1593 2563 9).

170 2608 219 2663 6.
246 2609 450 2667 Deinde
468 2609 607 2683 quid
630 2610 913 2681 acceperis
936 2622 1289 2680 recognosce.
1327 2607 1564 2665 Sanctus
1602 2606 1705 2662 Da-

119 2697 193 2754 vid
220 2701 474 2773 propheta
515 2703 660 2756 hanc
700 2701 933 2773 gratiam
984 2702 1036 2754 in
1070 2700 1237 2771 figura
1259 2699 1396 2756 vidit
1421 2709 1475 2754 et
1503 2713 1706 2755 concu-

120 2789 249 2858 pivit.
268 2792 361 2848 Vis
384 2793 539 2850 scire
569 2792 695 2864 quia
722 2792 1106 2863 concupierit?
1137 2791 1335 2849 lterum
1363 2788 1491 2847 audi
1521 2791 1707 2845 dicen-

120 2889 207 2937 tem
234 2901 247 2938 :
274 2883 539 2957 Asperges
568 2901 650 2940 me
678 2885 922 2957 hyssopo,
949 2893 995 2939 et
1016 2884 1304 2939 mundabor
1328 2898 1347 2937 :
1377 2882 1572 2939 lauabis
1599 2898 1698 2951 nte,

118 2983 155 3026 et
174 2990 312 3045 super
332 2978 514 3033 niuem
538 2977 820 3033 dealbabor
845 2976 965 3049 (Ps.
996 2994 1048 3043 1.,
1074 2976 1154 3038 9).
1175 2975 1404 3045 Quare?
1430 2976 1566 3044 Quia
1586 2977 1700 3042 nix,

121 3071 336 3136 quamvis
364 3072 437 3137 sit
476 3069 734 3138 candida,
788 3072 898 3126 cito
924 3072 1104 3143 aliqua
1132 3068 1295 3125 sorde
1339 3068 1599 3140 nigrescit
1622 3078 1703 3124 at-

119 3175 202 3229 que
254 3165 636 3235 corrumpitur
675 3180 691 3217 :
748 3167 852 3220 ista
897 3165 1069 3235 gratia
1115 3179 1277 3234 quam
1327 3163 1609 3234 accepisti,
1655 3163 1698 3227 si

122 3262 279 3312 teneas
324 3258 478 3329 quod
513 3257 798 3328 accepisti,
848 3258 956 3312 erit
993 3257 1246 3311 diuturna
1292 3264 1454 3325 atque
1501 3270 1701 3326 perpe-

121 3355 212 3405 tua.

179 3443 222 3500 7.
251 3445 530 3505 Veniebas
550 3459 683 3516 ergo
723 3444 1041 3502 desiderans
1082 3443 1150 3498 ad
1182 3444 1372 3510 altare,
1400 3451 1588 3512 utpote
1609 3443 1700 3516 qui

121 3542 295 3593 tantam
322 3540 563 3612 gratiam
604 3538 862 3603 videras;
896 3539 1155 3593 veniebas
1180 3539 1500 3595 desiderans
1525 3538 1590 3595 ad
1621 3540 1701 3594 al-

125 3632 236 3692 tare,
263 3646 366 3701 quo
394 3631 687 3700 acciperes
716 3638 1139 3685 sacramentum.
1170 3629 1321 3685 Dicat
1352 3630 1529 3684 anima
1562 3640 1649 3685 tua
1683 3647 1698 3685 :

126 3714 180 3770 Et
202 3721 411 3779 introibo
457 3723 527 3787 ad
575 3723 742 3778 altare
772 3720 866 3776 Dei
893 3723 1014 3787 mei,
1047 3721 1117 3775 ad
1165 3720 1332 3777 Deum
1352 3723 1438 3791 qui
1468 3723 1701 3793 laetiﬁcat

121 3810 402 3877 iuuentutem
429 3813 731 3886 meam(Ps.
753 3814 969 3886 mni).
986 3814 1291 3885 Deposuisti
1347 3825 1695 3886 peccatorum

128 3912 460 3974 senectutem,
487 3905 769 3973 sumpsisti
799 3906 992 3977 gratiae
1015 3906 1355 3977 iuventutem
1380 3921 1395 3959 :
1431 3907 1534 3962 hoc
1563 3922 1702 3977 prte-

128 3994 347 4056 slitcrunt
377 4001 480 4057 tibi
539 4013 880 4055 sacramenta
925 4000 1188 4056 coelestia.
1218 4000 1462 4072 Denique
1502 4001 1698 4056 iterum

131 4088 228 4143 audi
258 4093 528 4150 dicentem
581 4093 746 4149 David
783 4111 795 4145 :
829 4092 1180 4149 Renovabitur
1224 4094 1355 4149 sicut
1405 4093 1593 4163 aquila:
1616 4096 1701 4162 ju-

130 4191 274 4240 ventus
305 4198 392 4243 tua
416 4187 546 4258 (Ps.
570 4202 665 4253 cn,
689 4187 769 4258 5).
799 4187 946 4242 Bona
969 4188 1149 4258 aquila
1178 4200 1300 4243 esse
1315 4187 1548 4258 ccepisti,
1580 4203 1701 4259 qua:

132 4276 295 4331 malum
322 4282 502 4352 petis;
537 4287 757 4335 terrena
782 4279 1014 4336 fastidis.
1044 4280 1206 4335 Bonae
1233 4281 1430 4351 aquila:
1454 4282 1597 4336 circa
1621 4281 1701 4335 al-

133 4370 379 4429 tarezllbi
432 4373 571 4428 enim
627 4388 836 4444 corpus,
885 4373 954 4428 ibi
986 4382 1035 4427 et
1064 4372 1254 4444 aquila:
1282 4372 1500 4446 (Matth.
1550 4390 1698 4442 sxw,

134 4456 225 4529 9-8).
254 4463 448 4522 Forma
471 4467 722 4537 corporis
748 4467 924 4521 altare
948 4475 1054 4531 est,
1085 4480 1140 4520 et
1167 4481 1367 4537 corpus
1388 4465 1590 4522 Christi
1617 4476 1701 4524 est

134 4547 174 4602 in
199 4554 334 4614 altari
366 4578 380 4613 :
412 4559 614 4626 aquila:
644 4573 742 4613 vos
770 4559 925 4629 estis,
954 4566 1229 4614 renovatae
1278 4558 1561 4615 ahlutione
1603 4560 1695 4615 dc-
1724 4580 1777 4640 1)

137 4639 239 4700 licti.

716 4766 949 4825 CAPUT
988 4767 1072 4823 111.

138 4888 409 4957 Ostensurus
437 4911 622 4957 auctor
645 4913 971 4959 sacramenta
990 4913 1167 4962 nostra
1188 4920 1342 4972 quam
1393 4902 1697 4960 Judazortmt

190 4995 279 5045 tum
309 4998 603 5069 antiquiora
631 5007 736 5051 tum
771 4995 1027 5052 diviniora
1071 5015 1203 5065 esse,
1227 5000 1453 5068 priorem
1500 5009 1697 5071 portent

190 5086 375 5154 conﬁcit
393 5089 638 5147 instituta
664 5090 799 5145 inter
828 5088 1210 5145 Melchisedech
1238 5101 1395 5161 atque
1435 5090 1698 5147 Abraham

193 5219 353 5293 ngill.
378 5238 443 5279 ac
473 5222 632 5279 Rom.
664 5222 799 5278 edit.
841 5232 895 5279 et
925 5238 1056 5279 mss.
1082 5223 1224 5283 Tell.
1264 5226 1425 5293 alter,
1458 5230 1619 5287 nullw
1647 5233 1700 5285 in

138 5287 248 5363 vobis
265 5295 473 5360 sordes;
497 5293 592 5348 alii
640 5294 870 5363 aliquot,
904 5296 1051 5348 nulla
1078 5295 1133 5348 in
1160 5296 1300 5351 vobis
1340 5287 1551 5354 sordes:
1577 5304 1701 5358 reli-

137 5360 207 5443 qui
226 5366 380 5443 multo
406 5366 597 5443 plures
620 5360 997 5443 potioresque,
1020 5365 1162 5443 sicut
1188 5378 1260 5443 et_
1286 5370 1508 5443 Atnerb.
1543 5381 1705 5443 atque

138 5423 264 5509 liras.
292 5423 448 5501 editi,
481 5423 711 5513 nullajn
744 5423 1045 5513 vobis'sors.
1071 5436 1216 5513 Bona
1248 5423 1437 5506 lectio,
1465 5423 1521 5495 et
1547 5423 1708 5513 aliain

138 5500 574 5579 jam_tom.t,col.
636 5505 727 5579 61,
784 5509 836 5579 in
892 5508 1184 5564 Ambrosio
1229 5500 1711 5579 annotavinttismt

141 5575 604 5652 semiusmtnmarc
649 5577 924 5652 si_visum
971 5588 1140 5643 esset,
1183 5582 1233 5635 in
1285 5592 1535 5652 promptu
1586 5575 1711 5641 fuit.

149 5638 274 5719 Unde
313 5650 542 5719 colligas
589 5658 680 5703 aut
713 5646 857 5703 hunc
900 5638 1182 5705 auctorem
1230 5638 1718 5715 Ai'nbrosianorum

142 5711 689 5794 ltltrprum_ntaxittte_
713 5719 1013 5794 studiosum
1049 5759 1063 5785 ,
1112 5732 1204 5785 aut
1266 5732 1559 5794 utrumque
1601 5711 1720 5782 (non

144 5788 348 5842 multum
374 5788 616 5844 diversis
642 5788 845 5844 vixisse
875 5791 1012 5845 locis
1038 5804 1102 5844 ac
1129 5788 1484 5866 temporibus.

1811 1924 1912 1989 diei
1950 1927 2081 1983 dicti
2112 1936 2261 2001 sunt,
2295 1940 2388 1985 aut
2435 1945 2466 1985 a
2501 1940 2748 2005 tempore
2794 1937 2967 1990 sancti
2998 1935 3225 2010 Moysis.
3259 1938 3325 1999 Et
3368 1940 3416 1997 si

1811 2026 1941 2072 tunc
1989 2019 2134 2075 Deus
2168 2019 2372 2076 Judaeis
2424 2026 2893 2083 murmurantibus
2945 2043 3145 2089 manna
3195 2030 3335 2101 pluit
3378 2046 3412 2088 e

1809 2109 1952 2164 caelo
1974 2149 1991 2177 ,
2025 2109 2121 2167 tibi
2153 2122 2336 2167 autem
2359 2128 2829 2173 socramentorum
2862 2108 3057 2176 horum
3084 2121 3254 2193 ﬁgura
3273 2139 3413 2193 prae-

1808 2202 1998 2269 cessit,
2044 2203 2266 2273 quando
2312 2206 2587 2262 Abraham
2625 2218 2766 2276 erat,
2814 2213 3037 2282 quando
3081 2218 3408 2273 vernaculos

1809 2303 2082 2350 trecentos
2107 2304 2130 2332 ε
2154 2297 2343 2352 decem
2376 2304 2431 2353 et
2457 2308 2582 2355 octo
2613 2301 2857 2373 collegit,
2881 2314 2937 2365 et
2965 2305 3062 2363 tibi
3086 2321 3408 2379 persecutus

1807 2396 1891 2443 est
1907 2386 2275 2457 adversarios,
2295 2390 2364 2451 de
2382 2391 2697 2462 captivitate
2719 2408 3189 2467 eruenattepotem
3210 2414 3405 2468 suum;

1809 2487 1937 2533 tunc
1967 2477 2139 2534 victor
2178 2479 2351 2548 venit,
2394 2483 2635 2538 occurrit
2665 2484 2746 2547 illi
2777 2485 3178 2543 Melchisedech
3224 2504 3406 2546 sacer-

1807 2572 1923 2639 dos,
1975 2582 2031 2627 et
2069 2572 2267 2627 obtulit
2304 2575 2353 2655 ei
2389 2589 2584 2645 panem
2637 2587 2691 2632 et
2716 2577 2901 2633 vinum
2949 2577 3104 2651 (Gen.
3137 2595 3254 2649 xrv,
3287 2582 3404 2656 i8).

1805 2664 1938 2736 Quis
1966 2664 2157 2721 habuit
2184 2681 2379 2735 panem
2405 2679 2460 2723 et
2486 2668 2710 2724 vinum?
2738 2669 3014 2729 Abraham
3050 2687 3159 2737 non
3190 2673 3400 2739 habuit.

1805 2756 1916 2813 Sed
1947 2758 2067 2827 quis
2095 2757 2322 2813 habuit?
2350 2758 2773 2819 Melchisedech.
2802 2763 2924 2833 ipse
2948 2778 3081 2837 ergo
3100 2775 3295 2822 auctor
3310 2781 3399 2822 sa.

1802 2857 2208 2905 crumentorum
2243 2848 2435 2924 (Hebr.
2461 2864 2557 2919 vn,
2592 2852 2620 2907 l
2649 2861 2697 2907 et
2724 2858 2880 2925 seq.).
2903 2854 3036 2922 Quis
3063 2864 3149 2912 est
3175 2839 3401 2914 Melchi-

1804 2941 2047 2998 sedech?
2095 2941 2196 3011 Qui
2247 2943 2585 3015 signiﬁcatur
2635 2961 2732 3002 rex
2772 2944 3022 3017 justitiw,
3082 2963 3177 3009 res
3233 2950 3406 3025 pacis.

1803 3034 1937 3103 Quis
1965 3045 2049 3091 est
2081 3036 2185 3091 iste
2211 3050 2305 3092 rex
2325 3037 2590 3106 justitiae?
2615 3037 2891 3108 Numquid
2920 3040 3084 3099 homo
3113 3043 3404 3115 quisquam

1802 3138 1985 3199 potest
2008 3144 2105 3184 rex
2134 3143 2257 3185 esse
2284 3129 2549 3199 justitias?
2575 3132 2713 3199 Quis
2736 3148 2871 3205 ergo
2901 3150 2997 3190 rex
3016 3135 3266 3206 justitize,
3300 3137 3408 3193 nisi

1729 3200 1775 3271 C
1801 3220 2016 3291 justitia
2047 3221 2163 3290 Dei,
2197 3221 2288 3292 qui
2312 3231 2396 3277 est
2422 3221 2513 3279 Dei
2538 3238 2664 3294 pax,
2699 3200 3142 3297 Dei'sapientia?
3179 3200 3280 3296 Qui
3312 3244 3412 3311 po-

1807 3312 1909 3368 tuit
1935 3312 2119 3391 dicere
2155 3331 2167 3369 :
2202 3312 2393 3369 Pacem
2426 3330 2593 3375 meam
2620 3318 2687 3373 do
2717 3318 2883 3387 uobis,
2906 3336 3088 3390 pacem
3127 3337 3293 3383 meum
3322 3339 3404 3379 re»

1804 3404 1982 3476 linquo
2012 3407 2152 3461 uobis
2183 3406 2365 3476 (Joatt.
2394 3424 2506 3475 ιιν,
2531 3408 2650 3480 27).

1876 3501 1965 3556 11.
2000 3501 2144 3572 Ergo
2176 3503 2350 3573 primo
2380 3504 2623 3578 intcllige
2647 3518 2989 3564 sacramenta
3022 3509 3141 3566 haec
3161 3526 3283 3583 quae
3304 3527 3402 3568 ac-

1803 3593 1962 3666 cipis,
1995 3597 2275 3655 anteriora
2320 3613 2443 3655 esse
2473 3615 2636 3671 quam
2684 3602 2794 3665 sint
2817 3603 2990 3674 Moysi
3034 3617 3401 3672 sacramenta,

1802 3704 2157 3760 qtiaccumque
2186 3689 2360 3745 Judaei
2395 3691 2598 3747 habere
2644 3707 2705 3747 se
2739 3693 2962 3760 dicunt;
3007 3704 3064 3750 et
3094 3696 3244 3767 prius
3282 3711 3399 3752 cte-

1804 3784 1947 3854 pisse
1978 3784 2239 3855 populum
2269 3784 2665 3847 Christianum,
2695 3800 2856 3856 quam
2884 3788 3119 3858 coepisse
3142 3788 3398 3859 populum

1802 3877 2280 3933 Judteorumzsed
2322 3894 2424 3933 nos
2473 3879 2525 3933 in
2579 3880 3087 3950 praedestinatioue,
3139 3882 3287 3945 illum
3347 3885 3399 3947 in

1803 3972 2047 4027 nomine.

1876 4063 1962 4120 12.
1994 4062 2207 4119 Obtulit
2241 4080 2372 4136 ergo
2413 4064 2812 4122 Melchisedech
2854 4080 3049 4138 panem
3094 4079 3151 4133 et
3190 4071 3399 4127 vinum.

1802 4157 1937 4227 Quis
1965 4166 2048 4213 est
2078 4157 2477 4215 Melchisedech
2501 4159 2525 4214 ?
2551 4159 2681 4221 Sine
2706 4170 2875 4232 patre,
2909 4163 3107 4232 inquit,
3135 4165 3247 4219 sine
3290 4182 3402 4227 ma-

1801 4256 1901 4315 tre,
1941 4249 2053 4305 siae
2091 4251 2435 4320 generationis
2478 4250 2685 4319 ordine,
2725 4268 2895 4323 neque
2923 4255 3129 4311 initium
3171 4255 3398 4324 dierum,

1803 4359 1965 4415 neque
2007 4345 2165 4412 linem
2204 4345 2325 4399 vita
2375 4344 2617 4400 habens:
2657 4344 2762 4401 hoc
2820 4346 2982 4402 habet
3021 4349 3087 4403 ad
3146 4348 3403 4405 Hebraeos

1802 4435 2051 4507 epistola.
2082 4435 2211 4492 Sine
2235 4446 2409 4511 patre,
2444 4437 2641 4511 inquit,
2675 4446 2731 4495 et
2753 4439 2870 4495 sine
2901 4449 3076 4496 matre
3100 4449 3203 4497 est.
3236 4438 3404 4505 Simi-

1806 4526 1875 4582 lis
1908 4528 2039 4583 cui'l
2069 4528 2209 4584 Filio
2239 4529 2356 4585 Dei.
2388 4514 2521 4587 Sine
2563 4541 2740 4593 matre
2779 4530 2950 4603 368
2975 4541 3137 4591 natus
3186 4542 3273 4594 est
3303 4533 3398 4591 Dei

1802 4619 1973 4675 Filius
2004 4624 2358 4690 generatione
2384 4622 2594 4679 caelesti
2617 4663 2633 4687 ,
2663 4622 2787 4693 quia
2838 4639 2905 4678 ex
2939 4624 3059 4681 solo
3091 4625 3199 4680 Deo
3238 4624 3404 4680 Patre

1800 4724 1959 4771 natus
2002 4725 2085 4771 est
2117 4732 2130 4771 :
2158 4725 2214 4771 et
2249 4716 2447 4775 iterum
2496 4717 2615 4772 sine
2651 4725 2807 4790 patre
2849 4722 3010 4781 natus
3049 4724 3157 4785 est,
3186 4718 3404 4789 quando

1803 4814 1961 4861 natus
1986 4820 2054 4861 ex
2084 4805 2299 4877 Virgine
2325 4816 2410 4862 est
2434 4814 2591 4872 ;'non
2620 4808 2764 4862 enim
2793 4822 2861 4863 ex
2887 4807 3029 4865 virili
3068 4810 3283 4865 semine
3309 4825 3404 4879 ge-

1803 4908 2025 4954 neratus
2051 4908 2137 4954 est
2168 4915 2182 4951 :
2212 4898 2310 4954 sed
2333 4910 2496 4952 natus
2528 4899 2597 4954 de
2637 4898 2845 4969 Spiritu
2884 4909 3079 4955 sancto
3109 4899 3327 4971 (Matth.
3364 4917 3404 4965 ι,

1799 4993 1895 5066 ‘20)
1929 5002 1981 5048 et
2008 4992 2219 5064 virgine
2254 4992 2443 5061 Maria,
2485 5001 2639 5047 utero
2665 4992 2844 5047 editus
2888 4993 3163 5064 virginali,
3207 4993 3403 5049 similis

1803 5106 1899 5161 per
1919 5090 2099 5145 omnia
2122 5085 2263 5143 Filio
2294 5086 2411 5141 Dei.
2442 5084 2711 5143 Sacerdos
2731 5099 2946 5156 quoque
2971 5095 3091 5142 erat
3118 5085 3435 5177 Melcltiscﬁ

1873 5230 1901 5273 δ
1940 5229 2071 5284 istic
2097 5236 2153 5283 ut
2169 5223 2297 5280 alibi
2320 5240 2427 5281 non
2454 5223 2620 5280 semel
2650 5234 2926 5280 auctorem
2965 5222 3160 5285 fefellit
3186 5239 3401 5283 memo-

1806 5320 1910 5412 n“;
1930 5370 2069 5429 Cod.
2103 5368 2370 5438 Clarom.,
2403 5367 2646 5440 prwstitit
2671 5373 2728 5419 ut
2749 5381 2940 5440 manna
2966 5365 3073 5420 illis
3095 5366 3320 5440 plueret.

1885 5442 1912 5481 ἀ
1937 5444 2139 5498 Omnes
2169 5442 2303 5495 edit.
2348 5437 2415 5495 ac
2446 5454 2577 5494 mss.
2611 5437 2883 5502 nonnulli,
2907 5447 3018 5502 aut,
3061 5438 3104 5493 si
3132 5439 3229 5504 vis,
3260 5447 3306 5495 et
3334 5439 3411 5497 sic

1817 5517 2068 5586 intellige,
2094 5529 2159 5568 ea;
2189 5511 2324 5582 Lege
2344 5527 2500 5580 quam
2522 5508 2696 5586 Indici
2718 5508 2951 5578 accipere
2968 5519 3263 5571 meruerunt
3288 5527 3306 5564 :
3327 5524 3416 5566 re-

1820 5579 2462 5662 “,lui—fmgngndmero’
2497 5587 2555 5634 ul.
2583 5579 2837 5662 intextu.
2981 5648 3012 5662 η
3084 5650 3115 5662 Ἀ
3204 5659 3211 5662 _
3242 5650 3253 5662 .

1900 5669 1921 5695 ε
1945 5648 2199 5715 Nonnulli
2226 5668 2384 5721 mss.,
2413 5651 2587 5715 decem
2620 5659 2667 5704 et
2695 5662 2878 5705 novem
2909 5648 3136 5721 collegit,
3165 5659 3212 5705 et
3235 5650 3347 5721 ivit,
3371 5663 3419 5707 et

1826 5738 2123 5802 persecutus
2147 5736 2241 5784 est.
