3952 6178
144 261 234 317 λιιι

1321 264 1410 321 DE
1444 262 1932 325 SACRAMENTIS
1971 267 2104 326 LIB.
2146 270 2234 328 ιν.

3321 279 3433 336 449.

140 376 237 428 sint
278 388 404 445 quae
453 381 632 444 erant,
677 382 732 430 et
776 374 827 430 in
857 374 999 430 aliud
1038 376 1487 432 committentur?
1513 376 1727 432 Casium
1759 382 1809 441 A
1904 368 2070 453 3‘70
2099 382 2183 437 18.
2212 383 2415 454 Accipe
2437 383 2607 442 aliud.
2633 385 2942 458 Urgehatur
2961 387 3196 461 populus
3218 391 3433 447 Judaeu-

140 481 236 521 noo
267 476 408 533 erat,
458 482 609 523 mare
653 482 762 523 non
794 479 936 535 erat,
966 477 1111 525 terra
1144 484 1253 526 non
1300 481 1457 536 erat;
1486 471 1581 525 sed
1608 471 1735 526 audi

141 559 404 615 dicentem
440 559 603 615 David
639 576 653 613 :
691 558 812 632 Ipse
832 560 983 627 dixit,
1013 570 1060 616 et
1086 564 1229 634 facta
1259 571 1382 616 sunt
1410 577 1430 617 :
1459 563 1569 633 ipse
1589 578 1738 616 man-

137 652 286 717 darit,
315 662 366 708 et
389 662 567 707 creata
589 664 710 707 sunt
735 652 907 726 (Prol.
939 669 1162 723 crtum,
1196 653 1274 729 5).

197 743 287 799 16.
334 745 481 814 Ergo
508 743 606 799 tibi
659 754 719 801 ut
774 746 1163 817 respondeam,
1218 763 1325 802 non
1369 754 1489 802 erat
1537 761 1737 819 corpus

136 836 323 892 Christi
356 845 492 893 ante
531 839 1007 895 consecrationem
1042 856 1061 893 ι
1086 839 1181 896 sed
1213 848 1335 911 post
1360 842 1735 897 consecratio.

137 945 248 986 item
278 929 412 985 dico
439 929 534 986 tibi
557 931 683 1001 quia
706 930 819 1002 jam
848 947 1048 1002 corpus
1071 940 1159 988 est
1177 930 1401 988 Christi.
1427 931 1551 1003 Ipse
1577 933 1735 999 dixit,

134 1026 405 1082 attactum
440 1037 529 1082 est
565 1046 581 1083 :
613 1027 728 1098 ipse
774 1027 1076 1094 mandavit,
1128 1034 1184 1083 et
1230 1036 1475 1083 creatum
1515 1036 1620 1085 est.
1653 1027 1735 1083 Tu

134 1119 238 1189 ipse
282 1132 436 1185 eras,
482 1118 582 1175 sed
629 1133 754 1175 eras
802 1131 960 1176 vetus
1003 1130 1303 1176 creatura:
1337 1128 1524 1192 postea
1570 1136 1734 1192 quam

133 1222 490 1270 consecratus
539 1229 621 1282 es,
669 1230 808 1271 nova
856 1226 1133 1282 creatura,
1182 1230 1305 1271 esse
1350 1218 1584 1288 cmpisti.
1642 1216 1736 1272 Vis

134 1308 263 1363 scire
289 1322 464 1379 quam
496 1323 635 1363 nova
666 1309 961 1365 creatura?
986 1308 1190 1377 Omnis,
1216 1308 1412 1381 inquit,
1446 1310 1499 1363 in
1527 1307 1735 1364 Christo

134 1416 247 1455 am
272 1410 523 1455 creatura
556 1401 627 1473 (ll
658 1399 779 1456 Cor.
810 1417 867 1469 v,
902 1402 1015 1474 17).

191 1496 275 1552 17.
330 1497 546 1568 Accipe
600 1511 733 1568 ergo
787 1498 1249 1569 quemadmodum
1295 1514 1482 1556 sermo
1528 1499 1732 1557 Christi

133 1596 435 1644 creaturam
490 1604 709 1645 omnem
759 1601 969 1647 mutare
1013 1594 1384 1661 εοηεουενετίι,
1434 1603 1485 1649 ει
1538 1580 1731 1662 mutet,

132 1696 237 1737 cum
269 1683 412 1749 vult,
453 1683 713 1739 instituta
754 1695 982 1742 natura).
1007 1688 1295 1756 Quomodo
1322 1691 1598 1761 requiris?
1629 1693 1734 1747 Ac—

1837 488 1956 529 rum
1985 475 2053 532 ab
2081 471 2381 547 Egyptiis,
2408 479 2744 538 interclusus
2770 492 2886 538 erat
2914 483 3050 539 mari
3081 501 3094 536 :
3123 483 3309 541 divino
3334 487 3435 542 int-

1837 566 1995 635 perio
2021 567 2179 639 virga
2209 568 2421 641 Moyses
2452 573 2627 643 tetigit
2659 590 2849 646 aquas,
2883 586 2937 631 et
2966 590 3028 632 se
3050 577 3192 633 unda
3216 577 3432 646 divisit;

1841 673 1946 713 non
1982 659 2171 730 utique
2219 662 2520 720 secundum
2571 674 2684 720 sua:
2714 677 2924 724 naturae
2952 669 3432 738 consuetudinem,

1837 750 1932 807 sed
1962 752 2263 809 secundum
2290 764 2316 793 ι
2340 756 2570 827 gratiam
2589 757 2832 814 caelestis
2857 758 3077 831 imperii
3097 755 3299 832 (Exod.
3320 777 3433 830 xrv,

1835 844 1902 899 21
1934 856 1982 901 et
2010 850 2168 920 seq.).
2201 848 2407 922 Accipe
2429 851 2598 907 aliud.
2633 853 2865 909 Sitiehat
2898 856 3153 925 populus,
3185 856 3337 912 venit
3364 856 3432 912 ad

1838 936 2043 995 fontem
2085 955 2351 997 :amartts
2400 955 2521 998 erat
2562 943 2705 1010 fons,
2760 944 2909 1001 misit
2952 945 3158 1018 lignum
3211 957 3433 1003 sanctus

1836 1031 2052 1104 Moyses
2075 1034 2129 1090 in
2154 1034 2381 1103 fontem,
2402 1047 2460 1093 et
2483 1036 2664 1094 factus
2684 1048 2765 1095 est
2797 1038 2979 1096 dulcis
3004 1041 3147 1110 lons,
3168 1041 3261 1112 qui
3285 1056 3435 1097 ama-

1836 1138 1932 1179 rus
1970 1135 2120 1192 erat;
2151 1126 2256 1183 hoc
2296 1136 2413 1195 est,
2460 1131 2687 1185 mutavit
2725 1132 3173 1188 consuetudinem
3220 1144 3432 1188 naturae

1836 1232 1970 1282 sum,
2030 1221 2244 1290 accepit
2282 1221 2627 1278 dulcedinem
2669 1225 2857 1294 gratia:
2899 1222 3097 1297 (Exod.
3138 1241 3230 1291 xv,
3270 1226 3345 1281 25
3384 1236 3432 1282 et

1836 1312 1989 1381 δρψ).
2020 1309 2225 1382 Accipe
2265 1322 2317 1367 et
2344 1325 2598 1384 quartum
2628 1316 2962 1385 exemplum.
2996 1315 3285 1374 Ceciderat
3324 1318 3431 1373 fer-

1837 1416 1956 1456 rum
1996 1403 2208 1458 securis
2238 1403 2293 1459 in
2332 1419 2524 1475 aquas,
2557 1405 2711 1477 quasi
2741 1406 2946 1463 ferrum
2992 1422 3093 1463 sua
3131 1420 3430 1465 consuetu-

1835 1492 1963 1549 dine
1998 1494 2314 1551 demersum
2359 1499 2656 1553 estzmisit
2695 1499 2900 1569 lignum
2946 1500 3196 1567 Elismus,
3245 1503 3427 1558 statim

1835 1586 2043 1643 ferrum
2074 1588 2346 1644 elcvatum
2376 1600 2480 1658 est,
2523 1600 2575 1646 et
2603 1593 2761 1662 aquis
2786 1595 3163 1663 superttatavit
3193 1593 3280 1666 (IV
3296 1593 3428 1665 Reg.

1836 1695 1908 1745 vt,
1934 1681 1992 1750 6)
2021 1698 2033 1733 :
2069 1682 2255 1753 utique
2276 1691 2467 1738 contra
2492 1685 2949 1741 consuetudinem
2977 1686 3140 1752 ferri;
3176 1698 3259 1743 est
3285 1687 3429 1744 enim

134 1774 254 1843 cipe,
306 1786 368 1831 et
402 1778 591 1847 primo
635 1778 877 1833 omnium
908 1778 977 1835 de
1015 1785 1371 1850 generatione
1400 1781 1521 1851 ejus
1550 1796 1731 1836 sunta-
1761 1770 1809 1830 B
1838 1780 2095 1832 materies
2118 1779 2364 1848 gravior,
2389 1793 2551 1849 quam
2583 1795 2846 1851 aquarum
2888 1790 2973 1837 est
3002 1783 3358 1838 elementum.

134 1880 237 1921 ntus
280 1867 641 1938 exemplum.
676 1868 1037 1927 Consuetudo
1087 1880 1173 1927 est
1203 1880 1263 1926 ιιι
1291 1886 1398 1927 non
1443 1881 1735 1941 generetur

138 1959 301 2026 homo,
332 1962 440 2016 nisi
474 1977 543 2017 ex
574 1962 694 2017 viro
729 1973 784 2017 et
805 1964 1057 2029 muliere.
1088 1974 1142 2021 et
1170 1967 1570 2022 consuetudine
1595 1981 1730 2022 con-

130 2049 278 2120 jugali
304 2068 318 2106 :
350 2053 455 2109 sed
489 2055 619 2124 quia
650 2055 821 2110 voluit
853 2056 1144 2124 Dominus,
1167 2059 1295 2129 quia
1322 2058 1428 2113 hoc
1455 2060 1618 2131 elegit
1646 2075 1731 2115 sa-

136 2153 492 2210 cramentum,
524 2144 593 2200 de
622 2145 834 2216 Spiritu
865 2158 1058 2204 sancto
1099 2158 1155 2204 et
1186 2148 1411 2221 Virgine
1445 2160 1605 2206 natus
1650 2160 1735 2206 est

133 2231 381 2303 Christus,
420 2237 533 2294 hoc
573 2247 680 2306 est,
720 2240 992 2295 mediator
1035 2240 1127 2296 Dei
1158 2249 1213 2296 et
1244 2242 1527 2298 hominum
1565 2244 1729 2299 homo

135 2327 364 2386 Christus
387 2330 560 2387 Jesus
585 2330 629 2402 (l
661 2331 797 2389 Tim.
827 2348 889 2400 tt,
922 2333 999 2401 5).
1037 2333 1198 2391 Vides
1222 2351 1352 2407 ergo
1377 2338 1500 2407 quia
1532 2349 1726 2393 contra

136 2421 358 2477 instituta
390 2432 448 2480 et
489 2423 738 2481 ordinem
788 2437 948 2483 natus
996 2438 1100 2493 est,
1132 2429 1296 2484 homo
1336 2439 1422 2486 est
1454 2442 1612 2487 natus
1660 2449 1725 2489 ex

139 2512 336 2585 Virgine
356 2517 382 2569 ?

136 2640 183 2694 5'
210 2640 421 2716 tandem
444 2656 561 2716 non
587 2642 820 2698 cadebat
852 2643 904 2697 in
927 2643 1329 2716 gravitatemac
1353 2643 1724 2716 prudentiam,

138 2726 224 2780 qua
248 2722 359 2767 erat
381 2712 754 2780 Latttraoctts,
782 2722 842 2769 ut
863 2712 1193 2769 sententiam
1224 2712 1374 2770 illam
1407 2718 1729 2784 corrumpe-

139 2792 225 2857 ret.
253 2799 411 2857 quam
445 2784 745 2857 evincehat
786 2786 857 2838 ab
885 2786 1201 2840 adversario
1237 2802 1359 2841 esse
1385 2799 1724 2857 corruptam.

137 2852 227 2929 Sed
256 2852 319 2929 ad
352 2854 731 2929 Lanl'rancum
757 2860 922 2929 omni
953 2857 1111 2929 mala:
1154 2856 1277 2912 ﬁdei
1321 2852 1636 2929 suspicione
1665 2859 1728 2913 li-

140 2922 412 2999 berandum
439 2929 551 2999 ista
591 2926 1075 2999 sufficiant.Quod
1110 2943 1274 2999 porro
1320 2929 1387 2984 ad
1423 2922 1609 2999 ipsum
1643 2929 1725 2983 lo-

140 3008 262 3057 cum,
289 2997 435 3070 idem
473 2996 814 3070 Lanl’rancus
860 2998 956 3054 lib.
1006 2999 1100 3053 cit.
1137 3009 1193 3054 et
1242 2996 1470 3070 Algertts
1516 2999 1585 3054 de
1625 3000 1726 3055 Sa-

141 3078 290 3140 cram.
320 3068 414 3122 lib.
445 3084 496 3133 ι,
520 3083 642 3138 cap.
675 3069 731 3126 ’1.
757 3070 1088 3138 respondent
1117 3068 1399 3140 panem'et
1427 3071 1612 3125 vinum
1642 3086 1728 3126 se-

141 3137 351 3212 cundum
378 3141 629 3212 speciem
658 3137 944 3196 externam
976 3155 1100 3197 esse
1119 3137 1254 3212 ‘qu
1282 3152 1442 3197 erant
1474 3160 1487 3195 :
1516 3152 1570 3194 at
1598 3158 1731 3197 vero

142 3209 423 3283 secundum
453 3210 731 3266 inter-nam
769 3213 1126 3267 substantiam
1150 3209 1414 3267 cenverti
1444 3214 1498 3267 in
1531 3228 1728 3283 corpus

1906 1870 1991 1926 t9.
2029 1870 2107 1926 Ex
2139 1872 2223 1926 his
2251 1872 2413 1942 igitur
2442 1873 2697 1929 omnibus
2738 1888 2844 1929 non
2877 1874 3139 1946 intelligis
3164 1885 3426 1946 quantum

1832 1972 2098 2033 operetur
2143 1979 2326 2020 sermo
2375 1966 2662 2020 co:le5tis?
2708 1965 2765 2022 Si
2794 1976 3056 2037 operatus
3082 1978 3166 2024 est
3198 1968 3252 2024 in
3282 1967 3433 2026 fonte

1834 2065 2073 2120 terreno,
2118 2057 2162 2110 si
2197 2065 2459 2126 operatus
2494 2064 2580 2111 est
2606 2070 2793 2113 sermo
2822 2057 3070 2114 cmlestis
3097 2059 3150 2113 itt
3189 2059 3313 2115 aliis
3341 2075 3431 2115 re-

1836 2148 1954 2214 bus,
1987 2163 2093 2203 non
2128 2157 2388 2218 operatur
2419 2148 2471 2202 in
2502 2148 2816 2205 coelestibus
2850 2151 3264 2206 Sacrantcntis?
3288 2151 3433 2224 Ergo

1835 2238 2070 2295 didicisti
2103 2240 2246 2310 quod
2286 2255 2348 2294 ex
2381 2256 2518 2310 pane
2565 2256 2769 2311 corpus
2796 2241 2887 2297 liat
2925 2240 3156 2309 Christi,
3202 2252 3260 2299 et
3286 2244 3430 2313 quod

1838 2334 2022 2389 vinum
2066 2344 2119 2388 et
2165 2349 2302 2405 aqua
2355 2336 2410 2389 in
2442 2334 2670 2390 calicem
2692 2334 2926 2391 mittitur
2956 2355 2970 2393 :
3000 2335 3096 2392 sed
3126 2335 3187 2391 tit
3214 2338 3435 2409 sanguis

1835 2426 1863 2466 δ
1885 2428 2305 2484 consecratione
2336 2428 2485 2483 verbi
2532 2429 2778 2485 cttelestis
2823 2429 2927 2502 (De
2952 2430 3190 2497 Comen,
3223 2430 3343 2485 dist.
3376 2431 3433 2498 Ξ,

1835 2539 1882 2576 c.
1920 2522 2102 2588 Panis,
2137 2521 2164 2595 ᾗ
2199 2521 2362 2593 Ergo,
2390 2531 2438 2577 et
2469 2520 2498 2594 ᾗ
2534 2521 2642 2578 Sed
2667 2522 2844 2595 forte).

1837 2643 2119 2715 minimum
2149 2640 2370 2715 quidem
2402 2642 2469 2715 ab
2504 2656 2602 2697 usu
2648 2653 2702 2697 et
2750 2643 3145 2715 consuetudine
3173 2643 3428 2715 loquendi

1836 2714 2095 2770 recedere
2127 2733 2140 2768 :
2172 2713 2318 2782 quod
2348 2714 2491 2768 aeris
2532 2730 2631 2768 nec
2678 2730 2783 2786 non
2826 2730 2978 2784 aqua:
3020 2713 3272 2779 ﬂuvialis,
3306 2731 3429 2786 qum

1834 2801 1959 2841 cum
1992 2795 2258 2856 perpetuo
2290 2794 2585 2848 mutentur,
2619 2784 2808 2853 eadem
2842 2793 3025 2841 tamen
3050 2802 3267 2853 semper
3296 2784 3431 2842 dici-

1835 2873 1975 2923 mus.
1996 2855 2256 2925 exempla
2291 2855 2519 2911 miriﬁce
2551 2858 2847 2911 illustrant.
2876 2857 3013 2913 Hinc
3038 2860 3205 2913 etiam
3232 2857 3428 2913 difﬂari

1836 2941 2039 2999 posset,
2067 2928 2208 2998 quod
2233 2927 2418 2982 intulit
2439 2927 2508 2983 de
2527 2931 2782 2999 specilico
2812 2942 2976 2984 sensu
3009 2928 3149 2985 idem
3184 2930 3428 2984 Aliter-ti-

1835 3016 1958 3063 rtus.
1988 2999 2088 3053 nisi
2121 2999 2430 3070 captionem
2473 3000 2774 3069 argumenti
2824 3016 2988 3069 supra
3036 3000 3195 3055 nobis
3227 3000 3422 3055 Perro-

1838 3072 1961 3125 nins
1978 3071 2283 3141 aperuisset
2306 3085 2373 3141 ae
2389 3070 2664 3141 diluisset,
2691 3070 2835 3140 quod
2864 3071 3053 3126 sedulo
3070 3071 3431 3128 dissimulavit

1837 3142 1942 3197 iste
1973 3142 2243 3196 minister.
2273 3140 2380 3197 Sed
2406 3140 2493 3196 ltic
2518 3143 2826 3209 exemplum
2855 3158 3020 3197 unum
3060 3141 3285 3198 all'ertur
3305 3159 3427 3197 mu-

1837 3212 2058 3268 tationis
2078 3211 2428 3268 occidentalis
2448 3227 2463 3276 ;
2487 3227 2638 3281 ergo,
2671 3212 2843 3281 inquit
2866 3214 2978 3280 ille,
3009 3214 3077 3268 de
3103 3214 3425 3271 accidentali

142 3276 340 3335 Christi.
365 3282 546 3349 Quam
575 3283 1120 3349 expositionemlicet
1143 3284 1525 3339 Atobrosianis
1549 3276 1729 3340 verbis
1757 3278 1801 3341 C
1837 3293 2043 3338 tantum
2101 3287 2463 3339 conversione
2518 3276 2697 3351 agitur
2738 3276 2791 3339 i'o
2845 3276 2973 3339 ltoc’
3002 3285 3143 3340 loco.
3191 3284 3297 3340 Sed
3341 3286 3428 3340 ltic

142 3357 281 3423 atque
306 3353 581 3421 exemplis
608 3352 681 3407 ita
713 3354 993 3417 roborent,
1024 3364 1086 3409 ut
1116 3355 1250 3409 nihil
1272 3355 1509 3423 amplius
1534 3355 1722 3410 videa-

143 3426 217 3472 tur
237 3421 698 3489 desiderattdum;
743 3436 922 3478 tamen
962 3426 1231 3480 hlornteus
1259 3421 1435 3481 Pless.
1469 3425 1611 3481 idem
1640 3442 1728 3482 ar-

144 3504 433 3565 gumentum
467 3495 624 3565 quasi
670 3496 1005 3565 postliminio
1051 3506 1363 3553 revocatum
1414 3496 1566 3552 card.
1597 3495 1729 3553 Per-

144 3562 280 3615 ronio
332 3562 618 3634 Opposuit.
670 3562 755 3622 Ad
800 3569 905 3621 hoc
951 3566 1059 3622 duo
1104 3567 1354 3635 reposuit
1398 3568 1720 3635 cardinalis,

146 3645 315 3713 nempe
333 3637 520 3713 verba
549 3639 665 3706 ipsa
697 3654 803 3692 non
833 3652 1029 3694 carere
1070 3640 1382 3713 suspicione
1421 3640 1728 3713 corruptio.

146 3707 236 3768 nis,
273 3707 484 3764 scilicet
515 3718 741 3777 promer
778 3722 1136 3763 memoratam
1167 3707 1452 3764 Lanlranci
1489 3712 1727 3765 auctori-

148 3781 289 3830 tatem
305 3778 782 3851 :_deindeillorttot
810 3795 1147 3851 nequaquam
1168 3780 1312 3836 ltuoc
1334 3796 1456 3835 esse
1478 3796 1722 3849 sensum,

147 3852 197 3897 ut
219 3847 368 3921 panis
410 3864 480 3905 ac
511 3849 694 3904 vinum
726 3847 978 3905 dicantur
1005 3847 1127 3905 me
1167 3867 1282 3921 qua:
1322 3861 1491 3917 erant,
1524 3851 1641 3905 sive
1671 3851 1721 3907 id
1746 3906 1763 3916 ,

148 3916 272 3991 quod
294 3931 487 3985 erant;
521 3935 646 3976 cum
676 3923 728 3975 itt
759 3923 921 3989 priori
958 3932 1109 3991 parte
1137 3916 1425 3978 setttentite
1456 3916 1609 3991 panis
1631 3932 1726 3977 aut

150 3987 240 4063 ιζζηὶ
267 3991 408 4045 ttulla
447 3993 521 4047 sit
560 3987 768 4048 mento
796 4010 809 4045 :
843 3993 938 4047 sed
960 3987 1040 4047 ⁷ιιι
1069 4010 1184 4063 qua:
1228 4005 1372 4047 erant
1403 3987 1726 4061 simpliciter

151 4054 377 4135 dicantur
404 4078 553 4129 esse,
606 4078 713 4117 non
756 4071 938 4118 autem
982 4054 1225 4130 destrui;
1256 4081 1324 4120 eo
1368 4054 1724 4135 quod-sacra-

153 4133 295 4184 menti
315 4135 543 4189 materia
565 4149 661 4204 per
688 4135 1352 4190 transsultstantiationem
1378 4133 1488 4188 tota
1507 4134 1723 4190 esseadi

152 4204 481 4275 generalitate
539 4221 649 4259 non
697 4205 985 4274 spoliatur,
1041 4208 1136 4260 sed
1184 4207 1250 4261 alt
1298 4221 1420 4262 esse
1470 4206 1724 4275 specilico

156 4271 453 4342 transfertur
498 4276 552 4330 in
605 4271 751 4330 aliufl
789 4291 911 4331 esse
960 4271 1299 4341 Specilicum,
1349 4275 1400 4331 itl
1453 4271 1558 4342 εξι,
1617 4292 1721 4331 non

154 4340 450 4421 Simpliciter
472 4346 540 4421 ad
569 4362 678 4401 nou
711 4362 811 4421 ens
843 4340 1188 4421 terntinetur,
1219 4346 1319 4421 sed
1335 4347 1402 4402 ad
1426 4340 1582 4421 aliud
1601 4363 1720 4415 ens,

156 4417 225 4488 cui
263 4419 629 4479 successione.
664 4417 1019 4488 contiguitate
1055 4419 1346 4482 existendi,
1380 4427 1435 4472 et
1472 4418 1723 4474 accideno

158 4486 446 4559 itumqueis
474 4497 707 4559 uterque
740 4486 1005 4545 terminus
1026 4489 1342 4559 suppositus
1366 4491 1487 4555 luit,
1514 4491 1716 4544 unitate

153 4553 371 4634 inﬁgitur
403 4572 459 4634 et
485 4553 796 4634 colligatur.
832 4559 959 4615 Htec
987 4553 1115 4615 vere
1138 4553 1224 4634 iac
1270 4553 1547 4629 sapienter
1573 4562 1714 4634 dicta

159 4624 380 4701 omnibus
418 4624 750 4701 sinceritatis
791 4647 951 4701 quam
989 4624 1358 4687 contentionis
1399 4633 1719 4687 arnantiori-

161 4687 241 4775 bus
258 4706 496 4775 poterant
524 4687 879 4775 satisfacere;
914 4702 1177 4775 reclamat.
1211 4712 1388 4775 tamen
1420 4702 1597 4757 adhuc
1626 4701 1717 4757 Al-

163 4758 401 4832 bertintts,
440 4786 503 4826 ea
533 4771 603 4827 de
629 4758 878 4842 quorum,
902 4773 1207 4828 substantia
1245 4774 1375 4827 ttiltil
1411 4786 1712 4840 pertttanet,

160 4845 365 4905 ιιιιωιιυρ
396 4851 518 4897 sunt
550 4843 874 4910 simpliciter
897 4858 1001 4898 non
1032 4860 1148 4909 ens,
1183 4845 1235 4899 irt
1262 4843 1546 4899 latitudine
1573 4847 1717 4900 entis

162 4912 419 4988 Ῡέηιὲηρῖε
446 4927 773 4988 pernegaris.
803 4913 900 4969 His
926 4914 1076 4970 addit
1102 4916 1171 4971 de
1189 4930 1328 4986 pane
1355 4918 1572 4988 ac_vino
1597 4934 1719 4983 pro-

165 4982 392 5044 ttuntiari,
418 4994 475 5056 ut
514 4982 762 5053 sint'qua:
804 4996 949 5053 erant
973 4998 1165 5041 :erant
1190 4982 1400 5050 autem,
1433 4982 1628 5056 inquit,
1661 4987 1714 5042 in

163 5057 265 5124 {iss}!
290 5055 537 5124 specitico
568 5057 722 5124 panis
748 5064 804 5111 et
828 5057 961 5120 vini,
993 5057 1137 5113 unde
1160 5055 1437 5112 concludit
1466 5055 1717 5113 substan-

164 5115 450 5210 ﬁliiﬁlii-dici
480 5115 597 5210 39;.
641 5141 798 5195 posse
840 5115 981 5210 hanc
1022 5129 1399 5210 mutationem,
1433 5127 1529 5183 sed
1576 5130 1717 5210 acci-

165 5180 429 5269 dentalem.
480 5193 548 5249 Et
596 5180 726 5252 vero
744 5180 751 5181 ⁷
766 5180 941 5254 suum,
964 5180 1074 5269 hoe
1088 5180 1454 5269 iﬁratio—c‘irtitini
1470 5180 1717 5269 ‘egre‘gie

166 5256 514 5354 afﬁrmatum
539 5277 689 5354 putat
717 5283 804 5333 eo,
832 5267 977 5354 quod
1015 5269 1312 5354 subditur}
1341 5267 1422 5352 Tu
1452 5256 1713 5354 ipse-griis,

168 5337 319 5409 [ιιίιιιξι
342 5344 533 5409 auctor
555 5347 759 5405 noster,
779 5337 869 5394 sed
890 5355 1027 5407 eras,
1052 5351 1158 5395 etc.
1189 5338 1286 5395 Cui
1309 5342 1409 5395 veri
1437 5337 1607 5396 simile
1625 5342 1713 5405 sit,

167 5404 320 5474 Ρςτεῖι
338 5404 664 5474 Albertinus,
692 5404 838 5463 illum
864 5404 1164 5466 mutationis
1184 5411 1517 5467 occidentalis
1542 5404 1718 5467 eum;

168 5461 294 5555 ξξξιξη
317 5474 385 5555 ad
408 5474 600 5555 theseus
763 5483 1203 5555 conﬁrmationem
1230 5499 1294 5537 ea:
1320 5482 1587 5555 industria
1620 5484 1719 5538 ele-

169 5546 385 5628 εἰ
418 5546 473 5628 in
527 5564 588 5601 ea
635 5550 697 5602 de
739 5546 1025 5628 mutatione
1075 5553 1408 5628 substantiali
1441 5555 1718 5628 ageretur?

173 5602 378 5695 ﬁgitfigit)
418 5617 611 5673 harum
655 5602 1109 5695 [attaitéiii'iiimb
1136 5623 1221 5690 Ill,
1264 5624 1326 5677 de
1370 5602 1718 5695 Perpetuitale

172 5675 392 5765 ﬂgitio.
423 5701 519 5765 vn,
540 5702 601 5765 γε.
648 5688 681 5763 β
710 5702 763 5745 et
790 5675 1116 5765 τζέςιιὺιὶῖιξι
1136 5675 1395 5765 ista-ie;
1411 5675 1716 5762 {tinxisti

175 5743 457 5811 ttlmtist'ime
482 5743 723 5815 «iocetur
748 5743 1058 5819 iterasti“
1069 5743 1328 5820 asinis;
1338 5743 1717 5822 135.512.6533

1752 4459 1805 4519 D

1836 3355 2086 3425 exempla
2129 3354 2297 3409 multa
2340 3354 2782 3426 substantialium
2836 3356 3200 3410 mutationum
3257 3356 3431 3426 subii-

1834 3428 2088 3490 ciuntur;
2117 3440 2269 3496 ergo.
2298 3425 2590 3495 inquimus,
2616 3427 2682 3479 de
2704 3427 3049 3482 substantiali
3067 3431 3425 3482 conversione

1834 3498 1920 3568 agi
1964 3498 2135 3553 multo
2166 3496 2369 3568 potiori
2412 3496 2533 3566 iure
2576 3497 2905 3567 colligamus.
2941 3496 3124 3567 Itaque
3158 3500 3428 3568 geminam

1834 3570 2180 3640 agnoscimus
2223 3567 2275 3621 in
2320 3568 2676 3640 eucltaristiai
2703 3570 3117 3640 conversionem
3135 3609 3150 3634 ,
3170 3567 3179 3568 7
3196 3570 3422 3640 alteram

1833 3638 2271 3703 substantialem,
2292 3653 2396 3709 qua
2422 3640 2574 3707 panis
2600 3638 2903 3693 substantia
2933 3640 2989 3709 in
3009 3654 3204 3708 corpus
3224 3638 3425 3693 Christi

1835 3720 1943 3766 tota
1975 3708 2342 3779 eomtttutatttr
2370 3728 2383 3762 :
2412 3709 2638 3763 alteram
2691 3708 3108 3774 occidentalem,
3148 3724 3249 3779 qua
3303 3724 3427 3775 spe-

1832 3782 1948 3837 cies
1976 3782 2135 3851 panis
2159 3778 2226 3832 ad
2257 3779 2374 3851 ejus
2397 3779 2742 3851 pratsentiam
2774 3778 3183 3849 signiﬁcandam
3206 3787 3428 3833 natura-

1835 3848 2293 3920 Iiterilestinatte,
2322 3848 2588 3920 Dominici
2612 3848 2857 3918 corporis
2885 3851 3070 3920 ligurre
3101 3848 3233 3904 liunt
3264 3860 3427 3920 atque

1831 3923 2082 3992 autitypi.
2122 3918 2417 3992 Verissima
2457 3919 2674 3992 quidem
2719 3922 2857 3982 Ittec.
2904 3929 2959 3992 et
2984 3919 3051 3974 ad
3092 3918 3420 3975 catholicum

1832 3990 2024 4064 dogma
2053 3999 2241 4064 contra
2279 3990 2669 4064 Calvittiananr
2694 3991 3115 4064 cavillationem
3139 3993 3421 4047 vindican-

1829 4061 1956 4119 dum
1988 4061 2371 4118 contendimus
2401 4077 2522 4116 eSse
2568 4062 2920 4116 invictissima
2955 4063 3121 4131 :qoid
3164 4073 3345 4118 tamen
3374 4065 3420 4119 si

1831 4135 2010 4190 verbis
2040 4134 2166 4197 illis,
2197 4142 2253 4187 ut
2293 4134 2394 4186 sint
2423 4148 2539 4202 qua:
2566 4142 2735 4198 erant,
2766 4142 2811 4187 et
2858 4133 2913 4185 in
2937 4134 3085 4189 aliud
3110 4145 3423 4188 commate"-

1828 4216 1932 4272 tur,
1956 4205 2282 4260 divisionem
2306 4205 2573 4259 contineri
2602 4203 3099 4259 afl‘trtnaverimus?
3122 4208 3281 4259 Certe
3301 4220 3426 4270 par-

1831 4278 2044 4332 ticulant
2086 4287 2135 4331 et
2184 4276 2459 4332 interdum
2504 4291 2603 4346 pro
2648 4278 2726 4331 vel
2769 4276 3005 4347 positam
3061 4275 3165 4345 legi
3208 4276 3425 4347 negabit

1830 4352 2011 4404 nemo.
2047 4348 2185 4416 Quid
2215 4351 2357 4403 enim
2391 4347 2730 4417 l't't-qttt'ntitls
2772 4346 2890 4401 istis
2922 4349 3170 4402 l‘ormttlis
3200 4366 3212 4401 :
3242 4346 3423 4401 Dami-

1830 4437 1925 4474 nus
1954 4420 2225 4489 mortiﬁcat
2254 4428 2299 4474 et
2324 4420 2545 4487 viviﬁcat
2566 4419 2810 4474 :deducit
2848 4419 2916 4473 ad
2945 4420 3160 4490 inferos,
3191 4428 3238 4473 et
3265 4419 3421 4472 redu-

1826 4491 1916 4545 cit.
1963 4490 2212 4545 Dominus
2252 4508 2529 4561 pauperem
2579 4492 2734 4561 facit,
2781 4500 2825 4544 et
2873 4492 3002 4544 ditat
3034 4507 3052 4545 :
3084 4490 3325 4545 liuntiliat
3373 4500 3420 4544 et

1820 4562 2360 4618 sublevat?l’rol'ecto
2405 4580 2512 4617 ttott
2547 4573 2836 4633 utrumque
2881 4561 3066 4626 simul,
3112 4562 3207 4633 sed
3242 4572 3420 4633 utrum

1821 4635 2078 4697 voluerit,
2108 4634 2369 4689 Dominus
2418 4634 2564 4688 facit.
2603 4630 2865 4704 Expende
2906 4642 3076 4687 totum
3120 4632 3320 4704 locum,
3352 4630 3421 4686 de

1820 4719 1931 4776 quo
1957 4706 2152 4775 agitur,
2199 4715 2254 4760 et
2297 4716 2408 4761 tres
2442 4704 2666 4760 eﬂ‘ectus
2692 4703 2904 4758 divina:
2941 4703 3195 4776 potentiae
3224 4703 3423 4776 depre-

1823 4773 2030 4831 hendes
2072 4776 2201 4831 illic-
2229 4777 2492 4844 proponi,
2540 4776 2873 4830 creationem
2919 4775 3133 4844 scilicet
3156 4788 3262 4829 non
3300 4773 3422 4829 exi-

1821 4848 2106 4907 stentium.
2134 4843 2483 4901 existentium
2529 4861 2659 4901 vero
2707 4851 2788 4900 vel
2834 4843 3306 4901 conservationem
3332 4845 3418 4901 vel

1820 4917 2263 4986 eottversiottettt,
2300 4932 2397 4986 pro
2426 4925 2485 4970 ut
2517 4918 2627 4970 Deo
2657 4916 2829 4971 visum
2860 4916 3044 4972 fuerit.

1895 4998 1919 5026 ἰ
1945 4989 2043 5042 Ms.
2066 4985 2334 5048 Clarom.,
2369 4987 2551 5056 gratiae
2572 4988 2792 5042 calentis
2813 4988 3107 5055 imperium.

1892 5059 1919 5098 b
1937 5058 2085 5114 Clar.
2108 5059 2258 5121 cod.,
2292 5058 2678 5113 consecratione
2701 5059 2912 5112 caelesti.
2942 5057 3112 5113 Porro
3138 5057 3419 5127 sequentis

1821 5129 1967 5186 dubii
2017 5127 2341 5183 solutionem
2395 5132 2661 5184 adversus
2710 5128 3069 5184 orthodoxam
3109 5127 3414 5183 doctrinam

1821 5203 1899 5256 sic
1947 5202 2107 5254 vertit
2134 5201 2474 5264 Albertinus,
2518 5209 2579 5254 ut
2619 5201 2745 5255 velit
2782 5215 2889 5254 non
2927 5200 3033 5252 alio
3064 5199 3228 5254 modo
3257 5200 3415 5254 tlltri-

1820 5284 1961 5328 Sltlln
1995 5286 2025 5326 a
2066 5271 2226 5326 nobis
2275 5272 2330 5326 in
2361 5273 2689 5328 eueharistia
2733 5272 2898 5335 sumi,
2931 5271 3033 5325 nisi
3078 5285 3187 5340 quo
3214 5286 3337 5325 eum
3362 5272 3414 5326 in

1823 5345 2092 5412 baptismo
2124 5342 2369 5408 induere,
2417 5360 2479 5399 ae
2523 5344 2789 5413 sanguine
2830 5341 3076 5407 ejusdem
3121 5342 3250 5413 tittgi
3279 5341 3413 5396 dici-

1821 5430 1963 5469 mur.
1997 5413 2108 5469 Sed
2139 5414 2503 5484 resp-indetur
2536 5416 2676 5469 inter
2701 5413 3085 5484 eucharistiam
3124 5426 3188 5484 ac
3210 5413 3407 5482 baptis-

1821 5502 1967 5541 mum
2007 5482 2475 5569 comparationem
2506 5484 2561 5569 in
2596 5486 2709 5568 .IIOC
2738 5483 2979 5569 institui,
3021 5482 3166 5552 quod
3206 5498 3269 5537 ex
3314 5486 3459 5569 hoc.

1819 5566 2046 5614 auctore
2072 5556 2480 5611 similitudinem
2506 5555 2710 5610 idcirco
2738 5557 2790 5608 in
2815 5562 3045 5621 utroque
3068 5565 3414 5609 sacramento

1820 5625 2071 5684 Christus
2098 5629 2360 5697 posuerit,
2394 5642 2460 5681 ne
2488 5627 2540 5680 iit
2569 5625 2744 5697 altero
2773 5626 2985 5692 mortis,
3016 5626 3069 5680 in
3084 5624 3268 5697 altero
3288 5640 3413 5680 cor-

1822 5698 1970 5783 poris
1997 5710 2052 5780 et
2078 5695 2358 5783 sanguinis
2386 5695 3213 5783 horroreialllceremttrj:duas
3230 5705 3413 5783 autem

1824 5762 1945 5823 illas
1972 5762 2355 5824 simillttidiues
2387 5766 2439 5821 to
2471 5766 2574 5823 hoc
2601 5764 2839 5825 dlll‘erre.
2872 5765 3019 5837 quod
3046 5766 3217 5821 altera
3242 5768 3311 5822 sit
3342 5769 3420 5821 rei
