3952 6178
151 194 249 248 με)
1305 190 1394 245 DE
1434 189 1924 248 SACRAMENTIS
1966 191 2096 248 LIB.
2139 192 2203 247 V.
3329 201 3438 256 £50

143 307 226 376 qui
277 304 515 358 tribulaut
572 318 674 358 me.
714 302 1062 374 lmpinguasti
1089 304 1142 357 in
1171 305 1282 359 oleo
1336 315 1492 375 caput
1543 322 1735 370 meum;
1764 308 1812 370 Α
1845 305 1958 377 (De
1987 307 2369 374 Consec.,-tlist.
2396 307 2452 377 2,
2483 328 2526 362 ε.
2561 308 2626 363 In
2655 312 2888 377 calicem,
2914 313 2941 384 ς
2970 311 3444 386 Quotiescumque).

143 409 184 452 et
207 398 438 468 poculum
470 412 641 450 meum
670 395 934 449 inebrians
962 412 1119 466 quam
1147 397 1464 467 prteclarnm
1490 408 1588 453 est.
1842 400 1995 456 Unde
2035 410 2092 456 et
2120 401 2418 471 Apostolus
2447 402 2523 457 ait
2557 419 2569 455 :
2608 402 2787 458 Nolite
2829 406 3076 460 inebriari
3119 408 3306 464 vino...
3329 411 3440 466 sed

211 488 292 544 14.
336 487 564 543 V’enistis
605 502 738 559 ergo
769 495 794 523 ³
830 486 898 541 ad
940 487 1131 552 altare,
1164 490 1458 562 accepistis
1502 491 1732 561 gratiam

145 579 862 648 Cbristi,sacramentaestis
898 580 1143 637 coelestia
1174 584 1476 638 consecuti.
1521 584 1736 640 Gaudet

144 676 364 733 Ecclesia
385 674 760 745 redemptione
789 674 1108 737 multorum,
1148 683 1203 729 et
1223 682 1403 729 astare
1443 675 1544 731 sibi
1573 676 1733 732 fami-

145 770 258 825 liam
283 767 617 825 candidatam
642 767 872 836 spiritali
895 766 1269 822 exsultatione
1292 767 1528 824 laetatur.
1555 768 1733 825 llabes

144 863 297 918 hocin
316 861 550 917 Cantieis
573 861 934 916 canticorum.
961 859 1164 915 Lmtata
1189 861 1404 916 invocat
1423 860 1731 926 Christum,

142 943 373 1027 paratum.
424 956 632 1013 habens
677 957 1016 1023 convivium,
1058 957 1203 1027 quod
1247 958 1470 1028 dignum
1516 959 1724 1015 caelesti

141 1051 433 1122 epulatione
475 1049 750 1104 videatur.
802 1049 1040 1121 Ideoque
1081 1052 1198 1105 ait:
1234 1050 1522 1107 Descendat
1566 1057 1729 1124 frater

139 1161 266 1197 meus
291 1144 340 1196 in
366 1142 572 1197 hortum
601 1159 774 1208 suum,
807 1152 855 1195 et
885 1143 1060 1212 capiat
1095 1146 1323 1214 fructum
1348 1143 1724 1213 pomiferarum

136 1255 333 1294 suarum
369 1236 553 1310 (Cant.
589 1253 643 1303 v,
665 1238 742 1307 1).
769 1236 904 1304 Quze
932 1245 1062 1291 sunt
1101 1237 1218 1291 istm
1251 1237 1560 1306 pomiferze?
1603 1237 1727 1309 Lig-

136 1346 250 1386 ntnn
281 1331 484 1386 aridum
515 1330 691 1385 laetus
715 1344 838 1383 eras
863 1329 918 1383 in
948 1327 1123 1384 Adam
1150 1347 1162 1381 :
1188 1328 1281 1384 sed
1311 1345 1454 1385 nunc
1481 1345 1577 1402 per
1598 1346 1722 1402 gra-

139 1422 465 1477 tiatnChristi
496 1420 525 1460 ι’
561 1421 838 1491 pomiferae
869 1421 1099 1476 arbores
1127 1422 1429 1490 pullulatis.

203 1515 282 1570 15.
322 1513 574 1570 Libenter
599 1514 801 1583 accipit
832 1514 1094 1568 Dominus
1115 1514 1291 1583 .lesus,
1324 1525 1378 1570 et
1408 1515 1721 1587 dignatione

141 1608 327 1665 ttelcsti
366 1607 650 1680 respondit
695 1608 953 1664 Ecclesiae
994 1625 1107 1664 sua:
1151 1627 1164 1663 :
1202 1608 1476 1679 Descendi,
1515 1611 1716 1682 inquit,

1835 495 2122 565 implemini
2149 495 2352 565 Spiritu
2383 505 2562 551 sancto
2592 495 2821 569 (Ep/tes.
2853 514 2906 566 ν,
2934 498 3072 569 I8);
3111 501 3243 557 vino
3289 504 3436 559 enim

1834 586 1926 656 qui
1957 586 2283 653 inebriatur,
2341 589 2556 643 vacillat
2589 597 2641 644 et
2686 591 2882 646 titubat
2915 609 2930 647 :
2967 593 3172 664 Spiritu
3211 594 3301 664 qui
3354 595 3436 649 itt-

1832 678 2094 746 ebriatur,
2128 678 2473 735 radicatusin
2503 678 2724 736 Christo
2746 691 2850 737 est.
2882 683 2949 737 Et
2975 683 3098 739 ideo
3123 683 3150 723 ιι
3179 686 3436 756 praeclara

1833 770 2091 836 ebrietas,
2140 789 2261 843 quae
2310 773 2664 830 sobrietatem
2717 777 2915 832 mentis
2966 788 3248 847 operatur.
3309 779 3435 836 Haec

1831 873 2107 935 suntquae
2134 864 2203 920 de
2252 870 2614 922 sacramentis
2649 868 2896 926 breviter
2931 872 3327 941 percurrimus.

2441 979 2675 1038 CAPUT
2712 981 2800 1038 IV.

1834 1069 1902 1125 Ut
1950 1088 2106 1128 novos
2153 1076 2333 1144 ﬁdeles
2379 1077 2612 1131 instituat
2643 1078 2827 1132 orandi
2873 1081 3063 1148 forma,
3115 1084 3431 1153 prepositam

1901 1166 2025 1234 ipsis
2076 1167 2240 1222 instar
2283 1171 2477 1239 speculi
2528 1169 2855 1226 Dominicam
2911 1174 3198 1230 orationem
3247 1179 3427 1247 paucis

1899 1259 2127 1329 exponit.

1902 1414 1988 1470 18.
2026 1414 2180 1470 Nunc
2201 1415 2329 1487 quid
2351 1424 2622 1487 superest,
2657 1417 2760 1472 nisi
2788 1419 3009 1474 oratio?
3039 1421 3105 1476 Et
3129 1421 3301 1478 nolite
3331 1438 3430 1494 pu-

1828 1517 1944 1564 tare
1999 1510 2294 1565 mediocris
2331 1525 2455 1566 esse
2499 1510 2716 1564 virtutis
2769 1511 2911 1566 scire
2971 1514 3430 1582 quemadmodum

1825 1605 2013 1659 oretis.
2045 1605 2290 1675 Apostuli
2315 1605 2488 1659 saneti
2521 1603 2775 1659 dicebant
2800 1604 2866 1660 ad
2893 1605 3180 1662 Dominum
3202 1607 3386 1664 Iesum
3413 1624 3429 1664 :

141 1705 183 1756 in
212 1705 425 1767 hortum,
466 1702 772 1756 uindemiavi
802 1700 1066 1772 myrrham
1097 1719 1211 1755 cum
1249 1704 1524 1774 unguentis
1546 1705 1715 1760 meis:
1746 1693 1794 1754 B
1821 1697 2063 1763 Domine,
2095 1699 2220 1752 doce
2246 1714 2338 1753 nos
2369 1715 2538 1761 orare,
2587 1698 3022 1768 quemadmodum
3063 1699 3292 1757 Joannes
3322 1703 3424 1758 do-

140 1797 422 1850 manducaui
447 1813 632 1866 panem
658 1811 824 1849 meum
856 1811 973 1849 cum
1001 1795 1153 1849 melle
1182 1811 1316 1863 meo,
1351 1806 1396 1849 et
1421 1795 1524 1849 bibi
1547 1797 1720 1850 vinum

146 1907 296 1944 meum
317 1907 427 1945 cum
452 1891 585 1946 lacte
603 1906 733 1944 meo.
766 1886 941 1954 Edite,
962 1890 1160 1960 inquit,
1183 1889 1372 1959 fratres
1394 1891 1510 1956 mei,
1541 1900 1585 1946 et
1611 1891 1720 1945 ine-

137 1982 362 2038 briamini
392 1981 566 2056 (Ibid.
907 1980 910 1982 ⁷

202 2073 278 2129 I6.
314 2073 636 2129 Vindemiavi
666 2075 934 2146 myrrham
962 2091 1078 2130 cum
1107 2077 1391 2146 unguentis
1422 2077 1569 2130 meis.
1589 2076 1718 2144 Qure

131 2176 211 2221 est
250 2165 346 2221 ista
398 2167 668 2223 vindemia
699 2169 724 2220 ?
764 2168 1090 2239 Cognoscite
1145 2168 1384 2234 vineam,
1424 2178 1445 2206 ο
1476 2175 1530 2222 et
1552 2183 1719 2240 agno-

131 2261 287 2316 scetis
321 2260 903 2319 vindemiantJ’ineam
930 2305 943 2327 ,
974 2262 1184 2332 inquit,
1219 2278 1283 2317 ea:
1313 2260 1716 2334 /Egyptotran-

132 2353 502 2426 stulisti(Psal.
539 2371 724 2420 Lxxtx,
754 2354 838 2422 9),
886 2355 990 2409 hoc
1041 2363 1126 2409 est
1168 2354 1428 2424 populum
1458 2354 1570 2409 Dei.
1606 2352 1717 2408 Vos

132 2448 254 2502 estis
275 2447 442 2512 vinea,
472 2463 570 2502 vos
599 2448 733 2503 estis
756 2447 1028 2502 vindemia
1061 2464 1071 2498 :
1099 2447 1256 2516 quasi
1277 2448 1432 2502 vinea
1459 2447 1711 2518 plantati,

133 2541 271 2607 quasi
288 2539 549 2595 vindemia
568 2539 805 2594 fructum
829 2539 1082 2594 dedistis.
1109 2539 1441 2594 Vindemiovi
1460 2540 1720 2610 myrrham

133 2648 236 2685 cum
269 2635 529 2705 unguentis
555 2633 703 2701 meis,
737 2632 842 2688 hoc
871 2645 977 2700 εει,
1012 2633 1062 2687 in
1097 2632 1321 2689 odorem
1352 2647 1516 2704 quem
1553 2647 1714 2688 accc-

137 2727 298 2796 pistis.

200 2820 274 2873 I7.
316 2819 630 2875 Manducavi
661 2837 847 2891 panem
869 2837 1036 2875 meum
1061 2837 1175 2874 cum
1208 2820 1358 2876 melle
1388 2837 1518 2875 meo.
1556 2819 1716 2875 Vides

131 2911 255 2980 quod
299 2912 350 2967 in
395 2915 497 2968 ltoe
549 2928 687 2982 pane
717 2911 862 2967 nulla
907 2913 979 2966 sit
1021 2911 1349 2978 amaritudo,
1401 2912 1496 2967 sed
1530 2912 1714 2966 omnis

134 3005 346 3059 suavius
375 3005 490 3059 sit?
533 3003 650 3058 Bibi
679 3005 858 3058 uinum
883 3020 1050 3058 meum
1081 3021 1198 3058 cum
1232 3004 1363 3057 lacte
1386 3020 1516 3058 meo.
1550 3003 1715 3059 Vides

1823 1793 1926 1844 cuit
1957 1790 2243 1860 discipulos
2281 1806 2422 1844 suos.
2454 1790 2614 1862 377
2646 1789 2799 1844 Tunc
2838 1791 2916 1846 ait
2944 1801 2968 1830 ε
3003 1791 3263 1849 Dominus
3291 1808 3424 1850 ora-

1824 1883 2028 1938 tionem
2054 1901 2068 1937 :
2097 1881 2255 1937 Pater
2284 1894 2455 1939 noster
2482 1885 2570 1954 qui
2600 1901 2650 1939 es
2670 1885 2724 1938 in
2751 1885 2890 1940 cazlis
2919 1901 2938 1939 :
2964 1887 3314 1956 sancti/icetur
3336 1906 3429 1944 no-

1821 1993 1936 2031 men
1969 1988 2114 2031 tuum
2143 1994 2161 2031 :
2191 1977 2433 2031 adveniat
2461 1994 2674 2048 regnum
2705 1989 2849 2032 tuum
2874 1994 2892 2031 :
2923 1980 3016 2046 ﬁat
3043 1981 3281 2037 voluntas
3313 1991 3424 2051 tua,

1820 2072 1954 2126 sicut
1982 2073 2035 2125 in
2060 2073 2186 2126 coelo
2212 2081 2261 2126 et
2289 2074 2342 2126 in
2370 2081 2506 2126 terra
2541 2088 2559 2126 :
2585 2089 2769 2144 panem
2803 2083 3036 2129 nostrum
3065 2077 3429 2146 quotidianum

1820 2166 1889 2217 da
1934 2163 2078 2219 nobis
2110 2164 2261 2218 hodie
2290 2181 2308 2218 :
2334 2173 2383 2218 et
2413 2163 2615 2217 dimitte
2646 2165 2792 2218 nobis
2835 2165 3005 2218 debita
3049 2177 3247 2236 nostra,
3295 2169 3430 2224 sicut

1820 2265 1868 2311 et
1891 2272 1983 2310 nos
2009 2256 2314 2309 dimittimus
2337 2255 2648 2310 debitoribus
2675 2256 2864 2310 nostris
2888 2272 2906 2310 .'
2927 2267 2976 2310 et
3005 2273 3066 2311 ne
3097 2275 3190 2313 nos
3209 2261 3429 2330 patiaris

1820 2349 1996 2402 induci
2019 2348 2072 2402 in
2097 2349 2445 2415 tentationem,
2472 2348 2562 2401 sed
2588 2347 2749 2403 libera
2772 2365 2864 2404 nos
2889 2366 2921 2404 a
2952 2350 3089 2404 malo
3111 2350 3278 2423 (Luc.
3301 2369 3375 2418 st,
3396 2354 3423 2409 1

1821 2453 1868 2496 et
1896 2442 2060 2512 seq).
2095 2440 2261 2495 Vides
2287 2454 2449 2510 quam
2475 2440 2656 2495 brevis
2682 2441 2883 2508 oratio,
2918 2450 2970 2497 et
2995 2443 3236 2498 omnium
3265 2444 3427 2514 plena

1820 2538 2082 2592 virtutum
2110 2554 2122 2590 :
2149 2536 2358 2607 primus
2383 2550 2564 2590 sermo
2595 2544 2815 2605 quanta:
2845 2536 2915 2591 sit
2943 2537 3152 2607 gratiae!

1895 2628 1982 2684 19.
2023 2627 2068 2683 Ο
2097 2628 2291 2682 homo!
2327 2626 2520 2682 faciem
2556 2635 2703 2682 tuam
2731 2642 2840 2682 non
2873 2627 3115 2684 audebas
3135 2628 3203 2684 ad
3225 2629 3426 2688 etnlutn

1821 2723 2094 2788 attollere,
2125 2722 2310 2777 oculos
2360 2730 2480 2777 tuos
2518 2722 2570 2776 in
2603 2729 2803 2776 terram
2837 2722 3132 2793 dirigebas,
3164 2733 3220 2780 et
3244 2725 3428 2782 subito

1821 2816 2076 2887 accepisti
2111 2815 2339 2886 gratiam
2369 2813 2597 2881 Christi,
2626 2813 2807 2869 omnia
2835 2814 2928 2870 tibi
2954 2827 3177 2886 peccata
3200 2815 3423 2873 dimissa

1822 2919 1972 2965 sunt.
2009 2909 2082 2962 Ex
2123 2907 2265 2962 malo
2320 2921 2479 2962 servo
2534 2906 2707 2962 factus
2752 2922 2810 2962 es
2857 2907 3029 2962 bonus
3079 2909 3257 2975 illius;
3301 2909 3424 2966 ideo

1823 3016 2116 3071 praesume,
2145 3016 2249 3055 non
2280 3001 2345 3055 de
2373 3000 2692 3068 operatione
2719 3009 2830 3065 tua,
2863 3000 2956 3055 sed
2985 2997 3053 3056 de
3082 3000 3283 3056 Christi
3304 3018 3427 3074 gra-

135 3095 420 3167 bujnsmodi
473 3114 598 3154 esse
628 3099 898 3163 laetitiam,
928 3115 1049 3169 quin
1079 3098 1282 3152 nullius
1318 3099 1525 3165 peccati
1551 3097 1724 3152 sordi-
1755 3084 1800 3149 C
1834 3095 1938 3150 tia:
1963 3095 2132 3165 gratia
2162 3093 2306 3149 enim
2338 3093 2523 3147 saluati
2551 3094 2669 3147 estis
2689 3095 2706 3166 (
2728 3091 2922 3165 Ephes.
2951 3093 3110 3166 ",5),
3131 3097 3427 3166 Apostolus

133 3188 217 3244 bus
245 3192 551 3261 p-»lluatur?
590 3190 1056 3262 Quotiescumque
1100 3189 1244 3244 enim
1297 3189 1461 3255 bibis,
1515 3190 1721 3244 remis-

133 3280 319 3338 sionem
349 3284 554 3354 accipis
583 3292 955 3353 peceatorum,
1007 3292 1059 3337 et
1094 3281 1385 3336 iucbriaris
1423 3281 1476 3335 in
1527 3281 1720 3351 Spiritu

192 3430 214 3455 δ
258 3421 328 3475 Ex
361 3421 466 3476 hoc
497 3421 617 3476 loco
651 3429 706 3475 et
735 3435 765 3474 e
794 3435 913 3487 cap.
943 3419 976 3474 8
1005 3418 1073 3473 de
1105 3418 1379 3488 Mysteriis
1428 3418 1715 3475 advertere

134 3501 204 3546 est
246 3507 432 3547 recens
501 3493 801 3562 baptizatos
855 3492 905 3545 in
976 3490 1082 3544 illis
1128 3490 1376 3562 ccclesiis
1430 3489 1496 3544 ad
1541 3490 1716 3546 altare

134 3563 282 3617 sacris
308 3559 720 3618 communicare
762 3563 1140 3617 consuevissc.
1175 3559 1328 3628 Quod
1366 3576 1496 3615 vero
1533 3561 1599 3615 ad
1649 3562 1715 3615 ii-

135 3635 265 3690 deles
293 3636 450 3696 alios,
491 3637 593 3689 hac
623 3637 674 3688 in
706 3650 765 3688 re
804 3649 911 3687 non
958 3632 1150 3687 eadem
1186 3633 1387 3700 ubique
1421 3633 1563 3686 ratio
1600 3649 1717 3687 ser-

133 3705 359 3761 vabatur.
381 3706 517 3762 Nam
547 3705 1012 3773 Constantinopoli
1041 3703 1142 3758 hoc
1175 3704 1343 3757 moris
1369 3703 1489 3768 luit,
1515 3713 1570 3756 ut
1598 3704 1717 3759 laici

135 3776 302 3833 saltem
333 3778 386 3833 in
419 3778 766 3832 etninentiori
808 3777 1072 3846 dignitate
1099 3774 1401 3846 constituti,
1430 3784 1715 3844 postquam

136 3848 192 3900 ad
229 3864 368 3904 aram
415 3850 778 3904 accessissent
806 3845 1181 3902 saCerdotihus
1233 3845 1469 3900 oblaturi
1512 3861 1708 3901 conse-

137 3919 370 3974 crandum
390 3935 608 3990 panem,
635 3921 686 3974 in
711 3920 880 3974 choro
905 3918 1108 3972 tamdiu
1142 3925 1504 3990 remanerent,
1530 3917 1712 3990 quoad

140 3986 406 4061 participes
457 3990 635 4047 eﬂ‘ecti
666 4000 853 4046 essent
873 3997 1336 4061 sacramentorum
1384 4003 1396 4061 ς
1425 3986 1714 4042 Mediolani

140 4069 295 4117 autem
312 4058 595 4118 'oblatiOue
639 4063 774 4116 facta
803 4061 966 4115 iidem
1005 4059 1123 4115 laici
1164 4069 1316 4112 extra
1349 4058 1576 4114 chorum
1605 4072 1714 4114 Sta-

141 4131 218 4184 tim
257 4135 595 4197 recedentes,
649 4148 836 4188 rursus
867 4131 1022 4186 altari
1049 4145 1170 4184 cum
1214 4129 1716 4201 sacriliciopztrtici-

141 4203 345 4272 pandum
364 4215 503 4272 erat,
522 4220 644 4260 sese
666 4204 945 4260 sistebant.
971 4203 1037 4257 Et
1055 4201 1126 4256 ibi
1150 4199 1529 4272 quidemadeo
1548 4201 1715 4271 rigide

145 4271 260 4348 hanc
317 4276 493 4348 legem
543 4276 794 4331 servabat
847 4275 1185 4348 Ambrosius,
1243 4281 1299 4324 ut
1349 4271 1714 4348 Theodosium

145 4345 312 4412 ipsum,
345 4343 434 4417 qui
468 4358 586 4416 post
617 4348 855 4402 oblatum
901 4345 1117 4417 solitum
1150 4357 1344 4417 munus
1384 4343 1525 4417 intra
1557 4343 1717 4417 cleri-

144 4429 302 4490 corum
345 4413 565 4490 septum
608 4418 952 4490 substiterat,
996 4415 1122 4490 inde
1145 4413 1365 4490 iuberet
1409 4414 1714 4490 abcedere:

146 4489 215 4559 cui
243 4486 428 4544 statim'
459 4489 638 4559 paruit
691 4489 990 4555 imperator
1021 4486 1318 4559 piissimus,
1363 4493 1422 4538 ut
1471 4501 1499 4537 a
1563 4487 1718 4541 nobis

147 4557 327 4615 dicetur
353 4557 621 4616 suo—Ioco.
652 4559 922 4616 Cancrum
957 4558 1200 4613 eamdem
1248 4571 1462 4626 quoque
1489 4572 1718 4611 consue-

150 4629 357 4687 tudinem
388 4633 442 4687 in
466 4633 716 4688 orientali
745 4630 985 4686 Ecclesia
1012 4627 1333 4683 servandam
1361 4642 1516 4681 conc.
1547 4628 1714 4682 Laud.

150 4714 248 4754 can.
303 4703 364 4758 I9
412 4713 748 4774 prmeepcrat
784 4721 814 4774 γε
860 4715 1168 4774 ιιοιιηεεριξδ
1219 4713 1282 4752 ac
1329 4699 1718 4774 posterioribus

154 4771 455 4841 temporibus
477 4771 649 4844 ipsam
675 4775 728 4828 in
754 4773 1025 4843 Hispaniis
1043 4771 1350 4840 'I‘olet.syn.
1379 4784 1602 4844 tv,_can.
1624 4772 1713 4844 l7.

151 4839 319 4911 sanxit.
365 4839 618 4900 Attamen
666 4839 999 4900 contrarium
1053 4858 1205 4898 usuin
1255 4839 1393 4911 apud
1444 4839 1719 4898 Ecclesiae

151 4910 745 4985 Gallicanasjobtinuisse
769 4932 875 4970 non
902 4926 1107 4970 tantum
1133 4929 1198 4968 ex
1226 4910 1492 4985 Gregorio
1509 4911 1714 4967 Turon.

153 4982 231 5058 lib.
257 5001 324 5053 ιι,
355 4982 473 5058 cap.
507 4989 564 5054 3,
593 4997 648 5042 et
677 4987 768 5041 lib.
805 5004 858 5052 κ,
888 5001 1008 5056 cap.
1034 4987 1096 5058 ,8,
1117 4985 1327 5058 discere
1357 4982 1502 5058 licet,
1532 4999 1717 5058 verum

154 5056 291 5111 etiam
315 5073 342 5112 e
380 5053 780 5130 ci'tatasynodo
805 5053 984 5130 Tolet'.
1030 5057 1082 5110 in
1123 5071 1226 5126 qua
1263 5053 1349 5109 hic
1393 5053 1533 5108 idem
1581 5055 1719 5110 ritus

154 5137 255 5200 can.
287 5131 312 5200 ᾧ
339 5129 675 5185 διθιυίιιιιίθι
709 5129 1117 5200 comprobatur.

211 5195 237 5235 b
270 5199 460 5256 Omnes
489 5201 624 5258 edit.
656 5214 720 5254 ac
767 5195 900 5255 mss.
949 5198 1217 5263 nonnulli,
1270 5197 1521 5267 pomifera
1566 5196 1720 5251 arbor

157 5268 423 5342 pullulasti;
452 5287 586 5328 mss.
619 5271 727 5326 duo
756 5272 1004 5342 pullulas,
1027 5341 1031 5342 ν
1052 5269 1276 5324 totidem
1309 5270 1595 5338 pullulatns
1621 5278 1716 5342 est,

155 5341 482 5410 antiquissimi
509 5358 642 5399 vero
677 5353 732 5398 et
758 5341 1192 5398 numerosissimi
1245 5341 1540 5408 prmferunt
1581 5347 1637 5393 ut
1666 5341 1718 5394 in

159 5422 403 5467 contextu.
433 5414 590 5480 Quod
611 5413 827 5484 quidem
859 5415 984 5468 licet
1014 5427 1135 5484 cum
1168 5413 1451 5484 superiori
1474 5410 1719 5484 membro

161 5494 252 5534 non
291 5484 573 5540 admodum
618 5482 900 5550 congruat,
952 5483 1094 5537 haud
1143 5493 1317 5537 tamen
1369 5482 1624 5538 abhorret
1651 5483 1721 5536 ab

160 5555 368 5675 tltuctoris
392 5557 610 5626 ingenio
635 5556 938 5627 simplicius
957 5570 1118 5624 quam
1151 5555 1465 5609 accuratius
1502 5568 1722 5622 semper

181 5638 420 5675 οιιιιεηιις.
1045 5657 1054 5662 -

98 5680 100 5682 ,
163 5638 420 5692 loquentis.
1045 5657 1054 5662 -

226 5706 242 5733 ε
278 5695 392 5752 Mss.
425 5715 531 5756 non
569 5699 744 5774 pauci,
787 5710 834 5755 et
865 5698 1125 5774 agnoscite
1154 5697 1478 5753 vindemiam.
1513 5695 1720 5753 Iiursus

1826 3188 1920 3242 ait.
1969 3185 2085 3241 Non
2116 3201 2247 3256 ergo
2281 3185 2366 3241 hic
2404 3187 2715 3256 arrogantia
2747 3196 2854 3253 est,
2886 3186 2982 3242 sed
3014 3186 3194 3244 ﬁdes:
3229 3190 3428 3261 prmdi-

1826 3293 1950 3334 care
1980 3277 2125 3348 quod
2172 3277 2452 3348 acceperis
2483 3292 2590 3332 non
2643 3285 2725 3334 est
2751 3279 3031 3350 superbia,
3065 3279 3160 3336 sed
3182 3280 3425 3342 devotio.

1824 3432 1983 3494 yet-su
2029 3431 2144 3494 seq.
2183 3429 2301 3485 pro,
2333 3416 2432 3469 hoc
2462 3425 2556 3494 est,
2587 3414 3018 3494 .populuntDei,
3053 3434 3183 3494 mss,
3217 3421 3426 3494 aliquot

1824 3487 2048 3552 habent,
2082 3485 2189 3541 haec
2213 3497 2289 3541 est
2321 3487 2544 3554 populus
2575 3485 2694 3541 Dei.
2727 3487 2842 3542 Non
2873 3490 3237 3546 incommode.

1900 3561 1926 3596 (ί
1971 3560 2118 3614 llanc
2142 3560 2472 3629 sententiam
2500 3559 2732 3612 ubertim
2753 3559 3101 3628 eteleganter
3120 3564 3424 3629 expositam

1829 3630 1996 3686 habes
2038 3629 2132 3684 lib.
2167 3645 2183 3683 ι
2211 3628 2279 3682 de
2307 3629 2439 3683 Cain
2472 3638 2528 3683 et
2554 3630 2708 3692 Abel,
2741 3645 2860 3698 cap.
2885 3629 2938 3694 5,
2985 3646 3134 3685 num.
3163 3632 3250 3699 19,
3279 3635 3426 3691 unde

1829 3702 2054 3756 forsitan
2088 3700 2230 3754 hunc
2255 3700 2306 3753 in
2336 3700 2514 3754 locum
2546 3700 2804 3753 translata
2836 3699 2956 3754 luit.

1902 3783 1923 3809 ο
1967 3772 2124 3825 Rom.
2169 3769 2307 3824 edit.
2361 3771 2495 3835 sola,
2540 3768 2816 3835 Dominus,
2873 3787 2988 3824 cum
3020 3773 3179 3826 oratis
3225 3774 3425 3830 dicite:

1828 3845 2004 3906 Pater,
2053 3851 2157 3895 etc.
2192 3841 2340 3895 llanc
2371 3853 2532 3914 porro
2572 3840 2784 3914 Domini
2814 3840 3129 3914 perationem
3171 3859 3291 3914 quae
3319 3847 3424 3902 hoc

1820 3916 1923 3971 loci
1946 3915 2015 3966 ab
2031 3921 2256 3966 auctore
2284 3910 2569 3980 neophytis
2598 3911 2942 3978 edisseritur,
2962 3911 3017 3965 in
3043 3910 3228 3972 multis
3248 3919 3425 3974 eccle-

1821 3988 1915 4040 siis
1955 3983 2218 4050 prrsules
2258 3996 2534 4050 exponere
2564 3981 2813 4036 solebant
2855 3984 3263 4044 cateclnnnenis
3291 4001 3422 4046 ante

1822 4057 2172 4128 baptismum,
2197 4063 2270 4128 Aut
2318 4052 2474 4107 nobis
2500 4052 2567 4106 ad
2607 4052 3007 4128 Iib._de_Inint.
3035 4055 3182 4128 Virg.
3215 4074 3334 4128 cap.
3368 4062 3424 4128 2,

1824 4123 1974 4201 num.
2022 4126 2110 4188 IO,
2161 4125 2657 4201 observatum_est.
2712 4123 3110 4201 lnde__colli_gas
3142 4127 3206 4201 in!
3237 4123 3424 4201 hujus;

1825 4199 1970 4255 tnodi
2022 4197 2348 4252 ceretnoniis
2382 4210 2480 4264 pro
2529 4195 2771 4250 locorum
2820 4196 3136 4254 diversitate
3178 4195 3424 4257 diversos

1823 4286 2038 4342 quoque
2084 4269 2248 4323 fuisse
2295 4282 2447 4342 usus.
2480 4266 2620 4334 Quin
2663 4267 2828 4322 immo
2856 4268 2907 4322 in
2951 4269 3139 4342 eadem
3194 4271 3425 4328 ecclesia

1825 4339 1932 4398 non
1956 4339 2179 4410 ’semper
2205 4339 2455 4412 eumdem
2485 4349 2759 4395 servatum
2785 4355 2909 4396 esse
2937 4341 3419 4412 deprehendimus.

1824 4415 2065 4482 Namque
2115 4411 2352 4482 exempli
2397 4425 2561 4486 causa
2604 4411 3299 4486 A‘ttgustittussertn.2‘27,
3331 4415 3424 4486 qui

1822 4481 2045 4556 quartus
2086 4481 2400 4538 numeratur
2431 4483 2482 4536 in
2511 4483 2598 4556 die
2629 4481 2871 4556 Paschte,
2903 4483 3108 4541 diserte
3126 4485 3198 4556 ait
3229 4481 3426 4541 rece'ns

1823 4553 2126 4626 baptizatos
2149 4565 2366 4626 peracta
2389 4553 2822 4626 sanctiﬁcatione
2850 4557 3154 4610 orationem
3174 4555 3421 4611 Domini-

1823 4624 1942 4682 cain
1972 4625 2305 4690 reddidisse;
2335 4640 2458 4679 cum
2489 4624 2754 4696 sertn.758
2781 4636 2972 4692 aperte
2997 4626 3145 4681 dicat
3189 4627 3337 4696 ipsos
3369 4630 3421 4683 in

1821 4698 2066 4768 ejusdem
2098 4697 2218 4751 festi
2251 4696 2559 4768 pervigilio
2585 4695 2895 4768 reddituros
2925 4711 3050 4752 esse
3099 4695 3424 4754 non'oratio-

1825 4765 1958 4836 item,
1991 4769 2082 4822 sed
2126 4766 2436 4837 symbolum.
2489 4765 2657 4836 Igitur
2698 4766 3104 4839 crediderimus
3135 4769 3262 4823 illud
3302 4785 3428 4839 spe-

1823 4835 2000 4894 ctasse
2032 4840 2095 4891 ad
2126 4835 2432 4911 episcopos,
2478 4835 3108 4911 ut_pro‘re,_temporc,'
3139 4854 3201 4894 ac
3244 4835 3422 4911 bapti-

1823 4911 2118 4965 zandorum
2161 4906 2507 4962 multitudine
2557 4907 2641 4960 his
2666 4907 2734 4960 de
2765 4909 2957 4964 ritibus
2997 4906 3423 4967 constituerent.

1825 4983 1930 5037 Sed
1960 4981 2075 5034 ﬁeri
2100 4979 2262 5033 etiam
2306 4978 2485 5051 potuit
2512 4987 2569 5031 ut
2599 4977 2898 5051 dictionum
2934 4980 3260 5051 traiectione
3289 4998 3317 5035 a
3362 4981 3426 5037 li-

1826 5052 2021 5124 brariis
2053 5051 2394 5124 locusserm.
2423 5048 2493 5103 58
2513 5057 2808 5124 corruptus
2841 5048 3032 5124 fuerit,
3056 5052 3128 5106 ita
3148 5054 3426 5124 corrigen-

1823 5123 1946 5186 dus,
1974 5139 2074 5175 non
2092 5119 2410 5192 symbolum,
2433 5117 2523 5173 sed
2551 5120 2838 5175 orationem
2859 5138 2877 5175 :
2905 5121 3214 5191 cuiusmodi
3249 5117 3426 5180 trans-

1865 5190 2152 5248 ositionuin
2198 5190 2451 5260 exempla
2492 5200 2787 5262 occurrunt
2838 5192 3137 5262 frequentia
3187 5195 3237 5248 in
3289 5212 3421 5251 mss.

1865 5209 2152 5248 ()SlllOlIllllt
2198 5209 2451 5260 exempta
2492 5209 2787 5246 occurrunt
2838 5209 3137 5262 trequentta
3187 5211 3237 5248 tn
3289 5212 3421 5251 mss.

1823 5209 1933 5321 get:
1978 5264 2138 5318 etiam
2188 5263 2452 5332 insulsum
2495 5261 2659 5317 fuerit
2717 5263 2806 5317 illa
2862 5277 3030 5318 serm.
3076 5264 3184 5318 227
3235 5267 3422 5332 verba,

1825 5337 2042 5390 dicimus
2066 5335 2348 5390 orationem
2375 5331 2724 5396 Dominicam,
2742 5349 2895 5403 quam
2921 5336 3208 5404 accepistis,
3236 5348 3282 5390 et
3304 5331 3424 5392 red;

1825 5408 2054 5471 didistis,
2089 5406 2394 5475 intelligere
2443 5420 2547 5458 non
2585 5404 2653 5458 de
2700 5405 3190 5476 recitationequae
3238 5423 3420 5466 coram

1827 5480 2146 5549 presbytero
2169 5474 2284 5532 lieri
2314 5475 2525 5551 solebat
2551 5491 2578 5528 a
2612 5474 2920 5551 necpbylis,
2953 5475 3049 5551 sed
3081 5474 3149 5533 de
3186 5478 3277 5533 illa
3317 5495 3423 5551 qua

1825 5546 1946 5607 cum
1989 5546 2246 5619 episeopo
2284 5547 2594 5602 celebrante
2637 5561 2699 5600 ac
2728 5546 2896 5622 simul
2920 5548 3177 5604 universo
3219 5546 3424 5622 populo

1827 5618 2310 5690 sai-i-ts’prascnte
2358 5626 2712 5673 memoratam
2761 5618 3061 5675 orationem
3108 5618 3427 5694 pronuntia-

1829 5694 1979 5750 bant.
