3952 6178
519 174 618 234 ibi

1856 171 2107 228 SANCTI
2147 149 2468 228 auetiosu

3692 160 3786 226 n42

513 297 657 368 Ergo
687 296 876 353 attolle
906 295 1094 350 oculos
1122 294 1186 348 ad
1233 293 1472 355 Patrem,
1505 290 1595 360 qui
1629 298 1682 346 te
1712 303 1808 359 per
1843 287 2118 343 lavacrum
2146 287 2200 348 A
2222 284 2306 340 vel
2340 285 2392 340 in
2422 284 2584 353 coelo,
2618 284 2702 340 vel
2726 283 2780 342 in
2813 291 2960 340 terra
2989 299 3003 338 :
3034 283 3416 340 sanctificatum
3466 293 3548 340 est
3583 288 3782 350 coelum,

506 391 696 461 genuit
727 409 740 445 :
772 389 835 444 ad
859 388 1070 442 Patrem
1093 386 1185 457 qui
1209 396 1260 440 te
1289 401 1380 453 per
1409 382 1606 438 Filium
1633 380 1884 444 redemit,
1904 393 1957 436 et
1985 379 2073 434 dic
2098 396 2111 430 :

517 481 678 536 Pater
700 490 890 536 noster.
919 479 1064 533 Bona
1111 476 1481 546 praesumptio,
1514 473 1612 530 sed
1650 472 1955 528 moderata.
2010 470 2111 526 Pa-

514 583 648 628 trem
672 572 807 627 dicis
836 570 989 638 quasi
1012 570 1153 625 filius
1178 587 1191 621 :
1216 567 1311 626 sed
1336 568 1443 623 noli
1460 565 1558 622 tibi
1581 564 1891 638 Specialiter
1911 559 2115 634 aliquid

511 665 806 740 vindicare.
847 661 1028 718 Solius
1059 660 1264 718 Christi
1303 659 1555 729 specialis
1605 667 1691 713 est
1731 656 1914 722 Pater,
1959 654 2117 710 nobis

511 757 847 812 omnibusin
893 768 1185 810 commune
1213 762 1296 808 est
1329 751 1519 815 Pater;
1565 749 1691 820 quia
1737 748 1892 802 illum
1937 745 2113 801 solum

508 854 716 924 genuit,
744 867 842 906 nos
870 849 1096 908 creavit.
1128 847 1225 902 Dic
1252 862 1384 916 ergo
1414 855 1467 900 et
1493 855 1547 898 tu
1581 859 1677 913 per
1701 842 1932 914 gratiam
1961 857 1973 894 τ
2003 839 2116 895 Ρα-

510 957 586 1000 ter
635 946 838 1009 noster;
872 953 929 997 ttt
974 941 1121 998 filius
1171 957 1296 996 esse
1340 939 1626 994 merearis.
1664 935 1923 992 Ecclesiae
1978 949 2114 990 con-

513 1040 650 1093 tuitu
695 1046 751 1093 et
795 1035 1242 1093 consideratione
1283 1041 1334 1087 te
1375 1032 1491 1101 ipse
1541 1027 1890 1084 commenda.

580 1134 671 1187 20.
718 1131 877 1185 Pater
905 1139 1100 1194 noster,
1128 1128 1217 1200 qui
1247 1143 1298 1180 es
1325 1127 1376 1179 in
1421 1123 1583 1179 cretis.
1613 1121 1754 1191 Quid
1799 1127 1882 1176 est
1932 1121 1984 1172 in
2014 1133 2116 1172 τιυ-

510 1227 618 1285 lis?
652 1225 787 1284 Audi
839 1225 1173 1295 Scripturam
1213 1221 1482 1276 dicentem
1519 1237 1532 1274 :
1573 1225 1599 1254 α
1639 1215 1900 1272 Excelsus
1951 1227 2117 1283 super

511 1335 703 1377 omnes
755 1318 924 1374 caelos
963 1315 1227 1371 Dominus
1258 1311 1436 1385 (Psal.
1481 1326 1625 1376 exn,
1675 1306 1752 1379 4).
1803 1309 1872 1362 Et
1917 1304 2115 1375 ubique

511 1415 683 1469 habes
730 1410 877 1484 quod
930 1424 1096 1480 super
1140 1407 1315 1465 ccelos
1369 1404 1636 1460 ccelorum
1682 1401 1946 1456 Dominus
2001 1401 2112 1462 sit,

509 1505 666 1578 quasi
698 1521 808 1559 non
839 1505 892 1558 iu
922 1502 1081 1558 caelis
1109 1508 1164 1556 et
1187 1498 1388 1570 angeli,
1435 1496 1590 1567 quasi
1639 1509 1748 1549 non
1779 1493 1832 1547 in
1877 1490 2031 1548 cmlis
2061 1499 2117 1546 et

511 1599 943 1655 Dominationcs.
985 1594 1091 1651 Sed
1122 1593 1172 1646 in
1199 1592 1310 1646 illis
1339 1589 1519 1654 caelis,
1546 1587 1615 1643 de
1664 1585 1862 1657 quibus
1909 1583 2112 1639 dictum

2223 375 2468 446 deiectus
2496 385 2581 434 est
2608 369 2878 432 diabolus.
2913 387 2936 415 ο
2971 371 3078 432 Ubi
3098 375 3386 431 versatur?
3415 375 3513 434 Ubi
3537 387 3589 433 et
3621 377 3785 444 homo,

2221 486 2382 542 quem
2414 467 2506 527 ille
2536 469 2772 548 decepit.
2796 465 2916 524 Fiat
2944 469 3179 525 uoluntas
3205 481 3315 538 tua,
3340 469 3442 527 hoc
3469 480 3570 538 est,
3602 473 3671 528 sit
3697 489 3785 546 pax

2223 565 2275 620 in
2311 574 2478 631 terra,
2509 561 2968 634 quemadmodum
3001 566 3052 619 in
3083 565 3244 620 coelo.

2292 655 2385 712 2i.
2433 655 2630 711 Panem
2657 666 2889 711 nostrum
2930 656 3290 728 quotidianum
3331 655 3397 710 da
3434 655 3580 711 nobis
3635 657 3788 712 hodie.

2221 745 2438 806 Memini
2462 749 2728 805 sermonis
2750 749 2856 805 mei
2881 764 3002 805 cum
3033 747 3101 803 de
3127 748 3483 804 sacramentis
3527 756 3789 805 tractarem

2223 841 2390 914 (ευρ.
2425 843 2519 897 lib.
2550 858 2624 912 tv,
2656 860 2773 917 cap.
2813 842 2908 911 4).
2943 839 3062 896 Dixi
3111 840 3266 897 vobis
3303 840 3448 912 quod
3478 852 3602 897 ante
3649 842 3790 896 verba

2221 934 2421 990 Christi
2466 934 2610 1006 quod
2656 932 2908 1001 offertur,
2963 934 3118 1005 panis
3169 933 3378 989 dicatur
3427 934 3567 990 :ubi
3609 932 3791 990 Christi

2219 1029 2387 1092 verba
2417 1029 2740 1102 deprompta
2766 1028 2991 1097 fuerint,
3021 1027 3134 1101 jam
3159 1046 3269 1086 non
3301 1029 3453 1101 panis
3479 1028 3684 1095 dicitur,
3711 1029 3792 1084 sed

2218 1137 2418 1193 corpus
2448 1123 2754 1194 appellatur
2778 1123 2798 1198 (
2818 1120 2897 1179 De
2922 1120 3163 1187 Consec.,
3195 1121 3316 1178 dist.
3342 1121 3395 1188 2,
3414 1139 3461 1176 c.
3493 1119 3557 1175 In
3582 1121 3790 1186 reticent,

2222 1211 2251 1284 §
2278 1211 2402 1268 Dixi
2433 1209 2571 1268 vobis
2595 1211 2635 1286 ).
2662 1213 2841 1283 Quare
2871 1229 3001 1285 ergo
3039 1213 3090 1268 in
3117 1213 3365 1269 oratione
3397 1212 3668 1268 Dominica
3686 1228 3792 1279 quae

2221 1317 2408 1376 postea
2437 1308 2709 1376 sequitur,
2746 1306 2822 1361 ait
2849 1324 2862 1359 :
2891 1304 3088 1361 Panem
3111 1316 3339 1360 nostrum
3363 1303 3551 1378 (Joan.
3586 1322 3651 1370 ιι,
3679 1305 3743 1361 55
3758 1303 3794 1373 )?

2220 1399 2423 1454 Panem
2451 1398 2670 1469 quidem
2709 1399 2870 1466 dixit,
2925 1399 3023 1456 sed
3054 1401 3333 1467 ἐπιούσιον,
3381 1399 3486 1455 hoc
3521 1411 3600 1454 est
3627 1413 3795 1470 super-

2218 1492 2658 1548 substantialem.
2691 1491 2810 1549 Non
2844 1494 2947 1549 iste
2973 1493 3131 1564 panis
3157 1502 3262 1558 est,
3295 1493 3383 1563 qui
3434 1491 3577 1548 vadit
3604 1493 3654 1548 in
3687 1507 3796 1550 (τοι--

2221 1602 2358 1656 pus:
2390 1583 2485 1642 sed
2521 1585 2612 1642 ille
2644 1589 2799 1657 panis
2832 1588 2956 1642 vita:
3003 1598 3242 1654 atteram,
3275 1589 3366 1659 qui
3395 1589 3586 1644 anima:
3615 1598 3796 1643 nostra:

511 1702 594 1748 cst
641 1710 654 1746 :
707 1688 834 1746 εωΙὶ
889 1695 1135 1741 enarrant
1181 1683 1404 1755 gloriam
1447 1680 1546 1736 Dei
1582 1676 1768 1752 (Psat.
1820 1689 1968 1741 xvm,
2009 1669 2103 1744 2).
2140 1679 2572 1746 Bsubstantiam
2604 1678 2762 1736 fulcit
2808 1679 2921 1752 (De
2966 1681 3181 1737 Consec.
3223 1683 3344 1736 dist.
3392 1681 3450 1745 2,
3479 1697 3523 1736 c.
3548 1680 3663 1737 Non
3714 1681 3795 1736 iste

515 1783 725 1841 leum
756 1791 845 1839 est
892 1780 987 1847 ibi,
1020 1779 1107 1834 ubi
1133 1775 1370 1832 cessavit
1417 1775 1574 1844 culpa
1607 1789 1623 1839 ;
1655 1773 1854 1828 (mlum
1884 1781 1968 1824 est
2017 1769 2113 1836 ibi,

512 1877 603 1934 ttbi
659 1875 863 1944 flagitia
905 1871 1172 1929 feriantur
1201 1887 1212 1923 :
1239 1869 1440 1926 coelum
1471 1875 1557 1922 est
1614 1865 1717 1933 ibi,
1761 1864 1850 1920 ubi
1906 1860 2114 1917 nullum

511 1971 706 2025 mortis
736 1979 819 2024 est
843 1965 1060 2020 vulnus.

577 2062 670 2116 2|.
717 2058 879 2114 Pater
909 2067 1102 2124 noster,
1132 2057 1217 2126 qui
1247 2072 1300 2112 es
1332 2055 1384 2108 in
1412 2054 1552 2108 (telis
1584 2069 1602 2106 :
1630 2050 1979 2119 sanctiﬁcetur
2024 2064 2116 2102 no-

506 2172 623 2210 men
674 2166 840 2210 tuum.
868 2151 1009 2221 Quid
1057 2162 1164 2214 eet,
1219 2147 1620 2221 sanctiﬁcetur?
1649 2146 1813 2214 Quasi
1861 2153 2116 2215 optemus

511 2259 570 2303 ut
598 2245 970 2303 sanctificetur
1001 2244 1092 2301 ille
1119 2244 1210 2314 qui
1242 2243 1316 2298 ait
1363 2260 1374 2296 :
1408 2241 1588 2296 Estote
1629 2239 1815 2305 sancti,
1849 2238 1972 2310 quia
2020 2251 2115 2306 ego

508 2341 875 2410 satwtusyum
927 2336 1122 2411 (Leuit.
1171 2352 1282 2402 nx,
1322 2335 1414 2406 2),
1463 2334 1616 2404 quasi
1659 2330 1870 2403 aliquid,
1910 2331 1960 2386 ei
1988 2325 2016 2367 δ
2047 2344 2113 2384 ex

511 2449 693 2491 nostra
737 2431 1055 2506 precatione
1086 2430 1533 2488 sanctiﬁcationis
1570 2427 1814 2484 accedat.
1845 2425 1987 2494 Non,
2018 2422 2114 2479 sed

511 2528 880 2585 sanctilieetur
909 2526 961 2580 in
993 2525 1172 2592 nobis,
1203 2533 1261 2578 ut
1288 2523 1356 2578 ad
1390 2538 1489 2577 nos
1515 2521 1634 2592 ejus
1674 2519 1849 2592 possit
1874 2516 2116 2573 sanctiﬁ-

513 2623 658 2677 catio
689 2619 995 2689 pervenire.

584 2713 752 2784 378
773 2713 868 2765 22.
911 2711 1070 2766 Pater
1100 2719 1295 2776 noster,
1341 2707 1431 2778 qui
1459 2723 1514 2762 es
1560 2707 1614 2760 in
1655 2705 1796 2760 caelis
1828 2720 1845 2757 :
1876 2703 2112 2772 sanctiﬁ-

515 2818 655 2861 cetur
683 2821 868 2858 nomen
900 2812 1042 2858 tuum
1073 2819 1090 2856 :
1119 2803 1285 2854 veniat
1329 2815 1546 2870 regnum
1573 2809 1737 2852 tuum.
1783 2795 1944 2863 Quasi
2006 2809 2112 2850 non

514 2912 784 2955 ectcrnum
809 2898 881 2952 sit
926 2896 1018 2950 Dei
1055 2909 1302 2964 regnum.
1349 2893 1469 2962 Ipse
1511 2891 1670 2947 Jesus
1712 2889 1884 2945 dicit:
1921 2887 2029 2961 Ego
2061 2889 2114 2944 in

516 2994 614 3048 hoc
640 3001 789 3046 natus
819 3008 932 3044 sum
962 2988 1153 3060 (Joan.
1203 3003 1353 3052 xvnt,
1381 2987 1515 3057 37);
1549 2995 1603 3040 et
1632 2994 1686 3039 tu
1732 2985 1870 3040 dicis
1915 2983 2064 3039 Patri
2096 3001 2108 3037 :

2218 1769 2369 1841 ρειηίκ
2387 1770 2426 1842 ).
2464 1763 2592 1827 Ideo
2620 1770 2809 1827 Graece
2830 1774 3094 1834 ἐπιούσιος
3121 1770 3320 1828 dicitur
3345 1791 3359 1826 :
3386 1771 3606 1828 Latinus
3635 1785 3794 1829 autem

2219 1865 2367 1920 hunc
2399 1880 2596 1936 panem
2624 1864 3003 1939 quotidianum
3033 1863 3220 1922 dixit.“
3245 1883 3405 1937 quem
3435 1867 3607 1923 Graeci
3632 1865 3797 1922 dicunt

2216 1959 2600 2016 advenientem
2628 1977 2642 2027 ;
2675 1960 2802 2031 quia
2833 1958 3013 2017 Graeci
3036 1959 3226 2016 dicunt
3247 1965 3339 2020 τήν
3365 1963 3609 2018 ἐπιοῦσαν
3627 1961 3796 2038 ἡμέραν

2216 2053 2604 2110 advenientem
2624 2054 2792 2110 diem.
2825 2054 2968 2126 Ergo
2994 2054 3138 2126 quod
3167 2053 3398 2109 Latinus
3420 2052 3575 2120 dixit,
3597 2064 3650 2110 et
3670 2051 3797 2125 quod

2217 2147 2460 2216 Grazcns,
2516 2158 2807 2220 utrumque
2865 2147 3000 2204 utile
3051 2147 3308 2206 videtur:
3340 2147 3565 2204 Graecus
3611 2160 3798 2203 utrum-

2215 2255 2322 2311 que
2371 2256 2478 2298 uno
2510 2257 2767 2298 sermone
2807 2239 3151 2313 significavit,
3195 2241 3418 2298 Latinus
3450 2235 3794 2314 quotidianum

2217 2335 2375 2391 dixit.

2288 2428 2380 2485 25.
2421 2427 2476 2484 Si
2509 2428 2857 2501 quotidianus
2883 2439 2966 2485 est
2994 2430 3168 2500 panis,
3188 2439 3211 2468 θ
3231 2444 3329 2485 cur
3359 2440 3487 2502 post
3514 2446 3701 2486 annum
3737 2427 3795 2483 il-

2217 2524 2329 2578 lum
2359 2522 2551 2588 sumis,
2577 2523 3037 2594 quemadmodum
3069 2523 3249 2580 Graeci
3297 2525 3351 2579 in
3385 2523 3604 2581 Oriente
3635 2523 3795 2580 facere

2216 2624 2568 2671 consuerunt.
2600 2615 2804 2686 Accipe
2831 2613 3096 2686 quotidie,
3131 2615 3276 2686 quod
3307 2615 3549 2688 quotidie
3580 2615 3669 2670 tibi
3690 2629 3796 2686 pro-

2215 2710 2307 2763 sit.
2347 2709 2436 2766 Sic
2461 2709 2605 2774 vive,
2635 2720 2691 2763 ut
2723 2709 2971 2780 quotidie
2995 2708 3262 2766 merearis
3287 2709 3558 2780 accipere.
3588 2708 3682 2778 Qui
3703 2723 3793 2762 non

2218 2811 2463 2856 meretur
2490 2801 2741 2872 quotidie
2764 2801 3040 2870 accipere,
3067 2816 3174 2855 non
3206 2812 3452 2857 meretur
3483 2812 3600 2873 post
3619 2815 3794 2859 annum

2215 2896 2487 2966 accipere.
2513 2893 2799 2961 Quomodo
2819 2893 2921 2950 Job
2948 2903 3172 2949 sanctus
3203 2909 3301 2966 pro
3335 2895 3465 2952 filiis
3490 2894 3600 2951 suis
3623 2893 3795 2950 oll‘ere-

2214 2990 2307 3045 bat
2335 2988 2581 3060 quotidic
2611 2986 2940 3044 sacrificium
2973 2975 3126 3058 (Job,
3156 3005 3195 3056 ι,
3227 2987 3293 3060 5)
3326 3004 3406 3045 ιιε
3450 2991 3587 3045 forte
3614 2985 3793 3057 aliquid

525 3085 707 3140 Veniat
738 3098 956 3154 regnum
985 3093 1128 3135 tuum
1156 3079 1320 3152 (Luc.
1356 3094 1486 3143 XVII,
1525 3076 1587 3132 ⁸21
1611 3075 1664 3147 );
1695 3077 1850 3148 quaSi
1879 3092 1987 3131 non
2015 3091 2106 3131 νε·
2133 3077 2179 3138 C
2210 3082 2292 3137 vcl
2324 3083 2374 3136 in
2406 3081 2592 3149 corde,
2625 3081 2711 3136 vel
2762 3079 2813 3135 in
2856 3095 3109 3136 sermone
3143 3083 3506 3151 peccassent?
3559 3081 3694 3152 Ergo
3738 3089 3784 3132 tu

517 3181 679 3235 nerit.
711 3177 820 3233 Sed
849 3185 978 3232 tunc
1000 3177 1149 3231 venit
1181 3190 1406 3246 regnum
1435 3174 1553 3238 Dei,
1583 3171 1798 3244 quando
1825 3170 1943 3242 ejus
1987 3170 2120 3226 esus
2217 3173 2374 3228 audis
2397 3173 2543 3243 quod
2568 3174 3016 3245 quotiescumque
3038 3171 3268 3228 otl'erlur
3297 3174 3646 3241 sacrificium,
3666 3186 3793 3227 mors

515 3270 749 3342 gratiam
775 3269 1058 3324 consecuti
1086 3266 1195 3336 (De
1217 3266 1456 3330 Conscia,
1482 3265 1603 3318 dist.
1632 3263 1689 3330 2,
1719 3280 1766 3316 c.
1797 3261 1861 3317 In
1881 3262 2112 3328 calicem,

2221 3267 2458 3334 Domini,
2497 3267 2835 3325 resurrectio
2863 3266 3099 3332 Domini,
3127 3267 3364 3324 elcvati'o
3401 3269 3564 3342 379
3603 3263 3793 3322 Domini

517 3361 544 3433 §
578 3360 700 3416 Fiat
726 3360 1006 3430 voluntas).
1039 3360 1158 3429 Ipse
1184 3359 1326 3415 enim
1345 3358 1429 3412 ait
1455 3375 1468 3412 ι
1496 3357 1732 3429 Regnum
1748 3353 1849 3410 Dei
1875 3356 2010 3409 intra
2033 3370 2119 3409 v08
2217 3359 2579 3432 signiﬁcetur,
2603 3369 2661 3416 et
2686 3361 2936 3416 remissio
2959 3369 3305 3431 peccatorum
3335 3372 3425 3416 :et
3448 3377 3634 3432 panem
3651 3361 3791 3414 istum

512 3463 606 3511 est.

582 3549 672 3604 23.
724 3547 910 3603 Veniat
935 3562 1152 3619 regnum
1182 3555 1328 3599 tuum
1357 3559 1374 3599 :
1404 3544 1495 3614 ﬁat
1522 3545 1759 3600 voluntas
1791 3555 1880 3598 tua
1905 3543 2035 3598 sicut
2057 3543 2108 3596 in

511 3643 637 3698 calo
667 3650 714 3696 et
743 3642 794 3696 in
821 3649 962 3696 terra
991 3656 1009 3694 :
1040 3655 1227 3712 panem
1256 3646 1487 3694 nostrum
1535 3637 1892 3706 quotidianum
1921 3636 1987 3689 da
2015 3651 2106 3690 no-

513 3737 590 3792 bis
626 3736 799 3792 hodie.
833 3734 1108 3807 Sanguine
1134 3733 1340 3790 Christi
1391 3732 1672 3809 pacificata
1719 3740 1848 3788 sunt
1895 3730 2100 3798 omnia,

588 3907 610 3932 ι·
652 3895 726 3950 Ita
755 3909 885 3951 mss.
916 3894 1098 3965 plures
1120 3908 1185 3949 ac
1203 3893 1574 3965 probatiores;
1600 3892 1689 3948 alii
1713 3899 1766 3948 et
1794 3902 1899 3948 vel.
1943 3891 2103 3965 edit,

514 3966 768 4022 Excelsus
793 3963 943 4038 super
963 3983 1137 4038 omnes
1153 3963 1325 4036 gentes
1352 3963 1606 4038 Dominus
1631 3981 1648 4018 :
1672 3967 1757 4020 cui
1777 3965 1925 4018 addit
1943 3963 2102 4017 Rom.

511 4049 560 4092 et
600 4055 754 4108 super
800 4035 950 4110 caelos
997 4035 1168 4107 gloria,
1208 4040 1346 4110 ejus.
1398 4035 1469 4091 At
1506 4035 1792 4110 upinatnur
1829 4045 2105 4110 auctorem

512 4118 753 4164 nostrum
785 4126 848 4165 ex
883 4108 978 4163 illo
1005 4124 1161 4162 versu
1191 4108 1252 4162 ea
1288 4117 1497 4162 tantum
1542 4108 1709 4162 verba
1738 4123 1856 4178 quae
1885 4108 1951 4162 ad
1983 4121 2108 4177 pro-

511 4183 744 4252 positum
781 4197 936 4252 suum
968 4178 1261 4243 faciebant,
1294 4179 1564 4234 retulisse.

582 4252 610 4292 δ
652 4251 773 4307 Vel.
805 4251 936 4306 edit.
979 4265 1100 4305 cum
1153 4257 1307 4319 parte
1339 4265 1492 4319 mss,
1528 4265 1592 4304 ex
1622 4258 1796 4302 nostra
1844 4251 2096 4316 prwdica-

509 4326 665 4379 tione.
697 4323 844 4378 Infra
874 4335 1003 4377 vero
1023 4317 1340 4390 postvoces
1373 4338 1386 4371 :
1414 4317 1528 4389 Ego
1573 4321 1624 4372 in
1648 4319 1744 4373 hoc
1792 4330 1939 4374 natus
1967 4337 2100 4386 sum,

506 4395 657 4450 addit
688 4397 844 4450 liom.
877 4393 1007 4448 edit.
1030 4434 1044 4457 ,
1076 4401 1121 4444 ct
1150 4391 1203 4444 in
1230 4390 1328 4443 hoc
1354 4393 1466 4443 veni
1495 4391 1546 4442 in
1573 4390 1843 4443 mundum.

579 4471 603 4499 θ
645 4469 846 4522 Omnes
870 4463 1026 4529 edit.,
1047 4460 1302 4516 diabolus.
1328 4459 1353 4514 Ι
1363 4461 1412 4514 bi
1438 4469 1691 4527 versatur,
1714 4460 1795 4514 ubi
1838 4471 1882 4514 et
1906 4462 2058 4516 homo
2079 4478 2096 4516 .'

504 4550 692 4594 contra
735 4553 862 4592 vero
901 4511 1088 4591 armies
1131 4549 1261 4588 mss.
1303 4541 1359 4586 ut
1390 4546 1487 4587 nos
1515 4531 1567 4585 in
1608 4511 1779 4598 tetittt,
1816 4533 1860 4587 si
1913 4543 2096 4588 tamen
2125 4511 2178 4571 D

507 4627 671 4665 unum
702 4620 795 4664 aut
834 4608 1062 4664 alterum
1103 4605 1445 4680 excipias,'i‘tt
1487 4603 1683 4674 quibus
1725 4603 1945 4676 legitur,
1984 4605 2098 4658 dia-

505 4684 672 4744 bolus.
700 4680 786 4735 ubi
817 4689 1046 4734 uersatur
1073 4687 1120 4731 et
1149 4677 1322 4740 homo,
1351 4677 1458 4730 etc.

575 4751 602 4793 ἀ
644 4755 734 4810 Sic
778 4766 970 4807 omnes
996 4749 1130 4806 edit.
1173 4764 1296 4803 cum
1322 4747 1506 4817 paucis
1537 4745 1824 4802 admodum
1859 4760 2018 4813 mss;
2046 4748 2100 4802 in

501 4823 620 4880 aliis
652 4824 999 4882 autetnqsicut
1028 4831 1084 4877 et
1114 4818 1166 4875 in
1201 4835 1365 4875 serm.
1395 4817 1465 4875 84
1499 4817 1746 4888 Append.
1773 4819 1918 4891 Aug.
1955 4818 2100 4874 desi-

501 4897 743 4961 deratur,
775 4912 924 4966 quem
943 4892 1108 4948 erci
1130 4892 1308 4966 dicunt
1323 4891 1704 4966 advenientem.
1737 4890 1909 4963 Negat
1933 4904 2097 4966 porro

500 4968 614 5051 Jos.
649 4960 888 5040 Scaliger
916 4968 1176 5051 ὲετιούσιογ
1206 4963 1355 5046 reddi
1385 4977 1542 5051 posse
1574 4977 1668 5031 per
1706 4960 2101 5051 supersulqstan-

501 5041 697 5104 tialent,
725 5033 956 5110 eo'quod
990 5053 1098 5092 non
1125 5033 1400 5110 derivetur
1429 5037 1531 5092 ἀπὸ
1558 5044 1655 5110 τῆς
1671 5033 1880 5110 obuias;
1924 5034 2100 5110 dicen-

501 5110 624 5179 dum
667 5115 801 5166 enim
831 5105 980 5172 esset,
1016 5109 1209 5179 inquit,
1243 5109 1530 5179 Ῠέπούσιρνε
1565 5105 1658 5161 sed
1697 5108 1764 5163 ab
1794 5110 1880 5162 ἐπὶ
1919 5113 1974 5160 et
2011 5109 2098 5160 ἰων

498 5177 675 5251 ἴοντος,
719 5183 879 5240 ioue“
927 5177 1104 5244 ἱούσηέ
1135 5177 1200 5233 ab
1231 5178 1318 5236 ἕω,
1348 5177 1726 5251 ιιιιιΙθ-Αὰπεῖίέω
1756 5183 1894 5232 unde
1923 5186 2100 5251 postea

500 5247 739 5322 ἐπιοῦάα,
765 5255 949 5326 supple
993 5253 1158 5326 ἡμέρα
1199 5250 1425 5326 crastina
1459 5249 1592 5326 dies:
1641 5247 1810 5304 Recte
1841 5247 2110 5326 atquead-

499 5319 878 5381 illustranduiti
927 5319 1065 5378 hunc
1091 5319 1333 5375 auctoris
1379 5319 1550 5389 nostri
1579 5319 1797 5387 locum,_
1829 5319 2095 5389 apposite.

498 5397 604 5452 Sed
637 5399 703 5454 de
727 5399 810 5453 his
831 5399 1028 5450 iterum
1057 5393 1132 5447 lib
1188 5407 1267 5456 ιιι,
1292 5391 1358 5446 de
1390 5388 1542 5453 Fide,
1569 5403 1687 5459 cap.
1715 5389 1766 5443 7.

574 5473 596 5500 θ
627 5469 774 5523 llaud
809 5480 1014 5523 temere
1037 5464 1302 5528 invenias,
1329 5472 1385 5517 ut
1410 5461 1464 5515 in
1489 5460 1814 5516 Prtcfatione
1841 5459 2102 5515 indicavi-

499 5555 642 5604 mus,
688 5538 1031 5596 Atubrosium
1063 5535 1118 5590 in
1142 5535 1309 5590 certis
1353 5533 1465 5588 suis
1504 5532 1757 5604 operibus
1791 5528 2102 5604 hujusmodi

503 5601 776 5677 querelam
808 5609 878 5666 de
907 5622 1128 5677 suorum
1166 5605 1238 5677 ing
1262 5603 1582 5677 accipiendo
1622 5601 1826 5677 Christi
1874 5615 2105 5677 corpore

509 5673 831 5751 negligentia
875 5675 1191 5732 instituisse.
1225 5673 1406 5731 lnnuit
1433 5674 1647 5746 quidem
1673 5674 1768 5732 lib.
1792 5688 1871 5742 ut,
1895 5673 1962 5731 de
1985 5673 2107 5730 Pte-

2218 3454 2344 3508 vita:
2408 3467 2514 3507 non
2579 3452 2954 3521 quotidianum
3022 3453 3256 3509 assumis
3308 3452 3368 3526 (ι
3394 3455 3516 3510 Cor.
3561 3469 3634 3518 ιι,
3671 3448 3794 3518 26)?

2212 3545 2314 3615 Qui
2359 3545 2558 3601 vulnus
2590 3545 2774 3612 habet,
2801 3544 3129 3600 medicinam
3171 3546 3425 3617 requirit.
3462 3547 3661 3603 Vulnus
3700 3552 3788 3606 est,

2210 3638 2340 3708 quia
2381 3637 2486 3694 sub
2516 3648 2743 3709 peccato
2780 3652 3008 3696 sumus:
3037 3635 3311 3696 medicina
3363 3651 3453 3696 est
3496 3639 3706 3698 cteleste
3746 3642 3794 3692 et

2211 3734 2524 3791 venerabile
2568 3743 2994 3790 sacramentum.

2215 3892 2312 3946 nit.
2337 3907 2458 3962 cap.
2484 3892 2538 3959 9,
2569 3892 2832 3966 quosdam
2871 3892 3044 3966 fuisse
3073 3894 3179 3966 qui
3204 3896 3542 3966 paenitentiae
3588 3895 3784 3950 obtentu

2207 3981 2244 4037 Ia
2271 3979 2422 4020 sacra
2451 3965 2925 4038 communioneqsc
2946 3965 3287 4021 abstinerent
3311 3984 3323 4019 :
3349 3967 3448 4023 sed
3472 3982 3639 4038 neqtte
3657 3979 3786 4038 cotu-

2217 4050 2456 4100 rnunem,
2491 4051 2664 4107 neque
2689 4043 2794 4089 tam
2821 4036 3134 4092 diuturnam
3162 4039 3444 4094 exstitisse
3468 4035 3609 4094 illam
3638 4035 3783 4091 absti-

2214 4106 2777 4180 nctttiatniinspectus
2823 4109 2973 4180 locus
3014 4109 3230 4164 abunde
3269 4112 3484 4180 prohat.
3517 4108 3782 4180 Fatendum

2216 4187 2394 4252 tamen
2423 4178 2518 4233 illo
2554 4179 2672 4252 jam
2710 4179 2911 4252 saeculo
2950 4176 3583 4252 intepttisse'pri‘tinum
3623 4176 3782 4252 quoti-

2210 4247 2800 4325 di_an:e_c0t_nmunioni_s
2815 4265 3003 4325 nsunt;
3025 4247 3100 4305 uti
3115 4267 3182 4307 ex
3203 4247 3520 4325 Hiermtymi
3533 4252 3681 4321 epist.
3700 4248 3780 4325 5t),

2209 4319 2333 4375 adv.
2373 4319 2681 4392 Jovin.,_et
2713 4319 2807 4386 28,
2849 4321 2916 4376 ad
2958 4321 3179 4389 aner.,
3231 4337 3332 4380 nec
3381 4319 3486 4379 non
3526 4319 3782 4392 Augustini

2209 4393 2372 4464 epist.
2400 4389 2468 4447 5‘4
2493 4391 2560 4445 ad
2585 4390 2839 4455 .fanuar.,
2866 4393 3225 4464 intelligimus
3253 4412 3268 4448 :
3293 4411 3481 4450 verum
3525 4389 3788 4464 illl'poste-

2209 4463 2408 4517 riorem
2444 4465 2587 4517 hunc
2632 4477 2837 4517 morem
2878 4466 2948 4518 ita
2983 4459 3086 4519 non
3130 4467 3580 4532 condemnabam,
3611 4459 3666 4518 ut
3689 4459 3778 4515 sibi

2206 4535 2439 4608 priorem
2470 4534 2640 4608 magis
2661 4535 2883 4608 probari
2919 4537 3324 4607 significarent;
3371 4551 3598 4608 namque
3624 4536 3782 4608 Augu-

2204 4602 2716 4681 SIittussertnI_227
2749 4621 2907 4681 novae
2938 4602 3071 4663 eilit.
3101 4602 3408 4681 neophytos
3431 4609 3498 4664 ad
3514 4602 3776 4681 'qnotidia-

2205 4693 2333 4752 num
2369 4676 2723 4752 Eucharistite
2753 4680 3060 4752 convivium
3101 4673 3302 4752 eadem'
3323 4673 3674 4752 ratione-qua
3707 4673 3781 4727 hic

2206 4749 2322 4817 ipsc
2344 4759 2554 4820 auctor,
2580 4748 2835 4804 inducere
2860 4749 3065 4806 nititur.
3093 4751 3246 4820 Quod
3272 4761 3453 4808 autem
3471 4751 3534 4807 ad
3558 4748 3778 4820 G'rtcc05.

2212 4814 2400 4895 verum
2430 4819 2647 4890 quidem
2674 4814 3257 4895 est_Ch_rysostomnm
3297 4821 3480 4895 populi
3522 4821 3599 4877 sui
3646 4814 3779 4895 fasti-

2207 4889 2739 4970 diuntetsumendte
2765 4889 3516 4970 Eut.haristhenegligentiam
3537 4890 3780 4970 castigari!

2205 4961 2427 5037 homilia
2469 4964 2502 5037 ξι
2540 4961 2592 5016 in
2627 4962 2786 5037 epist:
2838 4963 2904 5037 ad
2925 4959 3236 5037 Ephesios,
3263 4959 3317 5021 εἰ
3347 4966 3582 5037 apertius
3625 4959 3780 5037 adhuc

2204 5032 2354 5106 hom.
2390 5033 2537 5106 5,in
2567 5028 2728 5102 epist.
2761 5032 2784 5088 Ι
2815 5034 2881 5088 ad
2922 5028 3160 5092 'l'i'motli.
3198 5028 3348 5106 loqui
3384 5028 3455 5094 de
3493 5047 3660 5089 attnua
3684 5028 3773 5106 illa

2204 5104 2473 5161 Dominici
2513 5100 2758 5174 corporis
2801 5108 3212 5170 communione;
3245 5100 3484 5166 attamen
3518 5123 3582 5162 ex
3608 5100 3774 5160 eadem

2205 5176 2412 5249 ltom.5
2451 5192 2610 5249 supra
2636 5175 2872 5249 laudata
2913 5180 3046 5232 satis
3091 5188 3320 5249 apparet
3356 5194 3460 5236 non
3494 5178 3650 5249 fuisse
3673 5184 3775 5226 om-

2205 5249 2354 5302 nium
2379 5245 2536 5320 istam
2563 5246 2991 5320 indevotionem;
3022 5263 3085 5305 ac
3117 5245 3348 5320 proinde
3371 5267 3475 5307 non
3499 5252 3550 5304 in
3571 5248 3772 5320 Oriente

2203 5333 2363 5392 quam
2396 5320 2447 5372 in
2471 5317 2765 5374 Occidente
2791 5313 3281 5392 multomajorem.
3316 5322 3646 5392 Quapropter
3661 5313 3774 5392 Ant-

2207 5384 2420 5465 brosius
2450 5405 2568 5465 eam
2588 5391 3052 5465 consuetudinem
3073 5384 3277 5447 Cra-cis
3307 5384 3484 5465 potius
3511 5384 3660 5465 quam
3685 5384 3771 5438 La-

2207 5460 2336 5544 tinis
2369 5475 2473 5544 non
2513 5458 2728 5544 videtur
2768 5460 2939 5544 fuisse
2966 5463 3282 5544 obiecturus
3303 5458 3329 5530 ξ’
3356 5471 3510 5544 atque
3529 5458 3666 5515 adeo
3681 5467 3770 5544 po:

2207 5533 2423 5586 Steriori
2456 5533 2690 5600 cuipiam
2733 5535 2942 5588 auctori
2987 5535 3400 5594 accusationem
3429 5533 3573 5590 itiam
3617 5533 3770 5601 potius

2208 5616 2512 5674 congruere
2543 5614 2650 5657 non
2678 5602 2962 5661 immerito
2978 5605 3108 5662 hinc
3133 5605 3411 5678 conjicias.
