3946 6180
518 211 626 265 455

1851 194 2095 253 SANCTI
2136 189 2456 248 AMBROSH

3711 180 3810 234 £56

518 324 658 391 ejus,
686 323 966 378 audientes
990 319 1134 390 quod
1157 330 1376 374 carnem
1400 327 1552 370 suam
1576 313 1733 368 daret
1757 311 2111 374 manducare,

2243 325 2419 380 tndius
2467 322 2706 379 tertius?
2754 319 3047 374 Divisiones
3089 325 3263 370 autem
3309 318 3597 386 gratiarum
3646 326 3808 380 sunt,

521 427 576 473 ct
604 417 926 486 sanguinem
965 427 1121 466 suum
1162 409 1316 464 daret
1356 406 1652 463 bibendum
1681 447 1695 471 ,
1745 405 2116 470 recedebant;

523 507 670 562 solus
715 516 892 560 tamen
925 502 1119 558 Petrus
1144 500 1317 556 dixit:
1359 497 1530 553 Verba
1557 498 1674 552 vitre
1709 506 1914 551 ceterntc
1941 494 2115 556 habes,

524 611 568 654 et
600 614 692 669 ego
730 615 761 651 a
802 606 849 650 te
881 594 1137 666 quomodo
1167 591 1405 648 recedam
1435 589 1624 663 (Ibid.,
1672 587 1810 660 69)?
1842 586 1921 643 Ne
1960 585 2122 658 igitur

527 692 712 764 plures
763 690 867 746 hoc
894 688 1201 756 .dicereut,
1252 687 1416 742 veluti
1460 685 1678 758 quidam
1729 693 1878 740 esset
1929 683 2124 736 horror

525 786 740 843 cruoris
769 826 782 850 ,
825 783 922 838 scd
953 790 1203 838 maneret
1240 781 1416 853 gratia
1442 778 1872 850 redemptionis;
1902 775 2024 832 ideo
2069 774 2122 828 in

525 877 942 934 similitudinem
990 875 1208 946 quidem
1263 873 1466 942 accipis
1531 879 1970 935 sacramentum,
2027 866 2123 922 sed

526 985 655 1029 vere
684 981 709 1009 α
739 979 948 1026 naturae
976 968 1206 1041 gratiam
1236 968 1604 1036 virtutemque
1633 961 2014 1034 consequeris.

601 1065 761 1138 381
788 1064 841 1118 4.
872 1061 984 1134 Ego
1013 1079 1131 1116 sum
1157 1103 1171 1126 ,
1201 1061 1399 1130 inquit,
1433 1058 1585 1128 panis
1611 1058 1751 1111 vivus
1785 1056 1872 1126 qui
1905 1055 1966 1108 de
1999 1053 2125 1107 caelo

525 1156 768 1211 descendi
787 1153 981 1226 (lbid.,
1013 1150 1128 1223 41).
1162 1151 1266 1209 Sed
1298 1165 1429 1207 caro
1457 1166 1564 1204 non
1592 1147 1871 1204 descendit
1901 1161 1932 1201 e
1956 1145 2122 1211 coelo,

526 1251 632 1307 hoc
667 1259 792 1315 est,
835 1263 1057 1305 carnem
1094 1249 1148 1303 in
1203 1246 1366 1302 terris
1412 1245 1712 1315 assumpsit
1759 1259 1824 1300 ex
1874 1241 2121 1312 Virgine.

527 1343 815 1414 Quomodo
842 1357 974 1414 ergo
1013 1339 1296 1398 descendit
1325 1340 1480 1410 panis
1511 1353 1542 1394 e
1570 1337 1744 1402 cmlo,
1778 1343 1834 1390 et
1861 1334 2017 1405 panis
2048 1333 2127 1386 vi-

526 1436 675 1492 vus?
721 1435 856 1503 Quia
909 1433 1052 1489 idem
1104 1433 1370 1488 Dominus
1423 1441 1614 1485 uoster
1664 1427 1824 1483 Jesus
1873 1423 2126 1480 Christus

527 1544 758 1587 consors
797 1537 881 1584 est
921 1536 977 1583 et
1017 1526 1314 1582 divinitatis
1345 1533 1401 1579 et
1427 1521 1673 1593 corporis
1700 1537 1714 1575 :
1744 1529 1798 1574 et
1825 1529 1879 1572 tn
1906 1517 1998 1589 qui
2027 1521 2123 1571 ac-

527 1621 666 1693 cipis
696 1635 920 1676 carnem
945 1661 960 1686 ,
1003 1619 1202 1674 divinae
1234 1617 1350 1689 ejus
1389 1615 1710 1672 substantiae
1741 1613 1794 1668 in
1829 1612 1922 1668 illo
1960 1609 2125 1680 parti-

2224 417 2359 471 idem
2412 426 2586 470 autem
2647 411 2904 482 Spiritus.
2983 421 3005 449 ο
3069 407 3362 463 Divisiones
3417 407 3815 462 ministeriorum

2223 518 2363 574 sunt,
2401 506 2537 560 idem
2584 515 2752 559 autem
2797 502 3071 557 Dominus.
3123 500 3413 555 Divisiones
3464 500 3815 568 operationum

2226 609 2367 666 sunt,
2412 597 2547 651 idem
2579 605 2750 650 autem
2781 593 2944 662 Deus,
2992 593 3080 665 qui
3123 601 3368 663 operatur
3407 591 3579 646 omnia
3615 591 3671 645 in
3709 607 3815 646 om-

2228 690 2376 744 nibus
2418 690 2465 760 (I
2494 687 2616 743 Cor.
2660 703 2771 754 xu,
2802 686 2836 742 4
2876 695 2922 740 et
2951 686 3105 755 δρψ).
3151 682 3343 740 Omnia
3373 724 3390 751 ,
3438 681 3652 754 inquit,
3695 698 3818 752 ope-

2227 794 2380 838 ratur
2411 782 2572 838 Deus.
2607 782 2713 836 Sed
2747 790 2801 836 et
2837 781 2904 836 de
2929 779 3132 849 Spiritu
3167 777 3257 834 Dei
3297 779 3496 833 lectmn
3523 785 3644 832 est:
3677 775 3820 832 Unus

2227 885 2379 940 atque
2400 872 2533 926 idem
2559 873 2790 944 Spiritus
2818 871 3050 925 dividens
3076 869 3297 942 singulis
3322 878 3476 938 prout
3497 868 3604 922 vult
3626 865 3816 937 (Ibid.,

2225 965 2342 1038 21).
2375 964 2516 1020 Audi
2551 964 2884 1034 Scripturam
2915 962 3188 1018 dicentem
3214 960 3339 1032 quia
3369 959 3561 1015 dividit
3591 959 3819 1030 Spiritus

2231 1078 2330 1133 pro
2357 1063 2640 1117 voluntate
2683 1075 2777 1115 sua
2805 1101 2819 1122 ,
2855 1075 2962 1113 non
2997 1073 3095 1128 pro
3123 1056 3413 1127 obsequio.
3443 1055 3588 1126 Ergo
3634 1055 3821 1110 dividit

2213 1141 2386 1211 vobis
2415 1153 2650 1222 Spiritus
2671 1152 2898 1223 gratiam
2930 1161 3088 1220 prout
3116 1151 3253 1218 vult,
3277 1165 3383 1205 non
3409 1157 3568 1220 prout
3585 1148 3817 1219 jubelur;

2229 1257 2285 1303 et
2314 1249 2546 1302 maxime
2573 1247 2698 1317 quia
2725 1245 2962 1316 Spiritus
2996 1244 3114 1310 Dei,
3146 1243 3382 1314 Spiritus
3403 1241 3602 1298 ChriSIi
3629 1251 3730 1298 est.
3760 1242 3822 1297 Et

2231 1339 2363 1394 illud
2397 1348 2577 1394 tenete
2619 1338 2796 1408 ipsum
2843 1350 2964 1392 esse
3007 1336 3265 1406 Spiritum
3305 1343 3553 1391 sanctum
3584 1377 3598 1402 ,
3648 1335 3821 1404 ipsum

2231 1432 2492 1502 Spiritum
2528 1431 2640 1498 Dei,
2679 1431 2858 1500 ipsum
2886 1428 3153 1500 Spiritum
3195 1427 3425 1495 Christi,
3450 1429 3628 1498 ipsum
3658 1426 3824 1499 Spiri-

2232 1533 2342 1581 tum
2369 1524 2713 1594 parat-litum.

2301 1619 2464 1692 382
2495 1617 2580 1674 l0.
2611 1618 2800 1674 Ariani
2841 1627 3034 1689 putant
3075 1631 3136 1673 se
3177 1617 3447 1686 derogare
3485 1625 3676 1672 sancto
3705 1613 3822 1685 Spi-

525 1714 726 1784 οῖβθΐῖε
752 1712 1011 1768 alimento
1045 1710 1144 1782 (οε
1175 1709 1331 1766 como
1367 1710 1492 1764 ἀίδι-
1521 1709 1574 1776 2»
1609 1725 1656 1763 σ-
1689 1707 1837 1763 Sicut
1859 1714 1933 1762 εει
1953 1720 2122 1771 νοτίων
2159 1703 2206 1762 Β
2233 1713 2391 1779 ritui,
2423 1714 2468 1768 si
2497 1713 2682 1768 dicant
2712 1713 2867 1768 illum
2901 1712 3168 1783 Spiritum
3199 1710 3544 1782 paraclitum.
3575 1711 3712 1780 Quid
3743 1721 3823 1768 est

530 1806 560 1879 ς
595 1803 708 1878 Ego
730 1804 892 1875 sum).

1157 1895 1391 1953 CAPUT
1430 1895 1494 1950 11.

529 2035 593 2095 1η
623 2037 958 2095 sacramentis
987 2034 1225 2090 omnibus
1265 2033 1536 2088 Trinitatis
1573 2031 1952 2101 operationem,
1991 2027 2124 2081 divi-

598 2146 882 2201 narumque
906 2143 1244 2202 personarum
1268 2126 1617 2197 wqualitatem
1634 2123 1833 2178 adverti
1850 2136 2018 2194 posse,
2039 2118 2127 2174 ubi

599 2225 764 2280 obiter
789 2222 1155 2292 perstringitur
1181 2235 1326 2275 error
1346 2218 1680 2274 Arianorum.

597 2318 652 2373 5.
681 2317 824 2386 Ergo
855 2313 1116 2384 accepisti
1148 2313 1217 2368 de
1255 2313 1618 2368 sacramentis
1643 2352 1657 2376 ,
1689 2309 2005 2381 plenissime
2034 2323 2127 2364 co-

524 2409 756 2483 gnovisti
784 2409 965 2464 omnia
992 2452 1008 2477 ,
1041 2408 1188 2478 quod
1215 2407 1520 2478 baptizatus
1547 2421 1606 2460 es
1647 2405 1700 2460 in
1744 2404 1964 2459 nomine
2004 2401 2128 2457 Tri-

527 2502 736 2558 nitatis.
784 2501 844 2556 In
902 2499 1161 2556 omnibus
1223 2515 1343 2570 quae
1395 2497 1606 2568 egimus
1643 2537 1658 2561 ,
1713 2506 1987 2551 servatum
2042 2501 2128 2548 est

527 2594 844 2666 mysterium
893 2591 1203 2647 Trinitatis.
1275 2589 1488 2660 Ubique
1535 2588 1694 2643 Pater
1747 2596 1802 2641 et
1849 2585 2022 2640 Filius
2073 2592 2129 2638 et

521 2687 755 2759 Spiritus
795 2695 1016 2741 sanctus
1041 2727 1057 2753 ,
1104 2700 1208 2738 una
1240 2683 1491 2753 operatio
1517 2723 1531 2748 ,
1575 2696 1678 2735 una
1725 2679 2122 2740 sanctiﬁcatio;

529 2782 630 2838 etsi
658 2780 902 2850 quaedam
925 2778 1092 2835 veluti
1123 2777 1382 2848 specialia
1405 2792 1530 2833 esse
1557 2775 1859 2829 videantur.

601 2876 655 2930 6.
684 2875 712 2914 ι’
741 2873 1072 2943 Quomodo?
1105 2872 1250 2928 Deus
1276 2871 1366 2941 qui
1409 2880 1461 2926 te
1500 2868 1686 2934 unxit,
1715 2877 1770 2923 et
1801 2865 2036 2938 signavit
2074 2873 2127 2920 te

533 2967 791 3023 Dominus
817 3007 832 3032 ,
863 2974 919 3020 et
946 2964 1123 3036 posuit
1165 2961 1428 3032 Spiritum
1473 2967 1719 3017 sanctum
1759 2959 1814 3014 in
1841 2957 2008 3013 corde
2035 2964 2127 3010 tuo

2232 1805 2526 1876 paraclitus
2547 1846 2562 1873 ,
2595 1805 2698 1861 nisi
2731 1805 3091 1860 consolator?
3121 1804 3287 1873 Quasi
3318 1819 3426 1859 non
3469 1814 3525 1859 et
3554 1803 3626 1859 de
3669 1803 3823 1858 Patro

2233 1901 2431 1956 lectum
2455 1900 2547 1966 sit,
2582 1899 2707 1971 quia
2737 1898 2854 1970 ipse
2879 1908 2962 1954 est
2994 1898 3141 1953 Deus
3171 1896 3575 1953 consolationis
3607 1895 3676 1968 (ll
3705 1894 3817 1950 Cor.

2233 2007 2268 2060 I,
2302 1990 2380 2062 ὅ).
2411 1990 2581 2046 Vides
2609 2006 2739 2062 ergo
2766 1992 2889 2062 quia
2919 1992 3056 2045 ineo
3083 1989 3464 2060 derOgandum
3492 1997 3683 2060 putant
3709 1988 3823 2057 Spi-

2231 2083 2355 2138 ritui
2387 2092 2600 2150 sancto,
2629 2084 2680 2138 in
2710 2099 2818 2155 quo
2842 2083 3018 2139 Patris
3038 2083 3227 2138 azterni
3252 2078 3493 2152 potestas
3518 2082 3609 2152 pio
3637 2079 3824 2154 praedi-

2229 2185 2385 2231 catur
2415 2175 2639 2232 aﬁ‘ectu.

2845 2269 3078 2327 CAPUT
3119 2269 3211 2326 Ill.

2235 2382 2435 2438 Orandi
2485 2385 2738 2440 rationem
2789 2384 3078 2441 traditurus
3108 2427 3124 2454 ,
3175 2384 3369 2441 Christi
3407 2396 3568 2456 atque
3603 2385 3823 2459 Apostoli

2303 2477 2455 2532 verba
2496 2479 2628 2533 inter
2669 2495 2723 2534 se
2750 2480 3021 2548 conciliat,
3055 2481 3354 2535 cubiculum
3382 2498 3484 2552 quo
3515 2482 3582 2536 de
3610 2482 3826 2552 loquitur

2302 2569 2564 2638 Christus,
2588 2571 2652 2626 de
2680 2580 2872 2628 secreto
2893 2573 3065 2629 cordis
3085 2589 3148 2628 ac
3167 2573 3372 2629 silentio
3391 2574 3825 2645 interpretandum

2302 2680 2412 2719 esse
2445 2663 2742 2720 declarans.

2305 2779 2391 2833 11.
2433 2779 2586 2836 Nunc
2613 2781 2886 2850 quomodo
2915 2797 3073 2838 orare
3099 2783 3394 2840 debeamus
3421 2785 3679 2856 accipite.
3709 2785 3828 2840 Mul-

2232 2881 2300 2927 ta:
2330 2873 2555 2928 virtutes
2589 2873 2851 2930 orationis
2885 2885 3031 2930 sunt.
3076 2875 3182 2932 Ubi
3214 2892 3375 2933 orare
3401 2876 3702 2934 debeamus
3728 2893 3825 2933 non

2231 2976 2315 3022 est
2343 2966 2641 3034 mediocre,
2674 2984 2775 3024 nec
2801 2969 3093 3025 mediocris
3113 2971 3367 3042 quaestio.
3394 2971 3488 3028 Ait
3515 2973 3788 3043 spostolus
3813 2988 3824 3024 :

529 3060 597 3131 (ll
621 3057 742 3114 Cor.
775 3075 811 3126 ι,
851 3058 945 3123 21,
974 3057 1092 3128 22).
1126 3057 1399 3125 Accepisti
1431 3069 1563 3126 ergo
1590 3052 1850 3124 Spiritum
1879 3059 2124 3107 sanctum

2243 3059 2372 3114 Volo
2396 3072 2567 3116 autem
2607 3063 2743 3118 viros
2783 3079 2932 3118 orare
2981 3064 3035 3118 in
3077 3065 3216 3120 omni
3246 3067 3382 3132 loco,
3421 3067 3652 3123 levantes
3686 3082 3829 3136 puras

531 3155 584 3210 in
611 3153 776 3210 corde
807 3161 919 3207 tuo.
947 3150 1150 3222 Accipe
1175 3149 1342 3216 aliud,
1373 3148 1498 3220 quia
1521 3145 1979 3217 quemadmodum
2006 3143 2124 3214 Spi-

2243 3169 2418 3206 rnanus
2446 3153 2559 3208 sine
2585 3154 2663 3208 ira
2695 3163 2741 3209 et
2780 3155 3153 3225 disceptatione
3197 3157 3240 3229 (1
3270 3156 3408 3212 Tim.
3439 3175 3478 3225 ι,
3519 3159 3601 3230 8).
3644 3159 3708 3214 Et
3745 3159 3830 3212 Do-

534 3248 670 3303 ritus
695 3255 920 3302 sanctus
962 3245 1017 3300 in
1045 3243 1242 3310 corde,
1275 3245 1345 3298 ita
1373 3242 1538 3298 etiam
1562 3239 1812 3296 Christus
1850 3241 1902 3294 in
1939 3237 2122 3293 corde.

533 3337 858 3409 Quomodo?
905 3336 1084 3393 llabes
1126 3336 1230 3390 hoc
1258 3335 1310 3390 in
1340 3333 1580 3390 Canticis
1607 3332 1944 3387 canticorum
1971 3327 2130 3383 Chri-

535 3443 678 3488 Stum
703 3431 974 3487 dicentem
1018 3429 1085 3484 ad
1127 3428 1428 3483 Ecclesiam
1467 3444 1479 3481 :
1519 3424 1666 3480 Pone
1692 3441 1771 3478 me
1795 3425 1926 3478 sicut
1953 3423 2129 3493 signa-

530 3526 708 3581 culum
737 3526 790 3579 in
817 3523 972 3578 corde
999 3533 1086 3578 tuo
1108 3564 1122 3590 ,
1156 3522 1288 3577 sicut
1326 3519 1653 3591 signaculum
1684 3519 1737 3571 in
1773 3515 1996 3571 brachiis
2028 3513 2128 3567 tuis

532 3617 684 3690 (Can.
715 3633 831 3672 vui.
865 3615 944 3688 6).

604 3714 656 3766 7.
690 3711 834 3780 Ergo
861 3711 1014 3767 unxit
1042 3719 1097 3766 te
1133 3711 1308 3775 Deus,
1341 3705 1577 3779 signavit
1601 3713 1655 3761 te
1681 3704 1947 3760 Christus.
1981 3701 2128 3770 Quo-

533 3805 740 3862 modo?
765 3803 904 3873 Quia
937 3802 1006 3858 ad
1033 3802 1218 3858 crucis
1261 3802 1433 3870 ipsius
1475 3800 1718 3870 signatus
1756 3813 1816 3854 es
1858 3797 2086 3852 formam
2114 3838 2128 3861 ,

531 3898 600 3954 ad
632 3897 781 3954 illius
809 3897 1122 3968 passionem
1154 3913 1166 3948 :
1199 3895 1463 3965 accepisti
1493 3892 1836 3964 signaculum
1881 3891 1948 3946 ad
1985 3889 2132 3945 illius

536 3990 992 4056 similitudinem;
1047 4001 1106 4046 ut
1147 3989 1216 4046 ad
1244 3989 1414 4062 ipsius
1458 3989 1686 4044 formam
1729 4001 2020 4058 resurgas,
2065 3984 2130 4039 ad

533 4087 706 4155 ipsius
721 4087 874 4142 vivas
888 4085 1138 4157 ﬁguram,
1154 4084 1246 4156 qui
1270 4093 1492 4154 peccato
1512 4083 1806 4138 cruciﬁxus
1821 4091 1929 4147 est,
1951 4089 2008 4137 et
2022 4079 2134 4136 Deo

534 4181 664 4238 vivit
693 4197 706 4232 :
739 4189 794 4237 et
817 4189 939 4235 tuus
967 4178 1132 4234 homo
1156 4187 1310 4233 vetus
1333 4177 1388 4232 in
1412 4177 1558 4234 fonte
1580 4177 1889 4242 demersus,
1907 4183 2132 4246 peccato

532 4273 828 4331 cruciﬁxus
851 4281 958 4336 est,
988 4270 1083 4326 sed
1109 4271 1220 4326 Deo
1242 4270 1544 4325 resurrexit
1570 4267 1749 4339 (Rom.
1772 4273 1884 4334 vult
1911 4278 1957 4320 et
1976 4267 2134 4340 seq.).

605 4369 659 4424 8.
695 4365 905 4422 Deinde
931 4362 1100 4420 habes
1126 4362 1254 4418 alibi
1285 4363 1523 4432 speciale
1549 4403 1562 4426 ,
1599 4361 1741 4431 quod
1783 4371 1834 4417 te
1857 4361 2137 4417 vocaverit

2232 3246 2412 3302 minus
2440 3246 2574 3303 dicit
2603 3248 2656 3303 in
2685 3247 2982 3319 Evangelio
3011 3266 3024 3303 :
3056 3249 3137 3304 Tu
3166 3261 3338 3305 autem
3369 3267 3486 3306 cum
3532 3269 3671 3318 oras,
3704 3252 3830 3306 intra

2229 3343 2285 3397 in
2329 3343 2623 3397 cubiculum
2669 3353 2846 3410 tuum;
2868 3355 2919 3400 et
2945 3348 3126 3401 clauso
3150 3346 3302 3412 ostio,
3331 3361 3425 3400 ora
3454 3344 3675 3401 Patrem
3699 3355 3828 3399 tuum

2231 3435 2250 3505 (
2280 3433 2468 3488 Matth.
2516 3450 2591 3499 v1,
2623 3431 2713 3506 6).
2756 3434 2874 3490 Non
2928 3437 3023 3491 tibi
3070 3436 3283 3492 videtur
3309 3450 3436 3492 esse
3465 3437 3826 3499 contrarium,

2233 3534 2292 3581 ut
2321 3525 2464 3581 dicat
2493 3526 2788 3596 Apostolus
2830 3543 2845 3582 :
2893 3526 2961 3582 In
2990 3529 3130 3582 omni
3157 3529 3271 3582 loco
3303 3544 3428 3596 ora;
3474 3537 3532 3584 et
3586 3528 3829 3583 Dominus

2231 3621 2426 3676 dicat:
2464 3617 2616 3674 Intra
2664 3620 2717 3674 in
2755 3619 3047 3674 cubiculum
3102 3631 3278 3687 tuum,
3322 3631 3368 3675 ct
3411 3621 3552 3676 ora?
3597 3620 3704 3678 Sed
3732 3634 3827 3674 nou

2234 3721 2319 3769 est
2355 3711 2715 3768 contrarium.
2764 3711 2878 3768 Hoc
2908 3728 3039 3785 ergo
3064 3713 3413 3769 absolvamus
3437 3730 3450 3767 :
3479 3713 3680 3770 deinde
3709 3726 3830 3783 quo-

2235 3807 2398 3862 modo
2424 3807 2625 3862 debeas
2658 3807 2902 3877 incipere
2923 3806 3248 3872 orationem,
3275 3817 3332 3862 et
3370 3822 3480 3876 quo
3511 3807 3701 3863 ordine
3725 3804 3826 3860 dis-

2237 3899 2505 3970 tinguere,
2535 3897 2664 3970 quid
2695 3899 3011 3966 subtexere,
3043 3899 3170 3970 quid
3198 3899 3462 3970 allegare,
3488 3898 3826 3972 quemadmo-

2235 3992 2362 4048 dum
2417 3992 2678 4048 claudere
2730 3993 3064 4059 orationem,
3119 3991 3320 4050 deinde
3369 4007 3470 4064 pro
3527 4009 3637 4065 quo
3680 4007 3828 4048 orare

2237 4084 2441 4139 debeas
2468 4102 2481 4139 :
2515 4079 2542 4120 ἀ
2568 4084 2685 4139 haec
2714 4084 2898 4140 omnia
2927 4085 3194 4141 dicamus.

2311 4177 2396 4233 12.
2442 4177 2625 4232 Primo
2647 4177 2735 4234 ubi
2764 4192 2923 4234 orare
2951 4177 3173 4234 debeas.
3205 4178 3364 4235 Aliud
3391 4179 3594 4236 Paulus
3631 4178 3829 4234 videtur

2238 4271 2445 4339 dicere,
2470 4272 2617 4327 aliud
2644 4272 2932 4329 Dominus.
2959 4273 3235 4345 Numquid
3268 4275 3443 4346 potuit
3468 4274 3673 4330 Paulus
3705 4288 3828 4328 con-

2243 4374 2322 4419 tra
2345 4363 2550 4419 Christi
2584 4363 2782 4420 docere
2806 4365 3116 4436 praecepta?
3142 4364 3258 4421 Non
3284 4366 3493 4436 utique.
3523 4367 3636 4435 Qua
3671 4364 3827 4419 ratiu-

536 4462 702 4526 Ileus,
733 4459 784 4514 in
813 4457 1138 4528 baptismate
1163 4464 1342 4510 autem
1365 4454 1520 4525 quasi
1551 4454 1864 4524 specialiter
1902 4467 2128 4508 concru-
2161 4477 2215 4538 D
2242 4460 2351 4514 ne?
2379 4458 2516 4526 Quia
2549 4473 2656 4514 non
2681 4460 2991 4516 contrarius
3013 4499 3027 4522 ,
3057 4458 3154 4515 sed
3181 4460 3455 4530 interpres
3485 4468 3573 4515 est
3599 4457 3790 4513 Christi
3818 4472 3828 4507 :

536 4553 773 4626 ciligeris
797 4551 1037 4608 Christo.
1083 4549 1286 4604 Deinde
1333 4549 1487 4620 quasi
1532 4548 1842 4617 Specialiter
1866 4589 1881 4614 ,
1914 4548 2136 4618 quando

539 4648 741 4719 accipis
803 4645 1050 4718 spiritale
1109 4643 1484 4715 signaculum,
1544 4639 1666 4697 vide
1727 4641 2133 4697 distinctionem

539 4755 892 4813 personarqu
924 4752 1049 4795 esse
1071 4777 1086 4805 ,
1129 4735 1224 4793 sed
1266 4751 1575 4791 connexum
1605 4749 1766 4791 omne
1809 4735 2132 4806 mysterium

545 4835 848 4892 Trinitatis.

617 4931 670 4988 9.
705 4930 911 4988 Deinde
939 4927 1068 5000 quid
1118 4927 1414 4999 Apostolus
1436 4926 1530 4981 tibi
1561 4924 1720 4993 dixit,
1755 4934 1812 4979 ut
1835 4924 2035 4980 lectum
2059 4937 2140 4981 est

611 5081 637 5108 ι
666 5069 902 5125 Clarom.
945 5064 1096 5130 cod.,
1140 5074 1376 5119 naturam
1416 5063 1735 5134 gratiamque
1760 5059 2082 5134 consequeris
2108 5077 2125 5124 ,'

545 5141 822 5206 Vaililuc.,
873 5149 1072 5194 natura:
1119 5136 1354 5207 gloriam
1384 5131 1722 5207 virtutemque
1762 5131 2128 5199 consequeris;

542 5211 735 5283 reliqui
771 5204 826 5267 et
851 5224 1044 5283 omnes
1081 5204 1214 5283 edit.
1256 5204 1904 5283 illitl.leX-lll.-C:I}le'l'l1lll
1937 5212 2127 5283 auctor

542 5287 594 5339 in
626 5273 729 5338 h'oc
754 5282 930 5354 capite
969 5279 1294 5354 solutionem
1332 5275 1656 5354 obiectionis
1690 5273 1868 5354 petita:
1899 5288 1926 5324 a
1968 5274 2122 5354 tes_ti_-

542 5356 726 5412 monio
753 5343 1032 5416 sensuum.
1061 5364 1222 5420 quam
1247 5348 1357 5417 jam
1389 5347 1486 5400 lib.
1519 5360 1590 5408 iv,
1624 5359 1744 5412 cap.
1773 5344 1830 5406 4,
1854 5358 2005 5420 num.
2035 5343 2120 5411 14,

542 5412 1050 5498 proposuerat,_ita
1078 5412 1391 5498 exprimit,_
1411 5424 1469 5471 ut
1494 5429 1709 5498 omnem
1748 5412 2008 5480 praecidat
2038 5430 2128 5496 ca-

540 5484 898 5555 villitionem.
922 5484 1112 5549 Primo
1142 5484 1286 5547 enim
1310 5484 1724 5544 substantialem
1755 5485 2126 5555 conversatio-

543 5583 668 5626 nem
691 5565 805 5636 jam
845 5564 1060 5636 abunde
1095 5562 1376 5636 probatum
1413 5567 1638 5636 monet,
1675 5554 1874 5636 deinde
1902 5569 1999 5608 cur
2029 5555 2131 5610 sub

544 5631 720 5693 aliena
745 5635 948 5700 specie.
978 5650 1139 5705 quam
1168 5631 1577 5705 similitudinem
1604 5635 1780 5690 vocat,
1815 5641 2128 5682 sacramen-

548 5718 660 5767 tum
682 5702 1110 5774 institutum'sit,
1139 5703 1400 5759 rationem
1432 5702 1608 5758 aﬁ‘ert.

2241 4549 2556 4618 Imitatores,
2587 4549 2779 4621 inquit,
2806 4552 2904 4606 mei
2929 4561 3104 4616 estote,
3127 4553 3258 4606 sicut
3287 4561 3334 4606 et
3351 4567 3441 4623 ego
3469 4551 3680 4607 Christi.
3700 4546 3828 4616 Quid

2241 4645 2417 4714 ergo?
2447 4643 2610 4699 Potes
2639 4644 2840 4714 ubique
2858 4658 3043 4707 orare,
3077 4655 3132 4699 et
3164 4645 3216 4698 in
3263 4643 3522 4700 cubiculo
3565 4652 3656 4698 tuo
3701 4657 3829 4696 sem—

2243 4751 2340 4806 per
2362 4750 2540 4791 orare.
2572 4734 2749 4791 Habes
2781 4734 2980 4806 ubique
3005 4735 3317 4793 cubiculum
3349 4744 3521 4791 tuum.
3554 4735 3669 4791 Etsi
3701 4734 3830 4788 inter

2243 4843 2456 4903 gentes,
2475 4831 2616 4888 inter
2634 4831 2856 4888 Judaaos
2889 4832 3099 4901 positus
3119 4833 3217 4897 sis;
3251 4831 3416 4888 habes
3437 4839 3622 4887 tamen
3644 4829 3832 4898 ubique

2245 4935 2396 4981 tuum
2449 4937 2745 4982 secretum.
2797 4924 3118 4980 Cubiculum
3150 4934 3300 4981 tuum
3328 4937 3494 4997 =mens
3519 4931 3610 4978 tua
3640 4928 3742 4976 est.
3779 4918 3829 4972 In

2309 5059 2336 5132 ι’
2375 5059 2465 5116 Sic
2495 5074 2693 5132 omnes
2720 5059 2853 5132 edit.
2875 5075 2940 5117 ac
2957 5075 3090 5116 mss.
3120 5061 3221 5116 nisi
3247 5059 3388 5132 quod
3412 5059 3464 5114 in
3487 5057 3684 5132 horum
3701 5072 3824 5132 non-

2239 5131 2402 5186 nullis
2433 5141 2594 5202 atque
2634 5131 2769 5187 edit.
2814 5130 2972 5186 Rom.
3021 5129 3280 5188 omissum
3312 5132 3431 5196 fuit,
3464 5140 3513 5185 te
3562 5129 3819 5202 Dominus.

2240 5203 2392 5258 Hunc
2420 5212 2600 5258 autem
2643 5203 2844 5268 locum,
2875 5218 2981 5258 non
3008 5218 3166 5258 secus
3206 5219 3268 5256 ac
3299 5203 3452 5270 illum
3477 5202 3570 5270 qui
3604 5201 3822 5254 habetur

2236 5273 2398 5336 intra,
2425 5274 2657 5335 scilicet,
2681 5272 2990 5340 Quomodo?
3026 5273 3193 5328 Habes
3215 5275 3310 5327 hoc
3337 5274 3386 5325 in
3415 5269 3679 5339 Canticis;
3702 5281 3820 5324 mss.

2237 5342 2564 5415 haudgpauci
2594 5343 2854 5399 exhibent
2876 5345 2996 5400 sine
3024 5345 3469 5415 interrogatione.

2310 5428 2331 5453 ε
2379 5411 2582 5486 Omnes
2603 5415 2734 5486 edit.
2758 5425 2814 5472 et
2844 5431 2974 5471 mss.
3007 5416 3209 5486 aliquot
3229 5411 3256 5480 ξ
3265 5415 3546 5470 divisiones
3568 5411 3817 5486 mysterio-

2235 5501 2388 5548 rum;
2414 5485 2608 5540 melins
2636 5485 2826 5555 reliqui
2855 5501 2975 5542 cum
3011 5485 3322 5556 Apostolico
3346 5497 3529 5549 textu,
3563 5485 3825 5540 divisiones

2238 5556 2638 5609 ministeriorum
2667 5556 2883 5624 quidam
2916 5558 3098 5614 etiam.
3127 5556 3595 5610 ministrationum.

2237 5626 2334 5752 d_"
2381 5627 2503 5680 Mss.
2541 5643 2646 5681 non
2681 5629 2858 5696 pauci,
2888 5627 3287 5684 nccinlerioris
3311 5635 3477 5692 noue,
3518 5626 3643 5683 "rec
3667 5624 3826 5681 omnia

2274 5713 2512 5752 iscamus.

2274 5713 2512 5754 iscamus.
