3952 6178
230 277 321 334 461
865 313 871 320 ο
1046 280 1134 336 DE
1172 279 1619 340 PCENITENTIA
1654 279 1791 336 LlBi

1947 278 2025 334 i0.
2068 268 2469 336 ΑυΜυΝιτΙο.
3402 280 3508 336 462

229 393 487 449 linorasti
518 402 632 449 eum
654 394 812 465 paulo
840 395 1003 450 minus
1026 392 1087 451 ab
1112 394 1333 465 angelis,
1360 397 1526 468 gloria
1546 398 1592 452 et
1618 395 1809 453 honore
1836 394 1887 459 Α
1917 404 2003 451 ret
2029 404 2217 453 tenere
2266 392 2409 467 quod
2463 396 2679 466 accepit
2719 409 2749 450 a
2799 390 2942 451 Deo:
2970 392 2998 433 ι’
3047 402 3102 451 et
3129 394 3332 451 oblatio
3374 398 3517 452 sicut

226 486 468 540 coronasti
490 501 630 551 eum,
654 496 701 541 et
726 487 1031 542 constituisti
1059 504 1174 543 eum
1201 504 1356 559 super
1378 506 1537 559 opera
1560 506 1801 545 manuum
1915 482 2090 543 hostia
2118 503 2249 559 pura
2274 530 2288 554 ,
2316 489 2373 544 in
2405 488 2561 544 vobis
2591 501 2811 559 semper
2853 501 3010 543 suum
3043 487 3383 559 signaculum
3429 502 3517 546 re-

225 590 411 631 tuarum
440 577 461 651 (
484 576 654 647 lbid.,
683 578 739 645 6,
763 580 793 633 'l
819 577 859 651 ).
892 578 958 635 Et
980 580 1083 635 alia
1106 582 1400 650 gratiarum
1423 581 1592 637 actio:
1620 580 1810 636 Omnia
1917 591 2235 653 cognoscat,
2266 591 2327 639 ut
2352 592 2409 639 et
2437 582 2540 653 ipsi
2572 583 2637 638 ad
2671 583 2898 653 gratiam
2923 591 2975 639 et
2998 580 3065 637 ad
3095 583 3319 654 prtemia
3344 582 3517 639 virtu-

223 670 475 742 subjecisti
502 671 599 725 sub
617 670 829 739 pedibus
856 673 991 742 ejus,
1020 688 1137 727 oues
1172 682 1218 727 et
1240 671 1388 727 boves
1415 673 1700 741 universas,
1729 674 1811 728 in—
1920 683 2038 731 tum
2058 677 2346 748 pervenire
2370 678 2611 749 possitis.
2638 692 2734 748 per
2750 676 3041 733 Dominum
3067 687 3311 734 nostrum
3333 678 3518 735 Jesum

221 773 366 833 super
390 762 438 816 et
465 776 653 830 pecora
672 763 865 833 campi,
895 772 1001 820 ctc.
1037 763 1229 836 (Ibid,
1256 763 1292 819 8
1318 775 1364 820 et
1394 781 1498 836 seq.
1529 766 1569 835 ).
1922 768 2234 837 Chrisuum;
2265 773 2353 827 cui
2381 779 2467 828 est
2501 772 2696 844 gloria,
2724 768 2924 838 honor,
2956 772 3095 838 laus,
3125 770 3459 843 perpetuitas
3488 790 3518 827 a

286 853 376 908 28.
409 854 709 910 Docuimus
761 870 864 925 pro
911 867 1072 926 captu
1121 864 1309 913 nostra
1340 865 1369 896 ι
1409 856 1636 913 forsitan
1669 858 1813 929 quod
1925 865 2165 930 saeculis,
2198 875 2253 921 et
2280 880 2444 934 nunc,
2479 870 2534 922 et
2563 880 2801 936 semper,
2834 865 2964 921 etin
2996 865 3179 920 omnia
3207 866 3405 921 sucula
3428 881 3523 922 sa:-

221 958 324 999 non
356 945 677 1013 didicimus;
722 955 778 1003 et
815 955 877 1003 ut
924 948 1226 1019 potuimus,
1254 951 1647 1020 expressimus.
1675 949 1817 1007 San--
1925 956 2196 1013 culorum.
2230 955 2427 1015 Amen.

219 1038 373 1094 ctitas
391 1046 570 1095 vestra
600 1040 860 1096 institutis
885 1041 1317 1101 sacerdotalibus
1339 1043 1651 1114 informata,
1677 1046 1821 1104 labo-

218 1184 406 1256 gentes.
438 1175 613 1231 Minus
639 1175 949 1256 commode.
993 1175 1066 1231 At
1105 1177 1263 1256 llum.
1296 1162 1429 1256 adit.
1460 1179 1572 1256 Sola
1595 1222 1614 1256 ,_
1640 1196 1805 1236 mere-
1916 1182 2085 1256 ciunt,
2116 1182 2219 1237 nisi
2247 1186 2390 1256 (Iliad
2421 1199 2521 1256 pro
2550 1185 2683 1239 sicut
2717 1184 2963 1240 Valliluc.
3014 1184 3166 1255 legit,
3198 1187 3264 1240 sit
3293 1198 3346 1241 ut
3369 1229 3383 1253 ,
3412 1204 3520 1242 non

222 1255 397 1325 retur;
429 1288 441 1301 .
470 1288 483 1300 .
516 1289 527 1301 .
553 1247 730 1325 stellas
768 1246 998 1325 homines
1020 1248 1241 1325 cazlestt's
1267 1250 1453 1325 gloria:
1477 1252 1805 1325 refulgentes.
1919 1253 2230 1325 incongrue.
2252 1246 2695 1324 Reliquitandem
2718 1268 2769 1311 ct
2793 1271 2984 1311 omnes
3009 1246 3325 1313 editfuobis
3355 1246 3528 1313 etiam

288 1323 314 1353 ι
352 1316 515 1373 Rom.
565 1319 698 1373 edit.
731 1320 880 1386 Sola,
916 1318 1138 1391 forsitan
1170 1316 1308 1390 quod
1331 1338 1362 1375 a
1409 1316 1634 1376 Domino
1673 1321 1814 1377 didi-
1918 1316 2207 1398 accedunt,
2236 1316 2461 1398 excepta
2490 1326 2683 1382 vocula
2706 1369 2721 1395 ,
2755 1334 2841 1396 et,
2872 1342 3033 1397 quam
3060 1329 3402 1398 praemittunt
3435 1326 3520 1384 di-

218 1388 392 1464 cimus.
797 1462 806 1464 _
917 1388 926 1391 '
1006 1462 1049 1464 μ
1182 1388 1189 1390 ἡ
1921 1388 2204 1451 ειὶοηὶὺιιέ
2244 1397 2301 1451 in
2352 1388 2489 1452 nobis
2513 1438 2527 1464 ,
2576 1398 2680 1454 hoc
2708 1388 3254 1456 'mot'lo'senténtiam
3297 1400 3530 1456 omnino

286 1458 312 1497 δ
343 1461 475 1517 Mss.
506 1476 617 1517 non
651 1462 841 1532 pauci,
867 1469 924 1516 ut
964 1462 1158 1519 oblatio
1194 1463 1325 1518 sicut
1351 1464 1521 1519 Itostia
1562 1482 1729 1537 pura,
1757 1466 1811 1519 in
1921 1479 2373 1538 corrumpentes.

286 1529 369 1574 bis,
399 1540 505 1574 ρίρ-
569 1535 701 1574 cali:
730 1533 1046 1574 onlnnsndp-
1078 1534 1169 1574 alii
1204 1536 1385 1574 nlnrnc
1419 1536 1702 1574 nnhicmum
1734 1536 1810 1574 fg-
1841 1506 1890 1574 Β

218 1529 375 1599 vobis,
399 1540 536 1601 etc.,
568 1529 702 1588 satis
730 1533 1049 1591 commode:
1077 1534 1173 1591 alii
1204 1536 1386 1606 plures
1418 1529 1810 1593 nobiscum'la-

859 1669 1575 1682 -————-————I—-——
1597 1668 3500 1690 “Wo—“*—

632 1778 751 1864 IN
827 1780 1236 1867 LIBROS
1313 1774 1470 1866 DE
1546 1778 2325 1869 POENITENTIA
2402 1782 3115 1873 ADMONITIO.

288 2054 729 2130 Quandoquidem
754 2062 811 2115 ‘hi
827 2062 932 2116 duo
964 2061 1086 2116 libri
1111 2060 1353 2118 adversus
1380 2059 1706 2118 Nooat‘ianos
1732 2063 1913 2134 scripti
1935 2064 2100 2134 fuere,
2131 2066 2185 2117 u't
2216 2063 2473 2118 Ambrosii
2500 2064 2985 2133 consilium,operis
3006 2064 3137 2119 ordo
3165 2074 3319 2134 atque
3348 2063 3529 2131 series,

222 2154 289 2206 vis
310 2166 376 2208 ac
402 2159 614 2224 pondus
639 2164 1064 2226 argumentorum
1095 2156 1413 2227 percipiatur
1437 2157 1628 2212 minori
1660 2160 1883 2230 negotio,
1916 2171 2020 2211 non
2051 2157 2318 2229 ingratum
2343 2156 2524 2211 lectori
2548 2160 2779 2227 futurum
2825 2156 3091 2221 duximus,
3140 2157 3185 2209 si
3223 2157 3339 2223 eius
3372 2153 3539 2211 oculis

222 2250 350 2301 unde
389 2257 508 2301 orta
531 2249 596 2301 sit
616 2248 717 2301 illa
744 2248 978 2317 Iusresis,
1006 2262 1135 2320 quos
1190 2248 1427 2304 habuerit
1468 2264 1794 2320 progressus,
1827 2256 1990 2319 quone
2011 2249 2066 2303 in
2095 2258 2234 2304 statu
2262 2248 2441 2318 fuerit,
2480 2262 2599 2302 cum
2636 2249 2795 2303 iidem
2817 2247 2936 2302 libri
2962 2247 3381 2316 lacubrarentur,
3415 2260 3539 2318 pro-

226 2344 496 2405 portarunt.

289 2429 431 2483 ﬁcti
461 2438 583 2483 sunt
620 2427 902 2484 Nouatiani
929 2431 994 2484 ab
1019 2430 1315 2486 auctoribus
1342 2438 1496 2485 sectis
1520 2428 1724 2486 Novato
1750 2440 1795 2485 et
1824 2429 2145 2498 Horatiano,
2167 2446 2295 2502 quos
2324 2432 2456 2487 inter
2483 2447 2536 2486 se
2558 2444 2669 2485 cum
2694 2432 2925 2502 plerique
2952 2441 3175 2487 veterum
3198 2474 3213 2499 ,
3248 2442 3294 2487 et
3323 2431 3536 2488 Grteco-

224 2535 334 2574 rum
356 2521 651 2594 imprimis,
698 2521 834 2575 male
866 2522 1218 2594 confundant,
1254 2532 1527 2591 numquam
1560 2530 1662 2575 non
1698 2522 1969 2594 distinguit
2016 2520 2332 2575 Ambrosius.
2383 2518 2590 2574 Horum
2632 2522 2781 2591 prior
2819 2520 3242 2594 Carthaginensis
3285 2520 3538 2579 Ecclesiw

225 2611 486 2685 presbyter
512 2615 642 2682 fuit,
665 2626 947 2679 numquam
975 2627 1092 2668 vero
1116 2614 1183 2665 ad
1213 2613 1554 2682 episcopalem
1604 2613 1828 2680 pervenit
1869 2611 2205 2681 dignitatem;
2247 2624 2350 2682 qua
2379 2610 2433 2664 in
2456 2626 2511 2664 re
2533 2610 2811 2678 Bar‘onius,
2846 2608 3110 2679 Petavius,
3141 2610 3343 2668 Lubens
3368 2622 3414 2667 et
3444 2612 3537 2667 alii

229 2702 466 2757 nonnulli
496 2712 819 2757 erraverunt.
870 2700 925 2757 Is
948 2712 1058 2757 erat
1080 2705 1252 2757 animo
1281 2704 1503 2771 inquieto
1532 2712 1581 2757 et
1621 2704 1869 2756 scelerato
1888 2743 1904 2769 ,
1952 2719 2115 2772 neque
2150 2702 2218 2755 ad
2242 2701 2389 2755 aliud
2416 2702 2581 2774 magis
2621 2716 2773 2774 quam
2804 2702 2871 2756 ad
2898 2720 2979 2757 res
3008 2716 3166 2758 novas
3210 2716 3531 2775 comparato.

228 2791 369 2848 Idem
404 2811 467 2849 se
490 2796 832 2864 conjunzerat
877 2793 1222 2858 Felicissimo,
1257 2795 1346 2864 qui
1369 2794 1527 2864 lapsis
1566 2794 1619 2847 in
1640 2794 1994 2848 idololatriam
2026 2795 2173 2849 nulla
2212 2794 2458 2866 imposita
2504 2810 2657 2863 plena
2686 2794 3006 2850 reddendam
3053 2812 3229 2867 pacem
3264 2798 3539 2854 delirabat.

230 2886 385 2961 Cujus
411 2888 606 2943 ωτηοὶ
626 2886 1039 2959 quoplusculum
1060 2888 1354 2941 conciliaret
1384 2886 1708 2939 auctoritatis
1738 2894 1850 2938 eum
1876 2885 2022 2939 omni
2050 2896 2163 2939 arte
2204 2896 2357 2955 atque
2401 2885 2600 2938 ambitu
2640 2885 2903 2955 protrudit
2931 2886 3000 2940 ad
3040 2886 3402 2956 diaconatum,
3431 2900 3538 2942 non

231 2979 378 3034 modo
396 2997 506 3035 non
548 2990 806 3034 annuente
825 3020 840 3044 ,
870 2980 961 3033 sed
992 2995 1053 3032 ne
1087 2978 1320 3033 consulto
1354 2976 1562 3047 quidem
1602 2976 1830 3029 antistite
1848 2975 2020 3046 ipsius
2046 2974 2329 3045 Cypriano.
2358 2973 2501 3029 Huic
2528 2975 2751 3043 facinori
2776 2977 2881 3031 alia
2904 2980 3020 3029 tum
3043 2974 3405 3045 impudicin,
3430 2968 3539 3033 tum

230 3081 409 3132 atrocis
434 3075 759 3131 crudelitatis
787 3073 938 3146 plena
968 3075 1229 3129 cumulum
1255 3072 1591 3136 addiderunt,
1629 3081 1841 3142 propter
1869 3086 1983 3142 gate
2013 3070 2122 3124 dies
2157 3086 2188 3123 a
2215 3068 2465 3139 fratribus
2492 3069 2537 3122 ei
2584 3070 2753 3123 dictus
2792 3078 2868 3124 est
2897 3071 3040 3142 apud
3070 3070 3386 3144 Cyprianum
3405 3090 3424 3128 :
3450 3074 3541 3128 sed

230 3186 469 3229 reuocata
484 3186 582 3247 per
604 3175 661 3228 id
688 3175 929 3244 temporis
952 3174 1276 3246 persecutio,
1320 3188 1383 3225 ne
1422 3169 1641 3225 ulterius
1680 3170 1733 3223 in
1767 3168 2002 3223 eumdem
2030 3168 2400 3238 inquireretur,
2429 3165 2707 3236 prohibuit.
2733 3165 2879 3222 Usus
2902 3176 2968 3221 ea
3002 3171 3276 3225 occasione
3300 3168 3538 3227 Novatus

232 3262 451 3319 Romam
466 3265 742 3335 profugit;
761 3280 917 3333 eoque
937 3276 1056 3317 cum
1080 3263 1174 3316 sub
1203 3262 1325 3315 anni
1352 3259 1454 3315 251
1489 3252 1694 3313 initium
1721 3260 1960 3325 vertisset,
1981 3258 2178 3313 clerum
2198 3274 2259 3312 ac
2281 3257 2530 3328 populum
2550 3256 2622 3311 tbi
2641 3254 2856 3324 offendit
2884 3258 2950 3313 de
2974 3261 3274 3331 suﬁciendo
3295 3263 3539 3334 pontiﬁce

231 3355 280 3410 in
298 3358 472 3412 locum
502 3356 729 3413 Fabiani
755 3372 859 3411 non
885 3356 1083 3425 pridem
1113 3354 1361 3425 martyrio
1387 3351 1560 3420 affecti
1589 3352 1965 3408 dissentientes.

298 3449 486 3506 Divisa
512 3451 869 3506 Romanorum
896 3452 1070 3506 studia
1095 3452 1200 3505 duo
1227 3450 1509 3521 presbyteri
1533 3451 1587 3504 in
1618 3466 1672 3504 se
1700 3458 2067 3515 converterant,
2099 3447 2367 3504 Cornelius
2397 3457 2442 3502 et
2474 3447 2823 3503 Novatianus.
2866 3449 2973 3504 ﬂic
3002 3453 3280 3507 stoicorum
3311 3455 3543 3523 philoso.

236 3546 455 3617 phorum
478 3548 613 3601 scita
648 3547 1002 3617 proﬁtebatur,
1030 3548 1179 3600 homo
1200 3547 1434 3601 acerrimi
1465 3546 1678 3617 ingenii,
1710 3546 1999 3619 multijugto
2018 3545 2289 3611 doctrinm,
2323 3561 2415 3600 nec
2436 3546 2696 3614 facundiae
2712 3546 2940 3618 vulgaris
2964 3564 2981 3600 :
3003 3556 3179 3601 verum
3196 3558 3540 3619 praeterquam

232 3641 364 3710 quod
389 3641 704 3696 exorcismis
723 3642 978 3713 subjectus
1008 3644 1197 3712 fuerat,
1225 3650 1339 3696 eum
1365 3642 1417 3695 in
1441 3640 1569 3695 lecto
1599 3650 1811 3713 propter
1838 3640 2107 3695 adversam
2127 3641 2472 3695 ualetudinem
2498 3642 2815 3712 baptizatum
2845 3652 2992 3695 sacra
3011 3643 3251 3695 unctione
3274 3643 3547 3711 episcopus

228 3750 329 3789 non
348 3735 775 3805 'consignauerat.
815 3734 1076 3806 Neglectis
1094 3744 1274 3788 tamen
1298 3734 1436 3787 hisce
1464 3733 1767 3803 defectibus,
1798 3733 1966 3802 ipsum
1986 3733 2120 3787 idem
2152 3733 2345 3802 prtesul
2372 3732 2565 3786 honore
2585 3732 2895 3786 sacerdotali
2923 3731 3166 3801 dignatus
3196 3741 3302 3795 est;
3332 3732 3468 3786 unde
3490 3733 3545 3784 in

235 3832 413 3888 animis
434 3822 627 3900 populi
642 3831 792 3884 'haud
818 3838 1028 3900 parvam
1057 3828 1296 3883 evitavit
1321 3826 1670 3894 offensionem.
1700 3825 1883 3895 Itaque
1911 3838 2022 3879 cum
2047 3825 2101 3878 in
2120 3824 2422 3893 pontiﬁcem
2446 3826 2604 3892 plura
2625 3826 2951 3896 jnstioraqtte
2976 3821 3227 3894 suffragia
3249 3820 3544 3878 Cornelium

237 3923 552 3986 retulissent,
578 3920 748 3974 virum
771 3920 971 3974 eximite
991 3919 1211 3983 virtutis,
1238 3929 1390 3986 atque
1416 3918 1467 3970 in
1491 3916 1708 3987 singulis
1740 3913 1986 3969 Ecclesia:
2008 3915 2256 3987 gradibus
2283 3915 2639 3980 exercitatam,
2674 3912 2725 3967 Ν
2732 3915 2998 3967 ovatianus
3021 3915 3244 3983 repulsa:
3270 3916 3547 3984 impatiens

238 4010 535 4069 electionem
560 4013 708 4066 illam
734 4021 953 4066 euertere
980 4016 1153 4065 secum
1184 4011 1385 4065 statuit.
1417 4007 1531 4063 Hoc
1560 4010 1834 4078 inemptum
1862 4019 1921 4062 ut
1947 4007 2232 4078 perﬁceret,
2268 4011 2527 4073 famosum
2560 4007 2789 4085 libellum
2815 4009 3020 4076 scripsit
3048 4009 3101 4063 in
3122 4009 3414 4065 Cornelium
3440 4027 3457 4066 :
3484 4027 3545 4065 ac

240 4105 454 4175 denique
476 4105 857 4161 ordinationem
882 4109 995 4175 ejus
1021 4105 1213 4159 idcirco
1241 4104 1521 4177 legitimam
1549 4117 1658 4156 csse
1686 4103 1909 4175 negauit,
1971 4101 2110 4172 quod
2130 4116 2216 4155 eos
2258 4098 2579 4156 Christianos
2606 4103 2704 4171 qui
2748 4102 2973 4155 strvienli
3002 4105 3350 4172 persecutione
3393 4106 3548 4159 thura

239 4200 383 4256 idolis
406 4202 762 4268 adoleverant,
786 4217 817 4253 a
844 4212 941 4254 sua
964 4200 1321 4254 communione
1348 4212 1449 4252 non
1480 4197 1731 4269 rejiceret.
1764 4195 1989 4251 Pellemit
2012 4196 2068 4250 in
2093 4196 2373 4266 factionem
2397 4208 2543 4250 suam
2575 4202 2680 4251 non
2702 4212 2895 4267 paucos
2922 4215 2949 4253 e
2970 4199 3163 4269 populo
3184 4216 3201 4253 :
3222 4215 3373 4270 quam
3393 4217 3546 4255 occa-

241 4294 426 4350 sionem
445 4294 689 4349 Novatus
710 4292 861 4347 rebus
884 4293 993 4346 suis
1019 4301 1363 4362 opportunam
1394 4298 1560 4353 ratus,
1594 4287 1644 4341 Ν
1653 4289 1894 4342 ovatiano
1914 4302 1969 4341 se
1997 4287 2333 4352 mancipauit.
2360 4284 2529 4358 Igitur
2552 4297 2612 4340 ut
2644 4300 2738 4355 pro
2762 4287 2898 4341 virili
2950 4299 3276 4357 promoveret
3311 4289 3545 4363 ejusdem

244 4396 426 4455 partes,
455 4388 511 4440 id
530 4384 951 4440 reclinis-suisea
970 4392 1300 4448 consecutus,
1324 4393 1376 4437 ut
1405 4382 1496 4435 ille
1517 4397 1547 4434 a
1576 4380 1738 4435 tribus
1762 4381 2030 4451 episcopis,
2058 4396 2185 4451 quos
2200 4382 2356 4435 rudes
2386 4389 2432 4435 et
2458 4381 2717 4452 simplices
2733 4380 2795 4435 ab
2818 4382 3353 4452 exigua’etoilissima
3371 4382 3546 4438 Italitc

243 4492 381 4550 parte
408 4483 597 4535 att-hoc
621 4481 896 4544 exciverat,
921 4478 1252 4533 ordinaretur
1287 4478 1341 4531 in
1384 4477 1711 4549 pontiﬁcem;
1741 4476 1876 4530 unde
1907 4483 2012 4530 tum
2044 4477 2269 4545 primum
2288 4477 2551 4547 antipapte
2592 4490 2777 4532 nomen
2818 4494 2850 4532 a
2875 4479 3155 4533 constituta
3193 4478 3383 4535 Christi
3426 4478 3549 4533 reli-

244 4570 385 4639 gione
410 4571 737 4642 incognitum
767 4568 940 4623 audiri
963 4568 1134 4638 carpit.
1157 4567 1548 4622 Ordinationem
1564 4582 1710 4620 suam
1737 4566 1874 4621 datis
1895 4562 2087 4622 litteris
2113 4568 2382 4649 missisque
2408 4568 2590 4641 legatis
2614 4569 2875 4641 Africana:
2901 4581 3052 4642 atque
3080 4569 3333 4626 Orientali
3360 4568 3549 4627 Eccle-

244 4659 691 4734 siasigniﬁc‘uoit:
713 4660 890 4714 sed'ea
912 4658 1095 4730 ubique
1122 4659 1390 4729 repudiata
1416 4666 1511 4711 est.
3036 4702 3043 4713 ,

313 4749 532 4807 Interim
544 4762 613 4805 rut
650 4749 899 4805 invidiam
920 4750 1156 4805 Cornelio
1177 4750 1405 4819 conﬂare
1420 4758 1671 4821 pergeret,
1702 4765 1764 4802 ac
1794 4748 1889 4802 sibi
1904 4750 2269 4804 auctoritatem
2290 4751 2512 4820 quodam
2541 4752 2833 4821 disciplinae
2852 4758 2975 4825 fuco
3002 4766 3347 4827 compararet,
3380 4757 3533 4813 doce-

248 4840 695 4914 bat'ea‘potestate
729 4860 904 4899 carere
929 4842 1216 4898 Ecclesium
1239 4859 1342 4911 qua
1363 4844 1648 4911 lapsorum,
1674 4857 1803 4911 quos
1826 4842 1896 4894 'in
1920 4840 2288 4897 'Liheliaticos
2310 4883 2325 4908 ,
2357 4842 2787 4901 Thmlﬂcatores
2812 4890 2826 4914 ,
2857 4857 2907 4901 et
2940 4834 3229 4917 Apostatas
3254 4850 3540 4921 distingue-

250 4932 393 5003 bant,
424 4938 623 4992 crimen
653 4936 1025 5002 dimitteretur,
1059 4953 1174 4989 cum
1201 4946 1367 4989 tamen
1395 4935 1599 4989 eosdem
1628 4934 1697 4986 ad
1724 4935 2035 5006 paenitentia:
2063 4950 2220 5003 Opera
2244 4933 2594 4990 exhortandos
2625 4954 2731 4992 esse
2762 4942 3060 5011 neutiquam
3099 4950 3325 5014 negaret.
3358 4940 3541 5002 Primo

249 5028 446 5095 quidem
472 5032 559 5087 isti
585 5030 679 5085 Itos
700 5032 835 5085 intra
860 5031 989 5100 ﬁnes
1010 5047 1065 5085 se
1085 5030 1431 5084 continebant.
1466 5027 1571 5083 Sed
1596 5044 1712 5080 cum
1734 5027 1924 5081 acriter
1956 5035 2305 5096 premerentur
2329 5042 2360 5079 a
2384 5025 2653 5098 'Cypriano
2682 5038 2730 5083 et
2750 5031 2868 5085 aliis
2897 5030 3162 5097 Patribus,
3192 5037 3281 5106 qui
3308 5052 3410 5090 non
3435 5038 3548 5093 sine

250 5140 448 5182 summa
465 5126 666 5199 injuria
686 5143 839 5194 quam
867 5127 1066 5180 veniam
1090 5124 1432 5179 atrocioribus
1456 5123 1697 5192 peccatis,
1724 5128 1847 5191 puta
1867 5120 2180 5186 homicidio,
2204 5130 2249 5173 et
2271 5119 2528 5174 adulterio
2557 5121 2922 5189 concedebant,
2952 5124 3097 5178 illam
3123 5125 3246 5180 solis
3277 5127 3438 5199 lapsis
3460 5146 3551 5186 ne-

250 5219 356 5287 gari
382 5218 831 5284 demonstrabant;
869 5235 928 5272 eo
955 5218 1172 5285 denique
1199 5215 1459 5285 compulsi
1484 5224 1633 5281 sunt,
1666 5224 1722 5267 ut
1750 5223 1961 5283 peccata
1990 5214 2164 5267 omnia
2182 5214 2561 5269 *contenderent
2594 5231 2740 5286 wque
2781 5230 2890 5271 esse
2916 5217 3313 5274 irremissibilia.
3352 5219 3550 5279 Puduit

250 5316 411 5365 tamen
447 5328 623 5366 eorum
647 5319 920 5365 sectatores
952 5310 1108 5379 hujus
1134 5313 1406 5376 amentiw;
1435 5319 1609 5378 Postea
1638 5307 1772 5362 enim
1809 5323 1911 5363 non
1936 5308 2146 5379 defuere
2166 5348 2181 5374 ,
2212 5308 2299 5378 qui
2328 5308 2462 5364 hanc
2487 5310 2790 5364 sententiam
2820 5310 2889 5364 ad
2926 5312 3037 5366 sola
3069 5314 3309 5385 graviora
3334 5319 3553 5376 crimina

252 5405 532 5459 restrictum
557 5403 760 5458 vellent.

322 5499 507 5552 Arrisit
540 5498 778 5567 plurimis
806 5497 1090 5551 severitatis
1114 5495 1210 5550 illa
1232 5496 1439 5568 species,
1468 5495 1698 5564 breuique
1724 5509 1787 5548 ea:
1815 5493 1893 5548 Itis
1923 5502 2062 5549 secta
2094 5510 2368 5549 numerosa
2395 5496 2715 5563 coalescens,
2748 5508 2801 5550 ut
2832 5497 2896 5550 ab
2936 5498 3241 5555 orthodoxis
3263 5502 3559 5576 distingue-

200 5584 208 5619 ³
255 5602 413 5657 retur,
436 5593 533 5647 sibi
559 5592 887 5646 vanissimam
908 5593 1166 5669 Καθαρῶν,
1198 5589 1253 5643 id
1282 5600 1378 5652 est,
1407 5587 1716 5643 mundorum
1736 5603 1918 5642 nomen
1945 5587 2229 5659 arrogavit.
2265 5587 2640 5659 EpiscOporum
2667 5589 2897 5657 ejusdem
2924 5602 3074 5647 sectte
3092 5594 3327 5664 amplum
3351 5602 3559 5658 catalo-

258 5702 374 5756 gum
397 5702 583 5757 magna
608 5700 725 5739 cum
748 5684 899 5738 laude
921 5685 1043 5738 texit
1069 5682 1307 5738 Socrates
1330 5680 1470 5755 (Lib.
1495 5697 1546 5736 tv
1574 5680 1713 5737 Hist.
1738 5697 1852 5752 cap.
1872 5680 1986 5751 21).
2009 5678 2262 5735 Describit
2286 5681 2436 5734 etiam
2458 5689 2694 5751 suscepta
2719 5682 2783 5735 ab
2805 5684 3037 5753 ejusdem
3060 5688 3435 5757 professoribus
3456 5690 3562 5764 pro

261 5782 445 5837 (.ltristi
474 5783 744 5839 divinitate
770 5783 1068 5849 certamina,
1103 5795 1382 5850 eorumque
1406 5789 1511 5834 tam
1533 5779 1729 5834 claram
1758 5779 1811 5833 in
1838 5778 2111 5849 suppliciis
2141 5776 2483 5831 constantiam
2511 5777 2673 5848 fuisse
2700 5779 2857 5835 tradit
2878 5820 2894 5849 ,
2926 5789 2983 5838 ut
3017 5797 3078 5840 ea
3103 5782 3301 5841 inducti
3327 5785 3427 5857 ipsi
3448 5786 3572 5849 Ca-
