3946 6180
394 262 500 319 465
1771 245 2014 306 SANCTI
2055 243 2377 302 AMBROSII
3584 231 3695 288 .564

388 378 594 446 tholici,
631 392 805 449 preces
837 391 952 430 cum
982 375 1088 430 illis
1113 372 1166 426 in
1199 372 1402 441 templis
1425 368 1654 440 ipsorum
1696 375 1935 437 optarent
1964 364 2185 418 sociare.
2219 361 2349 429 Qua:
2376 357 2583 430 quidem
2614 356 2915 411 haberemus
2946 356 3117 409 minus
3146 357 3401 421 suspecta,
3432 349 3475 404 si
3506 365 3538 402 a
3565 348 3691 402 scri-

386 481 535 545 ptore
560 443 717 527 ineas
747 478 918 540 partes
945 484 1049 522 non
1077 476 1179 520 tam
1210 480 1465 537 prapenso
1490 461 1957 533 proficiscerentur.
1992 452 2125 512 Eam
2151 455 2386 510 hmresim
2411 452 2613 506 diversa
2635 450 2857 505 concilia
2876 448 3311 519 proscripserunt,
3334 454 3381 499 et
3401 444 3524 515 quid
3545 444 3599 497 in
3629 443 3692 496 iis

387 538 477 637 qui
500 565 722 619 redirent
746 538 816 616 ad
850 559 1156 626 Ecclesiam,
1181 557 1492 613 servandum
1519 562 1669 621 esset,
1700 561 2073 624 praeceperunt.
2106 548 2352 617 Quamvis
2381 556 2553 601 autem
2581 544 2636 598 in
2664 544 2808 598 illam
2833 540 3050 617 Patrum
3073 538 3411 594 eruditissimi
3439 538 3691 592 calamum

389 635 719 718 strinxerint,
742 653 855 723 ipsa
876 664 1045 707 tamen
1075 663 1167 721 per
1194 666 1373 705 omnes
1402 652 1563 721 [erute
1587 645 1871 702 Christiani
1898 643 2034 698 orbis
2063 642 2245 714 plagas
2276 648 2568 715 pr0pagata
2597 637 2883 692 diutissime
2907 635 3264 707 perseveravit.

459 744 711 803 Eamdem
738 721 832 799 hoc
859 743 915 798 in
939 751 1077 798 statu
1104 739 1324 808 o/Tendit
1353 738 1679 805 Ambrosius,
1699 752 1817 790 cum
1838 735 2009 805 ipsam
2036 732 2175 787 hisce
2195 730 2395 785 duobus
2422 729 2569 785 libris
2594 743 2869 801 aggressus
2890 735 2960 781 est
2981 723 3137 798 (Cap.
3168 724 3244 795 1).
3272 722 3507 778 Primum
3537 721 3697 794 aptis-

384 842 513 896 sime
532 855 563 892 a
587 835 977 903 moderationis,
1005 850 1161 905 quam
1185 833 1238 888 in
1263 831 1573 888 Novatianis
1599 825 1887 883 desiderari
1917 832 2112 880 certum
2137 830 2265 889 erat,
2296 819 2741 875 commendatione
2760 819 2981 873 orditur.
3006 815 3141 871 Tum
3163 815 3487 870 commissam
3517 811 3697 869 Eccle-

388 933 480 988 sia:
506 930 780 987 criminum
806 925 1146 1000 quorumlibet
1176 923 1604 981 absolvendorum
1635 928 1937 989 potestatem
1959 915 2146 970 astruit
2170 911 2323 984 (Cap.
2352 911 2437 981 Ξ),
2469 909 2638 965 Deum
2661 908 2730 963 ad
2758 908 3080 964 clementiam
3104 923 3259 978 quam
3283 907 3351 961 ad
3377 905 3697 961 severitatem

387 1023 554 1097 magis
582 1035 893 1094 propensum
917 1034 1025 1075 esse
1051 1017 1411 1072 demonstrans
1446 1011 1601 1085 (Cap.
1643 1010 1679 1065 5
1709 1018 1754 1065 et
1775 1008 1856 1079 4).
1912 1007 2101 1061 Postea
2134 1019 2253 1060 vero
2285 1003 2369 1058 ubi
2410 1000 2689 1076 objectioni
2714 1019 2746 1055 a
2772 1000 2948 1097 divina
2953 999 3390 1097 “immutabilitate
3416 1000 3586 1069 petita:
3608 1017 3699 1054 sa-

389 1088 758 1189 tisfecithap.
777 1111 853 1184 5),
872 1111 1000 1184 ipsis
1023 1108 1248 1164 vicissim
1278 1125 1305 1163 e
1329 1106 1484 1162 variis
1507 1103 1796 1175 Scriptura:
1825 1096 2154 1164 testimoniis,
2181 1110 2243 1149 ac
2269 1093 2594 1165 potissimum
2620 1106 2683 1189 ex
2702 1090 2919 1189 eo‘quod
2942 1088 3103 1189 [tetra
3131 1090 3252 1189 cali
3268 1090 3433 1145 claves
3464 1089 3701 1145 Christus

387 1178 623 1282 promisit
892 1178 965 1259 52
1005 1213 1054 1259 et
1076 1203 1211 1273 55),
1251 1200 1439 1255 acriter
1466 1198 1646 1252 instat.
1694 1191 1793 1247 His
1823 1191 1931 1246 alia
1957 1197 2217 1245 momenta
2243 1201 2307 1240 ex
2348 1199 2528 1240 eorum
2558 1181 2828 1282 principiis
2851 1178 3186 1282 moribusque
3216 1180 3491 1282 desumpta
3520 1180 3701 1254 jungit

388 1273 547 1376 (Cap.
576 1273 812 1373 8).‘Mox
838 1300 908 1354 ad
933 1299 1065 1353 alias
1094 1296 1405 1368 objectiones
1428 1292 1650 1365 gradum
1666 1288 1863 1360 faciens
1890 1284 2042 1358 (Cap.
2069 1284 2152 1355 9),
2180 1280 2405 1336 maxime
2431 1279 2485 1376 in
2516 1294 2576 1332 co
2605 1274 3055 1376 refellendo-quod
3079 1273 3145 1376 de
3166 1282 3373 1376 peccato
3488 1283 3703 1376 mortem

385 1364 737 1461 venditabant,
769 1400 1005 1448 moratur
1030 1364 1182 1463 (Cap.
1209 1386 1335 1459 10);
1367 1364 1667 1454 ostensoque
1698 1379 1990 1434 doctrinam
2015 1373 2361 1431 orthodoxam
2389 1386 2425 1463 ιι
2444 1366 2653 1463 oon—ne
2680 1366 3015 1463 lfvangelista
3040 1365 3367 1463 clare-asseri
3387 1364 3538 1463 (Cap.
3570 1364 3666 1463 11.)
3684 1408 3701 1432 ,

387 1486 564 1557 {utilia
592 1456 766 1541 eorum
797 1456 1048 1553 responsa
1076 1456 1290 1552 prorsus
1319 1475 1493 1531 evertit
1522 1472 1675 1543 (Cap.
1701 1469 1813 1541 12).
1844 1467 2115 1522 Postremo
2140 1481 2206 1519 ex
2228 1461 2481 1519 Corinthii
2501 1477 2534 1514 α
2564 1457 2738 1514 Paulo
2764 1458 3013 1557 separati,
3037 1473 3099 1512 ac
3121 1457 3307 1513 deinde
3334 1457 3496 1513 sacris
3516 1456 3706 1515 redditi

390 1549 603 1635 historia
633 1549 1013 1631 validissimum
1035 1549 1394 1642 conﬁrmando
1419 1565 1675 1621 catholico
1704 1562 1936 1635 dogmati
1962 1560 2105 1615 ducit
2133 1566 2495 1632 argumentum
2525 1553 2682 1629 (Cap.
2706 1552 2776 1609 l5
2804 1561 2852 1607 et
2873 1549 3030 1624 seq.),

462 1670 529 1726 In
551 1671 716 1725 altero
747 1668 877 1723 libro
894 1666 1049 1738 (Cap.
1077 1663 1132 1736 1)
1164 1673 1436 1734 postquam
1461 1659 1640 1727 docuit
1665 1655 1886 1711 sollicite
1910 1669 1971 1707 ac
1998 1661 2199 1706 mature
2223 1647 2474 1720 agendam
2498 1661 2607 1701 esse
2629 1643 3002 1716 paenitentiam,
3033 1644 3297 1716 prwcipua
3325 1643 3427 1699 duo
3450 1644 3706 1701 Novatia—

389 1782 577 1826 norum
604 1762 849 1837 praesidia
872 1763 1166 1833 impugnat.
1195 1756 1434 1812 Primum
1456 1753 1612 1827 (Cap.
1639 1752 1676 1807 2
1701 1761 1747 1806 et
1776 1751 1833 1820 5)
1863 1749 1969 1804 illis
1997 1744 2397 1820 suppeditabant
2425 1741 2665 1815 Apostoli
2696 1740 2849 1796 verba
2885 1757 2971 1797 eos
2997 1741 3085 1806 qui
3115 1740 3249 1812 lapsi
3273 1750 3440 1796 essent
3466 1743 3708 1797 renovari

387 1876 491 1916 non
529 1833 679 1932 posse
702 1857 772 1912 ad
799 1854 1147 1929 paenitentiam
1174 1848 1512 1906 asseverantis
1534 1864 1554 1902 :
1594 1846 1878 1903 secundum
1906 1858 2023 1898 vero
2061 1840 2218 1912 (Cap.
2243 1838 2301 1909 4)
2342 1837 2502 1892 iidem
2549 1835 2919 1890 mutuabantur
2944 1850 3009 1889 ex
3031 1833 3253 1889 Joannis
3279 1833 3589 1907 Evangelio,
3622 1835 3707 1891 ubi

385 1929 575 2010 dicitur
600 1959 863 2022 peccatum
890 1949 944 2003 in
974 1947 1233 2017 Spiritum
1261 1951 1495 2000 sanctum
1523 1955 1682 2010 neque
1706 1939 1761 1994 in
1792 1939 1888 1992 hoc
1914 1950 2076 2008 neque
2112 1934 2166 1988 in
2198 1935 2375 2006 futuro
2402 1931 2593 1986 stcculo
2619 1929 3004 1984 dimittendum.
3042 1929 3324 2001 Utramque
3365 1940 3536 1985 autem
3566 1930 3706 2002 dini-

383 2046 629 2100 cultatem
658 2060 717 2098 ea
736 2044 785 2098 vi
816 2042 1073 2097 rationum
1099 2047 1286 2095 tractat
1311 2048 1357 2094 et
1387 2036 1576 2104 diluit,
1608 2051 1721 2105 qua:
1744 2033 1962 2104 posteris
1992 2030 2242 2101 theologis
2270 2044 2400 2098 pene
2428 2026 2663 2082 omnibus
2694 2026 2860 2097 facem
2890 2026 2947 2081 in
2972 2028 3053 2082 his
3079 2028 3337 2082 solvendis
3360 2027 3666 2097 pra'luxerit
3688 2067 3705 2095 ,

382 2143 442 2190 ut
470 2150 563 2189 nos
591 2133 698 2188 suis
726 2133 852 2187 locis
881 2130 1279 2187 observavimus.
1311 2127 1503 2183 Probat
1534 2126 1754 2196 denique
1774 2125 1835 2179 ab
1858 2124 1987 2196 ipsis
2009 2131 2304 2196 peccatores
2328 2120 2396 2175 ad
2418 2120 2661 2191 baptismi
2689 2122 3038 2193 repetitionem
3067 2121 3250 2175 induci
3278 2118 3432 2192 (Cap.
3465 2121 3523 2188 5,
3559 2136 3704 2177 num.

381 2222 502 2297 56),
532 2234 587 2279 ut
618 2227 728 2297 ejus
757 2222 1001 2292 beneﬁcio
1026 2221 1244 2286 veniam,
1272 2235 1427 2290 quam
1453 2217 1764 2290 paenitentiae
1788 2215 2027 2288 operibus
2052 2214 2330 2287 negabant,
2363 2223 2786 2284 assequerentur;
2809 2230 2928 2268 cum
2955 2215 3176 2285 apostoli
3210 2231 3237 2269 e
3263 2215 3527 2269 contrario
3560 2214 3710 2269 nobis

387 2316 664 2372 criminum
686 2315 885 2371 veniam
915 2330 1167 2384 nusquam
1192 2330 1294 2368 non
1322 2313 1642 2384 promittant.
1672 2311 1808 2368 [line
1828 2308 2152 2368 occasionem
2178 2318 2362 2365 nactus
2380 2351 2394 2376 ,
2424 2308 2747 2365 Christianos
2771 2309 2952 2365 invitat
2977 2310 3131 2382 (Cap.
3157 2308 3213 2382 6)
3234 2311 3304 2365 ad
3327 2311 3705 2380 paenitentiam,

384 2414 537 2484 cujus
562 2418 610 2465 et
646 2419 813 2481 partes
838 2409 1073 2482 singulas
1098 2408 1470 2478 qualitatesque
1502 2407 1670 2462 oculis
1707 2406 1935 2478 subiicit.
1970 2404 2225 2478 Adjungit
2253 2408 2365 2477 fore
2394 2413 2449 2458 ut
2477 2402 2716 2459 Christus
2760 2419 2937 2458 eorum
2973 2404 3217 2475 lacrymis
3244 2419 3335 2458 nec
3373 2419 3479 2459 non
3523 2404 3712 2459 matris

384 2498 636 2557 Ecclesiae
661 2499 894 2573 precibus
924 2508 1110 2562 motus,
1139 2497 1207 2553 ad
1230 2514 1314 2553 eos
1343 2498 1554 2578 accedat
1582 2498 1869 2570 spiritalem
1898 2497 2328 2552 resurrectionem
2358 2503 2689 2568 operaturus,
2715 2496 2867 2566 cujus
2889 2495 3113 2566 formam
3133 2496 3187 2550 iu
3216 2493 3420 2551 Lazaro
3452 2496 3714 2552 exstitisse

382 2604 634 2651 memorat
658 2594 812 2666 (Cap.
838 2591 917 2665 7).
938 2592 1343 2649 Suscitationem
1369 2596 1485 2667 ejus
1504 2592 1638 2646 sicut
1658 2601 1705 2646 et
1733 2591 2041 2657 convivium,
2063 2589 2150 2643 cui
2176 2604 2283 2643 una
2312 2604 2431 2642 cum
2459 2585 2679 2641 Domino
2708 2585 2847 2640 idem
2872 2586 3140 2651 interfuit,
3178 2595 3358 2641 contra
3384 2584 3712 2643 Novatianos

384 2690 711 2761 prepositum
731 2685 1026 2755 conﬁrmat,
1050 2685 1210 2740 venia:
1237 2701 1338 2755 qua
1366 2683 1693 2739 Corinthium
1712 2682 1922 2738 donavit
1952 2681 2179 2746 Paulus,
2212 2681 2446 2752 exemplo
2473 2681 2657 2734 iterum
2677 2679 2929 2735 adhibito.
2963 2678 3072 2737 Sub
3108 2679 3219 2735 hac
3248 2681 3423 2735 oculos
3444 2682 3502 2736 in
3521 2699 3579 2737 se
3604 2684 3712 2755 ipse

383 2782 652 2852 reﬂectens
679 2778 831 2851 (Cap.
855 2776 908 2842 8,
934 2792 1076 2831 num.
1095 2776 1163 2833 67
1177 2785 1223 2829 et
1235 2776 1393 2847 seq.),
1412 2786 1468 2830 ut
1485 2775 1580 2830 sibi
1604 2778 1752 2830 detur
1776 2783 1822 2829 et
1842 2764 2191 2829 a'commissis
2215 2773 2438 2845 prapriis
2454 2771 2732 2837 absolutio,
2756 2781 2805 2827 et
2828 2772 3206 2827 commiseratio
3224 2772 3276 2826 in
3288 2773 3493 2839 alienis,
3516 2784 3711 2842 quanta

383 2872 613 2927 maxima
639 2877 802 2942 potest
831 2867 993 2921 animi
1020 2866 1362 2922 submissione
1380 2865 1544 2922 Deum
1570 2875 1827 2939 precatur.
1851 2865 1933 2919 Ad
1956 2864 2199 2920 ultimum
2217 2864 2446 2919 excussis
2468 2878 2582 2934 qua:
2611 2864 2751 2917 circa
2771 2864 3122 2935 paenitentiam
3142 2864 3381 2937 obrepere
3404 2864 3607 2933 solent,
3637 2866 3712 2921 vi-

385 2964 489 3019 tiis‘
503 2960 655 3034 (Cap.
688 2959 724 3016 9
748 2968 796 3015 et
817 2956 975 3027 seq.),
1007 2966 1058 3012 et
1078 2967 1472 3031 prtemonstrata
1498 2973 1614 3029 qua:
1637 2958 1691 3013 in
1712 2957 1950 3031 eligendo
1976 2956 2044 3012 ad
2065 2957 2327 3029 publicam
2357 2955 2711 3028 pwnitentiam
2739 2969 2965 3030 tempore
2990 2958 3311 3016 observanda
3329 2960 3418 3030 sit,
3443 2960 3707 3028 cautione,

388 3056 589 3112 librum
614 3054 855 3110 absolvit.

462 3150 633 3205 Porro
654 3148 792 3219 quod
827 3148 896 3202 ad
932 3157 1132 3220 temmts
1150 3147 1307 3222 hujus
1335 3147 1508 3220 operis
1528 3188 1543 3213 ,
1576 3147 1722 3203 nobis
1752 3147 1986 3202 videmur
2008 3147 2140 3203 illud
2172 3163 2273 3202 non
2307 3147 2631 3204 incommode
2668 3163 2731 3203 ex
2760 3147 2886 3203 locis
2916 3146 3117 3202 duobus
3147 3146 3284 3201 inter
3321 3162 3375 3202 se
3398 3148 3712 3219 comparatis

385 3243 629 3316 colligere
656 3257 841 3313 posse,
874 3240 1117 3296 nimirum
1141 3257 1208 3297 ex
1235 3241 1343 3296 illis
1368 3240 1534 3296 verbis
1553 3281 1570 3308 ,
1603 3240 1673 3296 de
1702 3239 2036 3297 Ptnnilentia
2072 3240 2214 3297 duos
2248 3240 2361 3311 jam
2403 3242 2607 3298 dudum
2638 3242 2834 3314 scripsi
2864 3242 3113 3309 libellos,
3148 3258 3263 3314 qua:
3299 3242 3355 3297 in
3375 3242 3711 3315 Expositione

388 3334 575 3407 psalmi
605 3346 791 3388 xxxvu
818 3348 973 3403 quam
990 3348 1131 3387 anno
1154 3332 1260 3389 595
1283 3332 1530 3404 scriptam
1558 3330 1873 3387 ostendimus
1894 3330 2083 3403 (Nunt.
2117 3331 2203 3402 1),
2235 3332 2517 3401 habentur;
2544 3341 2593 3389 et
2621 3349 2685 3388 ex
2714 3350 2772 3389 eo
2813 3333 2952 3405 quod
2979 3335 3054 3387 ait
3084 3334 3530 3389 commentationis
3555 3335 3713 3405 hujus

386 3429 480 3485 lib.
507 3444 564 3485 ιιι
589 3428 889 3485 Pcccamus
912 3438 969 3483 et
989 3441 1091 3482 nos
1120 3426 1366 3483 seniores
1388 3426 1539 3497 (Cap.
1565 3425 1621 3492 8,
1645 3442 1788 3480 num.
1813 3425 1929 3495 74),
1959 3426 2182 3480 maxime
2204 3440 2322 3481 vero
2344 3442 2371 3481 e
2398 3427 2748 3499 superioribus
2774 3427 2907 3493 istis,
2942 3426 3058 3499 Ego
3073 3426 3319 3483 laborem
3343 3427 3582 3499 aliquem
3614 3441 3711 3499 pro
3814 3420 3821 3425 ’

383 3531 578 3581 sancta
608 3522 862 3579 Ecclesia
890 3531 981 3577 tua
1006 3520 1224 3591 suscepi
1253 3518 1442 3592 (Num.
1479 3518 1595 3592 75).
1635 3519 1839 3574 Etenim
1878 3535 1994 3574 cum
2018 3518 2116 3575 hoc
2150 3520 2331 3575 ultimo
2368 3521 2481 3575 loco
2511 3521 2775 3593 publicum
2802 3522 3062 3590 laborem,
3093 3540 3156 3577 ac
3184 3523 3375 3577 nemini
3404 3539 3509 3579 non
3536 3534 3712 3579 notum

385 3621 647 3695 designari
675 3620 891 3675 dubium
910 3636 1015 3675 non
1036 3619 1133 3684 sit,
1158 3634 1275 3674 eum
1295 3618 1359 3672 de
1381 3617 1657 3672 certamine
1679 3617 1758 3671 vel
1784 3617 1841 3670 in
1869 3614 2138 3670 Justitiam
2166 3614 2484 3671 Arianorum
2513 3616 2930 3689 antesignanum,
2960 3617 3042 3673 vel
3064 3618 3120 3671 in
3147 3616 3519 3688 Symmachum
3540 3616 3712 3673 idolo-

387 3730 510 3770 rum
528 3725 965 3787 propugnatorem
990 3722 1227 3782 suscepto
1252 3720 1451 3783 oportet
1471 3709 1711 3780 intelligi.
1743 3707 2066 3781 Quapropter
2093 3708 2457 3763 intermedium
2475 3709 2701 3780 aliquem
2722 3725 2916 3765 annum
2941 3708 3113 3766 eidem
3131 3707 3254 3763 huic
3280 3709 3422 3781 operi
3441 3709 3711 3782 assignan-

387 3807 517 3861 dum
543 3814 767 3872 constat,
791 3808 923 3876 {orte
942 3802 1079 3871 584;
1109 3803 1169 3874 ﬁt
1193 3804 1328 3858 enim
1350 3818 1411 3857 ea
1440 3807 1640 3858 ratione
1663 3811 1718 3856 ut
1737 3810 1958 3856 vertente
1986 3799 2115 3870 595,
2151 3799 2243 3856 Vir
2262 3812 2471 3858 sanctus
2501 3802 2675 3858 dicere
2696 3803 2940 3874 potuerit,
2963 3801 3083 3859 Jam
3112 3802 3315 3858 dudum
3346 3804 3567 3873 scripsi.

462 3895 659 3951 Ultima
680 3896 791 3950 hac
818 3894 970 3950 verba
996 3894 1123 3949 satis
1149 3894 1388 3966 aperiunt
1408 3894 1619 3947 cuinam
1640 3892 1841 3947 auctori
1877 3891 2151 3947 tribuenda
2175 3892 2241 3947 sit
2262 3909 2324 3947 ea
2364 3893 2727 3949 commentatio
2754 3909 2773 3947 :
2800 3893 2892 3948 sed
2922 3895 3061 3966 quod
3092 3895 3147 3949 in
3175 3894 3410 3966 ejusdem
3441 3895 3583 3951 lib."
3617 3910 3708 3948 ra-

386 4005 533 4065 ptum
554 4010 609 4049 se
631 4011 663 4048 a
693 3992 1061 4059 tribunalibus,
1091 4008 1152 4047 ac
1175 4009 1269 4065 pro
1291 3992 1528 4048 Ecclesia
1554 3993 1783 4048 laborem
1812 3993 2098 4061 suscepisse
2118 3993 2368 4065 loquitur,
2393 3993 2492 4048 hoc
2512 4000 2619 4048 tam
2647 3991 3045 4047 Ambrosianum
3074 3999 3168 4056 est,
3194 4000 3250 4045 ut
3281 3989 3498 4046 Petrum
3524 3990 3707 4046 Solum

387 4080 533 4143 (Lib.
562 4085 696 4143 Inst.
722 4086 943 4144 Sacerd.
987 4087 1053 4141 de
1080 4085 1294 4143 Necess.
1337 4086 1570 4156 Confess.
1596 4086 1742 4144 Lect.
1773 4085 1830 4157 9)
1860 4086 2181 4142 vehementer
2206 4086 2453 4140 miremur
2487 4086 2543 4139 id
2570 4086 2741 4157 operis
2776 4084 2989 4141 Doctori
3012 4092 3195 4140 nostro
3224 4092 3455 4156 ereptum
3484 4081 3707 4138 voluisse

389 4189 598 4253 propter
619 4196 705 4236 eos
736 4180 898 4247 locos,
924 4177 1109 4250 quibus
1131 4189 1185 4233 ut
1214 4179 1381 4234 eidem
1409 4179 1512 4251 ipsi
1535 4180 1849 4243 ascribatur,
1880 4178 2183 4250 persuaderi
2210 4194 2356 4234 nemo
2385 4196 2487 4234 non
2515 4178 2715 4234 debeat.
2746 4178 2855 4235 Sed
2875 4182 2988 4253 ejus
3011 4178 3233 4233 rationes
3253 4219 3269 4246 ,
3298 4179 3343 4232 si
3378 4177 3506 4232 tanti
3536 4181 3705 4233 erunt.

387 4288 484 4328 suo
504 4283 730 4340 tempore
758 4271 1117 4326 discutiemus.
1146 4269 1251 4325 Hic
1271 4280 1445 4325 autem
1464 4270 1519 4324 id
1540 4287 1703 4324 unum
1736 4270 2065 4340 adjiciemus,
2094 4270 2319 4345 August.
2347 4271 2555 4327 eosdem
2575 4271 2734 4328 libros
2755 4280 3016 4343 tamquam
3036 4287 3152 4328 vere
3178 4270 3418 4326 Ambros.
3435 4270 3626 4325 iterum
3644 4283 3704 4323 at:

388 4364 538 4421 tertio
562 4363 770 4418 citantis
793 4361 932 4434 (Lib.
959 4362 1024 4417 de
1052 4360 1263 4416 Peccat.
1293 4365 1427 4433 orig.
1460 4378 1574 4435 cap.
1608 4362 1700 4428 5i,
1726 4361 1816 4416 lib.
1846 4377 1884 4416 ιι
1913 4372 2051 4417 cont.
2081 4362 2290 4421 Julian.
2322 4382 2441 4437 cap.
2472 4364 2506 4420 5
2526 4374 2571 4420 et
2600 4363 2665 4431 9,
2694 4373 2742 4419 et
2769 4364 2858 4419 lib.
2885 4380 2938 4420 IV
2960 4374 3141 4419 contra
3159 4362 3290 4417 duas
3311 4360 3485 4433 Epist.
3518 4358 3700 4430 Pelag.

391 4475 510 4530 cap.
545 4457 634 4528 11)
666 4457 745 4512 vel
773 4455 939 4511 solam
963 4453 1320 4509 auctoritatem
1350 4464 1601 4525 praestare
1626 4455 1936 4527 conjecturis
1964 4455 2231 4523 omnibus,
2263 4472 2377 4528 qua:
2418 4466 2667 4529 quantum
2701 4456 2963 4528 imponere
2995 4455 3192 4527 soleant
3229 4458 3385 4510 etiam
3424 4453 3618 4515 doctis,
3648 4450 3703 4503 in

392 4560 676 4608 memorato
702 4549 943 4621 theologo
968 4549 1260 4620 exemplum
1286 4559 1474 4605 exstat.
1502 4547 1692 4603 Verum
1712 4549 1900 4616 majori
1923 4548 2065 4603 haud
2082 4549 2234 4606 dubie
2255 4551 2307 4605 in
2329 4552 2484 4622 culpa
2504 4551 2600 4624 fuit
2626 4547 2838 4605 Rivetus
2866 4548 3067 4621 (Critia.
3088 4565 3194 4604 sac.
3224 4548 3317 4602 lib.
3344 4562 3429 4612 ιιι,
3448 4562 3564 4617 cap.
3586 4544 3703 4614 16),

389 4646 480 4715 qui
509 4645 688 4700 relatis
720 4643 841 4699 Soti
878 4644 1196 4716 argumentis
1215 4683 1231 4709 ,
1264 4643 1504 4713 opposita
1532 4642 1758 4715 maligne
1792 4643 2032 4698 tacuerit.
2063 4642 2239 4716 Hujus
2266 4643 2458 4699 silentii
2482 4645 2536 4697 in
2565 4659 2718 4713 opere
2753 4658 2856 4712 quo
2884 4658 3101 4698 censura
3134 4641 3433 4715 hujusmodi
3461 4640 3707 4695 librorum

391 4739 731 4809 promittitur,
763 4753 974 4792 causam
995 4737 1261 4809 pervidere
1279 4737 1504 4792 arduum
1525 4753 1627 4792 non
1662 4747 1757 4793 est.
1792 4735 1896 4791 Vix
1923 4736 2063 4792 enim
2090 4736 2217 4792 alibi
2240 4736 2437 4790 clarius
2462 4754 2493 4790 a
2526 4732 2734 4790 Christo
2762 4734 3010 4791 Ecclesia:
3048 4732 3239 4788 tradita
3279 4741 3603 4801 peccatorum
3623 4727 3703 4781 di-

395 4831 762 4888 mittendorum
790 4830 1091 4897 auctoritas,
1124 4829 1398 4887 necessitas
1424 4829 1721 4889 eorumdem
1749 4829 2180 4899 conﬁtendorum,
2207 4844 2268 4884 ac
2297 4828 2504 4884 tandem
2523 4828 2774 4884 bonorum
2804 4842 3018 4898 operum
3044 4824 3376 4896 corporisque
3405 4821 3707 4893 castigatio-

399 4939 522 4979 num
551 4921 787 4978 meritum
814 4916 1227 4993 rnanifestantur.
