3952 6178
232 265 342 320 465

623 456 736 464 ρκ’--
776 456 918 464 -υ-
935 455 973 466 λυ

443 457 524 468 ..-
623 456 736 464 νκ-⁵
776 455 973 466 --›λυ
1029 458 1178 464 μ--φ-

231 455 3534 530 W

448 497 627 507 —_
642 496 953 507 .-————_-._
962 497 1340 507 ~———

1467 267 1555 327 DE
1595 268 2048 332 ΡαΞΝΙΤΕΝΤΙΑ
2094 275 2224 332 LIB.
2270 278 2308 332 Ι.

3441 289 3549 345 668

601 657 1606 828 SANCTI
1779 664 3118 842 AMBROSII
3251 831 3267 841 .

1405 945 1988 1032 MEDIOLANENSIS
2048 949 2380 1034 EPISCOPI

982 1148 1251 1289 DE
1382 1145 2781 1346 POENITENTIA,

1538 1412 1832 1486 LIBRI
1886 1412 2105 1484 DUO
2126 1406 2152 1433 ⁸
2180 1468 2205 1490 .

1678 1583 2104 1616 ...ς-.-

630 1747 796 1820 389
832 1743 1060 1804 CAPUT
1099 1743 1388 1803 PRIMUM.

211 1905 593 1963 Moderationis
631 1907 765 1962 laus.
799 1905 967 1974 Quam
996 1907 1282 1960 necessaria
1303 1907 1369 1960 sit
1411 1921 1470 1959 ea
1491 1905 1652 1960 virtus
1680 1920 1816 1978 pra:-

277 2001 431 2071 fectis
487 1998 738 2054 Ecclesia:
760 2040 776 2066 ,
803 2000 1125 2070 potissimum
1157 1996 1446 2052 Dominica:
1469 1999 1734 2054 charitatis
1758 2017 1819 2053 ac

277 2093 696 2149 mansuetudinis
730 2093 964 2164 exemplo
1013 2092 1376 2147 demonstrari.
1430 2091 1507 2146 Ab
1546 2092 1644 2146 hac
1699 2109 1817 2164 ergo

277 2209 395 2246 cum
415 2191 729 2246 desciverint
760 2188 812 2244 Ν
817 2189 1065 2256 ovatiani,
1099 2204 1182 2243 eos
1208 2204 1304 2259 pro
1326 2186 1518 2242 Christi
1544 2187 1818 2258 discipulis

275 2283 546 2338 habendos
573 2300 676 2337 non
707 2299 815 2338 esse
843 2297 861 2337 :
889 2298 1109 2352 quorum
1147 2280 1386 2350 superbia
1413 2290 1461 2336 et
1492 2281 1818 2336 inclementia

276 2380 589 2450 castigatur.

280 2581 328 2635 l.
345 2579 402 2637 Si
429 2581 457 2618 δ
485 2579 744 2634 virtutum
769 2577 893 2636 linis
914 2578 1006 2635 ille
1026 2587 1112 2635 est
1130 2579 1416 2645 maximus,
1437 2579 1527 2651 qui
1547 2579 1814 2650 plurimo-

205 2688 322 2729 rum
362 2682 584 2747 spectat
629 2673 930 2744 profectum
957 2715 972 2740 ,
1005 2673 1313 2730 moderatio
1357 2689 1526 2745 prope
1568 2673 1812 2730 omnium

207 2769 576 2837 pulcherrima
597 2777 682 2822 est
709 2785 722 2820 :
745 2782 866 2838 qua:
891 2783 960 2822 ne
989 2766 1374 2838 ipsos_quidem
1403 2782 1538 2838 quos
1565 2767 1813 2838 damnat,

205 2860 461 2924 olfendit;
490 2870 544 2914 et
569 2874 710 2930 quos
733 2859 1096 2926 damnaverit,
1127 2859 1321 2930 dignos
1350 2859 1485 2914 solet
1510 2857 1690 2916 facere
1715 2859 1814 2914 ab-

207 2953 508 3010 solutione.
546 2953 788 3024 Denique
825 2956 940 3010 sola
971 2964 1086 3022 est,
1119 2952 1240 3026 qua:
1278 2955 1494 3010 Domini
1528 2956 1811 3028 qumsitam

206 3049 473 3116 sanguine
509 3044 814 3101 Ecclesiam
846 3046 1244 3117 propagaverit,
1275 3046 1534 3100 imitatrix
1560 3047 1812 3103 benelicii

1853 1751 1906 1810 Α
1932 1750 2268 1820 contemptui
2295 1764 2377 1818 se,
2404 1766 2515 1808 non
2535 1755 2900 1825 compassioni
2924 1757 3140 1816 medico
3161 1773 3262 1817 suo
3286 1771 3439 1833 putet
3460 1764 3544 1822 fu-

1929 1841 2146 1897 turum?

2000 1933 2053 1988 5.
2088 1933 2218 1990 ldco
2251 1934 2510 1993 Dominus
2545 1938 2706 1995 Jcsus
2737 1956 3059 2013 compassus
3110 1945 3268 2003 nobis
3309 1957 3433 2016 est;
3482 1960 3542 2006 ut

1926 2025 1994 2080 ad
2023 2041 2082 2082 se
2110 2038 2354 2093 voearet,
2391 2045 2499 2084 non
2537 2040 2596 2086 ut
2625 2031 2951 2091 deterreret.
2997 2036 3142 2093 Mitis
3178 2041 3360 2108 venit,
3390 2044 3544 2100 venit

1926 2117 2166 2173 humilis.
2201 2120 2443 2190 Denique
2469 2123 2544 2176 ait
2575 2139 2590 2178 :
2637 2121 2810 2179 Venite
2834 2125 2901 2180 ad
2923 2144 3003 2181 me
3038 2145 3242 2199 omnes,
3265 2133 3356 2202 qui
3376 2134 3538 2199 “labo-

1925 2209 2080 2275 ratis,
2115 2219 2161 2263 et
2191 2213 2390 2265 onerati
2424 2212 2546 2266 estis
2566 2255 2578 2274 ,
2606 2223 2654 2267 et
2691 2231 2780 2286 ego
2822 2233 2908 2270 vos
2941 2219 3171 2288 reficiam
3196 2221 3412 2294 (Matth.
3440 2243 3494 2282 XI
3517 2269 3534 2294 ,

1923 2300 2038 2371 28).
2070 2301 2263 2357 Relicit
2283 2317 2416 2374 ergo
2445 2305 2707 2361 Dominus
2727 2306 2910 2373 Jesus,
2939 2326 3046 2365 non
3073 2313 3334 2384 excludit,
3359 2333 3538 2389 neque

1923 2392 2110 2462 abjicit
2136 2411 2150 2449 :
2184 2397 2489 2466 meritoque
2519 2396 2657 2452 tales
2679 2397 2980 2470 discipulos
3004 2403 3193 2474 elegit,
3223 2406 3316 2475 qui
3346 2407 3534 2464 Domi-

1923 2485 2060 2541 nicze
2082 2485 2377 2543 voluntatis
2403 2488 2731 2560 interpretes
2753 2532 2768 2558 ,
2798 2492 3011 2561 plebem
3060 2496 3151 2552 Dei
3183 2498 3530 2570 colligerent,

1922 2597 2029 2637 non
2056 2584 2430 2653 repudiarent.
2462 2585 2616 2643 Unde
2648 2586 2820 2659 liquet
2843 2603 2942 2645 eos
2963 2590 3106 2647 inter
3133 2592 3341 2649 Christi
3365 2595 3532 2653 disci-

1919 2676 2076 2747 pulos
2106 2692 2214 2732 non
2246 2692 2369 2733 esse
2398 2677 2696 2747 habendos,
2731 2681 2820 2753 qui
2858 2681 2992 2737 dura
3023 2698 3124 2754 pro
3152 2685 3398 2755 mitibus,
3437 2702 3528 2744 su-

1921 2770 2084 2838 prrba
2111 2784 2209 2840 pro
2238 2769 2534 2826 humilibus
2558 2773 2834 2843 sequenda
2863 2775 3160 2845 opinantur
3185 2797 3199 2833 :
3227 2787 3425 2835 etcum
3448 2782 3531 2852 ip-

1918 2860 1964 2915 si
1995 2871 2243 2931 quierant
2273 2862 2486 2918 Domini
2531 2866 2988 2936 misericordiam,
3031 2869 3154 2925 aliis
3193 2886 3314 2927 eam
3355 2873 3530 2930 dene-

1917 2963 2074 3024 gant;
2110 2965 2166 3010 ut
2187 2964 2316 3012 sunt
2341 2954 2595 3013 doctores
2626 2957 3082 3030 Novatianorum,
3115 2965 3208 3035 qui
3235 2961 3262 3000 '1
3295 2966 3530 3023 mundos

1917 3063 1976 3104 se
2001 3049 2299 3119 appellant.

207 3140 448 3194 caelestis
469 3179 487 3205 ,
521 3147 578 3194 et
621 3136 1016 3208 redemptionis
1049 3138 1430 3193 universorum
1472 3138 1675 3194 salubri
1706 3139 1812 3195 line
1845 3163 1890 3222 Β
1988 3139 2042 3194 4.
2072 3139 2210 3208 Quid
2242 3140 2329 3196 bis
2351 3142 2678 3212 superbius,
2710 3157 2833 3198 cum
2871 3145 3154 3216 Scriptura
3185 3147 3370 3205 dicat:
3402 3153 3528 3219 quia

208 3238 545 3300 temperans,
569 3245 730 3300 quem
751 3230 893 3285 ferre
915 3231 1126 3300 possint
1147 3245 1309 3286 aures
1337 3229 1642 3300 hominum,
1664 3245 1814 3286 men-

207 3332 283 3377 tes
313 3339 420 3379 non
454 3321 708 3394 refugere
730 3365 746 3391 ,
777 3339 882 3378 non
914 3338 1112 3394 pavere
1136 3325 1322 3380 animi.

272 3418 328 3471 2.
362 3417 589 3472 Etenim
616 3417 706 3488 qui
747 3417 928 3472 studet
980 3417 1230 3473 humana:
1261 3417 1596 3473 infirmitatis
1629 3433 1816 3474 emen-

206 3507 333 3564 dare
360 3511 500 3565 vitia
527 3549 542 3576 ,
579 3511 752 3580 ipsam
783 3509 1154 3566 infirmitatem
1183 3514 1295 3567 suis
1323 3511 1485 3566 debet
1512 3512 1814 3578 sustinere,

207 3613 258 3657 et
284 3615 303 3640 θ
327 3603 739 3676 quodammodo
767 3620 1000 3676 pensare
1023 3605 1267 3661 humeris
1296 3605 1446 3678 (Luc.
1471 3621 1542 3660 xv
1563 3648 1576 3670 ,
1605 3607 1681 3677 5),
1707 3622 1814 3662 non

207 3695 469 3765 abjicere.
512 3696 644 3751 Nam
681 3707 868 3767 pastor
907 3697 1001 3754 ille
1031 3696 1391 3768 Evangelicus
1421 3698 1616 3752 lassam
1651 3713 1812 3754 ovem

206 3789 418 3846 vexisse
453 3789 678 3861 legitur,
713 3805 820 3845 non
849 3789 1120 3860 abjecisse
1158 3788 1260 3862 (De
1294 3789 1482 3844 Pwnit.
1520 3791 1642 3844 dist.
1676 3807 1732 3855 ι,
1761 3807 1810 3844 c.

210 3880 464 3953 Serpens,
505 3881 533 3953 ς
565 3882 704 3937 Ναηι
753 3883 970 3955 pastor).
1013 3884 1081 3938 Et
1109 3883 1371 3939 Salomon
1404 3886 1478 3938 ait
1513 3902 1525 3938 :
1562 3883 1691 3939 Noli
1716 3885 1809 3955 ju-

207 3983 310 4028 stus
328 3993 436 4031 esse
461 3977 682 4030 nimium
699 3975 871 4048 (Eccl.
895 3993 990 4042 νιι,
1021 3977 1112 4048 17)
1135 3992 1148 4042 ;
1183 3975 1345 4032 debet
1372 3979 1516 4032 enim
1541 3977 1809 4047 justitiam

210 4075 523 4139 temperare
566 4069 888 4126 moderatio.
938 4071 1068 4126 Nam
1115 4070 1571 4140 quemadmodum
1615 4084 1676 4125 se
1711 4069 1810 4125 tibi

210 4164 510 4219 curandum
537 4164 795 4235 pra-beat,
825 4181 984 4237 quem
1009 4165 1173 4237 390
1200 4165 1421 4222 fastidio
1449 4164 1654 4221 habeas
1679 4181 1694 4228 ;
1718 4165 1811 4236 qui

279 4313 303 4375 τι
333 4306 537 4375 Scripti
570 4305 699 4361 circ.
730 4321 858 4360 ann.
885 4304 1011 4361 584.

281 4373 305 4412 ι’
330 4373 520 4433 Codex
540 4375 726 4433 Germ.
753 4393 892 4432 unus
919 4391 1008 4432 an.
1038 4377 1136 4431 eir.
1160 4375 1352 4432 800ita
1377 4374 1564 4442 incipit
1590 4392 1603 4428 :
1634 4373 1814 4441 Quan-

215 4445 386 4518 donos
445 4449 587 4502 Deus
615 4457 796 4513 terret,
831 4465 932 4502 non
960 4449 1198 4518 frangere
1226 4448 1353 4508 vult,
1394 4445 1687 4518 sedpunire
1710 4461 1813 4518 non

216 4517 332 4590 vult.
358 4520 443 4575 Ait
467 4520 682 4590 quidam
705 4515 967 4589 psalmus.‘
996 4515 1203 4574 Dedisti
1223 4515 1588 4590 metuentibus
1619 4524 1670 4570 te
1700 4515 1812 4590 sig-

218 4587 615 4653 niﬁcationem,
651 4587 712 4645 ut
747 4591 954 4659 fugiant
999 4606 1026 4644 a
1069 4590 1206 4646 facie
1243 4604 1424 4642 arcus.
1464 4588 1628 4659 Arcus
1676 4587 1813 4659 enim

217 4662 413 4724 quando
431 4663 741 4726 intenditur,
761 4656 1006 4723 quantum
1031 4671 1310 4716 retrorsum
1327 4676 1506 4713 manus
1526 4656 1812 4721 reducitur,

221 4738 350 4785 tanto
392 4736 530 4788 irtus
572 4734 913 4788 vehementior
952 4734 1236 4786 concitatur
1268 4748 1288 4785 :
1327 4732 1400 4784 sic
1443 4739 1488 4784 et
1542 4730 1694 4782 mina:
1715 4727 1814 4782 Dei

221 4810 352 4856 tanto
377 4806 586 4875 gravius
619 4806 853 4867 veniunt,
885 4803 1311 4875 quantohdiutius
1341 4800 1676 4875 diﬂ’eruntur.
1713 4798 1814 4852 Ta-

220 4885 323 4925 men
359 4873 728 4934 misericordia:
753 4886 829 4929 est
857 4891 972 4928 cum
1013 4873 1278 4941 di/fertar,
1311 4883 1364 4926 ut
1386 4873 1632 4944 paenitens
1666 4886 1815 4944 sane-

220 4950 318 5016 μιν,
347 4958 558 5002 sanatus
589 4964 688 5000 non
719 4948 1009 5000 damnetur.
1045 4947 1346 5016 Apostolum
1369 4941 1496 5016 audi
1514 4941 1642 5016 :An
1670 4941 1776 4995 divi
1795 4971 1811 4982 -

221 5014 315 5087 tias
354 5016 619 5074 bonitatis
657 5017 775 5087 ejus
818 5011 1197 5087 longanimiter
1228 5013 1562 5087 contemnis?
1591 5011 1814 5087 Ignoras

222 5085 339 5149 ‘Ittia
371 5081 805 5160 benignitas'Dei
836 5081 1311 5154 ad'paenitentiam
1338 5095 1389 5140 te
1418 5084 1675 5160 adducit!
1705 5081 1816 5160 Sed

223 5165 275 5205 ut
299 5155 548 5230 possimus
571 5163 695 5216 vitia
707 5170 896 5214 nostra:
915 5160 1230 5230 inﬁrmitatis
1257 5155 1677 5230 emendare,_etc.
1708 5155 1814 5230 Alii

225 5229 334 5304 ςᾳά.
359 5243 521 5303 atque
537 5234 670 5288 edit.
689 5234 788 5286 sibi
816 5226 1162 5304 Consentium
1189 5231 1444 5304 invicem,
1467 5228 1568 5304 nis_i
1593 5226 1739 5304 quod
1761 5227 1812 5281 in

227 5296 448 5354 illorum.
471 5305 744 5358 nonnullis
776 5303 1024 5358 habetur.
1057 5303 1117 5357 Si
1138 5312 1313 5356 vatum
1341 5299 1480 5368 finis.
1525 5298 1593 5353 Et
1634 5296 1770 5350 infra
1795 5337 1811 5364 ,

229 5380 319 5434 pro
345 5373 702 5441 redemptionis
724 5375 1098 5438 universorum,
1123 5372 1176 5427 in
1209 5387 1316 5424 uno
1345 5369 1576 5438 legitur,
1610 5369 1813 5441 redem-

229 5445 401 5518 pturis,
415 5444 464 5518 in
483 5439 696 5502 duobus
711 5447 1056 5518 redemptione
1077 5445 1444 5518 universorum.
1478 5442 1541 5518 lit
1557 5453 1655 5518 pro
1675 5439 1818 5491 salu-

229 5509 302 5562 δνί
329 5513 427 5578 ﬁne
449 5528 763 5586 temperans;
785 5517 839 5570 in
867 5509 1210 5585 quibusdam,
1239 5511 1459 5566 salubris
1481 5511 1598 5579 ﬁnis
1620 5518 1666 5562 et
1688 5518 1813 5562 tem-

230 5595 438 5656 Pelag-'8;
465 5591 514 5643 in
539 5590 660 5644 aliis
687 5587 909 5642 salubris
933 5588 1035 5656 ﬁne
1057 5595 1101 5638 et
1129 5597 1436 5656 temperans.

303 5650 476 5729 "Mss.
515 5673 655 5722 trcs,
689 5675 889 5729 quoquo
918 5650 1069 5712 modo
1099 5650 1346 5720 pensare;
1365 5652 1538 5719 Clar.,
1565 5650 1816 5721 quodam-

232 5725 378 5798 modo
401 5747 637 5793 pausare.
704 5725 711 5727 ⁷
802 5725 812 5729 ⁷
1194 5797 1201 5798 ,
1594 5793 1605 5798 -
1786 5791 1791 5798 .

302 5797 324 5831 "
357 5797 681 5858 Noratianos
711 5810 768 5854 ut
796 5815 854 5854 se
884 5815 913 5854 a
942 5797 1266 5862 Cutltolicis,
1299 5807 1435 5866 quos
1465 5808 1563 5865 pro
1594 5793 1826 5846 immune

1848 5763 1904 5824 D

1916 3251 2064 3290 nemo
2101 3237 2324 3291 mundus
2359 3253 2390 3290 a
2427 3247 2636 3306 peccato
2658 3279 2673 3304 ,
2713 3255 2804 3294 nec
2841 3241 2998 3294 unius
3038 3242 3142 3297 diei
3173 3242 3348 3314 infans
3383 3243 3524 3314 (Job.

1918 3344 2042 3393 xtv,
2073 3329 2158 3401 4);
2199 3338 2254 3385 et
2287 3329 2452 3384 David
2481 3329 2683 3386 clamet
2715 3349 2728 3386 :
2769 3332 2813 3385 Α
2854 3332 3042 3388 delicto
3070 3351 3180 3389 meo
3216 3337 3412 3391 munda
3446 3355 3529 3394 me

1919 3420 2094 3491 (Psal.
2123 3437 2174 3487 ι,
2207 3419 2312 3492 2)?
2357 3421 2675 3478 Sanctiores
2712 3423 2799 3478 isti
2841 3439 3003 3494 quam
3036 3425 3229 3496 David,
3265 3429 3334 3485 de
3371 3429 3528 3500 cujus

1921 3513 2065 3567 nasci
2099 3511 2302 3568 familia
2329 3511 2581 3570 Christus
2612 3515 3008 3572 incarnationis
3039 3519 3203 3590 elegit
3228 3523 3528 3593 mysterio,

1918 3604 2076 3675 cujus
2114 3605 2408 3674 posteritas
2439 3615 2462 3641 ο
2492 3607 2612 3660 aula
2649 3606 2892 3662 ctelestis
2919 3617 3000 3662 cst
3026 3649 3040 3673 ,
3088 3618 3245 3664 utero
3275 3611 3530 3681 virginali

1922 3699 2230 3767 suscipiens
2248 3697 2432 3752 mundi
2451 3696 2913 3768 Rcdemptorem?
2938 3698 3079 3766 Quid
3105 3709 3286 3754 autem
3307 3700 3524 3770 durius,

1920 3807 2080 3862 quam
2109 3800 2168 3846 ut
2195 3790 2437 3845 indicant
2468 3791 2880 3860 paenitentiam,
2911 3805 3073 3859 quam
3105 3805 3212 3844 non
3242 3792 3528 3859 relaxent;

1918 3899 2044 3939 eum
2085 3884 2272 3952 utique
2306 3881 2522 3938 veniam
2568 3882 2849 3950 negando,
2890 3881 3223 3938 incentivum
3273 3882 3528 3942 auferant

1920 3975 2294 4046 poenitentiae?
2320 3974 2491 4030 Nemo
2514 3975 2658 4028 enim
2689 3981 2868 4043 potest
2895 3975 3032 4029 bene
3059 3990 3223 4046 agere
3243 3979 3523 4048 paeniten-

1919 4071 2086 4137 tiam,
2131 4069 2235 4124 nisi
2277 4068 2370 4140 qui
2408 4067 2711 4138 speraverit
2736 4065 3129 4136 indulgentiam
3172 4067 3276 4138 (De
3299 4069 3518 4140 Paruit,

1916 4165 2040 4218 dist.
2074 4165 2128 4232 1,
2159 4180 2276 4234 cap.
2312 4161 2479 4218 Nemo
2504 4159 2712 4234 potest).

1916 4300 2002 4355 dis
2017 4299 2289 4356 habebant
2307 4299 2723 4376 distinguerent,
2735 4305 2968 4376 ιιειθᾳρῶν
2981 4300 3397 4376 appellationem
3411 4307 3517 4364 sibi

1916 4386 2204 4442 arrogasse
2245 4382 2497 4427 auctores
2530 4382 2655 4426 sunt
2687 4373 2948 4428 Eusebius
2988 4373 3082 4429 lib.
3116 4389 3168 4428 tv
3198 4375 3336 4432 Hist.
3363 4379 3513 4435 Eccl.

1917 4457 2038 4511 cap.
2071 4443 2173 4515 23,
2202 4442 2543 4515 Epiphanius
2578 4442 2778 4498 limi-esi
2806 4444 2904 4510 79,
2935 4443 3270 4515 Augustinus
3295 4448 3360 4503 de
3389 4447 3519 4505 Ha:-

1915 4531 2016 4568 res.
2045 4513 2115 4569 '58
2143 4556 2156 4579 ,
2199 4513 2579 4571 Theodoretus
2616 4515 2711 4570 lib.
2760 4531 2816 4569 ιιι
2862 4513 3061 4572 "mret.
3107 4515 3240 4572 Fab.
3284 4529 3339 4573 et
3382 4521 3516 4576 alii:

1918 4601 2058 4654 quos
2101 4587 2242 4658 inter
2281 4585 2473 4641 festive
2501 4587 2789 4658 admodum
2834 4587 2886 4641 in
2929 4602 3026 4658 eos
3067 4589 3294 4658 August.
3323 4590 3418 4645 lib.
3449 4591 3520 4648 de

1919 4659 2108 4726 Agone
2146 4657 2351 4712 Christ.
2386 4672 2509 4727 cap.
2549 4658 2584 4710 2
2617 4661 2686 4710 ita
2722 4657 2859 4711 ludit
2891 4676 2902 4710 :
2935 4657 3040 4724 Qui
3075 4657 3257 4728 iwmen
3285 4677 3434 4716 suum
3473 4665 3520 4718 si

1916 4728 2102 4782 vellent
2121 4744 2418 4796 agnoscere,
2441 4728 2726 4781 mundano:
2750 4745 2804 4781 se
2820 4728 3010 4798 potius,
3033 4746 3186 4798 quam
3204 4734 3418 4788 mundos
3431 4749 3523 4788 vo-

1916 4807 2107 4852 carent.
2135 4798 2302 4871 iidem
2330 4798 2836 4871 illicatliolicos,_ut
2865 4815 2931 4854 ex
2947 4797 3243 4871 Cypriano,
3268 4803 3522 4871 l‘aciano,

1917 4870 2242 4944 Augustino,
2275 4870 2719 4944 muttisquealiis
2747 4868 3095 4944 discereeSt,
3136 4868 3522 4944 nuncupabant

1916 4940 2240 5014 Apostaticos
2266 4948 2322 4993 et
2361 4939 2680 5008 Capitolinos
2707 4955 2725 5014 ς
2753 4940 2897 5009 quod
2937 4940 3008 4996 iis
3033 4943 3123 5014 qui
3162 4943 3214 4998 in
3254 4939 3524 5014 Capitolio

1921 5011 2038 5065 Jovi
2073 5011 2416 5072 libaverant,
2448 5012 2959 5065 communicarent:
2991 5011 3143 5067 etab
3173 5015 3256 5069 bis
3282 5011 3524 5072 vicissim

1921 5081 2334 5150 appellabantur
2363 5080 2688 5144 Montenses,
2711 5080 2838 5153 _si_v_e
2867 5082 2934 5138 ab
2963 5083 3145 5153 aliquo
3171 5085 3292 5140 loco
3317 5087 3388 5141 ita
3421 5103 3522 5141 vo-

1920 5163 2062 5214 cato,
2095 5153 2212 5208 sive
2248 5160 2540 5222 propterea
2582 5151 2725 5222 quod
2764 5150 3006 5206 Novatus
3048 5150 3351 5212 studuisset
3381 5156 3525 5214 Feli-

1919 5223 2165 5288 cissimo,
2193 5225 2285 5293 qui
2317 5234 2372 5278 ut
2395 5239 2461 5279 ex
2489 5222 2654 5294 Cypr.
2686 5223 2846 5294 epist.
2871 5222 2934 5278 41
2967 5223 3256 5292 discimus,
3283 5228 3336 5282 in
3363 5245 3525 5285 mon-

1925 5305 2030 5366 tem
2077 5309 2198 5348 cum
2240 5295 2352 5350 suis
2380 5293 2682 5350 secesserat
2708 5311 2720 5348 :
2751 5293 3074 5366 dicebantur
3103 5297 3268 5353 etiam
3314 5315 3522 5366 saeve,

1924 5365 2065 5420 forte
2095 5381 2202 5420 non
2235 5368 2306 5421 ob
2343 5367 2487 5422 aliud
2526 5366 2628 5420 nisi
2654 5365 2798 5436 quod
2838 5380 2960 5442 cum
3000 5375 3271 5442 potestate
3317 5365 3526 5442 ligandi

1925 5448 2144 5507 peccata
2168 5447 2474 5508 uterentur,
2499 5454 2606 5492 non
2639 5446 2818 5492 autem
2838 5436 3111 5508 solvendi,
3135 5454 3233 5495 eos
3258 5436 3525 5508 quodam-

1924 5506 2086 5562 modo
2115 5507 2478 5575 imitarentur,
2507 5508 2836 5576 qui,omissa
2859 5506 3107 5575 dextera,
3133 5506 3324 5565 laavain
3347 5514 3523 5568 solam

1921 5579 1987 5633 ad
2023 5580 2379 5652 ministerium
2420 5580 2704 5636 adhibent.
2749 5577 2886 5634 Vide
2918 5577 3089 5635 Cone.
3121 5579 3258 5640 Lab.
3301 5592 3411 5639 tom
3442 5583 3525 5652 ιι,

1922 5651 2267 5777 ωξῖῗὲ
2295 5722 2429 5777 edit.
2462 5737 2525 5778 ac
2558 5723 2742 5792 plures
2771 5737 2940 5789 mss.;
2965 5731 3022 5778 at
3047 5722 3207 5780 Rom.
3240 5725 3374 5782 edit.
3397 5739 3520 5784 cum

1929 5791 2068 5848 aliis.
2097 5793 2219 5846 aula
2239 5792 2453 5848 ctrlestis
2475 5791 2753 5849 est'uterus
2777 5795 3027 5863 virginis;
3054 5809 3210 5863 mss.,
3232 5797 3520 5868 virginalis.
