3952 6178
434 203 531 258 471

1794 204 2035 262 SANCTI
2076 204 2413 265 AMBROSII‘

3629 211 3750 266 47%

437 316 648 373 donavit
669 319 696 373 τ
739 318 867 386 Quis
915 318 1178 373 accusabit
1217 319 1464 378 adversus
1508 321 1695 374 electos
1726 319 1821 375 Dei
1843 320 1869 373 .9
1899 317 2038 376 Deus
2064 323 2118 384 Α
2141 320 2370 391 ligamus
2391 324 2758 380 sententiam:
2791 322 2995 391 Omnis,
3027 323 3220 396 inquit,
3252 324 3341 396 qui
3360 339 3442 380 me
3464 325 3748 396 confessus

435 410 526 481 qui
543 411 841 483 justi/ictu,
888 411 1001 482 quis
1027 421 1099 466 est
1143 412 1231 482 qui
1265 411 1615 468 condemnet?
1660 411 1898 469 Christus
1941 415 2033 485 qui

435 511 671 556 mortuus
698 513 796 568 est,
828 501 985 557 immo
1008 503 1097 569 qui
1123 513 1171 558 et
1208 504 1512 574 resurrexit,
1535 505 1625 576 qui
1646 515 1720 560 est
1745 506 1800 560 in
1823 505 2034 561 dextera

438 591 540 647 Dei
566 634 581 659 ,
610 594 699 663 qui
725 594 879 647 etiam
904 595 1198 666 interpellat
1226 613 1319 667 pro
1349 598 1495 654 nobis
1520 598 1712 672 (Rom.
1740 614 1855 666 vut,
1887 600 1950 655 51
1984 609 2032 655 et

434 682 590 754 seq.).
625 683 731 739 Pro
756 684 951 755 quibus
966 701 1096 757 ergo
1114 687 1368 746 Christus
1395 688 1725 761 interpellat,
1744 705 1842 747 eos
1861 690 2035 748 Nova-

441 777 619 832 tianus
661 786 902 834 accusat.
944 780 1092 846 Quos
1122 779 1371 837 Christus
1397 782 1462 837 ad
1502 783 1733 838 salutem
1765 782 2032 851 redemit,

440 868 541 923 cos‘
562 867 893 924 Novatianus
918 870 1139 927 damnat
1179 872 1247 927 ad
1277 883 1532 930 mortem.
1560 872 1765 941 Quibus
1791 875 2037 931 Christus

430 961 574 1027 dicit
601 980 615 1017 :
657 961 846 1017 Tollite
865 964 1057 1036 jugum
1080 980 1252 1020 meum
1281 982 1438 1037 super
1463 982 1551 1021 vos
1573 1010 1588 1036 ,
1620 977 1667 1022 et
1692 966 1873 1023 discite
1900 984 1931 1019 a
1958 983 2038 1022 me

442 1056 563 1123 quia
592 1056 731 1109 mitis
776 1072 892 1109 sum
921 1056 940 1129 (
963 1056 1153 1112 Matth.
1202 1074 1277 1125 ιι,
1303 1058 1411 1129 29)
1438 1077 1452 1126 ;
1503 1059 1835 1115 Novatianus
1859 1060 1990 1116 dicit
2021 1077 2035 1114 :

443 1146 672 1202 Immitis
700 1163 842 1202 sum.
897 1149 1104 1216 Quibus
1144 1147 1399 1205 Christus
1440 1151 1609 1217 dicit;
1658 1149 1933 1207 Invenietis
1957 1166 2040 1206 re-

443 1240 613 1309 quiem
643 1239 916 1293 animabus
940 1240 1153 1309 vestris;
1194 1244 1388 1315 jugum
1407 1244 1541 1297 enim
1572 1258 1742 1297 meum
1767 1259 1920 1298 suave
1943 1251 2038 1311 est,

444 1343 492 1387 et
538 1350 670 1388 onus
698 1351 864 1389 meum
893 1335 1000 1389 leve
1037 1345 1112 1390 est
1134 1336 1156 1409 (
1179 1334 1346 1405 Ibid.,
1376 1336 1488 1408 50)
1518 1353 1533 1402 ;
1583 1336 1665 1393 his
1690 1351 1856 1408 grave
1879 1353 2037 1403 onus,

447 1435 503 1481 et
530 1426 723 1483 durum
757 1427 989 1499 imponit
1010 1428 1196 1500 jugum
1229 1429 1579 1486 Novatiauus.

1039 1590 1271 1648 CAPUT
1306 1590 1395 1647 ιν.

2136 419 2293 488 fuerit
2319 417 2583 491 (Mat/nx,
2616 420 2733 494 32),
2756 420 2807 477 id
2829 430 2953 489 est,
2989 435 3057 478 ex
3081 434 3421 491 quacumque
3459 419 3567 475 vita
3597 459 3616 485 ,
3675 434 3750 476 ex

2135 528 2483 586 quocumque
2528 523 2674 569 statu
2715 515 2804 585 qui
2833 512 3120 570 confessus
3146 528 3235 568 me
3283 513 3489 579 fuerit,
3514 511 3751 569 habebit

2139 622 2227 664 me
2274 618 2741 665 remuneratorem
2791 606 3151 664 confessionis
3180 621 3313 662 sum.
3344 604 3479 661 Cum
3508 606 3747 677 dicitur,

2140 700 2343 767 Omnis,
2374 701 2554 756 nullus
2576 716 2605 756 a
2629 702 3100 768 remuneratione,
3129 701 3219 771 qui
3249 700 3414 755 fuerit
3430 699 3749 769 confessus,

2138 791 2467 848 excluditur.
2497 791 2615 848 Non
2656 793 2931 860 similiter,
2958 792 3136 849 omnis
3165 792 3257 863 qui
3283 793 3562 863 negaverit
3593 833 3612 858 ,
3650 807 3754 849 ne—

2137 885 2392 956 gabitur;
2424 895 2607 956 potest
2632 887 2777 941 enim
2832 886 2949 941 lteri
3003 894 3063 942 ut
3087 886 3288 956 aliquis
3313 887 3486 941 victus
3527 886 3750 957 suppli-

2138 979 2238 1033 ciis
2266 1019 2280 1041 ,
2345 992 2598 1034 sermone
2650 978 2819 1034 Deum
2872 988 3077 1048 neget,
3109 990 3163 1034 ct
3202 978 3369 1034 corde
3406 978 3604 1036 adoret
3642 978 3754 1052 (De

2141 1068 2360 1138 Pwnit.,
2390 1068 2514 1125 dist.
2543 1085 2583 1138 ι,
2610 1087 2727 1142 cap.
2761 1069 2938 1126 Potest
2964 1072 3121 1143 ﬁeri).

2215 1162 2300 1219 19.
2330 1162 2600 1234 Numquid
2629 1163 2817 1220 eadem
2843 1179 3006 1219 causa
3034 1175 3118 1220 est
3149 1164 3269 1235 ejus
3297 1164 3388 1236 qui
3418 1177 3621 1235 sponte
3649 1180 3751 1220 nc-

2139 1266 2250 1327 gat,
2284 1267 2338 1312 et
2366 1257 2483 1327 ejus
2509 1273 2673 1328 quem
2709 1267 2975 1313 tormenta
3002 1257 3387 1314 inclinaveriut
3422 1258 3492 1314 ad
3519 1259 3757 1315 sacrile-

2140 1347 2326 1419 gium,
2383 1364 2490 1404 non
2540 1349 2821 1405 voluntas?
2844 1349 3017 1419 Quam
3044 1359 3225 1406 autem
3257 1349 3542 1422 indignum
3571 1391 3590 1418 ,
3622 1366 3752 1407 cum

2143 1439 2284 1508 apud
2333 1439 2585 1498 homines
2634 1441 2812 1499 valeat
2858 1442 3176 1498 certaminis
3220 1443 3434 1515 gratia,
3487 1451 3554 1497 ut
3606 1442 3756 1513 apud

2146 1531 2314 1589 Deum
2342 1548 2451 1589 non
2478 1533 2659 1591 valere
2680 1545 2958 1591 asscratur
2980 1536 2993 1590 !
3018 1535 3153 1591 Nam
3184 1551 3332 1608 smpe
3356 1536 3410 1592 in
3435 1536 3542 1592 hoc
3572 1536 3756 1592 aride-

2148 1635 2323 1683 tarum
2345 1627 2593 1685 saeculari
2616 1629 2912 1686 certamine
2954 1629 3118 1685 etiam
3141 1630 3313 1686 victos
3357 1645 3596 1699 quorum
3637 1629 3758 1686 fue-

452 1726 632 1799 Pergit
665 1728 893 1782 divinant
931 1728 1148 1799 probare
1180 1730 1586 1786 misericordiam
1612 1771 1629 1799 ,
1652 1746 1887 1803 namque
1932 1746 2044 1786 ma.
2070 1720 2120 1782 B
2147 1720 2255 1776 rint
2274 1721 2572 1777 certamina
2599 1721 2821 1792 probata
2844 1763 2859 1789 ,
2902 1722 3096 1794 vulgus
3123 1723 3400 1779 hominum
3423 1737 3554 1779 cum
3582 1723 3756 1779 victo-

511 1821 681 1891 jorem
706 1836 817 1876 esse
858 1836 1011 1890 quam
1061 1822 1379 1877 severitatem
1423 1820 1727 1895 Evangelici
1770 1824 2045 1880 testimonii

521 1913 840 1985 expositione
886 1914 1131 1969 ostendit.
1162 1912 1271 1969 Eos
1309 1931 1427 1970 vero
1475 1916 1564 1986 qui
1593 1914 1855 1971 Christum
1881 1934 2044 1991 nega-

525 2015 707 2061 verunt
733 2023 909 2062 coram
936 2008 1251 2076 hominibus,
1298 2024 1402 2063 non
1431 2008 1607 2064 eodem
1634 2026 1808 2064 omnes
1849 2010 2050 2066 ratione

526 2099 786 2155 habendos
812 2116 924 2157 esse
945 2142 961 2168 ,
990 2101 1303 2157 athletarum
1338 2103 1571 2174 exemplo
1614 2103 1791 2174 palum
1828 2103 1973 2174 facit.

529 2264 619 2320 15.
671 2264 845 2334 Quam
899 2280 1205 2338 propensus
1231 2265 1396 2339 igitur
1423 2266 1492 2323 ad
1523 2266 1953 2327 misericordiam
1984 2267 2055 2323 sit

460 2356 724 2414 Dominus
752 2357 911 2416 Jesus
945 2401 960 2426 ,
1008 2360 1135 2418 licet
1183 2362 1283 2418 ista
1336 2362 1472 2418 satis
1524 2360 1839 2428 iusu-uant;
1874 2370 2054 2417 tamen

456 2454 621 2508 etiam
647 2453 762 2524 ipse
786 2463 839 2509 te
863 2453 1078 2521 doceat,
1104 2455 1343 2525 quicum
1361 2454 1622 2512 adversus
1641 2454 2052 2526 impressionem

460 2547 855 2620 persecutionis
885 2548 1156 2605 instruere
1184 2564 1285 2605 nos
1312 2549 1473 2605 vellet
1498 2589 1516 2616 ,
1543 2549 1656 2603 ait:
1682 2546 1861 2603 Nolite
1881 2547 2057 2604 timere

461 2658 547 2697 eos
571 2644 660 2712 qui
706 2642 945 2697 occidunt
976 2658 1163 2713 corpus
1189 2682 1205 2706 ,
1245 2643 1473 2697 animam
1497 2652 1671 2697 autem
1705 2658 1807 2697 non
1844 2650 2059 2715 possunt

464 2733 697 2788 occidere
726 2750 746 2787 :
790 2734 882 2787 sed
916 2733 1091 2803 potius
1117 2749 1231 2788 eum
1274 2735 1477 2797 timete,
1507 2735 1596 2804 qui
1645 2742 1807 2805 potest
1834 2735 2061 2789 animam

463 2835 512 2880 et
564 2841 750 2896 corpus
791 2826 989 2880 mittere
1031 2827 1082 2879 in
1128 2827 1417 2896 gehennam
1446 2831 1464 2894 (
1495 2824 1683 2880 Matth.
1733 2827 1882 2894 x,28
1903 2827 1947 2899 ).
1994 2828 2062 2884 Et

464 2917 654 2973 infra:
703 2904 884 2972 Omnis
935 2934 1057 2990 ergo
1121 2919 1210 2988 qui
1254 2917 1521 2988 confessus
1550 2936 1630 2975 me
1681 2921 1837 2991 fuerit
1887 2937 2063 2977 coram

466 3008 778 3077 hominibus,
806 3009 1084 3079 conﬁtebor
1111 3018 1161 3065 et
1189 3025 1281 3081 ego
1301 3025 1413 3065 eum
1433 3026 1607 3065 coram
1630 3010 1791 3068 Patre
1817 3029 1951 3080 meo,
1976 3015 2068 3085 qui

464 3112 538 3157 est
562 3103 615 3156 in
637 3102 779 3158 ctelis
806 3119 826 3158 :
846 3103 935 3174 qui
964 3110 1140 3158 autem
1168 3103 1428 3174 negaverit
1448 3119 1529 3158 me
1554 3120 1727 3160 coram
1748 3105 2057 3175 hominibus,
2090 3104 2136 3167 C

461 3195 657 3268 negabo
711 3206 757 3251 et
794 3213 886 3268 ego
911 3213 1027 3252 eum
1047 3212 1221 3252 coram
1250 3195 1410 3253 Patre
1450 3215 1583 3268 meo,

470 3287 672 3361 (tua,
704 3289 797 3357 52,
824 3292 895 3348 εδ
920 3291 959 3362 ).

537 3382 699 3455 395
740 3384 829 3440 16.
858 3383 963 3441 Ubi
989 3386 1299 3452 conﬁtetur,
1337 3404 1436 3460 pro
1457 3390 1708 3447 omnibus
1748 3390 2060 3456 conﬁtetur,

465 3490 657 3532 omnes
686 3477 1104 3549 complectitur:
1145 3480 1235 3535 ubi
1268 3492 1473 3553 negat,
1518 3500 1624 3540 non
1647 3499 1838 3539 omnes
1882 3492 2060 3554 negat.

465 3569 620 3627 Sicut
659 3572 802 3626 enim
854 3585 1019 3641 supra
1064 3570 1230 3629 habet
1264 3591 1280 3630 :
1330 3574 1512 3632 Omnis
1568 3577 1655 3646 qui
1690 3593 1771 3631 me
1800 3575 2064 3647 confessus

466 3667 645 3738 fuerit,
675 3666 962 3738 confitebor
989 3676 1036 3722 et
1059 3683 1152 3739 ego
1172 3684 1318 3737 eum,
1352 3668 1455 3725 hoc
1481 3679 1567 3726 est
1584 3714 1600 3738 ,
1627 3686 1844 3729 omnem
1873 3692 1886 3726 τ
1933 3692 2064 3733 con-

467 3777 705 3833 sequens
733 3771 857 3818 erat
876 3771 937 3818 ut
967 3762 1105 3819 infra
1134 3779 1349 3836 quoque
1374 3774 1399 3802 ιι
1431 3767 1510 3822 sic
1541 3768 1798 3825 redderet
1824 3788 1837 3826 :
1882 3770 2066 3829 Omnis

466 3865 637 3910 autem
661 3857 752 3926 qui
788 3859 1047 3928 negaverit
1077 3874 1176 3912 me.
1210 3858 1316 3915 Sed
1348 3876 1417 3917 ne
1462 3875 1653 3918 omnes
1684 3878 1885 3934 negare
1914 3865 2066 3922 vidc-

474 3955 646 4011 retur,
674 3948 744 4001 ita
776 3948 1011 4019 subjecit
1058 3968 1071 4003 :
1117 3950 1222 4017 Qui
1251 3961 1421 4007 autem
1470 3957 1727 4026 negaverit
1770 3974 1850 4012 me
1890 3975 2065 4014 coram

467 4038 780 4106 hominibus,
806 4042 1000 4113 negabo
1029 4052 1076 4097 et
1107 4059 1200 4114 ego
1225 4060 1360 4101 eum.
1382 4045 1623 4102 Gratiam
1658 4051 1929 4118 promittit
1946 4066 2065 4107 om-

468 4131 647 4197 nibus,
673 4147 778 4188 uon
806 4135 1058 4190 omnibus
1077 4136 1315 4190 minatur
1337 4137 1645 4207 injuriam.”
1672 4139 1828 4207 Quod
1858 4151 1944 4198 cst
1964 4145 2064 4198 mi-

468 4226 784 4293 serationis,
815 4236 1106 4298 exaggerat
1134 4245 1146 4280 ε
1176 4228 1318 4299 quod
1352 4229 1592 4298 ultionis,
1621 4243 1897 4289 extenuat.

540 4320 626 4374 17.
661 4318 838 4390 Atque
860 4320 935 4374 ita
958 4320 1218 4389 scriptum
1247 4333 1330 4375 est
1358 4335 1465 4376 non
1491 4322 1667 4379 solum
1700 4324 1752 4378 in
1783 4340 1850 4380 eo
1880 4325 2019 4382 libro
2045 4368 2059 4393 ,

462 4413 553 4485 qui
579 4414 876 4471 secundum
906 4408 1217 4468 Matthazum
1243 4413 1498 4469 scribitur
1525 4414 1802 4486 Evangelii
1843 4416 2059 4473 Domini

459 4507 588 4565 Jesu

464 4602 663 4658 Lucam
696 4601 1001 4673 reperimus
1044 4599 1199 4674 (Luc.
1223 4614 1320 4664 xu,
1349 4598 1447 4671 8);
1478 4611 1532 4655 ut
1554 4600 1696 4655 scias
1734 4617 1840 4657 non
1888 4603 2061 4660 otiose

462 4694 516 4751 id
550 4694 798 4766 posuisse
824 4703 1133 4764 utrumque.

534 4791 624 4849 18.
658 4791 824 4865 [Alias
844 4808 960 4861 cap.
986 4790 1100 4863 lll.]
1122 4790 1364 4847 Diximus
1381 4791 1509 4863 quid
1536 4792 1802 4863 scriptum
1826 4793 1917 4861 sit,
1948 4796 2059 4851 cul-

1634 3201 1815 3271 quiest
1846 3202 1899 3256 in
1923 3201 2065 3257 caelis

535 4937 561 4965 ⁸
591 4928 792 4985 Omnes
817 4927 948 4984 edit.
994 4942 1116 4983 cum
1156 4942 1265 4982 uno
1309 4941 1446 4995 ms.,
1500 4927 1575 4982 sic
1599 4927 1832 4995 diceret;
1877 4931 2061 4986 cmteri

464 5013 596 5055 mss.
634 5039 650 5065 ,
712 5000 786 5054 sic
824 4998 1086 5054 redderet.
1145 4999 1406 5067 Optime;
1463 4999 1604 5054 idem
1665 5000 1808 5053 cnim
1862 5008 1947 5055 cst
2000 5016 2063 5057 ac

459 5071 626 5138 priori
661 5071 796 5139 parti
828 5069 968 5125 hanc
989 5079 1312 5141 opponeret.
1340 5069 1477 5124 Male
1500 5085 1630 5125 vero
1656 5071 1742 5124 hic
1765 5070 2062 5141 Scriptura:

462 5142 697 5210 perverti
758 5156 975 5211 sensum
1032 5140 1213 5211 arguit
1273 5140 1437 5211 Sotus
1464 5182 1478 5205 ,
1521 5156 1661 5211 cum
1704 5140 1801 5195 Vir
1839 5140 2062 5199 sanctus

463 5209 670 5266 tantum
726 5209 1018 5267 sententiae
1068 5209 1696 5282 sum‘conﬁrmatinuem
1748 5212 1984 5282 aliquam
2029 5229 2061 5269 c

458 5296 592 5337 voce
614 5322 628 5344 ,
666 5282 866 5347 Omnis,
912 5283 963 5337 in
992 5282 1166 5354 altero
1201 5281 1409 5351 periodi
1440 5281 1684 5354 membro
1721 5283 1923 5336 omissa
1958 5299 2059 5354 pe-

462 5362 559 5418 tat,
600 5367 668 5408 ex
708 5354 827 5422 ipso
848 5366 1010 5407 sensu
1044 5350 1215 5407 fusius
1242 5361 1428 5422 postea
1465 5350 1860 5422 disputaturus.
1891 5350 2047 5421 Quod

346 5410 369 5461 ἠ
456 5410 621 5478 etiam
657 5425 701 5478 is
730 5410 1111 5492 reprehendit,
1142 5410 1261 5491 τιυίὲ
1297 5410 1720 5477 dicuntur'infra
1750 5410 1937 5476 num."
1956 5425 2049 5490 26,

458 5495 512 5547 in
568 5494 669 5549 hoc
724 5508 830 5548 u0u
870 5494 1070 5548 multos
1109 5492 1333 5549 habebit
1383 5492 1793 5563 suifragatores.
1848 5493 2053 5550 Locum

452 5564 587 5628 adi,
627 5573 680 5619 et
710 5563 970 5635 fateberis
1009 5579 1131 5619 eum
1160 5573 1353 5620 contra
1393 5564 1743 5620 adversarios
1773 5578 1931 5635 aeque
1970 5566 2054 5621 in-

456 5635 682 5703 geniose
710 5649 776 5690 ac
801 5633 1249 5703 picti-aetatum;
1482 5678 1487 5698 λ
1623 5648 1627 5651 -
1841 5633 1881 5657 ἀ
1937 5659 1940 5662 .

528 5701 555 5741 ιι
585 5702 755 5760 Totus
781 5701 870 5760 hic
896 5703 1051 5761 locus
1079 5705 1134 5762 in
1156 5702 1394 5765 Clarom.
1425 5707 1548 5766 cod.
1571 5707 1649 5769 ita
1674 5706 2051 5768 contrahitur:

2146 1815 2298 1870 ribus
2355 1828 2620 1871 coronare
2686 1817 3008 1882 consuevit;
3075 1817 3311 1872 maxime
3357 1831 3495 1886 quos
3553 1816 3757 1873 viderit

2153 1915 2176 1943 ο
2192 1904 2334 1961 forte
2353 1907 2479 1963 dolo
2492 1918 2584 1963 aut
2600 1907 2789 1964 fraude
2810 1908 3035 1964 victoria
3057 1910 3331 1965 exclusos.
3346 1907 3444 1964 Clu
3458 1907 3606 1964 istus
3622 1923 3756 1981 ergo

2148 1999 2381 2056 athletas
2401 2016 2528 2056 suos
2545 2018 2684 2074 quos
2707 2002 2908 2058 viderit
2932 2003 3193 2074 gravibus
3216 2001 3492 2074 paulisper
3515 2003 3759 2060 cessisse

2150 2093 2448 2165 suppliciis,
2477 2094 2596 2151 sine
2615 2096 2770 2151 venia
2788 2097 3029 2168 patietur
3050 2111 3275 2153 manere
3296 2096 3320 2151 τ

2222 2188 2317 2245 20.
2338 2188 2609 2262 Numquid
2642 2205 2750 2247 non
2782 2188 3050 2248 habebitd
3076 2191 3341 2248 rationem
3365 2190 3581 2247 laboris
3605 2232 3623 2260 ,
3668 2190 3761 2262 qui

2154 2267 2317 2339 etiam
2337 2296 2476 2353 quos
2500 2283 2718 2355 projicit
2739 2326 2754 2351 ,
2790 2298 2899 2340 non
2942 2284 2995 2340 in
3019 2292 3287 2340 aeternum
3329 2284 3548 2355 projicit
3576 2285 3602 2341 ‘l
3625 2283 3763 2340 Dicit

2155 2374 2300 2429 enim
2329 2374 2497 2431 David
2534 2394 2548 2430 :
2579 2374 2705 2431 Non
2740 2376 2795 2431 in
2823 2385 3075 2431 internum
3114 2375 3354 2448 projiciet
3378 2372 3527 2431 Deus
3568 2376 3589 2448 (
3614 2374 3760 2431 Psal.

2158 2483 2339 2537 uxvr,
2360 2468 2439 2540 8);
2453 2477 2704 2526 etcoutra
2724 2468 3163 2525 huncaudiemus
3181 2469 3438 2524 hatresim
3454 2468 3763 2524 dicentem:

2161 2561 2385 2632 Projicit
2407 2562 2459 2617 in
2487 2572 2754 2619 aeternum
2774 2562 2798 2617 ?
2829 2561 2942 2617 Nec
2967 2563 3020 2616 in
3042 2562 3223 2633 ﬁnem,
3249 2560 3445 2631 inquit,
3468 2561 3766 2615 misericor-

2159 2659 2299 2711 diam
2319 2673 2467 2714 suant
2488 2644 2715 2713 abscidet
2734 2674 2766 2711 a
2789 2659 3122 2728 generatione
3144 2656 3197 2710 in
3221 2654 3613 2727 generationem
3634 2695 3649 2721 ,
3679 2662 3767 2708 aut

2161 2752 2488 2808 obliviscetur
2502 2753 2738 2808 misereri
2768 2752 2907 2807 Deus
2939 2751 3100 2823 (Ibid.
3126 2750 3162 2808 9
3184 2790 3201 2817 ,
3237 2750 3370 2821 10),
3402 2750 3611 2805 clamat
3634 2748 3768 2803 Pro—

2165 2846 2324 2918 pheta
2359 2865 2374 2902 :
2404 2855 2459 2902 et
2488 2855 2614 2902 sunt
2641 2845 2733 2918 qui
2760 2845 2959 2902 divina:
2990 2844 3363 2901 miserationis
3388 2843 3648 2915 qumdam
3686 2841 3769 2898 in-
3800 2898 3803 2903 .

2164 2941 2362 2996 ducant
2390 2940 2594 2997 oblivia
2623 2940 2647 2993 ?

2787 3076 3016 3134 CAPUT
3048 3077 3111 3133 V.

2169 3238 2458 3312 Objectioni
2496 3241 2560 3295 ab
2600 3239 3024 3296 immutabilitate
3056 3237 3151 3293 Dei
3183 3238 3361 3309 petitae
3398 3239 3765 3311 respondetur,

2237 3333 2413 3389 allatis
2436 3332 2728 3404 Scriptura:
2748 3333 3058 3387 testimoniis
3084 3374 3099 3398 ,
3152 3333 3332 3401 quibus
3356 3333 3766 3389 misericordiam

2237 3428 2609 3499 emergentibus
2639 3444 2668 3482 e
2696 3427 2965 3482 volutabra
2992 3443 3086 3482 suo
3118 3426 3471 3494 peccatoribus
3494 3425 3642 3483 Deus
3654 3440 3769 3495 pra-

2238 3523 2392 3576 mittit
2425 3537 2444 3576 :
2473 3520 2786 3592 additurque
2816 3520 3197 3592 indulgentiam
3233 3520 3298 3575 iis
3339 3521 3524 3589 parari
3542 3534 3764 3593 propen-

2236 3618 2423 3672 siorem
2454 3656 2468 3679 ,
2516 3616 2606 3686 qui
2626 3614 3007 3688 quodammodo
3034 3614 3186 3667 inviti
3226 3612 3602 3681 deliquerunt,
3629 3608 3765 3683 quod

2237 3708 2458 3779 eleganti
2489 3706 2620 3763 bello
2649 3718 2918 3776 captorum
2963 3706 3201 3776 exemplo
3229 3747 3244 3772 ,
3277 3714 3325 3761 et
3351 3705 3628 3776 ipsiusmet
3654 3705 3763 3759 dia-

2240 3800 2343 3855 boli
2368 3800 2727 3871 prosopOpaeia
2745 3797 3064 3853 illustratur.

2236 3958 2328 4012 Ἢ.
2359 3955 2468 4013 Sed
2495 3957 2648 4012 aiunt
2676 3955 2798 4012 ideo
2827 3971 2885 4012 se
2913 3956 3012 4011 ista
3044 3970 3314 4024 asserere,
3349 3972 3418 4012 nc
3449 3955 3758 4013 mutabilem

2167 4051 2335 4107 Deum
2364 4049 2547 4107 facere
2571 4050 2890 4117 videantur;
2917 4050 2963 4105 si
2987 4050 3070 4105 his
3087 4050 3252 4124 396
3271 4052 3468 4122 quibus
3484 4051 3645 4107 fuerit
3660 4050 3757 4105 ira-

2165 4153 2273 4215 tus,
2291 4145 2555 4216 ignoscat.
2573 4143 2742 4216 [Alias
2756 4160 2874 4215 cap.
2892 4143 3156 4216 lV.]Quid
3172 4144 3326 4215 ergo?
3342 4144 3758 4216 Repudiabimus

2166 4238 2346 4295 divina
2372 4239 2589 4295 oracula
2608 4281 2621 4306 ,
2648 4247 2704 4295 et
2723 4239 3013 4311 opiniones
3039 4239 3266 4295 istorum
3294 4255 3591 4311 sequemur
3613 4239 3637 4294 ἲ
3656 4235 3756 4293 Sed

2167 4347 2271 4387 non
2302 4331 2446 4388 Deus
2475 4331 2666 4387 alienis
2696 4332 3114 4397 assertionibus,
3148 4332 3241 4387 sed
3272 4332 3386 4387 suis
3409 4330 3756 4389 aestimandus

2164 4433 2249 4480 cst
2269 4425 2535 4495 jvocibus.
2573 4422 2727 4493 Quod
2756 4423 2903 4479 enim
2955 4425 3259 4493 promptius
3284 4422 3449 4481 edere
3479 4433 3755 4494 possumus

640 4526 655 4563 :
699 4507 798 4564 sed
826 4508 991 4563 etiam
1032 4507 1086 4562 in
1124 4522 1191 4563 eo
1232 4506 1428 4561 lectum
1452 4517 1537 4563 est
1570 4522 1730 4578 quem
1760 4508 2060 4565 secundum
2094 4488 2139 4547 θ
2172 4488 2413 4588 eiusigtie
2438 4518 2559 4587 ejus
2584 4488 3000 4582 misericordiae,
3016 4488 3178 4586 quam
3211 4488 3495 4587 quodipse
3525 4530 3622 4587 per
3639 4526 3756 4585 pro-

2169 4607 2386 4677 phetam
2399 4607 2559 4673 Osee,
2577 4605 2774 4678 quibus
2797 4616 3066 4676 tamquam
3093 4607 3263 4662 iratus
3279 4607 3604 4675 minabatur,
3630 4619 3754 4660 cou-

2169 4705 2318 4761 tinuo
2365 4714 2640 4774 tamquam
2668 4702 3057 4759 reconciliatus
3101 4701 3387 4775 indulget?
3435 4704 3528 4758 Ait
3572 4698 3751 4756 enim:

2169 4798 2307 4864 Quid
2333 4795 2429 4851 tibi
2458 4796 2670 4867 faciam,
2692 4793 2964 4865 Ephrtem,
2986 4804 3075 4850 aut
3096 4794 3219 4865 quid
3239 4794 3431 4866 faciam
3454 4793 3562 4861 tibi,
3577 4787 3754 4848 Iuda?

2173 4929 2342 4998 Quam
2370 4932 2483 4998 ejus
2506 4924 3338 5000 miserationis_gxoggerationem
3373 4946 3478 4985 non
3505 4928 3677 5000 solum
3702 4924 3753 5000 in

2170 4994 2228 5055 eo
2251 4994 2497 5071 libro—qui
2539 4999 2824 5054 secundum
2859 4994 3165 5071 Matthieum
3209 4994 3445 5056 scribitur
3490 4994 3752 5071 Evangelii

2171 5070 2381 5125 Domini
2412 5069 2539 5126 Jesu
2568 5085 2588 5124 :
2611 5072 2702 5124 sed
2720 5071 2874 5125 etiam
2912 5070 2966 5124 in
2990 5086 3051 5124 eo
3073 5072 3257 5125 lectum
3284 5113 3300 5137 ,
3345 5074 3433 5140 qui
3481 5069 3751 5127 secundum

2171 5140 2372 5196 Lucam
2407 5141 2717 5212 reperimus.
2750 5140 2948 5196 Caeteri
2996 5151 3158 5211 atque
3196 5144 3328 5197 edit.
3363 5146 3503 5200 inter
3543 5156 3602 5197 se
3632 5152 3752 5212 con-

2169 5215 2436 5280 sentiunt,
2467 5209 2573 5267 nisi
2600 5212 2743 5282 quod
2775 5212 2991 5267 illorum
3016 5209 3262 5268 notuudli
3290 5229 3388 5284 pro
3414 5213 3655 5270 scribitur
3678 5209 3748 5263 le-

2168 5295 2302 5354 gunt
2326 5284 2640 5339 inscribitur.

2235 5366 2256 5392 ε
2291 5355 2418 5410 Mss.
2452 5354 2661 5427 aliquot
2686 5352 2943 5427 omittunt
2964 5356 3121 5426 forte,
3148 5370 3248 5424 pro
3286 5370 3392 5427 quo
3406 5353 3638 5427 nonnulli
3663 5351 3747 5404 ha-

2160 5424 2289 5481 bent
2308 5436 2399 5480 aut
2426 5424 2564 5479 sorte
2592 5440 2611 5476 :
2637 5434 2692 5478 at
2716 5425 2836 5479 loco
2858 5424 3008 5480 vocis
3028 5427 3259 5480 exclusos
3281 5424 3482 5491 ,TEras.
3512 5441 3575 5481 ac
3595 5425 3737 5479 Rom.

2343 5506 2396 5551 et
2438 5494 2657 5577 quidam
2689 5510 2823 5552 mss.
2875 5496 3062 5567 legunt
3114 5511 3399 5565 excussos;
3444 5495 3657 5554 Amerb.
3694 5499 3742 5548 et

2213 5584 2228 5622 ι
2281 5608 2318 5625 ..
2352 5580 2572 5621 excisos.

2213 5568 2318 5631 ill.,
2352 5566 2572 5621 excisos.

2236 5634 2263 5674 ιι
2297 5626 2525 5713 Quidam
2568 5649 2725 5713 m_s_s.,
2758 5638 3236 5713 remunerationem
3240 5639 3454 5713 laboris.
3610 5626 3735 5713 ,νίζ’

2240 5718 2263 5745 ο
2294 5704 2479 5765 Albin.
2506 5720 2572 5764 ac
2607 5704 2821 5765 Thuan.
2855 5708 3006 5776 cod.,
3055 5704 3380 5769 insinu‘dndte
3405 5713 3516 5781 eius
3553 5704 3737 5765 miseri-
