3952 6178
76 259 185 315 473

1321 262 1410 318 DE
1449 258 1904 319 PCENITENTIA
1945 262 2072 318 LIB.
2119 263 2153 317 l.

3277 265 3381 321 474

76 377 443 434 Misericordia
462 389 656 447 vestra,
681 389 790 436 etc.
825 380 974 455 (Ose.
1000 396 1076 448 v1,
1099 383 1182 453 4).
1209 380 1278 437 Et
1309 381 1448 437 intra
1482 399 1496 436 :
1532 380 1674 450 Quo-
1698 387 1755 447 Α
1778 388 2044 450 negarunt
2073 394 2349 449 sermone,
2381 380 2478 438 sed
2505 382 2839 438 conﬁtentur
2867 380 3187 453 gemitibus,
3211 381 3383 438 conﬁ-

78 471 235 526 modo
256 481 303 526 te
323 472 639 527 constituant
660 473 688 527 Ρ
712 472 864 528 Velut
886 473 1090 529 Adama
1112 474 1327 544 ejﬁciam
1354 483 1401 529 te
1419 515 1435 540 ,
1478 484 1524 528 et
1546 474 1680 527 sicut

82 564 288 620 Seboim
332 564 480 635 (Ose.
518 581 612 632 ιι,
642 565 723 637 8).
759 565 815 621 ln
848 567 963 638 ipsa
994 566 1366 638 indignatione
1407 566 1553 622 velut
1583 581 1681 637 pa-

78 660 182 714 trio
207 657 444 729 quodam
470 657 670 715 affectu
696 659 900 725 lueret,
930 659 1202 731 quomodo
1229 660 1295 715 ad
1321 674 1533 729 poenam
1564 668 1678 714 tra-

78 750 462 807 daterrantem
494 767 507 805 :
558 760 585 788 α
628 753 731 808 etsi
758 751 977 808 Judzeus
1009 762 1253 809 meretur
1278 794 1292 818 ,
1323 753 1467 808 Deus
1498 763 1678 809 tamen

79 842 257 898 adhuc
295 857 482 899 secum
509 846 802 899 examinat.
845 843 953 901 Sed
997 844 1258 901 continuo
1307 843 1411 918 (De
1461 844 1678 914 Posuit,

80 938 195 993 dist.
230 953 273 1004 ι,
300 954 420 1007 cap.
452 936 562 994 Sed
590 939 816 1010 contin.)
866 941 954 1009 qui
996 939 1251 996 dixerat:
1286 940 1437 997 Sicut
1480 941 1680 995 Adama

79 1029 272 1096 faciam
294 1039 361 1095 te,
385 1039 433 1084 et
458 1030 591 1085 sicut
613 1030 861 1097 Seboim;
902 1047 1024 1103 qum
1051 1033 1171 1088 duae
1198 1033 1359 1089 urbes
1388 1050 1454 1089 ex
1481 1033 1680 1091 vicinia

80 1122 447 1180 Sodomorum
494 1124 686 1197 parilis
748 1125 943 1181 excidii
1016 1137 1231 1181 traxere
1285 1127 1621 1182 consortium
1663 1146 1676 1180 ;

81 1212 401 1270 Conoersum
418 1226 513 1286 est,
534 1216 729 1288 inquit,
753 1233 843 1273 cor
863 1234 1031 1272 meum
1051 1218 1104 1273 in
1129 1235 1188 1273 eo
1214 1219 1348 1289 ipso,
1376 1220 1680 1274 conturbata

81 1316 151 1361 est
177 1308 481 1378 panitentia
512 1325 625 1363 mea
657 1327 677 1364 .'
704 1327 805 1365 non
829 1312 1019 1381 faciam
1051 1312 1332 1366 secundum
1352 1313 1679 1368 iracundiam

82 1404 279 1473 furoris
295 1404 397 1458 mei
423 1403 570 1475 (Use.
592 1420 670 1472 xt,
689 1406 745 1474 8,
774 1405 855 1477 9).

145 1495 245 1550 22.
270 1495 461 1553 Nonne
481 1508 704 1568 apparet
731 1499 874 1570 quod
900 1499 1024 1556 ideo
1046 1500 1203 1555 nobis
1227 1500 1577 1570 peccantibus
1604 1501 1680 1557 in-

83 1587 337 1659 dignetur
376 1588 637 1645 Dominus
680 1590 875 1657 Jesus,
912 1600 974 1648 ut
1009 1592 1394 1663 indignationis
1424 1608 1539 1648 sua:
1581 1609 1679 1649 nos

86 1691 294 1740 terrore
322 1686 641 1741 convertat?
663 1685 967 1755 Indignatio
989 1702 1122 1759 ergo
1147 1691 1264 1759 ejus
1302 1702 1409 1743 non
1454 1687 1680 1743 ultionis

1780 484 1965 530 tentur
1980 473 2399 545 ejulationibus,
2431 474 2760 532 conﬁtentur
2785 474 3024 540 ﬂetibus,
3049 475 3384 531 conﬁtentur

1780 566 1992 631 liberis,
2034 582 2140 621 non
2183 568 2389 623 coactis
2416 567 2664 627 vocibus.
2708 565 3011 622 Cesserunt
3056 566 3277 636 quidem
3316 565 3384 621 ad

1780 668 1989 729 tempus
2004 659 2205 715 diaboli
2231 660 2516 715 tentationi
2545 677 2559 717 :
2590 660 2684 715 sed
2709 661 2872 715 etiam
2904 659 3157 715 diabolus
3188 667 3381 730 postea

1780 754 2005 809 recessit
2034 754 2102 808 ah
2131 752 2235 823 his,
2266 769 2402 827 quos
2424 755 2527 811 sibi
2556 754 2831 811 vindicare
2847 769 2954 810 non
2978 754 3173 825 potuit.
3201 752 3383 811 Cessit

1780 860 1968 901 eorum
2001 845 2217 902 ﬂetibus
2240 888 2257 914 ,
2286 848 2452 903 cessit
2483 847 2821 918 pmnitentia:
2862 864 2878 900 :
2928 861 3066 918 quos
3110 845 3387 903 invaserat

1781 937 2016 1005 alienos,
2051 939 2287 1010 perdidit
2315 954 2469 995 suos.

1848 1030 1940 1084 25.
1967 1031 2157 1088 Nonne
2179 1033 2249 1086 ita
2283 1032 2429 1088 iStud
2446 1042 2552 1100 est,
2576 1047 2639 1088 ac
2666 1033 2711 1089 si
2734 1033 2859 1104 quis
2883 1033 3196 1104 ecaptivum
3220 1031 3381 1089 victa:

1782 1126 1929 1199 urbis
1942 1127 2198 1196 populum
2219 1127 2481 1183 abducat?
2503 1128 2760 1197 Captivos
2773 1127 3011 1194 ducitur,
3028 1126 3123 1182 sed
3138 1127 3341 1181 invitus
3364 1143 3378 1181 :

1782 1218 1872 1288 qui
1904 1219 1956 1272 in
1976 1218 2179 1274 alienas
2201 1232 2371 1274 terras
2398 1221 2723 1275 necessitate
2747 1219 3061 1284 contendat,
3079 1219 3276 1274 intimo
3299 1227 3381 1273 ta-

1784 1324 1906 1364 men
1932 1326 2039 1365 non
2064 1311 2259 1381 migret
2290 1310 2509 1377 aﬂ‘cctu,
2543 1312 2770 1381 patriam
2785 1311 3171 1366 secumanimo
3194 1309 3379 1378 vehat,

1781 1412 1989 1474 qumrat
2047 1405 2257 1474 copiam
2312 1405 2771 1474 quemadmodum
2836 1414 3166 1462 revertatur.
3240 1404 3381 1474 Quid

1781 1513 1912 1568 ergo
1936 1498 1953 1551 ἓ
1980 1495 2114 1553 Cum
2148 1498 2520 1569 hujuscemodi
2550 1500 2867 1567 revertitur,
2893 1514 3020 1555 num
3062 1508 3147 1554 est
3186 1498 3384 1569 aliquis

1781 1590 1875 1660 qui
1904 1590 2228 1658 persuadeat
2265 1606 2372 1645 non
2410 1589 2831 1661 recipiendum?
2864 1589 2881 1628 ί
2917 1590 3133 1645 minore
3167 1589 3385 1645 scilicet

1785 1684 2020 1748 honore,
2054 1685 2146 1740 sed
2195 1684 2379 1739 studio
2426 1684 2808 1755 propensiore,
2857 1698 2924 1738 ne
2961 1682 3163 1738 habeat
3190 1682 3242 1736 in
3272 1696 3383 1752 quo

86 1776 365 1832 exsecutio
389 1816 405 1844 ,
437 1776 533 1833 sed
566 1779 734 1849 magis
762 1780 1121 1835 absolutionis
1150 1789 1235 1836 est
1264 1781 1511 1851 operatio
1540 1798 1555 1847 ;
1601 1782 1680 1836 sic
1709 1773 1757 1834 B
1784 1776 2382 1834 insultetadversarius.
2403 1778 2458 1834 Si
2481 1778 2965 1849 armatoignoscis,
2992 1776 3385 1848 Squipugnare

85 1869 222 1923 enim
271 1869 410 1925 dixit
465 1888 478 1923 :
534 1870 597 1926 Si
646 1886 920 1927 conversus
967 1873 1303 1944 ingenturris,
1352 1875 1526 1928 salvus
1580 1874 1680 1927 eris

87 1959 231 2031 (lisai
264 1976 395 2029 xxx,
424 1962 533 2033 15).
564 1963 855 2035 Exspectat
880 1965 1118 2035 gemitus
1150 1977 1389 2032 nostros,
1420 1967 1515 2023 sed
1543 1976 1681 2022 tem-

87 2054 296 2124 porales
320 2096 338 2123 ,
390 2068 450 2111 ut
474 2056 717 2113 remittat
738 2068 1030 2128 perpetuos
1066 2068 1385 2129 :cxspectat
1412 2062 1680 2132 lacrymas

88 2158 301 2202 nostras
319 2189 336 2215 ,
371 2157 427 2203 ut
454 2148 741 2219 profundat
768 2150 1021 2220 pietatem
1050 2165 1223 2207 suam.
1249 2152 1339 2209 Sic
1359 2153 1410 2208 in
1435 2154 1682 2225 Evange-

84 2240 171 2307 lio,
193 2240 376 2296 viduae
397 2242 588 2299 matris
610 2243 865 2315 lacrymis
881 2259 1221 2315 compassus,
1254 2246 1425 2301 tilium
1454 2248 1572 2315 ejus
1595 2263 1681 2302 re-

85 2336 367 2392 suscitavit
389 2336 554 2402 (Luc.
580 2354 683 2404 vtt,
719 2339 829 2411 15).
852 2339 885 2378 ἲ)
912 2341 1208 2411 Exspectat
1255 2344 1676 2397 conversionem

86 2442 347 2501 nastram,
399 2443 459 2489 ut
502 2444 812 2492 revertatur
837 2445 894 2492 et
913 2437 1032 2508 ipse
1058 2438 1125 2494 ad
1155 2440 1386 2510 gratiam
1414 2458 1427 2494 :
1458 2455 1601 2509 qum,
1632 2440 1677 2494 si

87 2528 263 2583 nullus
292 2528 471 2600 lapsus
500 2529 658 2585 nobis
684 2530 973 2602 irreperet,
1009 2533 1063 2588 in
1091 2533 1245 2588 nobis
1265 2543 1676 2604 perseveraret:

86 2621 171 2675 sed
196 2620 329 2693 quia
360 2623 597 2691 peccatis
624 2625 825 2678 nostris
851 2626 1229 2682 contrahimus
1254 2628 1516 2683 oll‘ensam
1550 2669 1564 2692 ,
1598 2626 1679 2682 ἰν)-

87 2711 353 2782 dignatur,
398 2723 454 2767 ut
484 2713 878 2771 humiliemur:
920 2716 1292 2785 humiliantur,
1341 2730 1402 2773 ut
1441 2719 1587 2790 digni
1613 2722 1680 2775 si-

89 2820 198 2860 mus
228 2805 402 2876 magis
423 2808 774 2865 miseratione
803 2824 963 2878 quam
987 2825 1167 2881 poena.

147 2900 241 2957 23.
278 2901 477 2957 Doceat
527 2910 581 2958 te
624 2913 774 2959 certe
804 2903 1105 2960 Hieremias
1136 2903 1362 2961 dicens:
1411 2905 1547 2971 Quia
1576 2922 1677 2961 non

91 2994 290 3061 repellet
314 2995 367 3049 in
388 3005 636 3051 teternum
658 2994 946 3064 Dominus;
964 3000 1209 3067 quoniam
1233 3015 1349 3052 cum
1368 2999 1677 3054 humiliore-

90 3090 176 3152 rit,
210 3090 532 3145 miserebitur
562 3091 845 3145 secundum
890 3092 1274 3148 multitudinem
1314 3094 1681 3148 misericordia:

90 3196 186 3235 stuc
207 3198 227 3236 :
252 3183 337 3253 qui
359 3199 461 3236 non
490 3183 779 3238 Immiliavit
803 3193 907 3238 toto
937 3185 1089 3239 corde
1114 3202 1205 3239 suo
1234 3226 1250 3251 ,
1292 3202 1454 3255 neque
1493 3178 1680 3254 repulit

90 3274 218 3341 ﬁlios
232 3273 500 3328 hominum
527 3272 592 3346 (Τ
599 3276 742 3329 hren.
765 3275 1063 3346 "1,51,52).
1081 3276 1192 3331 lloc
1211 3287 1359 3332 certe
1382 3279 1434 3331 in
1449 3277 1681 3332 'l‘hrenis

92 3367 371 3423 llieremia:
397 3368 651 3437 legimus,
674 3379 730 3424 et
748 3384 815 3425 ex
843 3368 946 3430 his,
972 3370 1054 3425 vel
1074 3370 1288 3426 cteteris
1306 3386 1427 3441 qua:
1444 3386 1682 3441 sequun-

91 3468 168 3514 tur
195 3460 530 3516 advertimus
557 3472 577 3500 ε
610 3461 730 3532 quia
757 3462 879 3516 ideo
918 3461 1164 3539 bumiliat
1185 3462 1288 3518 sub
1318 3462 1544 3532 pedibus
1569 3462 1682 3518 suis

92 3567 275 3609 omnes
328 3555 543 3611 vinctos
593 3562 776 3620 terrm,
822 3564 880 3610 ut
915 3555 1178 3625 judicium
1206 3556 1324 3626 ejus
1349 3557 1683 3613 declinemus

95 3646 259 3718 (l’sat.
292 3662 429 3715 cxtt,
472 3649 550 3721 7).
604 3648 712 3704 Sed
743 3663 842 3705 nec
868 3659 984 3704 toto
1011 3649 1176 3705 corde
1206 3649 1452 3706 bumiliat
1495 3666 1684 3720 pecca-

97 3747 261 3795 torem
288 3755 457 3811 usque
482 3740 550 3796 ad
576 3749 778 3796 terram
806 3783 820 3807 ,
859 3742 949 3812 qui
998 3745 1162 3797 etiant
1187 3741 1257 3798 de
1284 3751 1431 3798 terra
1455 3744 1685 3799 suscitat

98 3834 327 3906 inopem,
349 3836 496 3893 etde
518 3848 759 3893 stercore
782 3838 941 3909 erigit
969 3853 1301 3910 pauperem;
1323 3855 1428 3895 non
1453 3840 1683 3895 eninrex

101 3936 208 3983 toto
229 3929 392 3984 corde
417 3930 689 3999 bumiliat,
724 3933 815 4002 qui
839 3945 900 3987 se
930 3932 1101 3988 veni:e
1126 3944 1389 3990 reservat.

165 4023 253 4079 ει.
283 4023 436 4093 Quod
476 4025 524 4080 si
569 4040 677 4081 non
706 4041 772 4081 ex
806 4034 920 4081 toto
965 4028 1129 4083 corde
1177 4043 1394 4084 omnem
1443 4028 1689 4082 lmmiliat

105 4126 456 4184 peccatorem,
480 4129 686 4190 quanto
709 4120 875 4190 magis
890 4135 996 4175 non
1020 4136 1085 4175 ex
1117 4129 1230 4177 toto
1255 4120 1419 4177 corde
1442 4120 1690 4176 bumiliat

106 4220 220 4263 eum
244 4247 261 4274 ,
316 4209 406 4278 qui
442 4226 553 4265 non
584 4225 653 4266 ex
684 4220 800 4266 toto
834 4210 1000 4267 corde
1041 4214 1325 4282 peccavit!
1372 4212 1504 4267 Nam
1550 4213 1690 4268 sicut

108 4297 231 4353 dixit
250 4299 316 4356 de
334 4300 537 4358 Iudaeis
562 4321 576 4359 :
606 4300 846 4371 Populus
876 4304 960 4358 hic
999 4306 1150 4361 labiis
1184 4323 1262 4361 me
1299 4306 1519 4361 honorat
1547 4347 1563 4373 ,
1600 4324 1689 4361 cor

111 4400 269 4446 autem
304 4410 478 4450 eorum
513 4396 664 4470 longe
704 4408 779 4452 est
823 4414 856 4451 a
897 4415 977 4452 me
1018 4398 1171 4469 (Esa.
1196 4416 1346 4467 xxtx,
1378 4401 1465 4465 1'5;
1495 4400 1686 4457 Matth.

115 4497 178 4536 Iv
198 4525 212 4547 .
238 4483 318 4557 8);
347 4486 577 4544 lortasse
601 4498 657 4545 et
680 4488 749 4545 de
783 4489 1056 4559 aliquibus
1091 4492 1257 4563 lapsis
1279 4493 1425 4548 dicat
1454 4492 1580 4549 :Isti
1613 4495 1691 4549 la-

118 4574 212 4629 biis
235 4593 315 4633 mc
341 4588 642 4650 negarunt,
671 4580 768 4637 sed
805 4583 974 4638 corde
1000 4598 1211 4640 mecum
1242 4593 1391 4639 sunt.
1430 4584 1568 4640 Vicit
1596 4601 1691 4640 eos

120 4679 287 4735 poena,
318 4685 422 4726 non
453 4673 655 4727 avertit
684 4672 933 4743 perlidia.
968 4673 1100 4730 Sine
1131 4691 1292 4731 causa
1323 4686 1501 4732 antem
1529 4678 1692 4751 397

123 4758 199 4814 bis
225 4763 381 4834 aliqui
407 4766 623 4821 veniam
648 4775 883 4837 negant,
914 4782 1144 4836 quorum
1196 4769 1353 4825 [idem
1382 4767 1408 4806 ἀ
1452 4785 1696 4841 eousmte

122 4854 380 4915 c0nt'essns
410 4868 727 4930 persecutor
757 4868 870 4928 cst,
895 4871 953 4915 ut
977 4877 1096 4918 eam
1119 4863 1365 4919 studeret
1385 4879 1697 4936 expugnare

126 4954 403 5009 tormentis.
419 4953 698 5026 Negarunt
725 4955 920 5022 semel,
940 4955 1037 5011 sed
1061 4956 1306 5028 quotidie
1332 4956 1693 5014 conﬁtentur:

126 5130 335 5205 cordia;
370 5133 568 5205 melius
586 5132 705 5205 alii,
732 5138 896 5201 atque
924 5129 1083 5205 edit.,
1112 5131 1312 5205 insigne
1349 5134 1464 5205 ejus
1500 5131 1700 5185 miseri-

126 5201 317 5270 cordia,
363 5204 414 5259 id
463 5212 570 5271 est,
620 5203 881 5273 signum,
935 5202 1306 5257 testimonium
1334 5201 1698 5271 ,‘documen-

129 5279 229 5325 tutn
257 5314 270 5333 .
300 5287 402 5329 etc.
1368 5312 1371 5317 -

194 5350 236 5395 ³.
266 5344 376 5400 Vel.
407 5345 541 5401 edit.
564 5386 579 5409 ,
610 5354 657 5398 et
684 5345 729 5398 si
754 5342 975 5398 Judteus
1003 5344 1217 5398 miretur
1236 5360 1254 5410 ;
1281 5344 1424 5399 male
1476 5362 1489 5397 :
1537 5343 1696 5400 Rom.

129 5421 180 5464 et
198 5429 316 5498 mss.
341 5417 567 5487 aliquot,
592 5426 640 5498 et
665 5416 710 5469 si
728 5413 928 5469 Iudicis
949 5414 1171 5469 minetur
1192 5431 1212 5480 ,°
1238 5417 1430 5470 melius
1456 5432 1469 5471 :
1495 5416 1700 5485 optime

132 5489 296 5540 caeteri
334 5502 463 5543 mss.
495 5496 558 5543 ut
597 5489 649 5541 in
673 5495 955 5542 contextu.

200 5552 223 5589 δ
251 5556 369 5629 ilss.
399 5575 505 5613 non
535 5557 693 5629 pauci
719 5599 735 5621 ,
757 5566 950 5626 spectat
982 5556 1203 5629 gemitus
1248 5565 1541 5612 nostros....
1586 5573 1702 5628 spe-

133 5634 228 5712 ctat
248 5627 495 5712 lgcrgmas
525 5627 802 5712 nostras...
815 5666 830 5682 .
853 5627 1071 5712 spectat,
1088 5637 1201 5712 etc.

203 5696 585 5769 fﬁeﬁnﬁcod.
610 5710 766 5767 .ant.,
806 5696 930 5769 quia
957 5715 1059 5763 non
1080 5698 1196 5752 ideo
1216 5696 1475 5754 humiliat.

185 5761 207 5797 δ
230 5765 418 5832 Omnes
448 5761 578 5830 edit.
609 5762 625 5839 ,
657 5761 876 5840 cousque
903 5768 1263 5835 coutectalut;
1304 5784 1512 5847 omnes
1541 5784 1698 5839 mss...

1785 1874 1953 1941 potuit
1980 1888 1995 1935 ;
2030 1887 2137 1926 non
2168 1872 2405 1943 ignoscis
2434 1873 2507 1937 ei,
2537 1873 2589 1927 in
2620 1887 2730 1944 quo
2759 1872 2875 1927 sola
2900 1870 3173 1942 pugnabat
3204 1869 3337 1925 [idea
3358 1869 3385 1924 ?

1853 1964 1942 2018 ‘26.
1970 1964 2145 2034 ipsius
2177 1965 2378 2020 diaboli
2410 1966 2481 2020 de
2510 1964 2820 2035 hujttsmodi
2867 1963 3034 2035 lapsis
3061 1963 3107 2018 si
3136 1962 3384 2034 requira-

1785 2072 1904 2111 mus
1932 2040 2261 2111 sententiam
2281 2098 2296 2123 ,
2331 2071 2511 2111 nonne
2538 2055 2752 2111 videtur
2778 2056 2962 2111 dicere
2992 2072 3005 2108 :
3032 2052 3274 2124 Populus
3298 2054 3384 2108 hic

1783 2148 1931 2203 labiis
1950 2165 2030 2202 me
2056 2150 2273 2202 honorat
2302 2190 2316 2216 ,
2370 2164 2459 2201 cor
2502 2159 2668 2202 autent
2691 2163 2869 2203 eorum
2891 2147 3042 2219 longe
3086 2154 3161 2200 est
3202 2162 3235 2199 a
3259 2145 3387 2200 me?

1781 2241 2065 2310 Quomodo
2120 2242 2265 2296 enim
2325 2256 2536 2295 mecum
2592 2251 2678 2295 est
2722 2281 2736 2300 ,
2794 2239 2888 2310 qni
2946 2255 3054 2293 non
3103 2238 3310 2293 recedit
3353 2252 3386 2292 a

1781 2333 2041 2389 Christo?
2068 2334 2198 2387 Sine
2229 2348 2389 2387 causa
2422 2344 2602 2387 autem
2638 2347 2723 2386 me
2756 2331 2945 2386 colere
2974 2329 3246 2392 videntur,
3290 2328 3386 2398 qui

1781 2429 2085 2483 doctrinam
2137 2428 2265 2483 Jcsu
2312 2428 2630 2482 custodiunt
2672 2444 2686 2480 :
2743 2439 2844 2495 ego
2899 2432 3080 2478 autem
3130 2420 3385 2492 putabam

1781 2524 1921 2595 quod
1955 2539 2128 2578 meam
2159 2523 2442 2576 docerent.
2475 2520 2602 2574 Plus
2629 2518 2914 2581 damnant,
2948 2516 3076 2571 dum
3104 2523 3387 2585 comperta

1778 2618 2064 2674 deserunt.
2088 2615 2252 2671 Certe
2280 2616 2437 2670 Jesus
2469 2617 2521 2668 in
2553 2613 2635 2668 his
2667 2613 2905 2682 amplius
2934 2610 3226 2681 gloriatur,
3253 2607 3384 2662 dum

1780 2711 1975 2781 recipit
2014 2718 2379 2765 revertentes.
2435 2706 2724 2760 Exsultant
2773 2719 2969 2759 omnes
3008 2701 3187 2771 angeli
3216 2717 3231 2765 ;
3256 2700 3386 2778 quia

1780 2802 2035 2875 gaudium
2063 2804 2237 2871 majus
2261 2812 2343 2855 est
2370 2799 2424 2853 in
2454 2798 2598 2853 eualo
2625 2812 2791 2865 super
2824 2810 2933 2850 uno
2968 2802 3254 2865 peccatore
3270 2806 3387 2861 pte—

1782 2897 2063 2952 nitentiam
2096 2903 2293 2965 agente
2315 2935 2330 2962 ,
2363 2908 2525 2964 quam
2559 2893 2611 2946 in
2645 2891 2940 2960 nonaginta
2983 2900 3038 2943 et
3076 2902 3270 2942 novem
3296 2887 3387 2956 ju-

1780 2991 1880 3045 stis
1902 2991 1992 3061 qui
2027 3006 2134 3043 non
2152 2988 2397 3058 indigent
2429 2986 2748 3057 paenitentia
2780 2982 2930 3055 (Luc.
2964 2998 3053 3049 xv,
3086 2981 3165 3051 Ἰ).
3200 2980 3275 3035 De
3296 2994 3386 3035 me

1784 3084 1835 3138 itt
1866 3084 2006 3139 coelo
2034 3123 2049 3149 ,
2082 3082 2150 3137 de
2187 3097 2275 3136 me
2319 3082 2372 3136 itt
2414 3079 2573 3135 terris
2614 3078 2925 3147 triumphus
2951 3076 3208 3129 sumitur.
3236 3071 3385 3127 Nihil

1708 3154 1753 3216 (ἶ
1783 3178 2000 3235 Christo
2024 3180 2207 3249 perit,
2238 3176 2455 3249 quando
2488 3175 2543 3229 hi
2565 3174 2655 3244 qtti
2690 3173 2755 3227 ad
2788 3190 2875 3226 tne
2902 3188 3025 3225 etnn
3065 3169 3194 3223 ﬂetu
3222 3182 3387 3223 vene-

1786 3285 1906 3328 rant
1940 3314 1956 3340 ,
1984 3288 2107 3328 cum
2149 3268 2431 3326 desiderio
2464 3268 2530 3322 ad
2572 3265 2873 3322 Ecclesium
2916 3271 3305 3319 revertuntur:
3335 3268 3389 3315 et

1786 3365 1978 3422 horum
1998 3364 2250 3435 exemplo
2276 3364 2441 3418 etiam
2465 3361 2533 3416 de
2557 3361 2693 3415 meis
2723 3359 3031 3430 periclitor,
3062 3355 3153 3427 qui
3180 3353 3386 3410 didice-

1785 3460 1893 3514 rint
1932 3458 2065 3513 nihil
2089 3457 2179 3512 hic
2206 3472 2347 3517 esse,
2382 3455 2469 3509 ubi
2504 3454 2755 3508 homines
2796 3450 3157 3521 praesentibus
3191 3461 3388 3517 provo-

1784 3563 1980 3607 cantur
2006 3550 2241 3619 praemiis
2271 3566 2286 3612 ;
2316 3557 2370 3602 et
2403 3547 2694 3616 plurimum
2723 3544 2861 3609 illic,
2895 3544 2985 3596 tthi
3023 3541 3283 3611 gemitus,
3310 3539 3387 3593 la—

1786 3660 1988 3715 cryma:
2015 3683 2031 3710 ,
2059 3641 2261 3711 jejunio
2291 3642 2427 3694 meis
2450 3638 2627 3708 epulis
2657 3635 3047 3705 pra-ieiunior.

2417 3770 2645 3827 CAPUT
2673 3768 2760 3825 Vl.

1791 3864 1845 3920 Ν
1849 3867 2112 3920 ovatianos
2129 3865 2253 3918 dum
2275 3874 2567 3932 peccatores
2587 3878 2618 3914 a
2639 3859 2833 3914 Christi
2846 3857 3075 3912 convivio
3087 3853 3385 3922 excludunt,
3424 3916 3432 3929 ρ

1860 3976 1962 4014 non
1987 3958 2057 4027 pii
2084 3955 2407 4012 Samuritani
2432 3996 2446 4023 ,
2478 3955 2568 4009 sed
2607 3951 2816 4022 superbi
2860 3949 3146 4019 legispcriti
3170 3964 3259 4003 ncc
3287 3964 3390 4003 non

1862 4053 2315 4121 sacerdotis-utque
2337 4050 2523 4113 lcritre,
2556 4047 2648 4117 qui
2665 4043 3119 4115 reprehenduntur
3134 4042 3186 4095 in
3218 4038 3393 4095 Evan-

1862 4147 2015 4218 gelia,
2042 4144 2340 4215 ,imitatores
2365 4158 2473 4195 esse
2490 4180 2503 4205 ,
2533 4139 2694 4193 immo
2723 4135 2904 4190 iisdem
2928 4135 3081 4188 etiam
3102 4132 3387 4187 inclemen-

1866 4241 2040 4309 tiores.

1863 4396 1953 4451 9.7.
1981 4395 2145 4469 [Alias
2173 4410 2289 4466 cap.
2316 4392 2407 4465 V.]
2432 4392 2543 4447 llos
2569 4406 2721 4462 ergo,
2743 4386 3051 4453 Novatiani,
3072 4382 3395 4444 excluditis?

1793 4489 1931 4558 Quid
1957 4498 2038 4543 est
2066 4488 2211 4543 enim
2241 4485 2392 4542 aliud
2424 4484 2747 4549 excludere,
2775 4482 2881 4537 nisi
2912 4496 3066 4552 Spem
3094 4478 3270 4535 venite
3293 4475 3392 4532 de-

1798 4589 2038 4658 negare?
2070 4588 2179 4644 Sed
2222 4601 2399 4657 neque
2440 4585 2766 4641 semivivum
2810 4584 2960 4638 illum
3005 4581 3332 4636 derelictum
3364 4592 3394 4632 a

1799 4678 2103 4734 latronibus
2149 4679 2526 4736 Samaritanus
2572 4674 2836 4745 pra-teriit
2868 4692 2881 4727 :
2913 4681 2971 4728 et
3013 4672 3239 4727 vulnera
3278 4670 3398 4739 ejus

1794 4772 1917 4827 oleo
1944 4773 2179 4842 vinoque
2208 4773 2442 4835 curavit,
2469 4772 2617 4839 prius
2644 4768 2938 4824 infundens
2966 4767 3149 4822 oleum
3177 4782 3288 4837 quo
3318 4764 3400 4818 lo-

1797 4873 1949 4919 veret
1979 4882 1991 4917 :
2025 4880 2186 4934 supra
2214 4863 2520 4932 iumentum
2542 4863 2708 4933 398
2734 4876 2891 4914 sumn
2924 4859 3183 4928 imposuit
3211 4855 3400 4912 vulne-

1799 4968 2000 5025 ratum,
2046 4958 2099 5011 in
2145 4973 2253 5028 quo
2280 4955 2398 5026 ejus
2449 4966 2672 5027 peccata
2718 4954 2862 5011 vexit
2913 4953 3093 5008 omnia
3138 4950 3289 5023 (Luc.
3325 4968 3353 5005 χ
3384 4990 3402 5019 ,

1806 5149 2025 5203 eousque
2060 5135 2347 5203 confessus.
2385 5133 2454 5188 Et
2504 5141 2656 5188 certe
2699 5138 3080 5203 persecutores
3137 5128 3402 5199 quodam-

1806 5202 1967 5259 modo
2008 5202 2339 5259 conﬁtentur
2378 5218 2473 5261 eos
2511 5203 2715 5259 Christi
2758 5203 2919 5256 tidem
2964 5202 3165 5257 habere
3193 5240 3208 5262 ,
3264 5215 3403 5270 quos

1809 5277 2093 5329 tormentis
2151 5274 2562 5346 aggrediuntur.
2606 5275 2737 5329 Nam
2783 5273 2829 5326 si
2871 5271 3074 5346 eadem
3129 5271 3249 5346 litch
3281 5272 3403 5346 illos

1806 5346 2093 5402 crederent
2130 5341 2460 5415 destitutos,
2517 5348 2816 5402 amicorum
2870 5344 2988 5398 loco
3037 5343 3183 5414 ipsos
3239 5341 3403 5398 habe-

1808 5425 1949 5472 rent.

1885 5498 1908 5559 ?
1936 5488 2167 5556 Quidam
2197 5503 2354 5557 tnss.,
2387 5500 2552 5559 rapta:
2576 5489 2716 5544 urbis
2746 5486 3016 5559 populum.

1816 5558 1819 5563 “
1884 5555 2058 5617 ίΜεε.
2088 5555 2368 5630 nonnulli,
2403 5555 2505 5616 non
2529 5561 2719 5615 minore
2746 5555 2945 5613 'sriticet
2968 5557 3162 5611 honore
3182 5599 3197 5621 ,
3232 5555 3404 5610 studio

1807 5635 2165 5700 prapensiore.

1880 5703 2189 5827 :Qumdam
2234 5704 2364 5761 edit.
2401 5718 2484 5759 ac.
2515 5718 2646 5760 mss.
2679 5703 2938 5774 aliquot,
2982 5701 3071 5771 qui
3116 5713 3407 5772 repugnare

1903 5788 1951 5827 ιιι
1981 5810 1993 5827 .

1809 5789 1993 5841 pontu.
