  <div class='ocr_page' id='page_1' title='image "/cluster/home/n/w/nwhite01/storage/ocr_20150623/16/uva.x000826550/247.png"; bbox 0 0 3946 6180; ppageno 0'>
   <div class='ocr_carea' id='block_1_1' title="bbox 606 267 3855 333">
    <p class='ocr_par' dir='ltr' id='par_1_1' title="bbox 606 267 3855 333">
     <span class='ocr_line' id='line_1_1' title="bbox 606 267 3855 333; baseline -0.006 0"><span class='ocrx_word' id='word_1_1' title='bbox 606 278 677 333; x_wconf 78' lang='lat'><strong>79</strong></span> <span class='ocrx_word' id='word_1_2' title='bbox 1906 268 2150 327; x_wconf 83' lang='lat' dir='ltr'><strong>SANCTI</strong></span> <span class='ocrx_word' id='word_1_3' title='bbox 2190 267 2518 325; x_wconf 70' lang='lat' dir='ltr'><strong>AMBllOSll</strong></span> <span class='ocrx_word' id='word_1_4' title='bbox 3761 271 3855 327; x_wconf 62' lang='lat'><strong>430</strong></span> 
     </span>
    </p>
   </div>
   <div class='ocr_carea' id='block_1_2' title="bbox 569 383 3859 467">
    <p class='ocr_par' dir='ltr' id='par_1_2' title="bbox 569 383 3859 467">
     <span class='ocr_line' id='line_1_2' title="bbox 569 383 3859 467; baseline 0 -23"><span class='ocrx_word' id='word_1_5' title='bbox 569 398 854 467; x_wconf 77' lang='lat' dir='ltr'><strong>requiescet</strong></span> <span class='ocrx_word' id='word_1_6' title='bbox 898 393 953 445; x_wconf 88' lang='lat' dir='ltr'><strong>in</strong></span> <span class='ocrx_word' id='word_1_7' title='bbox 991 398 1161 444; x_wconf 91' lang='lat' dir='ltr'><strong>monte</strong></span> <span class='ocrx_word' id='word_1_8' title='bbox 1205 396 1384 442; x_wconf 88' lang='lat' dir='ltr'><strong>sancto</strong></span> <span class='ocrx_word' id='word_1_9' title='bbox 1430 402 1525 443; x_wconf 86' lang='lat' dir='ltr'><strong>suo</strong></span> <span class='ocrx_word' id='word_1_10' title='bbox 1557 385 1730 459; x_wconf 81' lang='lat' dir='ltr'><strong>(Psal.</strong></span> <span class='ocrx_word' id='word_1_11' title='bbox 1762 402 1883 456; x_wconf 87' lang='lat' dir='ltr'><strong>xtv,</strong></span> <span class='ocrx_word' id='word_1_12' title='bbox 1914 386 2010 458; x_wconf 75' lang='lat' dir='ltr'><strong>t)?</strong></span> <span class='ocrx_word' id='word_1_13' title='bbox 2050 386 2167 443; x_wconf 89' lang='lat' dir='ltr'><strong>Non</strong></span> <span class='ocrx_word' id='word_1_14' title='bbox 2195 390 2247 451; x_wconf 74' lang='grc' dir='ltr'>Α</span> <span class='ocrx_word' id='word_1_15' title='bbox 2345 387 2436 442; x_wconf 73' lang='grc'><strong>43.</strong></span> <span class='ocrx_word' id='word_1_16' title='bbox 2478 384 2671 442; x_wconf 81' lang='lat' dir='ltr'><strong>Merito</strong></span> <span class='ocrx_word' id='word_1_17' title='bbox 2694 398 2825 456; x_wconf 85' lang='lat' dir='ltr'><strong>ergo</strong></span> <span class='ocrx_word' id='word_1_18' title='bbox 2855 384 3118 454; x_wconf 89' lang='lat' dir='ltr'><strong>scriptum</strong></span> <span class='ocrx_word' id='word_1_19' title='bbox 3146 392 3230 440; x_wconf 89' lang='lat' dir='ltr'><strong>est</strong></span> <span class='ocrx_word' id='word_1_20' title='bbox 3265 402 3278 441; x_wconf 91' lang='lat'><strong>:</strong></span> <span class='ocrx_word' id='word_1_21' title='bbox 3309 383 3434 451; x_wconf 87' lang='lat' dir='ltr'><strong>Quis</strong></span> <span class='ocrx_word' id='word_1_22' title='bbox 3460 383 3628 441; x_wconf 89' lang='lat' dir='ltr'><strong>orabit</strong></span> <span class='ocrx_word' id='word_1_23' title='bbox 3651 403 3741 457; x_wconf 90' lang='lat' dir='ltr'><strong>pro</strong></span> <span class='ocrx_word' id='word_1_24' title='bbox 3764 390 3859 444; x_wconf 85' lang='lat' dir='ltr'><strong>eo?</strong></span> 
     </span>
    </p>
   </div>
   <div class='ocr_carea' id='block_1_3' title="bbox 573 476 3861 571">
    <p class='ocr_par' dir='ltr' id='par_1_3' title="bbox 573 476 3861 571">
     <span class='ocr_line' id='line_1_3' title="bbox 573 476 3861 571; baseline -0.002 -29"><span class='ocrx_word' id='word_1_25' title='bbox 573 488 719 543; x_wconf 89' lang='lat' dir='ltr'><strong>enim</strong></span> <span class='ocrx_word' id='word_1_26' title='bbox 764 485 966 550; x_wconf 86' lang='lat' dir='ltr'><strong>nullus,</strong></span> <span class='ocrx_word' id='word_1_27' title='bbox 998 482 1093 537; x_wconf 89' lang='lat' dir='ltr'><strong>sed</strong></span> <span class='ocrx_word' id='word_1_28' title='bbox 1126 481 1386 551; x_wconf 88' lang='lat' dir='ltr'><strong>probatus</strong></span> <span class='ocrx_word' id='word_1_29' title='bbox 1428 479 1697 535; x_wconf 70' lang='lat' dir='ltr'><strong>habitabit</strong></span> <span class='ocrx_word' id='word_1_30' title='bbox 1725 496 1739 533; x_wconf 91' lang='lat'><strong><em>:</em></strong></span> <span class='ocrx_word' id='word_1_31' title='bbox 1774 494 1878 536; x_wconf 92' lang='lat' dir='ltr'><strong>nec</strong></span> <span class='ocrx_word' id='word_1_32' title='bbox 1904 480 2009 535; x_wconf 90' lang='lat' dir='ltr'><strong>boe</strong></span> <span class='ocrx_word' id='word_1_33' title='bbox 2038 479 2173 535; x_wconf 91' lang='lat' dir='ltr'><strong>dicit</strong></span> <span class='ocrx_word' id='word_1_34' title='bbox 2274 480 2379 571; x_wconf 82' lang='lat' dir='ltr'><strong>boe</strong></span> <span class='ocrx_word' id='word_1_35' title='bbox 2409 489 2514 545; x_wconf 90' lang='lat' dir='ltr'><strong>est,</strong></span> <span class='ocrx_word' id='word_1_36' title='bbox 2545 480 2667 535; x_wconf 90' lang='lat' dir='ltr'><strong>talis</strong></span> <span class='ocrx_word' id='word_1_37' title='bbox 2709 480 2889 551; x_wconf 80' lang='lat' dir='ltr'><strong>qualis</strong></span> <span class='ocrx_word' id='word_1_38' title='bbox 2918 478 3159 551; x_wconf 78' lang='lat' dir='ltr'><strong>Moyses,</strong></span> <span class='ocrx_word' id='word_1_39' title='bbox 3190 479 3280 548; x_wconf 90' lang='lat' dir='ltr'><strong>qui</strong></span> <span class='ocrx_word' id='word_1_40' title='bbox 3311 493 3372 534; x_wconf 89' lang='lat' dir='ltr'><strong>se</strong></span> <span class='ocrx_word' id='word_1_41' title='bbox 3401 476 3593 535; x_wconf 71' lang='lat' dir='ltr'><strong>oderat</strong></span> <span class='ocrx_word' id='word_1_42' title='bbox 3627 494 3724 550; x_wconf 90' lang='lat' dir='ltr'><strong>pro</strong></span> <span class='ocrx_word' id='word_1_43' title='bbox 3748 494 3861 551; x_wconf 87' lang='lat' dir='ltr'><strong>pee-</strong></span> 
     </span>
    </p>
   </div>
   <div class='ocr_carea' id='block_1_4' title="bbox 573 572 3861 650">
    <p class='ocr_par' dir='ltr' id='par_1_4' title="bbox 573 572 3861 650">
     <span class='ocr_line' id='line_1_4' title="bbox 573 572 3861 650; baseline -0.001 -15"><span class='ocrx_word' id='word_1_44' title='bbox 573 577 718 650; x_wconf 91' lang='lat' dir='ltr'><strong>quod</strong></span> <span class='ocrx_word' id='word_1_45' title='bbox 750 590 911 632; x_wconf 85' lang='lat' dir='ltr'><strong>nemo</strong></span> <span class='ocrx_word' id='word_1_46' title='bbox 937 574 1278 645; x_wconf 80' lang='lat' dir='ltr'><strong>requiescat.</strong></span> <span class='ocrx_word' id='word_1_47' title='bbox 1320 573 1419 629; x_wconf 82' lang='lat' dir='ltr'><strong>sed</strong></span> <span class='ocrx_word' id='word_1_48' title='bbox 1467 572 1776 644; x_wconf 75' lang='lat' dir='ltr'><strong>requiescat</strong></span> <span class='ocrx_word' id='word_1_49' title='bbox 1818 573 2050 628; x_wconf 77' lang='lat' dir='ltr'><strong>electus.</strong></span> <span class='ocrx_word' id='word_1_50' title='bbox 2099 572 2173 629; x_wconf 79' lang='lat' dir='ltr'><strong>Ut</strong></span> <span class='ocrx_word' id='word_1_51' title='bbox 2271 579 2562 635; x_wconf 82' lang='lat' dir='ltr'><strong>cantibus:</strong></span> <span class='ocrx_word' id='word_1_52' title='bbox 2596 577 2723 634; x_wconf 89' lang='lat' dir='ltr'><strong>talis</strong></span> <span class='ocrx_word' id='word_1_53' title='bbox 2765 577 2944 648; x_wconf 90' lang='lat' dir='ltr'><strong>qualis</strong></span> <span class='ocrx_word' id='word_1_54' title='bbox 2991 575 3293 631; x_wconf 80' lang='lat' dir='ltr'><strong>Hieremias</strong></span> <span class='ocrx_word' id='word_1_55' title='bbox 3320 616 3335 641; x_wconf 89' lang='lat'><strong>,</strong></span> <span class='ocrx_word' id='word_1_56' title='bbox 3380 583 3407 612; x_wconf 77' lang='grc' dir='ltr'>ει</span> <span class='ocrx_word' id='word_1_57' title='bbox 3452 576 3538 631; x_wconf 91' lang='lat' dir='ltr'><strong>cui</strong></span> <span class='ocrx_word' id='word_1_58' title='bbox 3594 575 3861 647; x_wconf 69' lang='lat' dir='ltr'><strong>propheta:</strong></span> 
     </span>
    </p>
   </div>
   <div class='ocr_carea' id='block_1_5' title="bbox 574 664 2176 736">
    <p class='ocr_par' dir='ltr' id='par_1_5' title="bbox 574 664 2176 736">
     <span class='ocr_line' id='line_1_5' title="bbox 574 664 2176 736; baseline -0.005 -10"><span class='ocrx_word' id='word_1_59' title='bbox 574 670 718 726; x_wconf 83' lang='lat' dir='ltr'><strong>scias</strong></span> <span class='ocrx_word' id='word_1_60' title='bbox 750 669 852 723; x_wconf 85' lang='lat' dir='ltr'><strong>hoc</strong></span> <span class='ocrx_word' id='word_1_61' title='bbox 876 682 1000 722; x_wconf 88' lang='lat' dir='ltr'><strong>esse</strong></span> <span class='ocrx_word' id='word_1_62' title='bbox 1026 681 1211 722; x_wconf 88' lang='lat' dir='ltr'><strong>verum</strong></span> <span class='ocrx_word' id='word_1_63' title='bbox 1234 707 1250 733; x_wconf 94' lang='lat'><strong>,</strong></span> <span class='ocrx_word' id='word_1_64' title='bbox 1280 680 1386 720; x_wconf 91' lang='lat' dir='ltr'><strong>non</strong></span> <span class='ocrx_word' id='word_1_65' title='bbox 1418 666 1593 721; x_wconf 90' lang='lat' dir='ltr'><strong>multo</strong></span> <span class='ocrx_word' id='word_1_66' title='bbox 1620 674 1744 736; x_wconf 89' lang='lat' dir='ltr'><strong>post</strong></span> <span class='ocrx_word' id='word_1_67' title='bbox 1773 666 1825 719; x_wconf 93' lang='lat' dir='ltr'><strong>in</strong></span> <span class='ocrx_word' id='word_1_68' title='bbox 1858 665 2070 735; x_wconf 77' lang='lat' dir='ltr'><strong>psalmo</strong></span> <span class='ocrx_word' id='word_1_69' title='bbox 2095 664 2176 718; x_wconf 77' lang='lat' dir='ltr'><strong>vi-</strong></span> 
     </span>
    </p>
   </div>
   <div class='ocr_carea' id='block_1_6' title="bbox 575 760 2172 835">
    <p class='ocr_par' dir='ltr' id='par_1_6' title="bbox 575 760 2172 835">
     <span class='ocr_line' id='line_1_6' title="bbox 575 760 2172 835; baseline -0.004 -16"><span class='ocrx_word' id='word_1_70' title='bbox 575 764 786 835; x_wconf 86' lang='lat' dir='ltr'><strong>gesimo</strong></span> <span class='ocrx_word' id='word_1_71' title='bbox 817 761 979 818; x_wconf 90' lang='lat' dir='ltr'><strong>tertio</strong></span> <span class='ocrx_word' id='word_1_72' title='bbox 1005 760 1084 815; x_wconf 85' lang='lat' dir='ltr'><strong>ait</strong></span> <span class='ocrx_word' id='word_1_73' title='bbox 1114 780 1126 816; x_wconf 92' lang='lat'>:</span> <span class='ocrx_word' id='word_1_74' title='bbox 1159 760 1291 827; x_wconf 96' lang='lat' dir='ltr'><strong>Quis</strong></span> <span class='ocrx_word' id='word_1_75' title='bbox 1319 760 1560 816; x_wconf 79' lang='lat' dir='ltr'><strong>ascendet</strong></span> <span class='ocrx_word' id='word_1_76' title='bbox 1594 761 1649 814; x_wconf 89' lang='lat' dir='ltr'><strong>in</strong></span> <span class='ocrx_word' id='word_1_77' title='bbox 1686 770 1908 815; x_wconf 89' lang='lat' dir='ltr'><strong>montem</strong></span> <span class='ocrx_word' id='word_1_78' title='bbox 1940 760 2172 829; x_wconf 80' lang='lat' dir='ltr'><strong>Domini,</strong></span> 
     </span>
    </p>
   </div>
   <div class='ocr_carea' id='block_1_7' title="bbox 578 853 2175 928">
    <p class='ocr_par' dir='ltr' id='par_1_7' title="bbox 578 853 2175 928">
     <span class='ocr_line' id='line_1_7' title="bbox 578 853 2175 928; baseline -0.001 -17"><span class='ocrx_word' id='word_1_79' title='bbox 578 867 670 913; x_wconf 86' lang='lat' dir='ltr'><strong>aut</strong></span> <span class='ocrx_word' id='word_1_80' title='bbox 693 858 810 927; x_wconf 87' lang='lat' dir='ltr'><strong>quis</strong></span> <span class='ocrx_word' id='word_1_81' title='bbox 835 857 987 912; x_wconf 89' lang='lat' dir='ltr'><strong>stabit</strong></span> <span class='ocrx_word' id='word_1_82' title='bbox 1009 857 1066 911; x_wconf 89' lang='lat' dir='ltr'><strong>in</strong></span> <span class='ocrx_word' id='word_1_83' title='bbox 1091 857 1204 911; x_wconf 90' lang='lat' dir='ltr'><strong>loco</strong></span> <span class='ocrx_word' id='word_1_84' title='bbox 1233 867 1416 911; x_wconf 89' lang='lat' dir='ltr'><strong>sancto</strong></span> <span class='ocrx_word' id='word_1_85' title='bbox 1442 857 1559 927; x_wconf 86' lang='lat' dir='ltr'><strong>ejus</strong></span> <span class='ocrx_word' id='word_1_86' title='bbox 1587 854 1761 928; x_wconf 89' lang='lat' dir='ltr'><strong>(Psal.</strong></span> <span class='ocrx_word' id='word_1_87' title='bbox 1798 871 1959 923; x_wconf 85' lang='lat' dir='ltr'><strong>xxnt,</strong></span> <span class='ocrx_word' id='word_1_88' title='bbox 1989 853 2094 927; x_wconf 73' lang='lat'><strong>&#39;5)?</strong></span> <span class='ocrx_word' id='word_1_89' title='bbox 2122 854 2175 909; x_wconf 88' lang='lat' dir='ltr'><strong>id</strong></span> 
     </span>
    </p>
   </div>
   <div class='ocr_carea' id='block_1_8' title="bbox 577 948 2178 1022">
    <p class='ocr_par' dir='ltr' id='par_1_8' title="bbox 577 948 2178 1022">
     <span class='ocr_line' id='line_1_8' title="bbox 577 948 2178 1022; baseline -0.004 -14"><span class='ocrx_word' id='word_1_90' title='bbox 577 962 684 1019; x_wconf 87' lang='lat' dir='ltr'><strong>est,</strong></span> <span class='ocrx_word' id='word_1_91' title='bbox 718 966 823 1007; x_wconf 93' lang='lat' dir='ltr'><strong>non</strong></span> <span class='ocrx_word' id='word_1_92' title='bbox 854 952 1183 1022; x_wconf 80' lang='lat' dir='ltr'><strong>quicumque</strong></span> <span class='ocrx_word' id='word_1_93' title='bbox 1229 950 1297 1005; x_wconf 88' lang='lat' dir='ltr'><strong>de</strong></span> <span class='ocrx_word' id='word_1_94' title='bbox 1329 951 1515 1020; x_wconf 84' lang='lat' dir='ltr'><strong>vulgo,</strong></span> <span class='ocrx_word' id='word_1_95' title='bbox 1547 964 1647 1005; x_wconf 88' lang='lat' dir='ltr'><strong>nec</strong></span> <span class='ocrx_word' id='word_1_96' title='bbox 1693 948 1925 1019; x_wconf 80' lang='lat' dir='ltr'><strong>plebeia:</strong></span> <span class='ocrx_word' id='word_1_97' title='bbox 1953 948 2178 1003; x_wconf 82' lang='lat' dir='ltr'><strong>vilitatis</strong></span> 
     </span>
    </p>
   </div>
   <div class='ocr_carea' id='block_1_9' title="bbox 577 1042 2182 1115">
    <p class='ocr_par' dir='ltr' id='par_1_9' title="bbox 577 1042 2182 1115">
     <span class='ocr_line' id='line_1_9' title="bbox 577 1042 2182 1115; baseline -0.002 -15"><span class='ocrx_word' id='word_1_98' title='bbox 577 1045 811 1115; x_wconf 87' lang='lat' dir='ltr'><strong>aliquis;</strong></span> <span class='ocrx_word' id='word_1_99' title='bbox 844 1044 941 1100; x_wconf 85' lang='lat' dir='ltr'><strong>sed</strong></span> <span class='ocrx_word' id='word_1_100' title='bbox 969 1044 1096 1099; x_wconf 77' lang='lat' dir='ltr'><strong>vita:</strong></span> <span class='ocrx_word' id='word_1_101' title='bbox 1139 1044 1403 1115; x_wconf 71' lang='lat' dir='ltr'><strong>egregim,</strong></span> <span class='ocrx_word' id='word_1_102' title='bbox 1444 1042 1843 1114; x_wconf 81' lang='lat' dir='ltr'><strong>singularisque</strong></span> <span class='ocrx_word' id='word_1_103' title='bbox 1873 1043 2076 1098; x_wconf 90' lang='lat' dir='ltr'><strong>meriti.</strong></span> <span class='ocrx_word' id='word_1_104' title='bbox 2110 1042 2182 1097; x_wconf 88' lang='lat' dir='ltr'><strong>Et</strong></span> 
     </span>
    </p>
   </div>
   <div class='ocr_carea' id='block_1_10' title="bbox 582 1134 2183 1209">
    <p class='ocr_par' dir='ltr' id='par_1_10' title="bbox 582 1134 2183 1209">
     <span class='ocr_line' id='line_1_10' title="bbox 582 1134 2183 1209; baseline -0.003 -16"><span class='ocrx_word' id='word_1_105' title='bbox 582 1147 641 1193; x_wconf 92' lang='lat' dir='ltr'><strong>ut</strong></span> <span class='ocrx_word' id='word_1_106' title='bbox 664 1140 813 1194; x_wconf 85' lang='lat' dir='ltr'><strong>scias</strong></span> <span class='ocrx_word' id='word_1_107' title='bbox 854 1136 981 1209; x_wconf 88' lang='lat' dir='ltr'><strong>quia</strong></span> <span class='ocrx_word' id='word_1_108' title='bbox 1021 1151 1144 1192; x_wconf 92' lang='lat' dir='ltr'><strong>cum</strong></span> <span class='ocrx_word' id='word_1_109' title='bbox 1173 1137 1289 1207; x_wconf 87' lang='lat' dir='ltr'><strong>quis</strong></span> <span class='ocrx_word' id='word_1_110' title='bbox 1328 1136 1549 1203; x_wconf 90' lang='lat' dir='ltr'><strong>dicitur,</strong></span> <span class='ocrx_word' id='word_1_111' title='bbox 1579 1150 1686 1190; x_wconf 93' lang='lat' dir='ltr'><strong>non</strong></span> <span class='ocrx_word' id='word_1_112' title='bbox 1719 1134 2038 1207; x_wconf 82' lang='lat' dir='ltr'><strong>intelligitur</strong></span> <span class='ocrx_word' id='word_1_113' title='bbox 2063 1136 2183 1189; x_wconf 91' lang='lat' dir='ltr'><strong>nul-</strong></span> 
     </span>
    </p>
   </div>
   <div class='ocr_carea' id='block_1_11' title="bbox 584 1228 2183 1303">
    <p class='ocr_par' dir='ltr' id='par_1_11' title="bbox 584 1228 2183 1303">
     <span class='ocr_line' id='line_1_11' title="bbox 584 1228 2183 1303; baseline -0.002 -15"><span class='ocrx_word' id='word_1_114' title='bbox 584 1231 704 1298; x_wconf 88' lang='lat' dir='ltr'><strong>lus,</strong></span> <span class='ocrx_word' id='word_1_115' title='bbox 737 1231 832 1287; x_wconf 88' lang='lat' dir='ltr'><strong>sed</strong></span> <span class='ocrx_word' id='word_1_116' title='bbox 883 1231 1078 1303; x_wconf 88' lang='lat' dir='ltr'><strong>aliquis</strong></span> <span class='ocrx_word' id='word_1_117' title='bbox 1123 1229 1501 1302; x_wconf 81' lang='lat' dir='ltr'><strong>significatur,</strong></span> <span class='ocrx_word' id='word_1_118' title='bbox 1551 1245 1675 1286; x_wconf 90' lang='lat' dir='ltr'><strong>cum</strong></span> <span class='ocrx_word' id='word_1_119' title='bbox 1731 1229 1960 1285; x_wconf 80' lang='lat' dir='ltr'><strong>dixisset</strong></span> <span class='ocrx_word' id='word_1_120' title='bbox 2003 1246 2017 1284; x_wconf 91' lang='lat'><strong>:</strong></span> <span class='ocrx_word' id='word_1_121' title='bbox 2053 1228 2183 1296; x_wconf 90' lang='lat' dir='ltr'><strong>Quis</strong></span> 
     </span>
    </p>
   </div>
   <div class='ocr_carea' id='block_1_12' title="bbox 580 1321 2185 1394">
    <p class='ocr_par' dir='ltr' id='par_1_12' title="bbox 580 1321 2185 1394">
     <span class='ocr_line' id='line_1_12' title="bbox 580 1321 2185 1394; baseline -0.003 -13"><span class='ocrx_word' id='word_1_122' title='bbox 580 1326 819 1381; x_wconf 86' lang='lat' dir='ltr'><strong>ascendet</strong></span> <span class='ocrx_word' id='word_1_123' title='bbox 845 1325 901 1380; x_wconf 85' lang='lat' dir='ltr'><strong>in</strong></span> <span class='ocrx_word' id='word_1_124' title='bbox 935 1333 1160 1379; x_wconf 87' lang='lat' dir='ltr'><strong>montem</strong></span> <span class='ocrx_word' id='word_1_125' title='bbox 1191 1322 1439 1379; x_wconf 84' lang='lat' dir='ltr'><strong>Domini?</strong></span> <span class='ocrx_word' id='word_1_126' title='bbox 1474 1323 1710 1394; x_wconf 84' lang='lat' dir='ltr'><strong>subjecit</strong></span> <span class='ocrx_word' id='word_1_127' title='bbox 1741 1341 1755 1379; x_wconf 89' lang='lat'><strong>:</strong></span> <span class='ocrx_word' id='word_1_128' title='bbox 1781 1321 2038 1378; x_wconf 83' lang='lat' dir='ltr'><strong>Innocens</strong></span> <span class='ocrx_word' id='word_1_129' title='bbox 2072 1339 2185 1377; x_wconf 90' lang='lat' dir='ltr'><strong>ma-</strong></span> 
     </span>
    </p>
   </div>
   <div class='ocr_carea' id='block_1_13' title="bbox 581 1416 2185 1486">
    <p class='ocr_par' dir='ltr' id='par_1_13' title="bbox 581 1416 2185 1486">
     <span class='ocr_line' id='line_1_13' title="bbox 581 1416 2185 1486; baseline -0.001 -14"><span class='ocrx_word' id='word_1_130' title='bbox 581 1418 755 1484; x_wconf 84' lang='lat' dir='ltr'><strong>nibus,</strong></span> <span class='ocrx_word' id='word_1_131' title='bbox 782 1426 829 1472; x_wconf 90' lang='lat' dir='ltr'><strong>et</strong></span> <span class='ocrx_word' id='word_1_132' title='bbox 856 1416 1047 1471; x_wconf 88' lang='lat' dir='ltr'><strong>mundo</strong></span> <span class='ocrx_word' id='word_1_133' title='bbox 1073 1416 1246 1482; x_wconf 89' lang='lat' dir='ltr'><strong>corde,</strong></span> <span class='ocrx_word' id='word_1_134' title='bbox 1271 1417 1358 1486; x_wconf 89' lang='lat' dir='ltr'><strong>qui</strong></span> <span class='ocrx_word' id='word_1_135' title='bbox 1379 1431 1481 1470; x_wconf 90' lang='lat' dir='ltr'><strong>non</strong></span> <span class='ocrx_word' id='word_1_136' title='bbox 1505 1416 1695 1485; x_wconf 88' lang='lat' dir='ltr'><strong>accipit</strong></span> <span class='ocrx_word' id='word_1_137' title='bbox 1722 1416 1775 1471; x_wconf 88' lang='lat' dir='ltr'><strong>in</strong></span> <span class='ocrx_word' id='word_1_138' title='bbox 1798 1432 1931 1470; x_wconf 86' lang='lat' dir='ltr'><strong>vano</strong></span> <span class='ocrx_word' id='word_1_139' title='bbox 1958 1417 2185 1470; x_wconf 89' lang='lat' dir='ltr'><strong>animam</strong></span> 
     </span>
    </p>
   </div>
   <div class='ocr_carea' id='block_1_14' title="bbox 582 1508 2188 1584">
    <p class='ocr_par' dir='ltr' id='par_1_14' title="bbox 582 1508 2188 1584">
     <span class='ocr_line' id='line_1_14' title="bbox 582 1508 2188 1584; baseline 0.001 -18"><span class='ocrx_word' id='word_1_140' title='bbox 582 1527 728 1566; x_wconf 85' lang='lat' dir='ltr'><strong>suam</strong></span> <span class='ocrx_word' id='word_1_141' title='bbox 758 1508 951 1580; x_wconf 87' lang='lat' dir='ltr'><strong>(lbid.,</strong></span> <span class='ocrx_word' id='word_1_142' title='bbox 982 1508 1061 1582; x_wconf 99' lang='grc'><strong>4).</strong></span> <span class='ocrx_word' id='word_1_143' title='bbox 1096 1509 1165 1565; x_wconf 85' lang='lat' dir='ltr'><strong>Et</strong></span> <span class='ocrx_word' id='word_1_144' title='bbox 1198 1510 1328 1565; x_wconf 85' lang='lat' dir='ltr'><strong>alibi</strong></span> <span class='ocrx_word' id='word_1_145' title='bbox 1363 1529 1377 1565; x_wconf 91' lang='lat'><strong>:</strong></span> <span class='ocrx_word' id='word_1_146' title='bbox 1408 1510 1536 1576; x_wconf 90' lang='lat' dir='ltr'><strong>Quis</strong></span> <span class='ocrx_word' id='word_1_147' title='bbox 1576 1511 1813 1579; x_wconf 78' lang='lat' dir='ltr'><strong>sapiens,</strong></span> <span class='ocrx_word' id='word_1_148' title='bbox 1841 1521 1891 1565; x_wconf 90' lang='lat' dir='ltr'><strong>et</strong></span> <span class='ocrx_word' id='word_1_149' title='bbox 1937 1511 2188 1584; x_wconf 81' lang='lat' dir='ltr'><strong>intelliget</strong></span> 
     </span>
    </p>
   </div>
   <div class='ocr_carea' id='block_1_15' title="bbox 585 1604 2187 1680">
    <p class='ocr_par' dir='ltr' id='par_1_15' title="bbox 585 1604 2187 1680">
     <span class='ocr_line' id='line_1_15' title="bbox 585 1604 2187 1680; baseline 0 -18"><span class='ocrx_word' id='word_1_150' title='bbox 585 1607 694 1662; x_wconf 77' lang='lat' dir='ltr'><strong>htec</strong></span> <span class='ocrx_word' id='word_1_151' title='bbox 724 1606 869 1680; x_wconf 87' lang='lat' dir='ltr'><strong>(Ose.</strong></span> <span class='ocrx_word' id='word_1_152' title='bbox 900 1622 1021 1672; x_wconf 89' lang='lat' dir='ltr'><strong>xtv,</strong></span> <span class='ocrx_word' id='word_1_153' title='bbox 1050 1604 1189 1676; x_wconf 73' lang='lat'><strong>10)?</strong></span> <span class='ocrx_word' id='word_1_154' title='bbox 1237 1604 1510 1676; x_wconf 82' lang='lat' dir='ltr'><strong>Numquid</strong></span> <span class='ocrx_word' id='word_1_155' title='bbox 1551 1605 1686 1661; x_wconf 89' lang='lat' dir='ltr'><strong>dicit</strong></span> <span class='ocrx_word' id='word_1_156' title='bbox 1724 1607 1850 1676; x_wconf 86' lang='lat' dir='ltr'><strong>quia</strong></span> <span class='ocrx_word' id='word_1_157' title='bbox 1882 1605 2066 1662; x_wconf 90' lang='lat' dir='ltr'><strong>nullus</strong></span> <span class='ocrx_word' id='word_1_158' title='bbox 2106 1607 2187 1662; x_wconf 90' lang='lat' dir='ltr'><strong>in-</strong></span> 
     </span>
    </p>
   </div>
   <div class='ocr_carea' id='block_1_16' title="bbox 2275 666 3863 726">
    <p class='ocr_par' dir='ltr' id='par_1_16' title="bbox 2275 666 3863 726">
     <span class='ocr_line' id='line_1_16' title="bbox 2275 666 3863 726; baseline -0.001 0"><span class='ocrx_word' id='word_1_159' title='bbox 2275 686 2399 726; x_wconf 90' lang='lat' dir='ltr'><strong>cum</strong></span> <span class='ocrx_word' id='word_1_160' title='bbox 2438 679 2581 726; x_wconf 91' lang='lat' dir='ltr'><strong>esset</strong></span> <span class='ocrx_word' id='word_1_161' title='bbox 2609 670 2814 725; x_wconf 90' lang='lat' dir='ltr'><strong>dictum</strong></span> <span class='ocrx_word' id='word_1_162' title='bbox 2842 683 2871 723; x_wconf 91' lang='lat' dir='ltr'><strong>a</strong></span> <span class='ocrx_word' id='word_1_163' title='bbox 2904 668 3142 723; x_wconf 91' lang='lat' dir='ltr'><strong>Domino</strong></span> <span class='ocrx_word' id='word_1_164' title='bbox 3175 668 3283 722; x_wconf 86' lang='lat' dir='ltr'><strong>Deo</strong></span> <span class='ocrx_word' id='word_1_165' title='bbox 3315 674 3501 722; x_wconf 89' lang='lat' dir='ltr'><strong>nostro</strong></span> <span class='ocrx_word' id='word_1_166' title='bbox 3536 688 3550 723; x_wconf 88' lang='lat'><strong>:</strong></span> <span class='ocrx_word' id='word_1_167' title='bbox 3584 666 3708 722; x_wconf 83' lang='lat' dir='ltr'><strong>Noli</strong></span> <span class='ocrx_word' id='word_1_168' title='bbox 3731 684 3863 724; x_wconf 90' lang='lat' dir='ltr'><strong>orare</strong></span> 
     </span>
    </p>
   </div>
   <div class='ocr_carea' id='block_1_17' title="bbox 2279 760 3855 835">
    <p class='ocr_par' dir='ltr' id='par_1_17' title="bbox 2279 760 3855 835">
     <span class='ocr_line' id='line_1_17' title="bbox 2279 760 3855 835; baseline -0.002 -18"><span class='ocrx_word' id='word_1_169' title='bbox 2279 781 2372 835; x_wconf 91' lang='lat' dir='ltr'><strong>pro</strong></span> <span class='ocrx_word' id='word_1_170' title='bbox 2416 764 2607 833; x_wconf 85' lang='lat' dir='ltr'><strong>populo</strong></span> <span class='ocrx_word' id='word_1_171' title='bbox 2646 764 2744 816; x_wconf 86' lang='lat' dir='ltr'><strong>isto</strong></span> <span class='ocrx_word' id='word_1_172' title='bbox 2783 761 3002 835; x_wconf 82' lang='lat' dir='ltr'><strong>(Jerem.</strong></span> <span class='ocrx_word' id='word_1_173' title='bbox 3057 777 3153 826; x_wconf 78' lang='lat' dir='ltr'><strong>vn,</strong></span> <span class='ocrx_word' id='word_1_174' title='bbox 3202 760 3326 833; x_wconf 71' lang='lat'><strong>16);</strong></span> <span class='ocrx_word' id='word_1_175' title='bbox 3376 767 3553 817; x_wconf 86' lang='lat' dir='ltr'><strong>tamen</strong></span> <span class='ocrx_word' id='word_1_176' title='bbox 3584 761 3777 827; x_wconf 82' lang='lat' dir='ltr'><strong>oravit,</strong></span> <span class='ocrx_word' id='word_1_177' title='bbox 3803 770 3855 816; x_wconf 87' lang='lat' dir='ltr'><strong>et</strong></span> 
     </span>
    </p>
   </div>
   <div class='ocr_carea' id='block_1_18' title="bbox 2282 851 3862 925">
    <p class='ocr_par' dir='ltr' id='par_1_18' title="bbox 2282 851 3862 925">
     <span class='ocr_line' id='line_1_18' title="bbox 2282 851 3862 925; baseline -0.001 -15"><span class='ocrx_word' id='word_1_178' title='bbox 2282 859 2497 911; x_wconf 77' lang='lat' dir='ltr'><strong>veniam</strong></span> <span class='ocrx_word' id='word_1_179' title='bbox 2547 854 2765 910; x_wconf 89' lang='lat' dir='ltr'><strong>meruit.</strong></span> <span class='ocrx_word' id='word_1_180' title='bbox 2820 855 3065 924; x_wconf 83' lang='lat' dir='ltr'><strong>Denique</strong></span> <span class='ocrx_word' id='word_1_181' title='bbox 3107 853 3496 911; x_wconf 81' lang='lat' dir='ltr'><strong>intercessione</strong></span> <span class='ocrx_word' id='word_1_182' title='bbox 3535 851 3862 925; x_wconf 85' lang='lat' dir='ltr'><strong>prophetica,</strong></span> 
     </span>
    </p>
   </div>
   <div class='ocr_carea' id='block_1_19' title="bbox 2283 943 3866 1004">
    <p class='ocr_par' dir='ltr' id='par_1_19' title="bbox 2283 943 3866 1004">
     <span class='ocr_line' id='line_1_19' title="bbox 2283 943 3866 1004; baseline -0.003 0"><span class='ocrx_word' id='word_1_183' title='bbox 2283 959 2338 1004; x_wconf 90' lang='lat' dir='ltr'><strong>et</strong></span> <span class='ocrx_word' id='word_1_184' title='bbox 2378 947 2759 1003; x_wconf 85' lang='lat' dir='ltr'><strong>obsecratione</strong></span> <span class='ocrx_word' id='word_1_185' title='bbox 2810 946 2942 1000; x_wconf 86' lang='lat' dir='ltr'><strong>tanti</strong></span> <span class='ocrx_word' id='word_1_186' title='bbox 2991 945 3135 1000; x_wconf 90' lang='lat' dir='ltr'><strong>vatis</strong></span> <span class='ocrx_word' id='word_1_187' title='bbox 3185 944 3416 1000; x_wconf 83' lang='lat' dir='ltr'><strong>inﬂexus</strong></span> <span class='ocrx_word' id='word_1_188' title='bbox 3452 943 3718 1000; x_wconf 87' lang='lat' dir='ltr'><strong>Dominus</strong></span> <span class='ocrx_word' id='word_1_189' title='bbox 3745 943 3866 1000; x_wconf 88' lang='lat' dir='ltr'><strong>dicit</strong></span> 
     </span>
    </p>
   </div>
   <div class='ocr_carea' id='block_1_20' title="bbox 2282 1037 3862 1110">
    <p class='ocr_par' dir='ltr' id='par_1_20' title="bbox 2282 1037 3862 1110">
     <span class='ocr_line' id='line_1_20' title="bbox 2282 1037 3862 1110; baseline -0.002 -14"><span class='ocrx_word' id='word_1_190' title='bbox 2282 1042 2349 1096; x_wconf 91' lang='lat' dir='ltr'><strong>ad</strong></span> <span class='ocrx_word' id='word_1_191' title='bbox 2383 1040 2756 1103; x_wconf 82' lang='lat' dir='ltr'><strong>Hierusalem;</strong></span> <span class='ocrx_word' id='word_1_192' title='bbox 2790 1037 2818 1078; x_wconf 72' lang='grc' dir='ltr'><strong>ι)</strong></span> <span class='ocrx_word' id='word_1_193' title='bbox 2850 1039 3106 1110; x_wconf 92' lang='lat' dir='ltr'><strong>quoniam</strong></span> <span class='ocrx_word' id='word_1_194' title='bbox 3149 1054 3213 1093; x_wconf 90' lang='lat' dir='ltr'><strong>ea</strong></span> <span class='ocrx_word' id='word_1_195' title='bbox 3257 1053 3476 1109; x_wconf 91' lang='lat' dir='ltr'><strong>quoque</strong></span> <span class='ocrx_word' id='word_1_196' title='bbox 3503 1038 3862 1110; x_wconf 63' lang='lat' dir='ltr'><strong>paenitentiam</strong></span> 
     </span>
    </p>
   </div>
   <div class='ocr_carea' id='block_1_21' title="bbox 2284 1134 3865 1206">
    <p class='ocr_par' dir='ltr' id='par_1_21' title="bbox 2284 1134 3865 1206">
     <span class='ocr_line' id='line_1_21' title="bbox 2284 1134 3865 1206; baseline 0 -16"><span class='ocrx_word' id='word_1_197' title='bbox 2284 1151 2383 1206; x_wconf 86' lang='lat' dir='ltr'><strong>pro</strong></span> <span class='ocrx_word' id='word_1_198' title='bbox 2414 1136 2626 1191; x_wconf 69' lang='lat' dir='ltr'><strong>delictis</strong></span> <span class='ocrx_word' id='word_1_199' title='bbox 2647 1144 2852 1206; x_wconf 84' lang='lat' dir='ltr'><strong>egerat.</strong></span> <span class='ocrx_word' id='word_1_200' title='bbox 2878 1134 3069 1190; x_wconf 85' lang='lat' dir='ltr'><strong>dicens</strong></span> <span class='ocrx_word' id='word_1_201' title='bbox 3097 1153 3111 1190; x_wconf 88' lang='lat'><strong>:</strong></span> <span class='ocrx_word' id='word_1_202' title='bbox 3137 1134 3359 1189; x_wconf 89' lang='lat' dir='ltr'><strong>Domine</strong></span> <span class='ocrx_word' id='word_1_203' title='bbox 3384 1135 3725 1203; x_wconf 88' lang='lat' dir='ltr'><strong>omnipotens,</strong></span> <span class='ocrx_word' id='word_1_204' title='bbox 3744 1134 3865 1190; x_wconf 80' lang='lat' dir='ltr'><strong>Deus</strong></span> 
     </span>
    </p>
   </div>
   <div class='ocr_carea' id='block_1_22' title="bbox 2286 1230 3867 1303">
    <p class='ocr_par' dir='ltr' id='par_1_22' title="bbox 2286 1230 3867 1303">
     <span class='ocr_line' id='line_1_22' title="bbox 2286 1230 3867 1303; baseline -0.001 -18"><span class='ocrx_word' id='word_1_205' title='bbox 2286 1231 2475 1297; x_wconf 81' lang='lat' dir='ltr'><strong>Israel,</strong></span> <span class='ocrx_word' id='word_1_206' title='bbox 2509 1233 2683 1285; x_wconf 88' lang='lat' dir='ltr'><strong>anima</strong></span> <span class='ocrx_word' id='word_1_207' title='bbox 2709 1233 2761 1286; x_wconf 88' lang='lat' dir='ltr'><strong>in</strong></span> <span class='ocrx_word' id='word_1_208' title='bbox 2788 1232 3048 1303; x_wconf 85' lang='lat' dir='ltr'><strong>angustiis</strong></span> <span class='ocrx_word' id='word_1_209' title='bbox 3074 1273 3089 1299; x_wconf 95' lang='lat'><strong>,</strong></span> <span class='ocrx_word' id='word_1_210' title='bbox 3123 1241 3167 1285; x_wconf 88' lang='lat' dir='ltr'><strong>et</strong></span> <span class='ocrx_word' id='word_1_211' title='bbox 3207 1231 3424 1301; x_wconf 86' lang='lat' dir='ltr'><strong>spiritus</strong></span> <span class='ocrx_word' id='word_1_212' title='bbox 3465 1230 3655 1285; x_wconf 68' lang='lat' dir='ltr'><strong>anxius</strong></span> <span class='ocrx_word' id='word_1_213' title='bbox 3694 1231 3867 1285; x_wconf 84' lang='lat' dir='ltr'><strong>clamat</strong></span> 
     </span>
    </p>
   </div>
   <div class='ocr_carea' id='block_1_23' title="bbox 2286 1319 3864 1392">
    <p class='ocr_par' dir='ltr' id='par_1_23' title="bbox 2286 1319 3864 1392">
     <span class='ocr_line' id='line_1_23' title="bbox 2286 1319 3864 1392; baseline -0.003 -14"><span class='ocrx_word' id='word_1_214' title='bbox 2286 1325 2356 1378; x_wconf 90' lang='lat' dir='ltr'><strong>ad</strong></span> <span class='ocrx_word' id='word_1_215' title='bbox 2380 1336 2429 1379; x_wconf 90' lang='lat' dir='ltr'><strong>te</strong></span> <span class='ocrx_word' id='word_1_216' title='bbox 2456 1339 2475 1378; x_wconf 92' lang='lat'><strong><em>:</em></strong></span> <span class='ocrx_word' id='word_1_217' title='bbox 2494 1324 2641 1390; x_wconf 88' lang='lat' dir='ltr'><strong>audi,</strong></span> <span class='ocrx_word' id='word_1_218' title='bbox 2673 1321 2917 1384; x_wconf 87' lang='lat' dir='ltr'><strong>Domine.</strong></span> <span class='ocrx_word' id='word_1_219' title='bbox 2955 1333 3003 1377; x_wconf 89' lang='lat' dir='ltr'><strong>et</strong></span> <span class='ocrx_word' id='word_1_220' title='bbox 3032 1323 3275 1378; x_wconf 85' lang='lat' dir='ltr'><strong>miserere</strong></span> <span class='ocrx_word' id='word_1_221' title='bbox 3319 1321 3572 1392; x_wconf 76' lang='lat' dir='ltr'><strong>(Bartsch.</strong></span> <span class='ocrx_word' id='word_1_222' title='bbox 3606 1337 3689 1389; x_wconf 87' lang='lat' dir='ltr'><strong>ut,</strong></span> <span class='ocrx_word' id='word_1_223' title='bbox 3718 1323 3768 1389; x_wconf 77' lang='grc'><strong>1,</strong></span> <span class='ocrx_word' id='word_1_224' title='bbox 3792 1319 3864 1392; x_wconf 74' lang='grc'><strong>2).</strong></span> 
     </span>
    </p>
   </div>
   <div class='ocr_carea' id='block_1_24' title="bbox 2289 1413 3867 1487">
    <p class='ocr_par' dir='ltr' id='par_1_24' title="bbox 2289 1413 3867 1487">
     <span class='ocr_line' id='line_1_24' title="bbox 2289 1413 3867 1487; baseline -0.003 -15"><span class='ocrx_word' id='word_1_225' title='bbox 2289 1416 2357 1472; x_wconf 82' lang='lat' dir='ltr'><strong>Et</strong></span> <span class='ocrx_word' id='word_1_226' title='bbox 2383 1416 2541 1487; x_wconf 89' lang='lat' dir='ltr'><strong>jubet</strong></span> <span class='ocrx_word' id='word_1_227' title='bbox 2570 1417 2751 1471; x_wconf 85' lang='lat' dir='ltr'><strong>luctus</strong></span> <span class='ocrx_word' id='word_1_228' title='bbox 2781 1416 3108 1471; x_wconf 87' lang='lat' dir='ltr'><strong>vestimenta</strong></span> <span class='ocrx_word' id='word_1_229' title='bbox 3135 1415 3353 1486; x_wconf 88' lang='lat' dir='ltr'><strong>deponi,</strong></span> <span class='ocrx_word' id='word_1_230' title='bbox 3382 1423 3439 1470; x_wconf 88' lang='lat' dir='ltr'><strong>et</strong></span> <span class='ocrx_word' id='word_1_231' title='bbox 3468 1414 3632 1485; x_wconf 89' lang='lat' dir='ltr'><strong>abjici</strong></span> <span class='ocrx_word' id='word_1_232' title='bbox 3657 1413 3867 1484; x_wconf 87' lang='lat' dir='ltr'><strong>gemitus</strong></span> 
     </span>
    </p>
   </div>
   <div class='ocr_carea' id='block_1_25' title="bbox 2290 1506 3864 1583">
    <p class='ocr_par' dir='ltr' id='par_1_25' title="bbox 2290 1506 3864 1583">
     <span class='ocr_line' id='line_1_25' title="bbox 2290 1506 3864 1583; baseline -0.003 -17"><span class='ocrx_word' id='word_1_233' title='bbox 2290 1510 2662 1583; x_wconf 66' lang='lat' dir='ltr'><strong>poenitentiae;</strong></span> <span class='ocrx_word' id='word_1_234' title='bbox 2711 1511 2792 1565; x_wconf 91' lang='lat' dir='ltr'><strong>sic</strong></span> <span class='ocrx_word' id='word_1_235' title='bbox 2837 1511 2981 1564; x_wconf 91' lang='lat' dir='ltr'><strong>enim</strong></span> <span class='ocrx_word' id='word_1_236' title='bbox 3033 1509 3292 1579; x_wconf 80' lang='lat' dir='ltr'><strong>scripmm</strong></span> <span class='ocrx_word' id='word_1_237' title='bbox 3332 1516 3416 1564; x_wconf 90' lang='lat' dir='ltr'><strong>est</strong></span> <span class='ocrx_word' id='word_1_238' title='bbox 3463 1509 3518 1563; x_wconf 91' lang='lat' dir='ltr'><strong>in</strong></span> <span class='ocrx_word' id='word_1_239' title='bbox 3563 1509 3672 1564; x_wconf 89' lang='lat' dir='ltr'><strong>line</strong></span> <span class='ocrx_word' id='word_1_240' title='bbox 3708 1506 3864 1563; x_wconf 87' lang='lat' dir='ltr'><strong>libri:</strong></span> 
     </span>
    </p>
   </div>
   <div class='ocr_carea' id='block_1_26' title="bbox 2293 1600 3867 1667">
    <p class='ocr_par' dir='ltr' id='par_1_26' title="bbox 2293 1600 3867 1667">
     <span class='ocr_line' id='line_1_26' title="bbox 2293 1600 3867 1667; baseline -0.003 -12"><span class='ocrx_word' id='word_1_241' title='bbox 2293 1600 2442 1656; x_wconf 73' lang='lat' dir='ltr'><strong>Exue</strong></span> <span class='ocrx_word' id='word_1_242' title='bbox 2469 1612 2535 1665; x_wconf 89' lang='lat' dir='ltr'><strong>te,</strong></span> <span class='ocrx_word' id='word_1_243' title='bbox 2567 1600 2918 1667; x_wconf 85' lang='lat' dir='ltr'><strong>Hierusalem,</strong></span> <span class='ocrx_word' id='word_1_244' title='bbox 2950 1602 3084 1655; x_wconf 90' lang='lat' dir='ltr'><strong>stola</strong></span> <span class='ocrx_word' id='word_1_245' title='bbox 3111 1600 3280 1655; x_wconf 89' lang='lat' dir='ltr'><strong>luctus</strong></span> <span class='ocrx_word' id='word_1_246' title='bbox 3304 1609 3353 1655; x_wconf 88' lang='lat' dir='ltr'><strong>et</strong></span> <span class='ocrx_word' id='word_1_247' title='bbox 3372 1600 3657 1654; x_wconf 75' lang='lat' dir='ltr'><strong>vexationis</strong></span> <span class='ocrx_word' id='word_1_248' title='bbox 3696 1609 3809 1663; x_wconf 78' lang='lat' dir='ltr'><strong>tute,</strong></span> <span class='ocrx_word' id='word_1_249' title='bbox 3827 1606 3867 1650; x_wconf 87' lang='lat' dir='ltr'><strong>et</strong></span> 
     </span>
    </p>
   </div>
   <div class='ocr_carea' id='block_1_27' title="bbox 588 1691 3868 1773">
    <p class='ocr_par' dir='ltr' id='par_1_27' title="bbox 588 1691 3868 1773">
     <span class='ocr_line' id='line_1_27' title="bbox 588 1691 3868 1773; baseline -0.004 -16"><span class='ocrx_word' id='word_1_250' title='bbox 588 1701 844 1773; x_wconf 83' lang='lat' dir='ltr'><strong>telliget?</strong></span> <span class='ocrx_word' id='word_1_251' title='bbox 882 1702 947 1756; x_wconf 82' lang='lat' dir='ltr'><strong>Et</strong></span> <span class='ocrx_word' id='word_1_252' title='bbox 992 1699 1047 1755; x_wconf 93' lang='lat' dir='ltr'><strong>in</strong></span> <span class='ocrx_word' id='word_1_253' title='bbox 1105 1698 1443 1771; x_wconf 84' lang='lat' dir='ltr'><strong>Evangelio:</strong></span> <span class='ocrx_word' id='word_1_254' title='bbox 1475 1698 1605 1765; x_wconf 83' lang='lat' dir='ltr'><strong>Quis</strong></span> <span class='ocrx_word' id='word_1_255' title='bbox 1652 1699 1823 1770; x_wconf 79' lang='lat' dir='ltr'><strong>ﬁdelis</strong></span> <span class='ocrx_word' id='word_1_256' title='bbox 1864 1700 2191 1773; x_wconf 83' lang='lat' dir='ltr'><strong>dispensator</strong></span> <span class='ocrx_word' id='word_1_257' title='bbox 2292 1696 2449 1750; x_wconf 85' lang='lat' dir='ltr'><strong>indue</strong></span> <span class='ocrx_word' id='word_1_258' title='bbox 2475 1705 2523 1750; x_wconf 85' lang='lat' dir='ltr'><strong>te</strong></span> <span class='ocrx_word' id='word_1_259' title='bbox 2547 1696 2783 1751; x_wconf 80' lang='lat' dir='ltr'><strong>decorem</strong></span> <span class='ocrx_word' id='word_1_260' title='bbox 2819 1696 2931 1767; x_wconf 86' lang='lat' dir='ltr'><strong>ejus</strong></span> <span class='ocrx_word' id='word_1_261' title='bbox 2951 1736 2967 1762; x_wconf 90' lang='lat'><strong>,</strong></span> <span class='ocrx_word' id='word_1_262' title='bbox 2996 1710 3110 1764; x_wconf 76' lang='lat' dir='ltr'><strong>qum</strong></span> <span class='ocrx_word' id='word_1_263' title='bbox 3130 1711 3162 1748; x_wconf 89' lang='lat' dir='ltr'><strong>a</strong></span> <span class='ocrx_word' id='word_1_264' title='bbox 3194 1694 3304 1749; x_wconf 89' lang='lat' dir='ltr'><strong>Deo</strong></span> <span class='ocrx_word' id='word_1_265' title='bbox 3332 1695 3454 1749; x_wconf 87' lang='lat' dir='ltr'><strong>data</strong></span> <span class='ocrx_word' id='word_1_266' title='bbox 3486 1703 3563 1749; x_wconf 89' lang='lat' dir='ltr'><strong>est</strong></span> <span class='ocrx_word' id='word_1_267' title='bbox 3593 1692 3681 1748; x_wconf 87' lang='lat' dir='ltr'><strong>tibi</strong></span> <span class='ocrx_word' id='word_1_268' title='bbox 3720 1691 3868 1764; x_wconf 82' lang='lat' dir='ltr'><strong>gloria</strong></span> 
     </span>
    </p>
   </div>
   <div class='ocr_carea' id='block_1_28' title="bbox 582 1787 3081 1865">
    <p class='ocr_par' dir='ltr' id='par_1_28' title="bbox 582 1787 3081 1865">
     <span class='ocr_line' id='line_1_28' title="bbox 582 1787 3081 1865; baseline -0.003 -16"><span class='ocrx_word' id='word_1_269' title='bbox 582 1804 633 1850; x_wconf 87' lang='lat' dir='ltr'><strong>et</strong></span> <span class='ocrx_word' id='word_1_270' title='bbox 665 1795 916 1865; x_wconf 82' lang='lat' dir='ltr'><strong>prudens,</strong></span> <span class='ocrx_word' id='word_1_271' title='bbox 959 1809 1109 1864; x_wconf 89' lang='lat' dir='ltr'><strong>quem</strong></span> <span class='ocrx_word' id='word_1_272' title='bbox 1145 1793 1414 1847; x_wconf 85' lang='lat' dir='ltr'><strong>constituet</strong></span> <span class='ocrx_word' id='word_1_273' title='bbox 1448 1791 1701 1847; x_wconf 88' lang='lat' dir='ltr'><strong>Dominus</strong></span> <span class='ocrx_word' id='word_1_274' title='bbox 1744 1810 1902 1863; x_wconf 83' lang='lat' dir='ltr'><strong>super</strong></span> <span class='ocrx_word' id='word_1_275' title='bbox 1930 1794 2185 1863; x_wconf 84' lang='lat' dir='ltr'><strong>familiam</strong></span> <span class='ocrx_word' id='word_1_276' title='bbox 2214 1793 2262 1853; x_wconf 90' lang='lat' dir='ltr'><strong>B</strong></span> <span class='ocrx_word' id='word_1_277' title='bbox 2288 1790 2341 1845; x_wconf 88' lang='lat' dir='ltr'><strong>in</strong></span> <span class='ocrx_word' id='word_1_278' title='bbox 2365 1799 2612 1845; x_wconf 75' lang='lat' dir='ltr'><strong>wternum</strong></span> <span class='ocrx_word' id='word_1_279' title='bbox 2637 1787 2885 1860; x_wconf 78' lang='lat' dir='ltr'><strong>(Baruclt.</strong></span> <span class='ocrx_word' id='word_1_280' title='bbox 2918 1804 2974 1855; x_wconf 93' lang='lat' dir='ltr'><strong>v,</strong></span> <span class='ocrx_word' id='word_1_281' title='bbox 3006 1787 3081 1857; x_wconf 80' lang='grc'><strong>1).</strong></span> 
     </span>
    </p>
   </div>
   <div class='ocr_carea' id='block_1_29' title="bbox 583 1885 2182 1959">
    <p class='ocr_par' dir='ltr' id='par_1_29' title="bbox 583 1885 2182 1959">
     <span class='ocr_line' id='line_1_29' title="bbox 583 1885 2182 1959; baseline 0.001 -18"><span class='ocrx_word' id='word_1_282' title='bbox 583 1903 754 1953; x_wconf 85' lang='lat' dir='ltr'><strong>suam,</strong></span> <span class='ocrx_word' id='word_1_283' title='bbox 796 1896 851 1940; x_wconf 90' lang='lat' dir='ltr'><strong>ut</strong></span> <span class='ocrx_word' id='word_1_284' title='bbox 898 1886 982 1940; x_wconf 90' lang='lat' dir='ltr'><strong>det</strong></span> <span class='ocrx_word' id='word_1_285' title='bbox 1021 1885 1129 1940; x_wconf 88' lang='lat' dir='ltr'><strong>illis</strong></span> <span class='ocrx_word' id='word_1_286' title='bbox 1162 1885 1215 1939; x_wconf 87' lang='lat' dir='ltr'><strong>in</strong></span> <span class='ocrx_word' id='word_1_287' title='bbox 1247 1895 1474 1955; x_wconf 90' lang='lat' dir='ltr'><strong>tempore</strong></span> <span class='ocrx_word' id='word_1_288' title='bbox 1512 1887 1671 1940; x_wconf 84' lang='lat' dir='ltr'><strong>tritici</strong></span> <span class='ocrx_word' id='word_1_289' title='bbox 1710 1903 2001 1942; x_wconf 86' lang='lat' dir='ltr'><strong>mensuram</strong></span> <span class='ocrx_word' id='word_1_290' title='bbox 2028 1886 2182 1959; x_wconf 88' lang='lat' dir='ltr'><strong>(Luc.</strong></span> 
     </span>
    </p>
   </div>
   <div class='ocr_carea' id='block_1_30' title="bbox 590 1977 2187 2052">
    <p class='ocr_par' dir='ltr' id='par_1_30' title="bbox 590 1977 2187 2052">
     <span class='ocr_line' id='line_1_30' title="bbox 590 1977 2187 2052; baseline -0.001 -16"><span class='ocrx_word' id='word_1_291' title='bbox 590 1996 685 2048; x_wconf 75' lang='grc' dir='ltr'>ιιι,</span> <span class='ocrx_word' id='word_1_292' title='bbox 718 1979 850 2052; x_wconf 71' lang='grc' dir='ltr'><strong>ηγι</strong></span> <span class='ocrx_word' id='word_1_293' title='bbox 877 1977 947 2034; x_wconf 81' lang='lat' dir='ltr'><strong>Et</strong></span> <span class='ocrx_word' id='word_1_294' title='bbox 973 1988 1031 2034; x_wconf 90' lang='lat' dir='ltr'><strong>ut</strong></span> <span class='ocrx_word' id='word_1_295' title='bbox 1073 1978 1508 2049; x_wconf 78' lang='lat' dir='ltr'><strong>compreltendas</strong></span> <span class='ocrx_word' id='word_1_296' title='bbox 1537 1980 1663 2050; x_wconf 89' lang='lat' dir='ltr'><strong>quia</strong></span> <span class='ocrx_word' id='word_1_297' title='bbox 1695 1979 1764 2035; x_wconf 90' lang='lat' dir='ltr'><strong>de</strong></span> <span class='ocrx_word' id='word_1_298' title='bbox 1794 1994 1863 2036; x_wconf 89' lang='lat' dir='ltr'><strong>eo</strong></span> <span class='ocrx_word' id='word_1_299' title='bbox 1901 1979 2064 2047; x_wconf 83' lang='lat' dir='ltr'><strong>dixit,</strong></span> <span class='ocrx_word' id='word_1_300' title='bbox 2093 1980 2187 2051; x_wconf 90' lang='lat' dir='ltr'><strong>qui</strong></span> 
     </span>
    </p>
   </div>
   <div class='ocr_carea' id='block_1_31' title="bbox 585 2072 2188 2145">
    <p class='ocr_par' dir='ltr' id='par_1_31' title="bbox 585 2072 2188 2145">
     <span class='ocr_line' id='line_1_31' title="bbox 585 2072 2188 2145; baseline -0.001 -16"><span class='ocrx_word' id='word_1_301' title='bbox 585 2074 770 2145; x_wconf 87' lang='lat' dir='ltr'><strong>utique</strong></span> <span class='ocrx_word' id='word_1_302' title='bbox 797 2081 900 2139; x_wconf 87' lang='lat' dir='ltr'><strong>est,</strong></span> <span class='ocrx_word' id='word_1_303' title='bbox 934 2087 1043 2128; x_wconf 90' lang='lat' dir='ltr'><strong>non</strong></span> <span class='ocrx_word' id='word_1_304' title='bbox 1072 2073 1140 2128; x_wconf 89' lang='lat' dir='ltr'><strong>de</strong></span> <span class='ocrx_word' id='word_1_305' title='bbox 1170 2087 1237 2127; x_wconf 86' lang='lat' dir='ltr'><strong>eo</strong></span> <span class='ocrx_word' id='word_1_306' title='bbox 1265 2073 1355 2144; x_wconf 91' lang='lat' dir='ltr'><strong>qui</strong></span> <span class='ocrx_word' id='word_1_307' title='bbox 1381 2089 1488 2127; x_wconf 89' lang='lat' dir='ltr'><strong>non</strong></span> <span class='ocrx_word' id='word_1_308' title='bbox 1511 2082 1617 2139; x_wconf 88' lang='lat' dir='ltr'><strong>est,</strong></span> <span class='ocrx_word' id='word_1_309' title='bbox 1645 2073 1929 2143; x_wconf 83' lang='lat' dir='ltr'><strong>subjunin</strong></span> <span class='ocrx_word' id='word_1_310' title='bbox 1956 2092 1969 2126; x_wconf 74' lang='grc' dir='ltr'>ε</span> <span class='ocrx_word' id='word_1_311' title='bbox 1994 2072 2188 2128; x_wconf 88' lang='lat' dir='ltr'><strong>Beatus</strong></span> 
     </span>
    </p>
   </div>
   <div class='ocr_carea' id='block_1_32' title="bbox 586 2162 2187 2231">
    <p class='ocr_par' dir='ltr' id='par_1_32' title="bbox 586 2162 2187 2231">
     <span class='ocr_line' id='line_1_32' title="bbox 586 2162 2187 2231; baseline -0.001 -11"><span class='ocrx_word' id='word_1_312' title='bbox 586 2166 675 2221; x_wconf 89' lang='lat' dir='ltr'><strong>ille</strong></span> <span class='ocrx_word' id='word_1_313' title='bbox 703 2180 877 2220; x_wconf 78' lang='lat' dir='ltr'><strong>servus</strong></span> <span class='ocrx_word' id='word_1_314' title='bbox 899 2205 913 2227; x_wconf 94' lang='lat'><strong>,</strong></span> <span class='ocrx_word' id='word_1_315' title='bbox 946 2180 1097 2231; x_wconf 86' lang='lat' dir='ltr'><strong>quem</strong></span> <span class='ocrx_word' id='word_1_316' title='bbox 1128 2181 1244 2218; x_wconf 84' lang='lat' dir='ltr'><strong>cum</strong></span> <span class='ocrx_word' id='word_1_317' title='bbox 1289 2165 1482 2219; x_wconf 81' lang='lat' dir='ltr'><strong>venerit</strong></span> <span class='ocrx_word' id='word_1_318' title='bbox 1519 2162 1774 2218; x_wconf 88' lang='lat' dir='ltr'><strong>Dominus</strong></span> <span class='ocrx_word' id='word_1_319' title='bbox 1795 2206 1809 2230; x_wconf 94' lang='lat'><strong>,</strong></span> <span class='ocrx_word' id='word_1_320' title='bbox 1839 2166 2086 2220; x_wconf 83' lang='lat' dir='ltr'><strong>invenerit</strong></span> <span class='ocrx_word' id='word_1_321' title='bbox 2114 2167 2187 2220; x_wconf 89' lang='lat' dir='ltr'><strong>sic</strong></span> 
     </span>
    </p>
   </div>
   <div class='ocr_carea' id='block_1_33' title="bbox 586 2257 2185 2332">
    <p class='ocr_par' dir='ltr' id='par_1_33' title="bbox 586 2257 2185 2332">
     <span class='ocr_line' id='line_1_33' title="bbox 586 2257 2185 2332; baseline -0.001 -18"><span class='ocrx_word' id='word_1_322' title='bbox 586 2260 854 2332; x_wconf 76' lang='lat' dir='ltr'><strong>facientem</strong></span> <span class='ocrx_word' id='word_1_323' title='bbox 900 2257 1104 2331; x_wconf 86' lang='lat' dir='ltr'><strong>(Ibid.,</strong></span> <span class='ocrx_word' id='word_1_324' title='bbox 1130 2258 1250 2328; x_wconf 76' lang='grc'><strong>45).</strong></span> <span class='ocrx_word' id='word_1_325' title='bbox 1286 2258 1355 2313; x_wconf 82' lang='lat' dir='ltr'><strong>Et</strong></span> <span class='ocrx_word' id='word_1_326' title='bbox 1397 2258 1531 2315; x_wconf 91' lang='lat' dir='ltr'><strong>illud</strong></span> <span class='ocrx_word' id='word_1_327' title='bbox 1577 2260 1647 2313; x_wconf 89' lang='lat' dir='ltr'><strong>ita</strong></span> <span class='ocrx_word' id='word_1_328' title='bbox 1694 2260 1890 2330; x_wconf 88' lang='lat' dir='ltr'><strong>opinor</strong></span> <span class='ocrx_word' id='word_1_329' title='bbox 1933 2260 2138 2315; x_wconf 87' lang='lat' dir='ltr'><strong>dietum</strong></span> <span class='ocrx_word' id='word_1_330' title='bbox 2172 2277 2185 2313; x_wconf 91' lang='lat'><strong>:</strong></span> 
     </span>
    </p>
   </div>
   <div class='ocr_carea' id='block_1_34' title="bbox 585 2350 2189 2424">
    <p class='ocr_par' dir='ltr' id='par_1_34' title="bbox 585 2350 2189 2424">
     <span class='ocr_line' id='line_1_34' title="bbox 585 2350 2189 2424; baseline 0 -17"><span class='ocrx_word' id='word_1_331' title='bbox 585 2350 748 2416; x_wconf 86' lang='lat' dir='ltr'><strong>Deus,</strong></span> <span class='ocrx_word' id='word_1_332' title='bbox 782 2351 897 2423; x_wconf 89' lang='lat' dir='ltr'><strong>quis</strong></span> <span class='ocrx_word' id='word_1_333' title='bbox 938 2351 1126 2406; x_wconf 85' lang='lat' dir='ltr'><strong>similis</strong></span> <span class='ocrx_word' id='word_1_334' title='bbox 1160 2350 1253 2405; x_wconf 89' lang='lat' dir='ltr'><strong>tibi</strong></span> <span class='ocrx_word' id='word_1_335' title='bbox 1280 2350 1455 2424; x_wconf 83' lang='lat' dir='ltr'><strong>(Psal.</strong></span> <span class='ocrx_word' id='word_1_336' title='bbox 1490 2368 1703 2418; x_wconf 78' lang='lat' dir='ltr'><strong>Lxxxu,</strong></span> <span class='ocrx_word' id='word_1_337' title='bbox 1736 2350 1833 2423; x_wconf 80' lang='lat' dir='ltr'><strong>l)?</strong></span> <span class='ocrx_word' id='word_1_338' title='bbox 1862 2368 1968 2407; x_wconf 93' lang='lat' dir='ltr'><strong>non</strong></span> <span class='ocrx_word' id='word_1_339' title='bbox 2002 2353 2189 2424; x_wconf 87' lang='lat' dir='ltr'><strong>utique</strong></span> 
     </span>
    </p>
   </div>
   <div class='ocr_carea' id='block_1_35' title="bbox 586 2443 2187 2519">
    <p class='ocr_par' dir='ltr' id='par_1_35' title="bbox 586 2443 2187 2519">
     <span class='ocr_line' id='line_1_35' title="bbox 586 2443 2187 2519; baseline 0.001 -19"><span class='ocrx_word' id='word_1_340' title='bbox 586 2445 801 2511; x_wconf 86' lang='lat' dir='ltr'><strong>nullus;</strong></span> <span class='ocrx_word' id='word_1_341' title='bbox 832 2445 958 2516; x_wconf 90' lang='lat' dir='ltr'><strong>quia</strong></span> <span class='ocrx_word' id='word_1_342' title='bbox 986 2446 1165 2515; x_wconf 88' lang='lat' dir='ltr'><strong>imago</strong></span> <span class='ocrx_word' id='word_1_343' title='bbox 1195 2443 1375 2500; x_wconf 86' lang='lat' dir='ltr'><strong>Patris</strong></span> <span class='ocrx_word' id='word_1_344' title='bbox 1406 2445 1577 2502; x_wconf 84' lang='lat' dir='ltr'><strong>Filius</strong></span> <span class='ocrx_word' id='word_1_345' title='bbox 1604 2456 1689 2502; x_wconf 90' lang='lat' dir='ltr'><strong>est</strong></span> <span class='ocrx_word' id='word_1_346' title='bbox 1708 2446 1813 2519; x_wconf 89' lang='lat' dir='ltr'><strong>(De</strong></span> <span class='ocrx_word' id='word_1_347' title='bbox 1847 2446 2032 2502; x_wconf 65' lang='lat' dir='ltr'><strong>Paruit.</strong></span> <span class='ocrx_word' id='word_1_348' title='bbox 2062 2447 2187 2503; x_wconf 88' lang='lat' dir='ltr'><strong>dist.</strong></span> 
     </span>
    </p>
   </div>
   <div class='ocr_carea' id='block_1_36' title="bbox 585 2538 1375 2612">
    <p class='ocr_par' dir='ltr' id='par_1_36' title="bbox 585 2538 1375 2612">
     <span class='ocr_line' id='line_1_36' title="bbox 585 2538 1375 2612; baseline 0 -17"><span class='ocrx_word' id='word_1_349' title='bbox 585 2540 639 2603; x_wconf 72' lang='lat' dir='ltr'><strong>l,</strong></span> <span class='ocrx_word' id='word_1_350' title='bbox 665 2557 710 2593; x_wconf 92' lang='lat' dir='ltr'><strong>c.</strong></span> <span class='ocrx_word' id='word_1_351' title='bbox 740 2540 802 2595; x_wconf 81' lang='lat' dir='ltr'><strong>Si</strong></span> <span class='ocrx_word' id='word_1_352' title='bbox 827 2541 1093 2605; x_wconf 84' lang='lat' dir='ltr'><strong>sacerdos,</strong></span> <span class='ocrx_word' id='word_1_353' title='bbox 1130 2539 1158 2611; x_wconf 82' lang='lat'>§</span> <span class='ocrx_word' id='word_1_354' title='bbox 1192 2538 1375 2612; x_wconf 88' lang='lat' dir='ltr'><strong>Deus).</strong></span> 
     </span>
    </p>
   </div>
   <div class='ocr_carea' id='block_1_37' title="bbox 656 2631 2190 2706">
    <p class='ocr_par' dir='ltr' id='par_1_37' title="bbox 656 2631 2190 2706">
     <span class='ocr_line' id='line_1_37' title="bbox 656 2631 2190 2706; baseline 0 -17"><span class='ocrx_word' id='word_1_355' title='bbox 656 2633 749 2689; x_wconf 71' lang='grc'><strong>42.</strong></span> <span class='ocrx_word' id='word_1_356' title='bbox 792 2631 1059 2690; x_wconf 80' lang='lat' dir='ltr'><strong>Similiter</strong></span> <span class='ocrx_word' id='word_1_357' title='bbox 1088 2634 1250 2705; x_wconf 86' lang='lat' dir='ltr'><strong>igitur</strong></span> <span class='ocrx_word' id='word_1_358' title='bbox 1280 2634 1655 2704; x_wconf 87' lang='lat' dir='ltr'><strong>accipiendum</strong></span> <span class='ocrx_word' id='word_1_359' title='bbox 1690 2651 1703 2688; x_wconf 90' lang='lat'><strong>:</strong></span> <span class='ocrx_word' id='word_1_360' title='bbox 1740 2634 1871 2699; x_wconf 87' lang='lat' dir='ltr'><strong>Quis</strong></span> <span class='ocrx_word' id='word_1_361' title='bbox 1899 2635 2066 2691; x_wconf 87' lang='lat' dir='ltr'><strong>orabit</strong></span> <span class='ocrx_word' id='word_1_362' title='bbox 2096 2652 2190 2706; x_wconf 90' lang='lat' dir='ltr'><strong>pro</strong></span> 
     </span>
    </p>
   </div>
   <div class='ocr_carea' id='block_1_38' title="bbox 585 2726 2191 2799">
    <p class='ocr_par' dir='ltr' id='par_1_38' title="bbox 585 2726 2191 2799">
     <span class='ocr_line' id='line_1_38' title="bbox 585 2726 2191 2799; baseline 0.004 -20"><span class='ocrx_word' id='word_1_363' title='bbox 585 2742 646 2780; x_wconf 90' lang='lat' dir='ltr'><strong>eo</strong></span> <span class='ocrx_word' id='word_1_364' title='bbox 670 2726 858 2799; x_wconf 85' lang='lat' dir='ltr'><strong>(llebr.</strong></span> <span class='ocrx_word' id='word_1_365' title='bbox 889 2744 927 2791; x_wconf 87' lang='lat' dir='ltr'><strong>t,</strong></span> <span class='ocrx_word' id='word_1_366' title='bbox 951 2729 1044 2799; x_wconf 79' lang='lat'><strong>5)?</strong></span> <span class='ocrx_word' id='word_1_367' title='bbox 1068 2729 1170 2783; x_wconf 90' lang='lat' dir='ltr'><strong>boc</strong></span> <span class='ocrx_word' id='word_1_368' title='bbox 1198 2737 1302 2795; x_wconf 90' lang='lat' dir='ltr'><strong>est,</strong></span> <span class='ocrx_word' id='word_1_369' title='bbox 1339 2728 1631 2798; x_wconf 77' lang='lat' dir='ltr'><strong>singularis</strong></span> <span class='ocrx_word' id='word_1_370' title='bbox 1657 2729 1781 2783; x_wconf 71' lang='lat' dir='ltr'><strong>vittc</strong></span> <span class='ocrx_word' id='word_1_371' title='bbox 1806 2730 2005 2799; x_wconf 88' lang='lat' dir='ltr'><strong>aliquis</strong></span> <span class='ocrx_word' id='word_1_372' title='bbox 2028 2730 2191 2785; x_wconf 90' lang='lat' dir='ltr'><strong>debet</strong></span> 
     </span>
    </p>
   </div>
   <div class='ocr_carea' id='block_1_39' title="bbox 584 2819 2191 2891">
    <p class='ocr_par' dir='ltr' id='par_1_39' title="bbox 584 2819 2191 2891">
     <span class='ocr_line' id='line_1_39' title="bbox 584 2819 2191 2891; baseline 0.004 -20"><span class='ocrx_word' id='word_1_373' title='bbox 584 2832 749 2873; x_wconf 91' lang='lat' dir='ltr'><strong>orare</strong></span> <span class='ocrx_word' id='word_1_374' title='bbox 776 2834 876 2888; x_wconf 91' lang='lat' dir='ltr'><strong>pro</strong></span> <span class='ocrx_word' id='word_1_375' title='bbox 905 2834 996 2885; x_wconf 91' lang='lat' dir='ltr'><strong>eo,</strong></span> <span class='ocrx_word' id='word_1_376' title='bbox 1042 2821 1135 2891; x_wconf 88' lang='lat' dir='ltr'><strong>qui</strong></span> <span class='ocrx_word' id='word_1_377' title='bbox 1167 2821 1409 2890; x_wconf 79' lang='lat' dir='ltr'><strong>peccavit</strong></span> <span class='ocrx_word' id='word_1_378' title='bbox 1440 2820 1493 2873; x_wconf 92' lang='lat' dir='ltr'><strong>in</strong></span> <span class='ocrx_word' id='word_1_379' title='bbox 1529 2819 1838 2874; x_wconf 89' lang='lat' dir='ltr'><strong>Dominum.</strong></span> <span class='ocrx_word' id='word_1_380' title='bbox 1871 2820 1990 2889; x_wconf 83' lang='lat' dir='ltr'><strong>Quo</strong></span> <span class='ocrx_word' id='word_1_381' title='bbox 2019 2822 2191 2891; x_wconf 90' lang='lat' dir='ltr'><strong>major</strong></span> 
     </span>
    </p>
   </div>
   <div class='ocr_carea' id='block_1_40' title="bbox 587 2911 2186 2987">
    <p class='ocr_par' dir='ltr' id='par_1_40' title="bbox 587 2911 2186 2987">
     <span class='ocr_line' id='line_1_40' title="bbox 587 2911 2186 2987; baseline 0.003 -22"><span class='ocrx_word' id='word_1_382' title='bbox 587 2911 783 2981; x_wconf 89' lang='lat' dir='ltr'><strong>culpa,</strong></span> <span class='ocrx_word' id='word_1_383' title='bbox 813 2928 881 2967; x_wconf 91' lang='lat' dir='ltr'><strong>eo</strong></span> <span class='ocrx_word' id='word_1_384' title='bbox 914 2914 1121 2982; x_wconf 87' lang='lat' dir='ltr'><strong>majora</strong></span> <span class='ocrx_word' id='word_1_385' title='bbox 1169 2923 1297 2968; x_wconf 90' lang='lat' dir='ltr'><strong>sunt</strong></span> <span class='ocrx_word' id='word_1_386' title='bbox 1341 2913 1631 2983; x_wconf 60' lang='lat' dir='ltr'><strong>quaerenda</strong></span> <span class='ocrx_word' id='word_1_387' title='bbox 1683 2913 1935 2985; x_wconf 85' lang='lat' dir='ltr'><strong>suffragia</strong></span> <span class='ocrx_word' id='word_1_388' title='bbox 1981 2915 2022 2986; x_wconf 93' lang='grc' dir='ltr'>(Ι</span> <span class='ocrx_word' id='word_1_389' title='bbox 2056 2915 2186 2987; x_wconf 79' lang='lat' dir='ltr'><strong>Reg.</strong></span> 
     </span>
    </p>
   </div>
   <div class='ocr_carea' id='block_1_41' title="bbox 587 3003 2189 3078">
    <p class='ocr_par' dir='ltr' id='par_1_41' title="bbox 587 3003 2189 3078">
     <span class='ocr_line' id='line_1_41' title="bbox 587 3003 2189 3078; baseline 0.003 -20"><span class='ocrx_word' id='word_1_390' title='bbox 587 3020 647 3069; x_wconf 88' lang='grc' dir='ltr'>ιι,</span> <span class='ocrx_word' id='word_1_391' title='bbox 675 3003 793 3077; x_wconf 76' lang='lat'><strong>25).</strong></span> <span class='ocrx_word' id='word_1_392' title='bbox 818 3004 935 3060; x_wconf 88' lang='lat' dir='ltr'><strong>Non</strong></span> <span class='ocrx_word' id='word_1_393' title='bbox 963 3008 1111 3061; x_wconf 91' lang='lat' dir='ltr'><strong>enim</strong></span> <span class='ocrx_word' id='word_1_394' title='bbox 1135 3008 1460 3077; x_wconf 87' lang='lat' dir='ltr'><strong>quicumque</strong></span> <span class='ocrx_word' id='word_1_395' title='bbox 1483 3009 1551 3062; x_wconf 90' lang='lat' dir='ltr'><strong>de</strong></span> <span class='ocrx_word' id='word_1_396' title='bbox 1574 3007 1735 3078; x_wconf 85' lang='lat' dir='ltr'><strong>vulgo</strong></span> <span class='ocrx_word' id='word_1_397' title='bbox 1758 3023 1854 3075; x_wconf 87' lang='lat' dir='ltr'><strong>pro</strong></span> <span class='ocrx_word' id='word_1_398' title='bbox 1880 3009 2189 3065; x_wconf 78' lang='lat' dir='ltr'><strong>Judteorum</strong></span> 
     </span>
    </p>
   </div>
   <div class='ocr_carea' id='block_1_42' title="bbox 595 3096 2192 3174">
    <p class='ocr_par' dir='ltr' id='par_1_42' title="bbox 595 3096 2192 3174">
     <span class='ocr_line' id='line_1_42' title="bbox 595 3096 2192 3174; baseline 0.008 -27"><span class='ocrx_word' id='word_1_399' title='bbox 595 3096 820 3166; x_wconf 85' lang='lat' dir='ltr'><strong>populo,</strong></span> <span class='ocrx_word' id='word_1_400' title='bbox 850 3096 948 3152; x_wconf 89' lang='lat' dir='ltr'><strong>sed</strong></span> <span class='ocrx_word' id='word_1_401' title='bbox 980 3097 1191 3171; x_wconf 78' lang='lat' dir='ltr'><strong>Moyses</strong></span> <span class='ocrx_word' id='word_1_402' title='bbox 1224 3099 1452 3168; x_wconf 85' lang='lat' dir='ltr'><strong>rogavit,</strong></span> <span class='ocrx_word' id='word_1_403' title='bbox 1486 3100 1701 3170; x_wconf 83' lang='lat' dir='ltr'><strong>quando</strong></span> <span class='ocrx_word' id='word_1_404' title='bbox 1730 3100 1894 3174; x_wconf 59' lang='lat'><strong>5,02</strong></span> <span class='ocrx_word' id='word_1_405' title='bbox 1925 3104 2076 3158; x_wconf 90' lang='lat' dir='ltr'><strong>vituli</strong></span> <span class='ocrx_word' id='word_1_406' title='bbox 2102 3120 2192 3159; x_wconf 86' lang='lat' dir='ltr'><strong>ca-</strong></span> 
     </span>
    </p>
   </div>
   <div class='ocr_carea' id='block_1_43' title="bbox 2917 1899 3257 1958">
    <p class='ocr_par' dir='ltr' id='par_1_43' title="bbox 2917 1899 3257 1958">
     <span class='ocr_line' id='line_1_43' title="bbox 2917 1899 3257 1958; baseline -0.009 0"><span class='ocrx_word' id='word_1_407' title='bbox 2917 1899 3149 1958; x_wconf 80' lang='lat' dir='ltr'><strong>CAPUT</strong></span> <span class='ocrx_word' id='word_1_408' title='bbox 3186 1900 3257 1956; x_wconf 80' lang='grc' dir='ltr'><strong>Χ.</strong></span> 
     </span>
    </p>
   </div>
   <div class='ocr_carea' id='block_1_44' title="bbox 2287 2014 3867 2088">
    <p class='ocr_par' dir='ltr' id='par_1_44' title="bbox 2287 2014 3867 2088">
     <span class='ocr_line' id='line_1_44' title="bbox 2287 2014 3867 2088; baseline -0.004 -16"><span class='ocrx_word' id='word_1_409' title='bbox 2287 2016 2543 2072; x_wconf 84' lang='lat' dir='ltr'><strong>Joannem</strong></span> <span class='ocrx_word' id='word_1_410' title='bbox 2584 2034 2686 2072; x_wconf 92' lang='lat' dir='ltr'><strong>non</strong></span> <span class='ocrx_word' id='word_1_411' title='bbox 2706 2016 2937 2072; x_wconf 86' lang='lat' dir='ltr'><strong>absolute</strong></span> <span class='ocrx_word' id='word_1_412' title='bbox 2956 2033 3017 2072; x_wconf 87' lang='lat' dir='ltr'><strong>ac</strong></span> <span class='ocrx_word' id='word_1_413' title='bbox 3038 2015 3340 2088; x_wconf 84' lang='lat' dir='ltr'><strong>simpliciter</strong></span> <span class='ocrx_word' id='word_1_414' title='bbox 3362 2014 3687 2086; x_wconf 84' lang='lat' dir='ltr'><strong>prohibuisse</strong></span> <span class='ocrx_word' id='word_1_415' title='bbox 3706 2030 3764 2069; x_wconf 88' lang='lat' dir='ltr'><strong>ne</strong></span> <span class='ocrx_word' id='word_1_416' title='bbox 3787 2029 3867 2084; x_wconf 88' lang='lat' dir='ltr'><strong>pro</strong></span> 
     </span>
    </p>
   </div>
   <div class='ocr_carea' id='block_1_45' title="bbox 2359 2109 3867 2182">
    <p class='ocr_par' dir='ltr' id='par_1_45' title="bbox 2359 2109 3867 2182">
     <span class='ocr_line' id='line_1_45' title="bbox 2359 2109 3867 2182; baseline -0.005 -14"><span class='ocrx_word' id='word_1_417' title='bbox 2359 2112 2588 2168; x_wconf 84' lang='lat' dir='ltr'><strong>sontibus</strong></span> <span class='ocrx_word' id='word_1_418' title='bbox 2626 2111 2831 2182; x_wconf 86' lang='lat' dir='ltr'><strong>peccati</strong></span> <span class='ocrx_word' id='word_1_419' title='bbox 2868 2110 2936 2165; x_wconf 90' lang='lat' dir='ltr'><strong>ad</strong></span> <span class='ocrx_word' id='word_1_420' title='bbox 2968 2119 3200 2166; x_wconf 88' lang='lat' dir='ltr'><strong>mortem</strong></span> <span class='ocrx_word' id='word_1_421' title='bbox 3242 2112 3384 2180; x_wconf 71' lang='lat' dir='ltr'><strong>ﬁeret</strong></span> <span class='ocrx_word' id='word_1_422' title='bbox 3424 2109 3761 2175; x_wconf 86' lang='lat' dir='ltr'><strong>oratio;cum</strong></span> <span class='ocrx_word' id='word_1_423' title='bbox 3786 2121 3867 2177; x_wconf 90' lang='lat' dir='ltr'><strong>pro</strong></span> 
     </span>
    </p>
   </div>
   <div class='ocr_carea' id='block_1_46' title="bbox 2361 2202 3868 2277">
    <p class='ocr_par' dir='ltr' id='par_1_46' title="bbox 2361 2202 3868 2277">
     <span class='ocr_line' id='line_1_46' title="bbox 2361 2202 3868 2277; baseline -0.006 -16"><span class='ocrx_word' id='word_1_424' title='bbox 2361 2206 2617 2261; x_wconf 83' lang='lat' dir='ltr'><strong>similibus</strong></span> <span class='ocrx_word' id='word_1_425' title='bbox 2647 2205 2861 2277; x_wconf 80' lang='lat' dir='ltr'><strong>Moysen</strong></span> <span class='ocrx_word' id='word_1_426' title='bbox 2888 2247 2903 2272; x_wconf 97' lang='lat'><strong>,</strong></span> <span class='ocrx_word' id='word_1_427' title='bbox 2945 2204 3308 2259; x_wconf 79' lang='lat' dir='ltr'><strong>Jercmiamac</strong></span> <span class='ocrx_word' id='word_1_428' title='bbox 3352 2202 3677 2273; x_wconf 81' lang='lat' dir='ltr'><strong>Stephanum</strong></span> <span class='ocrx_word' id='word_1_429' title='bbox 3715 2214 3868 2255; x_wconf 86' lang='lat' dir='ltr'><strong>orasse</strong></span> 
     </span>
    </p>
   </div>
   <div class='ocr_carea' id='block_1_47' title="bbox 2363 2290 3871 2372">
    <p class='ocr_par' dir='ltr' id='par_1_47' title="bbox 2363 2290 3871 2372">
     <span class='ocr_line' id='line_1_47' title="bbox 2363 2290 3871 2372; baseline -0.006 -19"><span class='ocrx_word' id='word_1_430' title='bbox 2363 2317 2465 2354; x_wconf 88' lang='lat' dir='ltr'><strong>non</strong></span> <span class='ocrx_word' id='word_1_431' title='bbox 2489 2299 2801 2372; x_wconf 81' lang='lat' dir='ltr'><strong>ignoraverit</strong></span> <span class='ocrx_word' id='word_1_432' title='bbox 2824 2315 2843 2364; x_wconf 92' lang='lat'><strong>;</strong></span> <span class='ocrx_word' id='word_1_433' title='bbox 2871 2308 2918 2351; x_wconf 90' lang='lat' dir='ltr'><strong>et</strong></span> <span class='ocrx_word' id='word_1_434' title='bbox 2946 2298 3059 2369; x_wconf 84' lang='lat' dir='ltr'><strong>ipse</strong></span> <span class='ocrx_word' id='word_1_435' title='bbox 3084 2313 3283 2369; x_wconf 87' lang='lat' dir='ltr'><strong>quoque</strong></span> <span class='ocrx_word' id='word_1_436' title='bbox 3305 2295 3494 2351; x_wconf 85' lang='lat' dir='ltr'><strong>iisdem</strong></span> <span class='ocrx_word' id='word_1_437' title='bbox 3514 2294 3710 2351; x_wconf 77' lang='lat' dir='ltr'><strong>veniam</strong></span> <span class='ocrx_word' id='word_1_438' title='bbox 3726 2290 3871 2364; x_wconf 82' lang='lat' dir='ltr'><strong>signi-</strong></span> 
     </span>
    </p>
   </div>
   <div class='ocr_carea' id='block_1_48' title="bbox 2363 2389 3131 2464">
    <p class='ocr_par' dir='ltr' id='par_1_48' title="bbox 2363 2389 3131 2464">
     <span class='ocr_line' id='line_1_48' title="bbox 2363 2389 3131 2464; baseline -0.001 -18"><span class='ocrx_word' id='word_1_439' title='bbox 2363 2393 2592 2462; x_wconf 78' lang='lat' dir='ltr'><strong>ficaverit</strong></span> <span class='ocrx_word' id='word_1_440' title='bbox 2624 2408 2725 2446; x_wconf 88' lang='lat' dir='ltr'><strong>non</strong></span> <span class='ocrx_word' id='word_1_441' title='bbox 2752 2389 3131 2464; x_wconf 85' lang='lat' dir='ltr'><strong>denegandam.</strong></span> 
     </span>
    </p>
   </div>
   <div class='ocr_carea' id='block_1_49' title="bbox 2364 2546 3865 2626">
    <p class='ocr_par' dir='ltr' id='par_1_49' title="bbox 2364 2546 3865 2626">
     <span class='ocr_line' id='line_1_49' title="bbox 2364 2546 3865 2626; baseline -0.004 -19"><span class='ocrx_word' id='word_1_442' title='bbox 2364 2554 2453 2608; x_wconf 71' lang='grc'><strong>44.</strong></span> <span class='ocrx_word' id='word_1_443' title='bbox 2497 2552 2665 2626; x_wconf 83' lang='lat' dir='ltr'><strong>[Alias</strong></span> <span class='ocrx_word' id='word_1_444' title='bbox 2693 2569 2807 2625; x_wconf 88' lang='lat' dir='ltr'><strong>cap.</strong></span> <span class='ocrx_word' id='word_1_445' title='bbox 2843 2550 2959 2625; x_wconf 84' lang='lat' dir='ltr'><strong>lX.]</strong></span> <span class='ocrx_word' id='word_1_446' title='bbox 2999 2550 3161 2608; x_wconf 82' lang='lat' dir='ltr'><strong>Tales</strong></span> <span class='ocrx_word' id='word_1_447' title='bbox 3194 2550 3358 2622; x_wconf 88' lang='lat' dir='ltr'><strong>igitur</strong></span> <span class='ocrx_word' id='word_1_448' title='bbox 3403 2548 3784 2622; x_wconf 83' lang='lat' dir='ltr'><strong>deprecatores</strong></span> <span class='ocrx_word' id='word_1_449' title='bbox 3818 2546 3865 2601; x_wconf 88' lang='lat' dir='ltr'><strong>in</strong></span> 
     </span>
    </p>
   </div>
   <div class='ocr_carea' id='block_1_50' title="bbox 2246 2647 3865 2719">
    <p class='ocr_par' dir='ltr' id='par_1_50' title="bbox 2246 2647 3865 2719">
     <span class='ocr_line' id='line_1_50' title="bbox 2246 2647 3865 2719; baseline -0.004 -15"><span class='ocrx_word' id='word_1_450' title='bbox 2246 2698 2249 2699; x_wconf 36' lang='grc' dir='ltr'><em>ν</em></span> <span class='ocrx_word' id='word_1_451' title='bbox 2292 2647 2509 2704; x_wconf 90' lang='lat' dir='ltr'><strong>delictis</strong></span> <span class='ocrx_word' id='word_1_452' title='bbox 2537 2649 2791 2704; x_wconf 79' lang='lat' dir='ltr'><strong>maximis</strong></span> <span class='ocrx_word' id='word_1_453' title='bbox 2812 2657 2939 2703; x_wconf 89' lang='lat' dir='ltr'><strong>sunt</strong></span> <span class='ocrx_word' id='word_1_454' title='bbox 2965 2647 3311 2719; x_wconf 89' lang='lat' dir='ltr'><strong>requirendi;</strong></span> <span class='ocrx_word' id='word_1_455' title='bbox 3344 2661 3469 2703; x_wconf 89' lang='lat' dir='ltr'><strong>nam</strong></span> <span class='ocrx_word' id='word_1_456' title='bbox 3499 2647 3544 2703; x_wconf 92' lang='lat' dir='ltr'><strong>si</strong></span> <span class='ocrx_word' id='word_1_457' title='bbox 3567 2647 3865 2719; x_wconf 83' lang='lat' dir='ltr'><strong>quicumque</strong></span> 
     </span>
    </p>
   </div>
   <div class='ocr_carea' id='block_1_51' title="bbox 2293 2740 3369 2812">
    <p class='ocr_par' dir='ltr' id='par_1_51' title="bbox 2293 2740 3369 2812">
     <span class='ocr_line' id='line_1_51' title="bbox 2293 2740 3369 2812; baseline 0 -17"><span class='ocrx_word' id='word_1_458' title='bbox 2293 2740 2361 2796; x_wconf 88' lang='lat' dir='ltr'><strong>de</strong></span> <span class='ocrx_word' id='word_1_459' title='bbox 2387 2742 2588 2812; x_wconf 86' lang='lat' dir='ltr'><strong>populo</strong></span> <span class='ocrx_word' id='word_1_460' title='bbox 2619 2750 2810 2806; x_wconf 88' lang='lat' dir='ltr'><strong>orent,</strong></span> <span class='ocrx_word' id='word_1_461' title='bbox 2840 2757 2948 2796; x_wconf 91' lang='lat' dir='ltr'><strong>non</strong></span> <span class='ocrx_word' id='word_1_462' title='bbox 2977 2740 3369 2797; x_wconf 87' lang='lat' dir='ltr'><strong>exaudiunlur.</strong></span> 
     </span>
    </p>
   </div>
   <div class='ocr_carea' id='block_1_52' title="bbox 2364 2833 3866 2905">
    <p class='ocr_par' dir='ltr' id='par_1_52' title="bbox 2364 2833 3866 2905">
     <span class='ocr_line' id='line_1_52' title="bbox 2364 2833 3866 2905; baseline -0.001 -19"><span class='ocrx_word' id='word_1_463' title='bbox 2364 2833 2456 2889; x_wconf 81' lang='grc'><strong>45.</strong></span> <span class='ocrx_word' id='word_1_464' title='bbox 2502 2833 2656 2890; x_wconf 87' lang='lat' dir='ltr'><strong>Unde</strong></span> <span class='ocrx_word' id='word_1_465' title='bbox 2689 2850 2788 2888; x_wconf 85' lang='lat' dir='ltr'><strong>nec</strong></span> <span class='ocrx_word' id='word_1_466' title='bbox 2816 2834 2903 2889; x_wconf 89' lang='lat' dir='ltr'><strong>illa</strong></span> <span class='ocrx_word' id='word_1_467' title='bbox 2934 2835 3165 2905; x_wconf 70' lang='lat' dir='ltr'><strong>quzcstio</strong></span> <span class='ocrx_word' id='word_1_468' title='bbox 3202 2842 3385 2889; x_wconf 88' lang='lat' dir='ltr'><strong>vestra</strong></span> <span class='ocrx_word' id='word_1_469' title='bbox 3413 2833 3706 2904; x_wconf 90' lang='lat' dir='ltr'><strong>quidquam</strong></span> <span class='ocrx_word' id='word_1_470' title='bbox 3735 2838 3866 2903; x_wconf 88' lang='lat' dir='ltr'><strong>pote-</strong></span> 
     </span>
    </p>
   </div>
   <div class='ocr_carea' id='block_1_53' title="bbox 2274 2924 3861 3005">
    <p class='ocr_par' dir='ltr' id='par_1_53' title="bbox 2274 2924 3861 3005">
     <span class='ocr_line' id='line_1_53' title="bbox 2274 2924 3861 3005; baseline -0.003 -23"><span class='ocrx_word' id='word_1_471' title='bbox 2274 2928 2365 3005; x_wconf 16' lang='lat' dir='ltr'><strong>.rit</strong></span> <span class='ocrx_word' id='word_1_472' title='bbox 2392 2927 2587 2983; x_wconf 69' lang='grc' dir='ltr'><strong>πίτυι-ιθ</strong></span> <span class='ocrx_word' id='word_1_473' title='bbox 2618 2927 2894 2997; x_wconf 88' lang='lat' dir='ltr'><strong>ponderis,</strong></span> <span class='ocrx_word' id='word_1_474' title='bbox 2927 2942 3087 2998; x_wconf 89' lang='lat' dir='ltr'><strong>quam</strong></span> <span class='ocrx_word' id='word_1_475' title='bbox 3121 2927 3337 2983; x_wconf 88' lang='lat' dir='ltr'><strong>sumitis</strong></span> <span class='ocrx_word' id='word_1_476' title='bbox 3367 2926 3435 2983; x_wconf 91' lang='lat' dir='ltr'><strong>de</strong></span> <span class='ocrx_word' id='word_1_477' title='bbox 3466 2927 3696 2999; x_wconf 89' lang='lat' dir='ltr'><strong>epistola</strong></span> <span class='ocrx_word' id='word_1_478' title='bbox 3719 2924 3861 2981; x_wconf 81' lang='lat' dir='ltr'><strong>Joan-</strong></span> 
     </span>
    </p>
   </div>
   <div class='ocr_carea' id='block_1_54' title="bbox 2296 3021 3863 3093">
    <p class='ocr_par' dir='ltr' id='par_1_54' title="bbox 2296 3021 3863 3093">
     <span class='ocr_line' id='line_1_54' title="bbox 2296 3021 3863 3093; baseline -0.005 -16"><span class='ocrx_word' id='word_1_479' title='bbox 2296 3023 2380 3077; x_wconf 87' lang='lat' dir='ltr'><strong>nis</strong></span> <span class='ocrx_word' id='word_1_480' title='bbox 2410 3022 2646 3077; x_wconf 88' lang='lat' dir='ltr'><strong>dicentis</strong></span> <span class='ocrx_word' id='word_1_481' title='bbox 2671 3039 2683 3075; x_wconf 91' lang='lat'>:</span> <span class='ocrx_word' id='word_1_482' title='bbox 2713 3021 2812 3089; x_wconf 88' lang='lat' dir='ltr'><strong>Qui</strong></span> <span class='ocrx_word' id='word_1_483' title='bbox 2847 3022 2942 3075; x_wconf 87' lang='lat' dir='ltr'><strong>scit</strong></span> <span class='ocrx_word' id='word_1_484' title='bbox 2971 3025 3185 3093; x_wconf 73' lang='lat' dir='ltr'><strong>fratrem</strong></span> <span class='ocrx_word' id='word_1_485' title='bbox 3214 3038 3363 3075; x_wconf 87' lang='lat' dir='ltr'><strong>suum</strong></span> <span class='ocrx_word' id='word_1_486' title='bbox 3391 3037 3611 3092; x_wconf 76' lang='lat' dir='ltr'><strong>peccare</strong></span> <span class='ocrx_word' id='word_1_487' title='bbox 3631 3029 3863 3093; x_wconf 85' lang='lat' dir='ltr'><strong>peccatum</strong></span> 
     </span>
    </p>
   </div>
   <div class='ocr_carea' id='block_1_55' title="bbox 2293 3110 3864 3184">
    <p class='ocr_par' dir='ltr' id='par_1_55' title="bbox 2293 3110 3864 3184">
     <span class='ocr_line' id='line_1_55' title="bbox 2293 3110 3864 3184; baseline 0 -17"><span class='ocrx_word' id='word_1_488' title='bbox 2293 3131 2399 3169; x_wconf 90' lang='lat' dir='ltr'><strong>non</strong></span> <span class='ocrx_word' id='word_1_489' title='bbox 2440 3115 2510 3168; x_wconf 90' lang='lat' dir='ltr'><strong>ad</strong></span> <span class='ocrx_word' id='word_1_490' title='bbox 2537 3125 2772 3179; x_wconf 89' lang='lat' dir='ltr'><strong>mortem,</strong></span> <span class='ocrx_word' id='word_1_491' title='bbox 2802 3123 2972 3184; x_wconf 86' lang='lat' dir='ltr'><strong>petat,</strong></span> <span class='ocrx_word' id='word_1_492' title='bbox 3002 3123 3051 3168; x_wconf 89' lang='lat' dir='ltr'><strong>et</strong></span> <span class='ocrx_word' id='word_1_493' title='bbox 3083 3112 3226 3168; x_wconf 85' lang='lat' dir='ltr'><strong>dabit</strong></span> <span class='ocrx_word' id='word_1_494' title='bbox 3268 3114 3348 3168; x_wconf 88' lang='lat' dir='ltr'><strong>illi</strong></span> <span class='ocrx_word' id='word_1_495' title='bbox 3387 3113 3552 3168; x_wconf 84' lang='lat' dir='ltr'><strong>vitam</strong></span> <span class='ocrx_word' id='word_1_496' title='bbox 3581 3112 3744 3177; x_wconf 85' lang='lat' dir='ltr'><strong>Deus;</strong></span> <span class='ocrx_word' id='word_1_497' title='bbox 3766 3110 3864 3179; x_wconf 78' lang='lat' dir='ltr'><strong>quia</strong></span> 
     </span>
    </p>
   </div>
   <div class='ocr_carea' id='block_1_56' title="bbox 594 3188 2186 3277">
    <p class='ocr_par' dir='ltr' id='par_1_56' title="bbox 594 3189 2186 3270">
     <span class='ocr_line' id='line_1_56' title="bbox 594 3189 2186 3270; baseline 0.006 -28"><span class='ocrx_word' id='word_1_498' title='bbox 594 3197 692 3259; x_wconf 90' lang='lat' dir='ltr'><strong>put</strong></span> <span class='ocrx_word' id='word_1_499' title='bbox 718 3189 841 3245; x_wconf 80' lang='lat' dir='ltr'><strong>lldci</strong></span> <span class='ocrx_word' id='word_1_500' title='bbox 874 3191 1228 3248; x_wconf 90' lang='lat' dir='ltr'><strong>immemores</strong></span> <span class='ocrx_word' id='word_1_501' title='bbox 1250 3194 1614 3249; x_wconf 89' lang='lat' dir='ltr'><strong>adoraveruut</strong></span> <span class='ocrx_word' id='word_1_502' title='bbox 1642 3194 1839 3268; x_wconf 78' lang='lat' dir='ltr'><strong>(Exod.</strong></span> <span class='ocrx_word' id='word_1_503' title='bbox 1872 3212 2042 3263; x_wconf 86' lang='lat' dir='ltr'><strong>xxxtt,</strong></span> <span class='ocrx_word' id='word_1_504' title='bbox 2073 3198 2186 3270; x_wconf 81' lang='lat' dir='ltr'><strong>5i).</strong></span> 
     </span>
    </p>
   </div>
   <div class='ocr_carea' id='block_1_57' title="bbox 2298 3188 3864 3277">
    <p class='ocr_par' dir='ltr' id='par_1_57' title="bbox 2298 3204 3864 3277">
     <span class='ocr_line' id='line_1_57' title="bbox 2298 3204 3864 3277; baseline -0.004 -17"><span class='ocrx_word' id='word_1_505' title='bbox 2298 3223 2398 3260; x_wconf 87' lang='lat' dir='ltr'><strong>non</strong></span> <span class='ocrx_word' id='word_1_506' title='bbox 2428 3217 2601 3276; x_wconf 85' lang='lat' dir='ltr'><strong>peccat</strong></span> <span class='ocrx_word' id='word_1_507' title='bbox 2639 3207 2707 3261; x_wconf 89' lang='lat' dir='ltr'><strong>ad</strong></span> <span class='ocrx_word' id='word_1_508' title='bbox 2745 3215 2983 3261; x_wconf 91' lang='lat' dir='ltr'><strong>mortem.</strong></span> <span class='ocrx_word' id='word_1_509' title='bbox 3014 3204 3110 3261; x_wconf 85' lang='lat' dir='ltr'><strong>Est</strong></span> <span class='ocrx_word' id='word_1_510' title='bbox 3141 3217 3402 3277; x_wconf 87' lang='lat' dir='ltr'><strong>peccatum</strong></span> <span class='ocrx_word' id='word_1_511' title='bbox 3428 3206 3503 3260; x_wconf 88' lang='lat' dir='ltr'><strong>ad</strong></span> <span class='ocrx_word' id='word_1_512' title='bbox 3531 3216 3762 3269; x_wconf 79' lang='lat' dir='ltr'><strong>mortem,</strong></span> <span class='ocrx_word' id='word_1_513' title='bbox 3781 3217 3864 3256; x_wconf 86' lang='lat' dir='ltr'><strong>non</strong></span> 
     </span>
    </p>
   </div>
   <div class='ocr_carea' id='block_1_58' title="bbox 592 3282 2189 3361">
    <p class='ocr_par' dir='ltr' id='par_1_58' title="bbox 592 3282 2189 3361">
     <span class='ocr_line' id='line_1_58' title="bbox 592 3282 2189 3361; baseline 0.006 -24"><span class='ocrx_word' id='word_1_514' title='bbox 592 3282 863 3355; x_wconf 85' lang='lat' dir='ltr'><strong>Numquid</strong></span> <span class='ocrx_word' id='word_1_515' title='bbox 915 3288 1115 3341; x_wconf 88' lang='lat' dir='ltr'><strong>erravit</strong></span> <span class='ocrx_word' id='word_1_516' title='bbox 1159 3286 1418 3359; x_wconf 74' lang='lat' dir='ltr'><strong>Moyses?</strong></span> <span class='ocrx_word' id='word_1_517' title='bbox 1449 3287 1608 3359; x_wconf 80' lang='lat' dir='ltr'><strong>Atqui</strong></span> <span class='ocrx_word' id='word_1_518' title='bbox 1658 3305 1763 3344; x_wconf 93' lang='lat' dir='ltr'><strong>non</strong></span> <span class='ocrx_word' id='word_1_519' title='bbox 1814 3292 2055 3359; x_wconf 91' lang='lat' dir='ltr'><strong>erravit,</strong></span> <span class='ocrx_word' id='word_1_520' title='bbox 2099 3294 2189 3361; x_wconf 89' lang='lat' dir='ltr'><strong>qui</strong></span> 
     </span>
    </p>
   </div>
   <div class='ocr_carea' id='block_1_59' title="bbox 592 3376 2187 3450">
    <p class='ocr_par' dir='ltr' id='par_1_59' title="bbox 592 3376 2187 3450">
     <span class='ocr_line' id='line_1_59' title="bbox 592 3376 2187 3450; baseline 0.005 -19"><span class='ocrx_word' id='word_1_521' title='bbox 592 3376 736 3446; x_wconf 92' lang='lat' dir='ltr'><strong>quod</strong></span> <span class='ocrx_word' id='word_1_522' title='bbox 778 3377 1010 3447; x_wconf 84' lang='lat' dir='ltr'><strong>rogavit,</strong></span> <span class='ocrx_word' id='word_1_523' title='bbox 1039 3388 1094 3434; x_wconf 91' lang='lat' dir='ltr'><strong>et</strong></span> <span class='ocrx_word' id='word_1_524' title='bbox 1135 3380 1337 3434; x_wconf 89' lang='lat' dir='ltr'><strong>meruit</strong></span> <span class='ocrx_word' id='word_1_525' title='bbox 1376 3390 1430 3435; x_wconf 91' lang='lat' dir='ltr'><strong>et</strong></span> <span class='ocrx_word' id='word_1_526' title='bbox 1473 3382 1805 3450; x_wconf 84' lang='lat' dir='ltr'><strong>impetravit.</strong></span> <span class='ocrx_word' id='word_1_527' title='bbox 1855 3382 1993 3450; x_wconf 88' lang='lat' dir='ltr'><strong>Quid</strong></span> <span class='ocrx_word' id='word_1_528' title='bbox 2043 3384 2187 3439; x_wconf 92' lang='lat' dir='ltr'><strong>enim</strong></span> 
     </span>
    </p>
   </div>
   <div class='ocr_carea' id='block_1_60' title="bbox 590 3468 2190 3546">
    <p class='ocr_par' dir='ltr' id='par_1_60' title="bbox 590 3468 2190 3546">
     <span class='ocr_line' id='line_1_60' title="bbox 590 3468 2190 3546; baseline 0.004 -22"><span class='ocrx_word' id='word_1_529' title='bbox 590 3469 715 3525; x_wconf 86' lang='lat' dir='ltr'><strong>talis</strong></span> <span class='ocrx_word' id='word_1_530' title='bbox 745 3468 971 3526; x_wconf 69' lang='lat' dir='ltr'><strong>allectus</strong></span> <span class='ocrx_word' id='word_1_531' title='bbox 1002 3486 1111 3526; x_wconf 91' lang='lat' dir='ltr'><strong>non</strong></span> <span class='ocrx_word' id='word_1_532' title='bbox 1144 3473 1501 3543; x_wconf 87' lang='lat' dir='ltr'><strong>impetraret,</strong></span> <span class='ocrx_word' id='word_1_533' title='bbox 1533 3473 1749 3543; x_wconf 85' lang='lat' dir='ltr'><strong>quando</strong></span> <span class='ocrx_word' id='word_1_534' title='bbox 1776 3490 1836 3530; x_wconf 86' lang='lat' dir='ltr'><strong>se</strong></span> <span class='ocrx_word' id='word_1_535' title='bbox 1863 3475 2063 3545; x_wconf 89' lang='lat' dir='ltr'><strong>objccit</strong></span> <span class='ocrx_word' id='word_1_536' title='bbox 2094 3492 2190 3546; x_wconf 87' lang='lat' dir='ltr'><strong>pro</strong></span> 
     </span>
    </p>
   </div>
   <div class='ocr_carea' id='block_1_61' title="bbox 594 3562 2186 3637">
    <p class='ocr_par' dir='ltr' id='par_1_61' title="bbox 594 3562 2186 3637">
     <span class='ocr_line' id='line_1_61' title="bbox 594 3562 2186 3637; baseline 0.004 -22"><span class='ocrx_word' id='word_1_537' title='bbox 594 3563 823 3634; x_wconf 79' lang='lat' dir='ltr'><strong>populo,</strong></span> <span class='ocrx_word' id='word_1_538' title='bbox 869 3563 1101 3619; x_wconf 87' lang='lat' dir='ltr'><strong>dicens:</strong></span> <span class='ocrx_word' id='word_1_539' title='bbox 1133 3562 1201 3617; x_wconf 83' lang='lat' dir='ltr'><strong>Et</strong></span> <span class='ocrx_word' id='word_1_540' title='bbox 1249 3581 1385 3619; x_wconf 87' lang='lat' dir='ltr'><strong>nunc</strong></span> <span class='ocrx_word' id='word_1_541' title='bbox 1429 3566 1475 3620; x_wconf 87' lang='lat' dir='ltr'><strong>si</strong></span> <span class='ocrx_word' id='word_1_542' title='bbox 1514 3566 1731 3621; x_wconf 87' lang='lat' dir='ltr'><strong>dimittis</strong></span> <span class='ocrx_word' id='word_1_543' title='bbox 1756 3567 1863 3622; x_wconf 84' lang='lat' dir='ltr'><strong>illis</strong></span> <span class='ocrx_word' id='word_1_544' title='bbox 1891 3578 2186 3637; x_wconf 84' lang='lat' dir='ltr'><strong>peccatum,</strong></span> 
     </span>
    </p>
   </div>
   <div class='ocr_carea' id='block_1_62' title="bbox 589 3657 2190 3734">
    <p class='ocr_par' dir='ltr' id='par_1_62' title="bbox 589 3657 2190 3734">
     <span class='ocr_line' id='line_1_62' title="bbox 589 3657 2190 3734; baseline 0.004 -24"><span class='ocrx_word' id='word_1_545' title='bbox 589 3657 821 3722; x_wconf 86' lang='lat' dir='ltr'><strong>dimitte;</strong></span> <span class='ocrx_word' id='word_1_546' title='bbox 848 3658 928 3711; x_wconf 91' lang='lat' dir='ltr'><strong>sin</strong></span> <span class='ocrx_word' id='word_1_547' title='bbox 958 3667 1155 3725; x_wconf 91' lang='lat' dir='ltr'><strong>autem,</strong></span> <span class='ocrx_word' id='word_1_548' title='bbox 1185 3658 1301 3713; x_wconf 87' lang='lat' dir='ltr'><strong>dele</strong></span> <span class='ocrx_word' id='word_1_549' title='bbox 1327 3676 1407 3714; x_wconf 90' lang='lat' dir='ltr'><strong>me</strong></span> <span class='ocrx_word' id='word_1_550' title='bbox 1430 3660 1495 3715; x_wconf 92' lang='lat' dir='ltr'><strong>de</strong></span> <span class='ocrx_word' id='word_1_551' title='bbox 1529 3661 1662 3715; x_wconf 88' lang='lat' dir='ltr'><strong>libro</strong></span> <span class='ocrx_word' id='word_1_552' title='bbox 1687 3662 1803 3716; x_wconf 77' lang='lat' dir='ltr'><strong>vita:</strong></span> <span class='ocrx_word' id='word_1_553' title='bbox 1835 3660 2023 3734; x_wconf 85' lang='lat' dir='ltr'><strong>(lbid.,</strong></span> <span class='ocrx_word' id='word_1_554' title='bbox 2056 3662 2190 3733; x_wconf 69' lang='lat'><strong>3‘2)?</strong></span> 
     </span>
    </p>
   </div>
   <div class='ocr_carea' id='block_1_63' title="bbox 590 3756 2188 3829">
    <p class='ocr_par' dir='ltr' id='par_1_63' title="bbox 590 3756 2188 3829">
     <span class='ocr_line' id='line_1_63' title="bbox 590 3756 2188 3829; baseline 0.001 -17"><span class='ocrx_word' id='word_1_555' title='bbox 590 3756 753 3813; x_wconf 82' lang='lat' dir='ltr'><strong>Vides</strong></span> <span class='ocrx_word' id='word_1_556' title='bbox 780 3756 905 3828; x_wconf 87' lang='lat' dir='ltr'><strong>quia</strong></span> <span class='ocrx_word' id='word_1_557' title='bbox 952 3773 1061 3813; x_wconf 89' lang='lat' dir='ltr'><strong>non</strong></span> <span class='ocrx_word' id='word_1_558' title='bbox 1108 3767 1383 3829; x_wconf 85' lang='lat' dir='ltr'><strong>tamquam</strong></span> <span class='ocrx_word' id='word_1_559' title='bbox 1423 3759 1721 3815; x_wconf 87' lang='lat' dir='ltr'><strong>deliciosus</strong></span> <span class='ocrx_word' id='word_1_560' title='bbox 1747 3760 2098 3824; x_wconf 84' lang='lat' dir='ltr'><strong>intercessor,</strong></span> <span class='ocrx_word' id='word_1_561' title='bbox 2132 3768 2188 3814; x_wconf 87' lang='lat' dir='ltr'><strong>et</strong></span> 
     </span>
    </p>
   </div>
   <div class='ocr_carea' id='block_1_64' title="bbox 589 3851 2193 3922">
    <p class='ocr_par' dir='ltr' id='par_1_64' title="bbox 589 3851 2193 3922">
     <span class='ocr_line' id='line_1_64' title="bbox 589 3851 2193 3922; baseline 0.001 -15"><span class='ocrx_word' id='word_1_562' title='bbox 589 3851 791 3907; x_wconf 84' lang='lat' dir='ltr'><strong>fastidii</strong></span> <span class='ocrx_word' id='word_1_563' title='bbox 826 3852 1020 3922; x_wconf 89' lang='lat' dir='ltr'><strong>plenus</strong></span> <span class='ocrx_word' id='word_1_564' title='bbox 1051 3852 1156 3907; x_wconf 89' lang='lat' dir='ltr'><strong>sibi</strong></span> <span class='ocrx_word' id='word_1_565' title='bbox 1185 3854 1455 3919; x_wconf 91' lang='lat' dir='ltr'><strong>consulat,</strong></span> <span class='ocrx_word' id='word_1_566' title='bbox 1484 3868 1551 3908; x_wconf 92' lang='lat' dir='ltr'><strong>ne</strong></span> <span class='ocrx_word' id='word_1_567' title='bbox 1581 3853 1940 3910; x_wconf 79' lang='lat' dir='ltr'><strong>offensionem</strong></span> <span class='ocrx_word' id='word_1_568' title='bbox 1972 3863 2193 3908; x_wconf 88' lang='lat' dir='ltr'><strong>contra-</strong></span> 
     </span>
    </p>
   </div>
   <div class='ocr_carea' id='block_1_65' title="bbox 592 3942 2192 4016">
    <p class='ocr_par' dir='ltr' id='par_1_65' title="bbox 592 3942 2192 4016">
     <span class='ocr_line' id='line_1_65' title="bbox 592 3942 2192 4016; baseline 0.002 -19"><span class='ocrx_word' id='word_1_569' title='bbox 592 3942 717 4008; x_wconf 89' lang='lat' dir='ltr'><strong>bat,</strong></span> <span class='ocrx_word' id='word_1_570' title='bbox 748 3942 892 4014; x_wconf 91' lang='lat' dir='ltr'><strong>quod</strong></span> <span class='ocrx_word' id='word_1_571' title='bbox 923 3942 1258 3999; x_wconf 86' lang='lat' dir='ltr'><strong>Novatianus</strong></span> <span class='ocrx_word' id='word_1_572' title='bbox 1305 3955 1550 4000; x_wconf 90' lang='lat' dir='ltr'><strong>metuere</strong></span> <span class='ocrx_word' id='word_1_573' title='bbox 1596 3960 1655 3999; x_wconf 90' lang='lat' dir='ltr'><strong>se</strong></span> <span class='ocrx_word' id='word_1_574' title='bbox 1694 3944 1825 4001; x_wconf 90' lang='lat' dir='ltr'><strong>dicit</strong></span> <span class='ocrx_word' id='word_1_575' title='bbox 1850 3963 1863 3999; x_wconf 92' lang='lat'>:</span> <span class='ocrx_word' id='word_1_576' title='bbox 1888 3944 1982 4000; x_wconf 88' lang='lat' dir='ltr'><strong>sed</strong></span> <span class='ocrx_word' id='word_1_577' title='bbox 2021 3944 2192 4016; x_wconf 88' lang='lat' dir='ltr'><strong>magis</strong></span> 
     </span>
    </p>
   </div>
   <div class='ocr_carea' id='block_1_66' title="bbox 589 4035 2191 4103">
    <p class='ocr_par' dir='ltr' id='par_1_66' title="bbox 589 4035 2191 4103">
     <span class='ocr_line' id='line_1_66' title="bbox 589 4035 2191 4103; baseline 0.002 -15"><span class='ocrx_word' id='word_1_578' title='bbox 589 4036 832 4090; x_wconf 90' lang='lat' dir='ltr'><strong>omnium</strong></span> <span class='ocrx_word' id='word_1_579' title='bbox 860 4051 1092 4103; x_wconf 90' lang='lat' dir='ltr'><strong>memor,</strong></span> <span class='ocrx_word' id='word_1_580' title='bbox 1127 4036 1212 4091; x_wconf 90' lang='lat' dir='ltr'><strong>sui</strong></span> <span class='ocrx_word' id='word_1_581' title='bbox 1243 4037 1551 4102; x_wconf 89' lang='lat' dir='ltr'><strong>immemor,</strong></span> <span class='ocrx_word' id='word_1_582' title='bbox 1582 4035 1864 4092; x_wconf 77' lang='lat' dir='ltr'><strong>offendere</strong></span> <span class='ocrx_word' id='word_1_583' title='bbox 1893 4052 2002 4091; x_wconf 91' lang='lat' dir='ltr'><strong>non</strong></span> <span class='ocrx_word' id='word_1_584' title='bbox 2034 4040 2191 4093; x_wconf 88' lang='lat' dir='ltr'><strong>time-</strong></span> 
     </span>
    </p>
   </div>
   <div class='ocr_carea' id='block_1_67' title="bbox 588 4125 2191 4200">
    <p class='ocr_par' dir='ltr' id='par_1_67' title="bbox 588 4125 2191 4200">
     <span class='ocr_line' id='line_1_67' title="bbox 588 4125 2191 4200; baseline 0.003 -20"><span class='ocrx_word' id='word_1_585' title='bbox 588 4125 678 4180; x_wconf 87' lang='lat' dir='ltr'><strong>bat</strong></span> <span class='ocrx_word' id='word_1_586' title='bbox 704 4127 843 4197; x_wconf 90' lang='lat' dir='ltr'><strong>ipse,</strong></span> <span class='ocrx_word' id='word_1_587' title='bbox 877 4137 936 4182; x_wconf 90' lang='lat' dir='ltr'><strong>ut</strong></span> <span class='ocrx_word' id='word_1_588' title='bbox 964 4126 1181 4198; x_wconf 87' lang='lat' dir='ltr'><strong>plebem</strong></span> <span class='ocrx_word' id='word_1_589' title='bbox 1213 4128 1284 4183; x_wconf 90' lang='lat' dir='ltr'><strong>ab</strong></span> <span class='ocrx_word' id='word_1_590' title='bbox 1313 4127 1632 4185; x_wconf 74' lang='lat' dir='ltr'><strong>offensionis</strong></span> <span class='ocrx_word' id='word_1_591' title='bbox 1677 4128 1921 4200; x_wconf 90' lang='lat' dir='ltr'><strong>periculo</strong></span> <span class='ocrx_word' id='word_1_592' title='bbox 1967 4139 2191 4185; x_wconf 85' lang='lat' dir='ltr'><strong>exueret</strong></span> 
     </span>
    </p>
   </div>
   <div class='ocr_carea' id='block_1_68' title="bbox 584 4217 945 4275">
    <p class='ocr_par' dir='ltr' id='par_1_68' title="bbox 584 4217 945 4275">
     <span class='ocr_line' id='line_1_68' title="bbox 584 4217 945 4275; baseline -0.003 -1"><span class='ocrx_word' id='word_1_593' title='bbox 584 4227 638 4274; x_wconf 90' lang='lat' dir='ltr'><strong>et</strong></span> <span class='ocrx_word' id='word_1_594' title='bbox 668 4217 945 4275; x_wconf 87' lang='lat' dir='ltr'><strong>liberaret.</strong></span> 
     </span>
    </p>
   </div>
   <div class='ocr_carea' id='block_1_69' title="bbox 659 4422 2186 4494">
    <p class='ocr_par' dir='ltr' id='par_1_69' title="bbox 659 4422 2186 4494">
     <span class='ocr_line' id='line_1_69' title="bbox 659 4422 2186 4494; baseline -0.002 -14"><span class='ocrx_word' id='word_1_595' title='bbox 659 4436 685 4464; x_wconf 69' lang='grc' dir='ltr'>ει</span> <span class='ocrx_word' id='word_1_596' title='bbox 726 4425 855 4481; x_wconf 80' lang='lat' dir='ltr'><strong>Mss.</strong></span> <span class='ocrx_word' id='word_1_597' title='bbox 908 4422 1179 4491; x_wconf 90' lang='lat' dir='ltr'><strong>nonnulli,</strong></span> <span class='ocrx_word' id='word_1_598' title='bbox 1236 4422 1320 4477; x_wconf 88' lang='lat' dir='ltr'><strong>cui</strong></span> <span class='ocrx_word' id='word_1_599' title='bbox 1356 4438 1472 4477; x_wconf 89' lang='lat' dir='ltr'><strong>cum</strong></span> <span class='ocrx_word' id='word_1_600' title='bbox 1515 4422 1876 4494; x_wconf 77' lang='lat' dir='ltr'><strong>propheticum</strong></span> <span class='ocrx_word' id='word_1_601' title='bbox 1922 4434 2049 4479; x_wconf 86' lang='lat' dir='ltr'><strong>esset</strong></span> <span class='ocrx_word' id='word_1_602' title='bbox 2100 4424 2186 4478; x_wconf 85' lang='lat' dir='ltr'><strong>di-</strong></span> 
     </span>
    </p>
   </div>
   <div class='ocr_carea' id='block_1_70' title="bbox 588 4507 751 4553">
    <p class='ocr_par' dir='ltr' id='par_1_70' title="bbox 588 4507 751 4553">
     <span class='ocr_line' id='line_1_70' title="bbox 588 4507 751 4553; baseline -0.012 -1"><span class='ocrx_word' id='word_1_603' title='bbox 588 4507 751 4553; x_wconf 88' lang='lat' dir='ltr'><strong>ctum.</strong></span> 
     </span>
    </p>
   </div>
   <div class='ocr_carea' id='block_1_71' title="bbox 660 4564 2187 4637">
    <p class='ocr_par' dir='ltr' id='par_1_71' title="bbox 660 4564 2187 4637">
     <span class='ocr_line' id='line_1_71' title="bbox 660 4564 2187 4637; baseline 0.001 -17"><span class='ocrx_word' id='word_1_604' title='bbox 660 4568 687 4607; x_wconf 75' lang='grc' dir='ltr'><strong>ι»</strong></span> <span class='ocrx_word' id='word_1_605' title='bbox 706 4566 944 4623; x_wconf 80' lang='lat' dir='ltr'><strong>Clarum.</strong></span> <span class='ocrx_word' id='word_1_606' title='bbox 970 4565 1144 4621; x_wconf 81' lang='lat' dir='ltr'><strong>codex</strong></span> <span class='ocrx_word' id='word_1_607' title='bbox 1167 4564 1340 4634; x_wconf 90' lang='lat' dir='ltr'><strong>solus,</strong></span> <span class='ocrx_word' id='word_1_608' title='bbox 1372 4566 1616 4637; x_wconf 87' lang='lat' dir='ltr'><strong>quoniam</strong></span> <span class='ocrx_word' id='word_1_609' title='bbox 1638 4579 1700 4621; x_wconf 88' lang='lat' dir='ltr'><strong>ea</strong></span> <span class='ocrx_word' id='word_1_610' title='bbox 1717 4579 1918 4636; x_wconf 85' lang='lat' dir='ltr'><strong>quoque</strong></span> <span class='ocrx_word' id='word_1_611' title='bbox 1941 4565 2187 4636; x_wconf 73' lang='lat' dir='ltr'><strong>paeniten-</strong></span> 
     </span>
    </p>
   </div>
   <div class='ocr_carea' id='block_1_72' title="bbox 588 4638 1172 4710">
    <p class='ocr_par' dir='ltr' id='par_1_72' title="bbox 588 4638 1172 4710">
     <span class='ocr_line' id='line_1_72' title="bbox 588 4638 1172 4710; baseline -0.007 -16"><span class='ocrx_word' id='word_1_612' title='bbox 588 4640 662 4694; x_wconf 88' lang='lat' dir='ltr'><strong>tia</strong></span> <span class='ocrx_word' id='word_1_613' title='bbox 692 4655 786 4710; x_wconf 88' lang='lat' dir='ltr'><strong>pro</strong></span> <span class='ocrx_word' id='word_1_614' title='bbox 812 4638 1015 4710; x_wconf 82' lang='lat' dir='ltr'><strong>delictis</strong></span> <span class='ocrx_word' id='word_1_615' title='bbox 1043 4646 1172 4691; x_wconf 89' lang='lat' dir='ltr'><strong>erat.</strong></span> 
     </span>
    </p>
   </div>
   <div class='ocr_carea' id='block_1_73' title="bbox 665 4707 1772 4779">
    <p class='ocr_par' dir='ltr' id='par_1_73' title="bbox 665 4707 1772 4779">
     <span class='ocr_line' id='line_1_73' title="bbox 665 4707 1772 4779; baseline 0.003 -21"><span class='ocrx_word' id='word_1_616' title='bbox 665 4707 702 4744; x_wconf 64' lang='grc' dir='ltr'><strong>θ’</strong></span> <span class='ocrx_word' id='word_1_617' title='bbox 729 4709 959 4777; x_wconf 84' lang='lat' dir='ltr'><strong>Quidam</strong></span> <span class='ocrx_word' id='word_1_618' title='bbox 991 4723 1148 4770; x_wconf 88' lang='lat' dir='ltr'><strong>mss.,</strong></span> <span class='ocrx_word' id='word_1_619' title='bbox 1181 4707 1344 4763; x_wconf 88' lang='lat' dir='ltr'><strong>alium</strong></span> <span class='ocrx_word' id='word_1_620' title='bbox 1365 4707 1772 4779; x_wconf 85' lang='lat' dir='ltr'><strong>propitiatorem.</strong></span> 
     </span>
    </p>
   </div>
   <div class='ocr_carea' id='block_1_74' title="bbox 661 4779 2184 4850">
    <p class='ocr_par' dir='ltr' id='par_1_74' title="bbox 661 4779 2184 4850">
     <span class='ocr_line' id='line_1_74' title="bbox 661 4779 2184 4850; baseline -0.001 -16"><span class='ocrx_word' id='word_1_621' title='bbox 661 4779 689 4819; x_wconf 78' lang='grc' dir='ltr'>ιι</span> <span class='ocrx_word' id='word_1_622' title='bbox 727 4783 951 4850; x_wconf 65' lang='lat' dir='ltr'><strong>Quaeras</strong></span> <span class='ocrx_word' id='word_1_623' title='bbox 999 4780 1233 4835; x_wconf 81' lang='lat' dir='ltr'><strong>fortasse</strong></span> <span class='ocrx_word' id='word_1_624' title='bbox 1276 4780 1534 4847; x_wconf 83' lang='lat' dir='ltr'><strong>quidnam</strong></span> <span class='ocrx_word' id='word_1_625' title='bbox 1581 4779 1683 4833; x_wconf 92' lang='lat' dir='ltr'><strong>boc</strong></span> <span class='ocrx_word' id='word_1_626' title='bbox 1723 4779 1972 4850; x_wconf 82' lang='lat' dir='ltr'><strong>locoper</strong></span> <span class='ocrx_word' id='word_1_627' title='bbox 1997 4791 2184 4850; x_wconf 80' lang='lat' dir='ltr'><strong>vocem</strong></span> 
     </span>
    </p>
   </div>
   <div class='ocr_carea' id='block_1_75' title="bbox 581 4849 2182 4927">
    <p class='ocr_par' dir='ltr' id='par_1_75' title="bbox 581 4849 2182 4927">
     <span class='ocr_line' id='line_1_75' title="bbox 581 4849 2182 4927; baseline -0.002 -20"><span class='ocrx_word' id='word_1_628' title='bbox 581 4849 848 4927; x_wconf 81' lang='lat' dir='ltr'><strong>justoruut</strong></span> <span class='ocrx_word' id='word_1_629' title='bbox 872 4850 1244 4927; x_wconf 50' lang='lat' dir='ltr'><strong>significatu?</strong></span> <span class='ocrx_word' id='word_1_630' title='bbox 1370 4859 1559 4927; x_wconf 15' lang='lat' dir='ltr'><strong>autem,</strong></span> <span class='ocrx_word' id='word_1_631' title='bbox 1581 4850 1791 4906; x_wconf 76' lang='lat' dir='ltr'><strong>lucilius</strong></span> <span class='ocrx_word' id='word_1_632' title='bbox 1815 4849 2182 4927; x_wconf 81' lang='lat' dir='ltr'><strong>id_in_le|ligas.</strong></span> 
     </span>
    </p>
   </div>
   <div class='ocr_carea' id='block_1_76' title="bbox 592 4921 2183 4993">
    <p class='ocr_par' dir='ltr' id='par_1_76' title="bbox 592 4921 2183 4993">
     <span class='ocr_line' id='line_1_76' title="bbox 592 4921 2183 4993; baseline -0.004 -15"><span class='ocrx_word' id='word_1_633' title='bbox 592 4921 815 4979; x_wconf 78' lang='lat' dir='ltr'><strong>adverte</strong></span> <span class='ocrx_word' id='word_1_634' title='bbox 844 4937 949 4977; x_wconf 91' lang='lat' dir='ltr'><strong>non</strong></span> <span class='ocrx_word' id='word_1_635' title='bbox 978 4922 1048 4977; x_wconf 92' lang='lat' dir='ltr'><strong>de</strong></span> <span class='ocrx_word' id='word_1_636' title='bbox 1076 4922 1410 4993; x_wconf 84' lang='lat' dir='ltr'><strong>quibuslibet</strong></span> <span class='ocrx_word' id='word_1_637' title='bbox 1433 4921 1591 4990; x_wconf 85' lang='lat' dir='ltr'><strong>justis</strong></span> <span class='ocrx_word' id='word_1_638' title='bbox 1620 4937 1740 4977; x_wconf 88' lang='lat' dir='ltr'><strong>eam</strong></span> <span class='ocrx_word' id='word_1_639' title='bbox 1781 4922 1951 4991; x_wconf 89' lang='lat' dir='ltr'><strong>accipi</strong></span> <span class='ocrx_word' id='word_1_640' title='bbox 1986 4934 2183 4993; x_wconf 85' lang='lat' dir='ltr'><strong>posse;</strong></span> 
     </span>
    </p>
   </div>
   <div class='ocr_carea' id='block_1_77' title="bbox 592 4992 2188 5064">
    <p class='ocr_par' dir='ltr' id='par_1_77' title="bbox 592 4992 2188 5064">
     <span class='ocr_line' id='line_1_77' title="bbox 592 4992 2188 5064; baseline -0.003 -14"><span class='ocrx_word' id='word_1_641' title='bbox 592 5011 716 5051; x_wconf 91' lang='lat' dir='ltr'><strong>cum</strong></span> <span class='ocrx_word' id='word_1_642' title='bbox 749 5010 856 5049; x_wconf 91' lang='lat' dir='ltr'><strong>non</strong></span> <span class='ocrx_word' id='word_1_643' title='bbox 906 4992 1131 5049; x_wconf 89' lang='lat' dir='ltr'><strong>dubium</strong></span> <span class='ocrx_word' id='word_1_644' title='bbox 1180 4994 1249 5046; x_wconf 88' lang='lat' dir='ltr'><strong>sit</strong></span> <span class='ocrx_word' id='word_1_645' title='bbox 1277 4995 1407 5064; x_wconf 90' lang='lat' dir='ltr'><strong>quin</strong></span> <span class='ocrx_word' id='word_1_646' title='bbox 1457 4995 1510 5048; x_wconf 92' lang='lat' dir='ltr'><strong>in</strong></span> <span class='ocrx_word' id='word_1_647' title='bbox 1555 4994 1754 5063; x_wconf 81' lang='lat' dir='ltr'><strong>pepulo</strong></span> <span class='ocrx_word' id='word_1_648' title='bbox 1802 4994 1937 5047; x_wconf 82' lang='lat' dir='ltr'><strong>tales</strong></span> <span class='ocrx_word' id='word_1_649' title='bbox 1973 4992 2188 5064; x_wconf 68' lang='lat' dir='ltr'><strong>fuerint</strong></span> 
     </span>
    </p>
   </div>
   <div class='ocr_carea' id='block_1_78' title="bbox 594 5061 2189 5136">
    <p class='ocr_par' dir='ltr' id='par_1_78' title="bbox 594 5061 2189 5136">
     <span class='ocr_line' id='line_1_78' title="bbox 594 5061 2189 5136; baseline -0.006 -13"><span class='ocrx_word' id='word_1_650' title='bbox 594 5069 743 5123; x_wconf 78' lang='lat' dir='ltr'><strong>tnttlti</strong></span> <span class='ocrx_word' id='word_1_651' title='bbox 765 5109 777 5128; x_wconf 87' lang='lat'><strong>.</strong></span> <span class='ocrx_word' id='word_1_652' title='bbox 811 5067 1005 5136; x_wconf 89' lang='lat' dir='ltr'><strong>quibus</strong></span> <span class='ocrx_word' id='word_1_653' title='bbox 1033 5075 1216 5119; x_wconf 89' lang='lat' dir='ltr'><strong>tamen</strong></span> <span class='ocrx_word' id='word_1_654' title='bbox 1246 5061 1378 5119; x_wconf 78' lang='lat' dir='ltr'><strong>nihil</strong></span> <span class='ocrx_word' id='word_1_655' title='bbox 1411 5061 1569 5119; x_wconf 83' lang='lat' dir='ltr'><strong>aliud</strong></span> <span class='ocrx_word' id='word_1_656' title='bbox 1599 5065 1701 5119; x_wconf 90' lang='lat' dir='ltr'><strong>nisi</strong></span> <span class='ocrx_word' id='word_1_657' title='bbox 1732 5072 1790 5118; x_wconf 93' lang='lat' dir='ltr'><strong>ut</strong></span> <span class='ocrx_word' id='word_1_658' title='bbox 1832 5079 1933 5133; x_wconf 88' lang='lat' dir='ltr'><strong>pro</strong></span> <span class='ocrx_word' id='word_1_659' title='bbox 1972 5061 2189 5116; x_wconf 85' lang='lat' dir='ltr'><strong>leviori-</strong></span> 
     </span>
    </p>
   </div>
   <div class='ocr_carea' id='block_1_79' title="bbox 595 5136 2183 5205">
    <p class='ocr_par' dir='ltr' id='par_1_79' title="bbox 595 5136 2183 5205">
     <span class='ocr_line' id='line_1_79' title="bbox 595 5136 2183 5205; baseline -0.004 -13"><span class='ocrx_word' id='word_1_660' title='bbox 595 5138 694 5194; x_wconf 88' lang='lat' dir='ltr'><strong>bus</strong></span> <span class='ocrx_word' id='word_1_661' title='bbox 723 5137 898 5205; x_wconf 80' lang='lat' dir='ltr'><strong>culpis</strong></span> <span class='ocrx_word' id='word_1_662' title='bbox 943 5138 1156 5191; x_wconf 81' lang='lat' dir='ltr'><strong>veniam</strong></span> <span class='ocrx_word' id='word_1_663' title='bbox 1192 5138 1441 5191; x_wconf 89' lang='lat' dir='ltr'><strong>oratione</strong></span> <span class='ocrx_word' id='word_1_664' title='bbox 1483 5150 1579 5189; x_wconf 89' lang='lat' dir='ltr'><strong>sua</strong></span> <span class='ocrx_word' id='word_1_665' title='bbox 1622 5144 1808 5189; x_wconf 91' lang='lat' dir='ltr'><strong>mutuo</strong></span> <span class='ocrx_word' id='word_1_666' title='bbox 1854 5136 2183 5205; x_wconf 79' lang='lat' dir='ltr'><strong>impetrent,</strong></span> 
     </span>
    </p>
   </div>
   <div class='ocr_carea' id='block_1_80' title="bbox 592 5203 2191 5265">
    <p class='ocr_par' dir='ltr' id='par_1_80' title="bbox 592 5203 2191 5265">
     <span class='ocr_line' id='line_1_80' title="bbox 592 5203 2191 5265; baseline -0.006 -1"><span class='ocrx_word' id='word_1_667' title='bbox 592 5203 912 5265; x_wconf 70' lang='lat' dir='ltr'><strong>concessum</strong></span> <span class='ocrx_word' id='word_1_668' title='bbox 963 5208 1130 5262; x_wconf 87' lang='lat' dir='ltr'><strong>tradit</strong></span> <span class='ocrx_word' id='word_1_669' title='bbox 1165 5208 1353 5261; x_wconf 88' lang='lat' dir='ltr'><strong>beatus</strong></span> <span class='ocrx_word' id='word_1_670' title='bbox 1386 5206 1608 5261; x_wconf 85' lang='lat' dir='ltr'><strong>Doctor.</strong></span> <span class='ocrx_word' id='word_1_671' title='bbox 1641 5205 1824 5265; x_wconf 85' lang='lat' dir='ltr'><strong>Itaque</strong></span> <span class='ocrx_word' id='word_1_672' title='bbox 1862 5205 1947 5259; x_wconf 90' lang='lat' dir='ltr'><strong>vel</strong></span> <span class='ocrx_word' id='word_1_673' title='bbox 1991 5203 2191 5256; x_wconf 84' lang='lat' dir='ltr'><strong>intelli-</strong></span> 
     </span>
    </p>
   </div>
   <div class='ocr_carea' id='block_1_81' title="bbox 594 5273 2193 5349">
    <p class='ocr_par' dir='ltr' id='par_1_81' title="bbox 594 5273 2193 5349">
     <span class='ocr_line' id='line_1_81' title="bbox 594 5273 2193 5349; baseline -0.008 -13"><span class='ocrx_word' id='word_1_674' title='bbox 594 5282 752 5349; x_wconf 71' lang='lat' dir='ltr'><strong>gendi</strong></span> <span class='ocrx_word' id='word_1_675' title='bbox 794 5281 1019 5333; x_wconf 91' lang='lat' dir='ltr'><strong>veniunt</strong></span> <span class='ocrx_word' id='word_1_676' title='bbox 1049 5276 1705 5349; x_wconf 23' lang='lat' dir='ltr'><strong>insigniterjusti,Aquales</strong></span> <span class='ocrx_word' id='word_1_677' title='bbox 1733 5273 1881 5349; x_wconf 87' lang='lat' dir='ltr'><strong>fue_re</strong></span> <span class='ocrx_word' id='word_1_678' title='bbox 1909 5273 2193 5349; x_wconf 69' lang='lat' dir='ltr'><strong>propheta:</strong></span> 
     </span>
    </p>
   </div>
   <div class='ocr_carea' id='block_1_82' title="bbox 597 5342 2193 5431">
    <p class='ocr_par' dir='ltr' id='par_1_82' title="bbox 597 5342 2193 5431">
     <span class='ocr_line' id='line_1_82' title="bbox 597 5342 2193 5431; baseline -0.006 -24"><span class='ocrx_word' id='word_1_679' title='bbox 597 5342 660 5431; x_wconf 65' lang='lat' dir='ltr'><strong>ac</strong></span> <span class='ocrx_word' id='word_1_680' title='bbox 699 5359 972 5431; x_wconf 74' lang='lat' dir='ltr'><strong>martyres</strong></span> <span class='ocrx_word' id='word_1_681' title='bbox 997 5351 1047 5431; x_wconf 82' lang='lat' dir='ltr'><strong>i_n</strong></span> <span class='ocrx_word' id='word_1_682' title='bbox 1080 5342 1285 5431; x_wconf 60' lang='lat' dir='ltr'><strong>Moyse,</strong></span> <span class='ocrx_word' id='word_1_683' title='bbox 1317 5342 1549 5431; x_wconf 59' lang='lat' dir='ltr'><strong>Ieremia</strong></span> <span class='ocrx_word' id='word_1_684' title='bbox 1572 5342 2080 5431; x_wconf 9' lang='lat' dir='ltr'><strong>natquerstepliano</strong></span> <span class='ocrx_word' id='word_1_685' title='bbox 2106 5342 2193 5431; x_wconf 64' lang='lat' dir='ltr'><strong>hic</strong></span> 
     </span>
    </p>
   </div>
   <div class='ocr_carea' id='block_1_83' title="bbox 595 5416 2192 5494">
    <p class='ocr_par' dir='ltr' id='par_1_83' title="bbox 595 5416 2192 5494">
     <span class='ocr_line' id='line_1_83' title="bbox 595 5416 2192 5494; baseline -0.004 -17"><span class='ocrx_word' id='word_1_686' title='bbox 595 5416 862 5494; x_wconf 81' lang='lat' dir='ltr'><strong>designati</strong></span> <span class='ocrx_word' id='word_1_687' title='bbox 897 5439 910 5476; x_wconf 91' lang='lat'><strong>:</strong></span> <span class='ocrx_word' id='word_1_688' title='bbox 939 5421 1024 5477; x_wconf 85' lang='lat' dir='ltr'><strong>vel</strong></span> <span class='ocrx_word' id='word_1_689' title='bbox 1055 5416 1247 5475; x_wconf 80' lang='lat' dir='ltr'><strong>saltem</strong></span> <span class='ocrx_word' id='word_1_690' title='bbox 1278 5416 1739 5494; x_wconf 76' lang='lat' dir='ltr'><strong>soli_saeerdo_tes,</strong></span> <span class='ocrx_word' id='word_1_691' title='bbox 1765 5416 1858 5494; x_wconf 76' lang='lat' dir='ltr'><strong>qni</strong></span> <span class='ocrx_word' id='word_1_692' title='bbox 1883 5416 2061 5494; x_wconf 81' lang='lat' dir='ltr'><strong>et_ipsi</strong></span> <span class='ocrx_word' id='word_1_693' title='bbox 2090 5416 2192 5471; x_wconf 89' lang='lat' dir='ltr'><strong>sub</strong></span> 
     </span>
    </p>
   </div>
   <div class='ocr_carea' id='block_1_84' title="bbox 598 5485 2194 5565">
    <p class='ocr_par' dir='ltr' id='par_1_84' title="bbox 598 5485 2194 5565">
     <span class='ocr_line' id='line_1_84' title="bbox 598 5485 2194 5565; baseline -0.007 -15"><span class='ocrx_word' id='word_1_694' title='bbox 598 5485 984 5565; x_wconf 53' lang='lat' dir='ltr'><strong>prop‘betarum</strong></span> <span class='ocrx_word' id='word_1_695' title='bbox 1042 5504 1272 5565; x_wconf 82' lang='lat' dir='ltr'><strong>persona</strong></span> <span class='ocrx_word' id='word_1_696' title='bbox 1334 5485 1893 5565; x_wconf 50' lang='lat' dir='ltr'><strong>adumbrariusolent.</strong></span> <span class='ocrx_word' id='word_1_697' title='bbox 1944 5486 2059 5565; x_wconf 54' lang='grc' dir='ltr'><strong>Ιξίιξη</strong></span> <span class='ocrx_word' id='word_1_698' title='bbox 2107 5496 2194 5565; x_wconf 76' lang='lat' dir='ltr'><strong>est</strong></span> 
     </span>
    </p>
   </div>
   <div class='ocr_carea' id='block_1_85' title="bbox 596 5554 2189 5622">
    <p class='ocr_par' dir='ltr' id='par_1_85' title="bbox 596 5554 2189 5622">
     <span class='ocr_line' id='line_1_85' title="bbox 596 5554 2189 5622; baseline -0.007 0"><span class='ocrx_word' id='word_1_699' title='bbox 596 5554 727 5622; x_wconf 67' lang='lat' dir='ltr'><strong>sane</strong></span> <span class='ocrx_word' id='word_1_700' title='bbox 755 5566 809 5619; x_wconf 91' lang='lat' dir='ltr'><strong>in</strong></span> <span class='ocrx_word' id='word_1_701' title='bbox 837 5554 1196 5619; x_wconf 77' lang='lat' dir='ltr'><strong>controverso</strong></span> <span class='ocrx_word' id='word_1_702' title='bbox 1240 5560 1591 5617; x_wconf 79' lang='lat' dir='ltr'><strong>Ambrosium</strong></span> <span class='ocrx_word' id='word_1_703' title='bbox 1632 5556 1875 5611; x_wconf 85' lang='lat' dir='ltr'><strong>alludere</strong></span> <span class='ocrx_word' id='word_1_704' title='bbox 1904 5557 1971 5611; x_wconf 85' lang='lat' dir='ltr'><strong>ad</strong></span> <span class='ocrx_word' id='word_1_705' title='bbox 2003 5554 2189 5611; x_wconf 78' lang='lat' dir='ltr'><strong>Jacobi</strong></span> 
     </span>
    </p>
   </div>
   <div class='ocr_carea' id='block_1_86' title="bbox 598 5626 2191 5709">
    <p class='ocr_par' dir='ltr' id='par_1_86' title="bbox 598 5626 2191 5709">
     <span class='ocr_line' id='line_1_86' title="bbox 598 5626 2191 5709; baseline -0.006 -18"><span class='ocrx_word' id='word_1_706' title='bbox 598 5636 778 5693; x_wconf 89' lang='lat' dir='ltr'><strong>locum</strong></span> <span class='ocrx_word' id='word_1_707' title='bbox 809 5651 824 5688; x_wconf 91' lang='lat'><strong>:</strong></span> <span class='ocrx_word' id='word_1_708' title='bbox 856 5631 1183 5709; x_wconf 75' lang='lat' dir='ltr'><strong>Confitentini</strong></span> <span class='ocrx_word' id='word_1_709' title='bbox 1203 5631 1532 5709; x_wconf 57' lang='lat' dir='ltr'><strong>alterutrum,</strong></span> <span class='ocrx_word' id='word_1_710' title='bbox 1564 5629 1629 5709; x_wconf 38' lang='lat' dir='ltr'><strong>id.</strong></span> <span class='ocrx_word' id='word_1_711' title='bbox 1648 5638 1752 5693; x_wconf 90' lang='lat' dir='ltr'><strong>est,</strong></span> <span class='ocrx_word' id='word_1_712' title='bbox 1780 5626 1871 5709; x_wconf 77' lang='lat' dir='ltr'><strong>alii</strong></span> <span class='ocrx_word' id='word_1_713' title='bbox 1902 5627 2045 5709; x_wconf 69' lang='lat' dir='ltr'><strong>aliis,</strong></span> <span class='ocrx_word' id='word_1_714' title='bbox 2071 5642 2191 5709; x_wconf 74' lang='lat' dir='ltr'><strong>pec-</strong></span> 
     </span>
    </p>
   </div>
   <div class='ocr_carea' id='block_1_87' title="bbox 600 5698 2190 5770">
    <p class='ocr_par' dir='ltr' id='par_1_87' title="bbox 600 5698 2190 5770">
     <span class='ocr_line' id='line_1_87' title="bbox 600 5698 2190 5770; baseline -0.008 -9"><span class='ocrx_word' id='word_1_715' title='bbox 600 5718 714 5761; x_wconf 55' lang='lat' dir='ltr'><strong>cata</strong></span> <span class='ocrx_word' id='word_1_716' title='bbox 754 5698 985 5761; x_wconf 61' lang='lat' dir='ltr'><strong>vestra...</strong></span> <span class='ocrx_word' id='word_1_717' title='bbox 1019 5705 1237 5757; x_wconf 80' lang='lat' dir='ltr'><strong>multum</strong></span> <span class='ocrx_word' id='word_1_718' title='bbox 1263 5702 1403 5757; x_wconf 83' lang='lat' dir='ltr'><strong>enim</strong></span> <span class='ocrx_word' id='word_1_719' title='bbox 1431 5700 1565 5756; x_wconf 77' lang='lat' dir='ltr'><strong>valet</strong></span> <span class='ocrx_word' id='word_1_720' title='bbox 1594 5698 1888 5768; x_wconf 70' lang='lat' dir='ltr'><strong>deprecatio</strong></span> <span class='ocrx_word' id='word_1_721' title='bbox 1905 5698 2038 5770; x_wconf 78' lang='lat' dir='ltr'><strong>justi</strong></span> <span class='ocrx_word' id='word_1_722' title='bbox 2058 5698 2190 5770; x_wconf 38' lang='lat' dir='ltr'><strong>assit</strong></span> 
     </span>
    </p>
   </div>
   <div class='ocr_carea' id='block_1_88' title="bbox 601 5762 2185 5842">
    <p class='ocr_par' dir='ltr' id='par_1_88' title="bbox 601 5762 2185 5842">
     <span class='ocr_line' id='line_1_88' title="bbox 601 5762 2185 5842; baseline -0.006 -15"><span class='ocrx_word' id='word_1_723' title='bbox 601 5778 740 5839; x_wconf 73' lang='lat' dir='ltr'><strong>dim;</strong></span> <span class='ocrx_word' id='word_1_724' title='bbox 777 5773 974 5842; x_wconf 84' lang='lat' dir='ltr'><strong>quibus</strong></span> <span class='ocrx_word' id='word_1_725' title='bbox 1019 5771 1195 5828; x_wconf 83' lang='lat' dir='ltr'><strong>verbis</strong></span> <span class='ocrx_word' id='word_1_726' title='bbox 1226 5784 1443 5842; x_wconf 80' lang='lat' dir='ltr'><strong>peccata</strong></span> <span class='ocrx_word' id='word_1_727' title='bbox 1481 5762 1856 5829; x_wconf 55' lang='lat' dir='ltr'><strong>securitatibus</strong></span> <span class='ocrx_word' id='word_1_728' title='bbox 1896 5762 2185 5828; x_wconf 72' lang='lat' dir='ltr'><strong>coulilenill</strong></span> 
     </span>
    </p>
   </div>
   <div class='ocr_carea' id='block_1_89' title="bbox 2297 3287 3864 3368">
    <p class='ocr_par' dir='ltr' id='par_1_89' title="bbox 2297 3287 3864 3368">
     <span class='ocr_line' id='line_1_89' title="bbox 2297 3287 3864 3368; baseline -0.006 -17"><span class='ocrx_word' id='word_1_729' title='bbox 2297 3298 2360 3352; x_wconf 94' lang='lat' dir='ltr'><strong>de</strong></span> <span class='ocrx_word' id='word_1_730' title='bbox 2399 3297 2494 3351; x_wconf 90' lang='lat' dir='ltr'><strong>illo</strong></span> <span class='ocrx_word' id='word_1_731' title='bbox 2538 3297 2679 3360; x_wconf 87' lang='lat' dir='ltr'><strong>dico,</strong></span> <span class='ocrx_word' id='word_1_732' title='bbox 2711 3306 2767 3348; x_wconf 90' lang='lat' dir='ltr'><strong>ut</strong></span> <span class='ocrx_word' id='word_1_733' title='bbox 2815 3304 2922 3350; x_wconf 85' lang='lat' dir='ltr'><strong>oret</strong></span> <span class='ocrx_word' id='word_1_734' title='bbox 2960 3294 3005 3368; x_wconf 89' lang='grc' dir='ltr'><strong>(Ι</strong></span> <span class='ocrx_word' id='word_1_735' title='bbox 3052 3292 3212 3349; x_wconf 78' lang='lat' dir='ltr'><strong>Joan.</strong></span> <span class='ocrx_word' id='word_1_736' title='bbox 3243 3310 3273 3348; x_wconf 77' lang='grc' dir='ltr'><strong>ν</strong></span> <span class='ocrx_word' id='word_1_737' title='bbox 3299 3336 3314 3360; x_wconf 88' lang='grc'><em>,</em></span> <span class='ocrx_word' id='word_1_738' title='bbox 3344 3294 3476 3365; x_wconf 79' lang='lat' dir='ltr'><strong>t6);</strong></span> <span class='ocrx_word' id='word_1_739' title='bbox 3519 3310 3626 3351; x_wconf 91' lang='lat' dir='ltr'><strong>non</strong></span> <span class='ocrx_word' id='word_1_740' title='bbox 3652 3293 3784 3349; x_wconf 89' lang='lat' dir='ltr'><strong>enim</strong></span> <span class='ocrx_word' id='word_1_741' title='bbox 3808 3287 3864 3344; x_wconf 79' lang='lat' dir='ltr'><strong>ad</strong></span> 
     </span>
    </p>
   </div>
   <div class='ocr_carea' id='block_1_90' title="bbox 2294 3384 3862 3459">
    <p class='ocr_par' dir='ltr' id='par_1_90' title="bbox 2294 3384 3862 3459">
     <span class='ocr_line' id='line_1_90' title="bbox 2294 3384 3862 3459; baseline -0.004 -15"><span class='ocrx_word' id='word_1_742' title='bbox 2294 3389 2515 3459; x_wconf 82' lang='lat' dir='ltr'><strong>Moysen</strong></span> <span class='ocrx_word' id='word_1_743' title='bbox 2544 3397 2597 3443; x_wconf 88' lang='lat' dir='ltr'><strong>et</strong></span> <span class='ocrx_word' id='word_1_744' title='bbox 2626 3387 2954 3442; x_wconf 85' lang='lat' dir='ltr'><strong>Hieremiam</strong></span> <span class='ocrx_word' id='word_1_745' title='bbox 2988 3386 3332 3458; x_wconf 90' lang='lat' dir='ltr'><strong>loquebatur,</strong></span> <span class='ocrx_word' id='word_1_746' title='bbox 3364 3385 3459 3441; x_wconf 91' lang='lat' dir='ltr'><strong>sed</strong></span> <span class='ocrx_word' id='word_1_747' title='bbox 3493 3386 3561 3442; x_wconf 89' lang='lat' dir='ltr'><strong>ad</strong></span> <span class='ocrx_word' id='word_1_748' title='bbox 3596 3384 3862 3457; x_wconf 89' lang='lat' dir='ltr'><strong>populum.</strong></span> 
     </span>
    </p>
   </div>
   <div class='ocr_carea' id='block_1_91' title="bbox 2292 3475 3866 3550">
    <p class='ocr_par' dir='ltr' id='par_1_91' title="bbox 2292 3475 3866 3550">
     <span class='ocr_line' id='line_1_91' title="bbox 2292 3475 3866 3550; baseline -0.004 -17"><span class='ocrx_word' id='word_1_749' title='bbox 2292 3480 2381 3550; x_wconf 91' lang='lat' dir='ltr'><strong>qui</strong></span> <span class='ocrx_word' id='word_1_750' title='bbox 2407 3493 2630 3533; x_wconf 90' lang='lat' dir='ltr'><strong>suorum</strong></span> <span class='ocrx_word' id='word_1_751' title='bbox 2662 3487 3010 3548; x_wconf 88' lang='lat' dir='ltr'><strong>peccatorum</strong></span> <span class='ocrx_word' id='word_1_752' title='bbox 3042 3488 3064 3516; x_wconf 74' lang='grc' dir='ltr'><strong>ο</strong></span> <span class='ocrx_word' id='word_1_753' title='bbox 3097 3478 3268 3534; x_wconf 90' lang='lat' dir='ltr'><strong>alium</strong></span> <span class='ocrx_word' id='word_1_754' title='bbox 3295 3485 3640 3549; x_wconf 83' lang='lat' dir='ltr'><strong>precatorem</strong></span> <span class='ocrx_word' id='word_1_755' title='bbox 3671 3475 3866 3531; x_wconf 84' lang='lat' dir='ltr'><strong>deberet</strong></span> 
     </span>
    </p>
   </div>
   <div class='ocr_carea' id='block_1_92' title="bbox 2293 3566 3863 3644">
    <p class='ocr_par' dir='ltr' id='par_1_92' title="bbox 2293 3566 3863 3644">
     <span class='ocr_line' id='line_1_92' title="bbox 2293 3566 3863 3644; baseline -0.004 -18"><span class='ocrx_word' id='word_1_756' title='bbox 2293 3575 2554 3629; x_wconf 84' lang='lat' dir='ltr'><strong>adbibere</strong></span> <span class='ocrx_word' id='word_1_757' title='bbox 2588 3575 2717 3629; x_wconf 89' lang='lat' dir='ltr'><strong>:cui</strong></span> <span class='ocrx_word' id='word_1_758' title='bbox 2769 3577 2904 3629; x_wconf 85' lang='lat' dir='ltr'><strong>satis</strong></span> <span class='ocrx_word' id='word_1_759' title='bbox 2950 3582 3036 3629; x_wconf 92' lang='lat' dir='ltr'><strong>est</strong></span> <span class='ocrx_word' id='word_1_760' title='bbox 3077 3572 3123 3628; x_wconf 91' lang='lat' dir='ltr'><strong>si</strong></span> <span class='ocrx_word' id='word_1_761' title='bbox 3175 3587 3273 3644; x_wconf 91' lang='lat' dir='ltr'><strong>pro</strong></span> <span class='ocrx_word' id='word_1_762' title='bbox 3325 3572 3629 3628; x_wconf 88' lang='lat' dir='ltr'><strong>levioribus</strong></span> <span class='ocrx_word' id='word_1_763' title='bbox 3678 3566 3863 3625; x_wconf 86' lang='lat' dir='ltr'><strong>delictis</strong></span> 
     </span>
    </p>
   </div>
   <div class='ocr_carea' id='block_1_93' title="bbox 2296 3662 3866 3738">
    <p class='ocr_par' dir='ltr' id='par_1_93' title="bbox 2296 3662 3866 3738">
     <span class='ocr_line' id='line_1_93' title="bbox 2296 3662 3866 3738; baseline -0.004 -18"><span class='ocrx_word' id='word_1_764' title='bbox 2296 3666 2464 3722; x_wconf 90' lang='lat' dir='ltr'><strong>Deum</strong></span> <span class='ocrx_word' id='word_1_765' title='bbox 2498 3676 2769 3736; x_wconf 85' lang='lat' dir='ltr'><strong>precetur,</strong></span> <span class='ocrx_word' id='word_1_766' title='bbox 2802 3667 3112 3738; x_wconf 85' lang='lat' dir='ltr'><strong>graviorum</strong></span> <span class='ocrx_word' id='word_1_767' title='bbox 3143 3667 3357 3722; x_wconf 86' lang='lat' dir='ltr'><strong>veniam</strong></span> <span class='ocrx_word' id='word_1_768' title='bbox 3394 3662 3423 3702; x_wconf 74' lang='grc' dir='ltr'>ά</span> <span class='ocrx_word' id='word_1_769' title='bbox 3459 3666 3726 3735; x_wconf 78' lang='lat' dir='ltr'><strong>iustorum</strong></span> <span class='ocrx_word' id='word_1_770' title='bbox 3762 3673 3866 3717; x_wconf 83' lang='lat' dir='ltr'><strong>ora-</strong></span> 
     </span>
    </p>
   </div>
   <div class='ocr_carea' id='block_1_94' title="bbox 2295 3751 3863 3831">
    <p class='ocr_par' dir='ltr' id='par_1_94' title="bbox 2295 3751 3863 3831">
     <span class='ocr_line' id='line_1_94' title="bbox 2295 3751 3863 3831; baseline -0.006 -17"><span class='ocrx_word' id='word_1_771' title='bbox 2295 3760 2531 3814; x_wconf 76' lang='lat' dir='ltr'><strong>tionibus</strong></span> <span class='ocrx_word' id='word_1_772' title='bbox 2554 3758 2942 3815; x_wconf 82' lang='lat' dir='ltr'><strong>reservaudam</strong></span> <span class='ocrx_word' id='word_1_773' title='bbox 2965 3770 3136 3830; x_wconf 88' lang='lat' dir='ltr'><strong>putet.</strong></span> <span class='ocrx_word' id='word_1_774' title='bbox 3166 3760 3298 3816; x_wconf 84' lang='lat' dir='ltr'><strong>Nam</strong></span> <span class='ocrx_word' id='word_1_775' title='bbox 3326 3756 3429 3831; x_wconf 88' lang='lat' dir='ltr'><strong>(De</strong></span> <span class='ocrx_word' id='word_1_776' title='bbox 3457 3756 3651 3813; x_wconf 77' lang='lat' dir='ltr'><strong>Paruit.</strong></span> <span class='ocrx_word' id='word_1_777' title='bbox 3682 3755 3796 3809; x_wconf 90' lang='lat' dir='ltr'><strong>dist.</strong></span> <span class='ocrx_word' id='word_1_778' title='bbox 3819 3751 3863 3815; x_wconf 85' lang='lat' dir='ltr'><strong>l,</strong></span> 
     </span>
    </p>
   </div>
   <div class='ocr_carea' id='block_1_95' title="bbox 2293 3848 3865 3925">
    <p class='ocr_par' dir='ltr' id='par_1_95' title="bbox 2293 3848 3865 3925">
     <span class='ocr_line' id='line_1_95' title="bbox 2293 3848 3865 3925; baseline -0.004 -20"><span class='ocrx_word' id='word_1_779' title='bbox 2293 3868 2343 3908; x_wconf 92' lang='lat' dir='ltr'><strong>c.</strong></span> <span class='ocrx_word' id='word_1_780' title='bbox 2390 3851 2451 3907; x_wconf 91' lang='lat' dir='ltr'><strong>Si</strong></span> <span class='ocrx_word' id='word_1_781' title='bbox 2494 3853 2768 3919; x_wconf 87' lang='lat' dir='ltr'><strong>sacerdos,</strong></span> <span class='ocrx_word' id='word_1_782' title='bbox 2803 3851 2831 3923; x_wconf 60' lang='grc' dir='ltr'>ᾗ</span> <span class='ocrx_word' id='word_1_783' title='bbox 2866 3851 3007 3907; x_wconf 83' lang='lat' dir='ltr'><strong>Nam</strong></span> <span class='ocrx_word' id='word_1_784' title='bbox 3034 3853 3312 3925; x_wconf 88' lang='lat' dir='ltr'><strong>quomodo)</strong></span> <span class='ocrx_word' id='word_1_785' title='bbox 3355 3851 3632 3922; x_wconf 88' lang='lat' dir='ltr'><strong>quomodo</strong></span> <span class='ocrx_word' id='word_1_786' title='bbox 3659 3848 3865 3904; x_wconf 79' lang='lat' dir='ltr'><strong>Joannes</strong></span> 
     </span>
    </p>
   </div>
   <div class='ocr_carea' id='block_1_96' title="bbox 2293 3933 3862 4016">
    <p class='ocr_par' dir='ltr' id='par_1_96' title="bbox 2293 3933 3862 4016">
     <span class='ocr_line' id='line_1_96' title="bbox 2293 3933 3862 4016; baseline -0.003 -17"><span class='ocrx_word' id='word_1_787' title='bbox 2293 3944 2504 3999; x_wconf 81' lang='lat' dir='ltr'><strong>diceret</strong></span> <span class='ocrx_word' id='word_1_788' title='bbox 2527 3943 2689 4016; x_wconf 63' lang='grc' dir='ltr'><strong>ωδ</strong></span> <span class='ocrx_word' id='word_1_789' title='bbox 2715 3959 2819 4000; x_wconf 93' lang='lat' dir='ltr'><strong>non</strong></span> <span class='ocrx_word' id='word_1_790' title='bbox 2852 3944 3116 4000; x_wconf 87' lang='lat' dir='ltr'><strong>orandum</strong></span> <span class='ocrx_word' id='word_1_791' title='bbox 3149 3960 3247 4015; x_wconf 86' lang='lat' dir='ltr'><strong>pro</strong></span> <span class='ocrx_word' id='word_1_792' title='bbox 3270 3944 3471 4000; x_wconf 90' lang='lat' dir='ltr'><strong>delicto</strong></span> <span class='ocrx_word' id='word_1_793' title='bbox 3500 3942 3763 4015; x_wconf 85' lang='lat' dir='ltr'><strong>graviore.</strong></span> <span class='ocrx_word' id='word_1_794' title='bbox 3785 3933 3862 4006; x_wconf 83' lang='lat' dir='ltr'><strong>qui</strong></span> 
     </span>
    </p>
   </div>
   <div class='ocr_carea' id='block_1_97' title="bbox 2294 4031 3866 4109">
    <p class='ocr_par' dir='ltr' id='par_1_97' title="bbox 2294 4031 3866 4109">
     <span class='ocr_line' id='line_1_97' title="bbox 2294 4031 3866 4109; baseline -0.008 -17"><span class='ocrx_word' id='word_1_795' title='bbox 2294 4036 2519 4109; x_wconf 85' lang='lat' dir='ltr'><strong>legisset</strong></span> <span class='ocrx_word' id='word_1_796' title='bbox 2573 4039 2797 4109; x_wconf 78' lang='lat' dir='ltr'><strong>Moysen</strong></span> <span class='ocrx_word' id='word_1_797' title='bbox 2854 4053 3078 4108; x_wconf 85' lang='lat' dir='ltr'><strong>rogasse</strong></span> <span class='ocrx_word' id='word_1_798' title='bbox 3130 4046 3187 4093; x_wconf 93' lang='lat' dir='ltr'><strong>et</strong></span> <span class='ocrx_word' id='word_1_799' title='bbox 3235 4037 3596 4106; x_wconf 88' lang='lat' dir='ltr'><strong>impetrasse;</strong></span> <span class='ocrx_word' id='word_1_800' title='bbox 3640 4031 3726 4087; x_wconf 90' lang='lat' dir='ltr'><strong>ubi</strong></span> <span class='ocrx_word' id='word_1_801' title='bbox 3766 4033 3866 4084; x_wconf 85' lang='lat' dir='ltr'><strong>erat</strong></span> 
     </span>
    </p>
   </div>
   <div class='ocr_carea' id='block_1_98' title="bbox 2294 4120 3862 4200">
    <p class='ocr_par' dir='ltr' id='par_1_98' title="bbox 2294 4120 3862 4200">
     <span class='ocr_line' id='line_1_98' title="bbox 2294 4120 3862 4200; baseline -0.006 -18"><span class='ocrx_word' id='word_1_802' title='bbox 2294 4143 2471 4198; x_wconf 68' lang='lat' dir='ltr'><strong>praava</strong></span> <span class='ocrx_word' id='word_1_803' title='bbox 2483 4129 2673 4183; x_wconf 86' lang='lat' dir='ltr'><strong>ricatio</strong></span> <span class='ocrx_word' id='word_1_804' title='bbox 2699 4129 2997 4185; x_wconf 80' lang='lat' dir='ltr'><strong>voluntaria</strong></span> <span class='ocrx_word' id='word_1_805' title='bbox 3025 4146 3037 4182; x_wconf 88' lang='lat'><strong>:</strong></span> <span class='ocrx_word' id='word_1_806' title='bbox 3066 4128 3158 4200; x_wconf 91' lang='lat' dir='ltr'><strong>qui</strong></span> <span class='ocrx_word' id='word_1_807' title='bbox 3183 4126 3347 4183; x_wconf 86' lang='lat' dir='ltr'><strong>sciret</strong></span> <span class='ocrx_word' id='word_1_808' title='bbox 3370 4128 3536 4183; x_wconf 86' lang='lat' dir='ltr'><strong>etiam</strong></span> <span class='ocrx_word' id='word_1_809' title='bbox 3563 4120 3862 4181; x_wconf 80' lang='lat' dir='ltr'><strong>Hieremiam</strong></span> 
     </span>
    </p>
   </div>
   <div class='ocr_carea' id='block_1_99' title="bbox 2294 4220 3048 4294">
    <p class='ocr_par' dir='ltr' id='par_1_99' title="bbox 2294 4220 3048 4294">
     <span class='ocr_line' id='line_1_99' title="bbox 2294 4220 3048 4294; baseline -0.003 -17"><span class='ocrx_word' id='word_1_810' title='bbox 2294 4236 2519 4291; x_wconf 78' lang='lat' dir='ltr'><strong>rogasse</strong></span> <span class='ocrx_word' id='word_1_811' title='bbox 2548 4220 2761 4294; x_wconf 84' lang='lat' dir='ltr'><strong>(Jerem.</strong></span> <span class='ocrx_word' id='word_1_812' title='bbox 2792 4237 2905 4290; x_wconf 86' lang='lat' dir='ltr'><strong>xtv,</strong></span> <span class='ocrx_word' id='word_1_813' title='bbox 2934 4220 3048 4291; x_wconf 75' lang='grc'><strong>15).</strong></span> 
     </span>
    </p>
   </div>
   <div class='ocr_carea' id='block_1_100' title="bbox 2297 4417 3865 4497">
    <p class='ocr_par' dir='ltr' id='par_1_100' title="bbox 2297 4417 3865 4497">
     <span class='ocr_line' id='line_1_100' title="bbox 2297 4417 3865 4497; baseline -0.006 -15"><span class='ocrx_word' id='word_1_814' title='bbox 2297 4435 2629 4497; x_wconf 83' lang='lat' dir='ltr'><strong>praeceptum</strong></span> <span class='ocrx_word' id='word_1_815' title='bbox 2655 4426 2924 4482; x_wconf 88' lang='lat' dir='ltr'><strong>contineri</strong></span> <span class='ocrx_word' id='word_1_816' title='bbox 2956 4426 3173 4496; x_wconf 88' lang='lat' dir='ltr'><strong>plurimi</strong></span> <span class='ocrx_word' id='word_1_817' title='bbox 3207 4441 3330 4483; x_wconf 92' lang='lat' dir='ltr'><strong>cum</strong></span> <span class='ocrx_word' id='word_1_818' title='bbox 3362 4441 3427 4484; x_wconf 90' lang='lat' dir='ltr'><strong>ex</strong></span> <span class='ocrx_word' id='word_1_819' title='bbox 3457 4424 3692 4497; x_wconf 85' lang='lat' dir='ltr'><strong>antiquis</strong></span> <span class='ocrx_word' id='word_1_820' title='bbox 3716 4417 3865 4493; x_wconf 84' lang='lat' dir='ltr'><strong>patri-</strong></span> 
     </span>
    </p>
   </div>
   <div class='ocr_carea' id='block_1_101' title="bbox 2297 4495 3865 4569">
    <p class='ocr_par' dir='ltr' id='par_1_101' title="bbox 2297 4495 3865 4569">
     <span class='ocr_line' id='line_1_101' title="bbox 2297 4495 3865 4569; baseline -0.003 -19"><span class='ocrx_word' id='word_1_821' title='bbox 2297 4495 2397 4551; x_wconf 88' lang='lat' dir='ltr'><strong>bus</strong></span> <span class='ocrx_word' id='word_1_822' title='bbox 2437 4495 2547 4553; x_wconf 84' lang='lat' dir='ltr'><strong>tum</strong></span> <span class='ocrx_word' id='word_1_823' title='bbox 2574 4514 2605 4551; x_wconf 93' lang='lat' dir='ltr'><strong>e</strong></span> <span class='ocrx_word' id='word_1_824' title='bbox 2633 4499 3028 4554; x_wconf 90' lang='lat' dir='ltr'><strong>recentioribus</strong></span> <span class='ocrx_word' id='word_1_825' title='bbox 3060 4499 3330 4569; x_wconf 82' lang='lat' dir='ltr'><strong>theologis</strong></span> <span class='ocrx_word' id='word_1_826' title='bbox 3358 4498 3589 4569; x_wconf 79' lang='lat' dir='ltr'><strong>docent.</strong></span> <span class='ocrx_word' id='word_1_827' title='bbox 3607 4495 3865 4564; x_wconf 81' lang='lat' dir='ltr'><strong>Quaprop-</strong></span> 
     </span>
    </p>
   </div>
   <div class='ocr_carea' id='block_1_102' title="bbox 2295 4568 3866 4630">
    <p class='ocr_par' dir='ltr' id='par_1_102' title="bbox 2295 4568 3866 4630">
     <span class='ocr_line' id='line_1_102' title="bbox 2295 4568 3866 4630; baseline -0.004 -8"><span class='ocrx_word' id='word_1_828' title='bbox 2295 4575 2381 4623; x_wconf 91' lang='lat' dir='ltr'><strong>ter</strong></span> <span class='ocrx_word' id='word_1_829' title='bbox 2428 4584 2617 4625; x_wconf 87' lang='lat' dir='ltr'><strong>voeem</strong></span> <span class='ocrx_word' id='word_1_830' title='bbox 2672 4569 2980 4624; x_wconf 88' lang='lat' dir='ltr'><strong>alterutrum</strong></span> <span class='ocrx_word' id='word_1_831' title='bbox 3032 4568 3382 4625; x_wconf 83' lang='lat' dir='ltr'><strong>determinari</strong></span> <span class='ocrx_word' id='word_1_832' title='bbox 3439 4568 3742 4624; x_wconf 75' lang='lat' dir='ltr'><strong>existimant</strong></span> <span class='ocrx_word' id='word_1_833' title='bbox 3783 4574 3866 4630; x_wconf 89' lang='lat' dir='ltr'><strong>per</strong></span> 
     </span>
    </p>
   </div>
   <div class='ocr_carea' id='block_1_103' title="bbox 2294 4637 3862 4725">
    <p class='ocr_par' dir='ltr' id='par_1_103' title="bbox 2294 4637 3862 4725">
     <span class='ocr_line' id='line_1_103' title="bbox 2294 4637 3862 4725; baseline -0.006 -29"><span class='ocrx_word' id='word_1_834' title='bbox 2294 4654 2482 4725; x_wconf 69' lang='lat' dir='ltr'><strong>vocem</strong></span> <span class='ocrx_word' id='word_1_835' title='bbox 2504 4641 2640 4724; x_wconf 66' lang='lat' dir='ltr'><strong>justi</strong></span> <span class='ocrx_word' id='word_1_836' title='bbox 2659 4681 2673 4706; x_wconf 95' lang='lat'><strong>,</strong></span> <span class='ocrx_word' id='word_1_837' title='bbox 2705 4640 3054 4725; x_wconf 63' lang='lat' dir='ltr'><strong>sacerdotem</strong></span> <span class='ocrx_word' id='word_1_838' title='bbox 3077 4641 3143 4694; x_wconf 90' lang='lat' dir='ltr'><strong>ad</strong></span> <span class='ocrx_word' id='word_1_839' title='bbox 3174 4656 3337 4725; x_wconf 61' lang='lat' dir='ltr'><strong>quem</strong></span> <span class='ocrx_word' id='word_1_840' title='bbox 3365 4640 3537 4696; x_wconf 91' lang='lat' dir='ltr'><strong>solum</strong></span> <span class='ocrx_word' id='word_1_841' title='bbox 3563 4637 3862 4725; x_wconf 67' lang='lat' dir='ltr'><strong>delictorum</strong></span> 
     </span>
    </p>
   </div>
   <div class='ocr_carea' id='block_1_104' title="bbox 2216 4707 3866 4788">
    <p class='ocr_par' dir='ltr' id='par_1_104' title="bbox 2216 4707 3866 4788">
     <span class='ocr_line' id='line_1_104' title="bbox 2216 4707 3866 4788; baseline -0.006 -22"><span class='ocrx_word' id='word_1_842' title='bbox 2216 4728 2270 4788; x_wconf 77' lang='grc' dir='ltr'><strong>ι)</strong></span> <span class='ocrx_word' id='word_1_843' title='bbox 2295 4707 2569 4788; x_wconf 49' lang='lat' dir='ltr'><strong>absolutio</strong></span> <span class='ocrx_word' id='word_1_844' title='bbox 2603 4713 2855 4788; x_wconf 83' lang='lat' dir='ltr'><strong>pertinet,</strong></span> <span class='ocrx_word' id='word_1_845' title='bbox 2881 4707 3255 4788; x_wconf 73' lang='lat' dir='ltr'><strong>significantis.</strong></span> <span class='ocrx_word' id='word_1_846' title='bbox 3280 4711 3464 4788; x_wconf 81' lang='lat' dir='ltr'><strong>Neque</strong></span> <span class='ocrx_word' id='word_1_847' title='bbox 3483 4723 3608 4764; x_wconf 88' lang='lat' dir='ltr'><strong>vero</strong></span> <span class='ocrx_word' id='word_1_848' title='bbox 3637 4707 3685 4788; x_wconf 77' lang='lat' dir='ltr'><strong>id</strong></span> <span class='ocrx_word' id='word_1_849' title='bbox 3709 4717 3866 4788; x_wconf 72' lang='lat' dir='ltr'><strong>asen-</strong></span> 
     </span>
    </p>
   </div>
   <div class='ocr_carea' id='block_1_105' title="bbox 2296 4776 3862 4837">
    <p class='ocr_par' dir='ltr' id='par_1_105' title="bbox 2296 4776 3862 4837">
     <span class='ocr_line' id='line_1_105' title="bbox 2296 4776 3862 4837; baseline -0.006 -3"><span class='ocrx_word' id='word_1_850' title='bbox 2296 4782 2465 4835; x_wconf 82' lang='lat' dir='ltr'><strong>tenlia</strong></span> <span class='ocrx_word' id='word_1_851' title='bbox 2503 4776 2748 4836; x_wconf 34' lang='lat' dir='ltr'><strong>hoc-toris</strong></span> <span class='ocrx_word' id='word_1_852' title='bbox 2798 4776 2971 4837; x_wconf 70' lang='lat' dir='ltr'><strong>nostri</strong></span> <span class='ocrx_word' id='word_1_853' title='bbox 3012 4783 3079 4837; x_wconf 88' lang='lat' dir='ltr'><strong>de</strong></span> <span class='ocrx_word' id='word_1_854' title='bbox 3122 4776 3568 4837; x_wconf 77' lang='lat' dir='ltr'><strong>retuitteudorum</strong></span> <span class='ocrx_word' id='word_1_855' title='bbox 3600 4776 3862 4833; x_wconf 77' lang='lat' dir='ltr'><strong>criminum</strong></span> 
     </span>
    </p>
   </div>
   <div class='ocr_carea' id='block_1_106' title="bbox 2295 4844 3865 4922">
    <p class='ocr_par' dir='ltr' id='par_1_106' title="bbox 2295 4844 3865 4922">
     <span class='ocr_line' id='line_1_106' title="bbox 2295 4844 3865 4922; baseline -0.005 -18"><span class='ocrx_word' id='word_1_856' title='bbox 2295 4851 2619 4907; x_wconf 87' lang='lat' dir='ltr'><strong>sacerdotali</strong></span> <span class='ocrx_word' id='word_1_857' title='bbox 2665 4863 2934 4922; x_wconf 86' lang='lat' dir='ltr'><strong>potestate</strong></span> <span class='ocrx_word' id='word_1_858' title='bbox 2974 4853 3210 4908; x_wconf 91' lang='lat' dir='ltr'><strong>alienum</strong></span> <span class='ocrx_word' id='word_1_859' title='bbox 3259 4862 3345 4909; x_wconf 88' lang='lat' dir='ltr'><strong>est</strong></span> <span class='ocrx_word' id='word_1_860' title='bbox 3371 4871 3385 4907; x_wconf 89' lang='lat'>:</span> <span class='ocrx_word' id='word_1_861' title='bbox 3412 4853 3476 4907; x_wconf 89' lang='lat' dir='ltr'><strong>de</strong></span> <span class='ocrx_word' id='word_1_862' title='bbox 3515 4865 3619 4920; x_wconf 83' lang='lat' dir='ltr'><strong>qua</strong></span> <span class='ocrx_word' id='word_1_863' title='bbox 3661 4844 3865 4922; x_wconf 72' lang='lat' dir='ltr'><strong>consule</strong></span> 
     </span>
    </p>
   </div>
   <div class='ocr_carea' id='block_1_107' title="bbox 2294 4917 3863 4988">
    <p class='ocr_par' dir='ltr' id='par_1_107' title="bbox 2294 4917 3863 4988">
     <span class='ocr_line' id='line_1_107' title="bbox 2294 4917 3863 4988; baseline -0.003 -11"><span class='ocrx_word' id='word_1_864' title='bbox 2294 4922 2604 4978; x_wconf 89' lang='lat' dir='ltr'><strong>Comment.</strong></span> <span class='ocrx_word' id='word_1_865' title='bbox 2637 4917 2688 4978; x_wconf 82' lang='lat' dir='ltr'><strong>in</strong></span> <span class='ocrx_word' id='word_1_866' title='bbox 2720 4923 2863 4978; x_wconf 87' lang='lat' dir='ltr'><strong>Psal.</strong></span> <span class='ocrx_word' id='word_1_867' title='bbox 2907 4938 3105 4987; x_wconf 88' lang='lat' dir='ltr'><strong>cxvut,</strong></span> <span class='ocrx_word' id='word_1_868' title='bbox 3154 4939 3323 4980; x_wconf 90' lang='lat' dir='ltr'><strong>serm.</strong></span> <span class='ocrx_word' id='word_1_869' title='bbox 3371 4926 3466 4987; x_wconf 71' lang='lat'><strong>10,</strong></span> <span class='ocrx_word' id='word_1_870' title='bbox 3511 4917 3659 4988; x_wconf 79' lang='lat' dir='ltr'><strong>num.</strong></span> <span class='ocrx_word' id='word_1_871' title='bbox 3701 4917 3863 4988; x_wconf 55' lang='grc' dir='ltr'>ιλιι</span> 
     </span>
    </p>
   </div>
   <div class='ocr_carea' id='block_1_108' title="bbox 2298 4980 3860 5068">
    <p class='ocr_par' dir='ltr' id='par_1_108' title="bbox 2298 4980 3860 5068">
     <span class='ocr_line' id='line_1_108' title="bbox 2298 4980 3860 5068; baseline -0.012 -16"><span class='ocrx_word' id='word_1_872' title='bbox 2298 4993 2498 5068; x_wconf 70' lang='lat' dir='ltr'><strong>Expos.</strong></span> <span class='ocrx_word' id='word_1_873' title='bbox 2540 4994 2593 5048; x_wconf 89' lang='lat' dir='ltr'><strong>in</strong></span> <span class='ocrx_word' id='word_1_874' title='bbox 2631 4994 2831 5068; x_wconf 79' lang='lat' dir='ltr'><strong>Lucam</strong></span> <span class='ocrx_word' id='word_1_875' title='bbox 2872 4995 2967 5050; x_wconf 91' lang='lat' dir='ltr'><strong>lib.</strong></span> <span class='ocrx_word' id='word_1_876' title='bbox 3011 5011 3065 5068; x_wconf 86' lang='lat' dir='ltr'><strong>v,</strong></span> <span class='ocrx_word' id='word_1_877' title='bbox 3096 4980 3245 5068; x_wconf 76' lang='lat' dir='ltr'><strong>num.</strong></span> <span class='ocrx_word' id='word_1_878' title='bbox 3279 4996 3366 5050; x_wconf 79' lang='lat' dir='ltr'><strong>ll.</strong></span> <span class='ocrx_word' id='word_1_879' title='bbox 3399 4980 3860 5068; x_wconf 22' lang='lat' dir='ltr'><strong>Quod&#39;autemjatl</strong></span> 
     </span>
    </p>
   </div>
   <div class='ocr_carea' id='block_1_109' title="bbox 2296 5064 3862 5135">
    <p class='ocr_par' dir='ltr' id='par_1_109' title="bbox 2296 5064 3862 5135">
     <span class='ocr_line' id='line_1_109' title="bbox 2296 5064 3862 5135; baseline -0.004 -17"><span class='ocrx_word' id='word_1_880' title='bbox 2296 5064 2561 5119; x_wconf 90' lang='lat' dir='ltr'><strong>leviorum</strong></span> <span class='ocrx_word' id='word_1_881' title='bbox 2606 5066 2885 5135; x_wconf 89' lang='lat' dir='ltr'><strong>culparum</strong></span> <span class='ocrx_word' id='word_1_882' title='bbox 2912 5067 3307 5134; x_wconf 83' lang='lat' dir='ltr'><strong>expiationem,</strong></span> <span class='ocrx_word' id='word_1_883' title='bbox 3342 5075 3537 5135; x_wconf 67' lang='lat' dir='ltr'><strong>prarlet‘</strong></span> <span class='ocrx_word' id='word_1_884' title='bbox 3565 5076 3658 5117; x_wconf 89' lang='lat' dir='ltr'><strong>eas</strong></span> <span class='ocrx_word' id='word_1_885' title='bbox 3681 5064 3862 5135; x_wconf 69' lang='lat' dir='ltr'><strong>oratio-</strong></span> 
     </span>
    </p>
   </div>
   <div class='ocr_carea' id='block_1_110' title="bbox 2298 5125 3859 5205">
    <p class='ocr_par' dir='ltr' id='par_1_110' title="bbox 2298 5125 3859 5205">
     <span class='ocr_line' id='line_1_110' title="bbox 2298 5125 3859 5205; baseline -0.004 -18"><span class='ocrx_word' id='word_1_886' title='bbox 2298 5149 2396 5205; x_wconf 84' lang='lat' dir='ltr'><strong>nes</strong></span> <span class='ocrx_word' id='word_1_887' title='bbox 2425 5150 2560 5203; x_wconf 88' lang='lat' dir='ltr'><strong>quas</strong></span> <span class='ocrx_word' id='word_1_888' title='bbox 2587 5136 2677 5191; x_wconf 90' lang='lat' dir='ltr'><strong>alii</strong></span> <span class='ocrx_word' id='word_1_889' title='bbox 2700 5125 2808 5205; x_wconf 61' lang='lat' dir='ltr'><strong>&#39;pro</strong></span> <span class='ocrx_word' id='word_1_890' title='bbox 2836 5136 2958 5190; x_wconf 89' lang='lat' dir='ltr'><strong>aliis</strong></span> <span class='ocrx_word' id='word_1_891' title='bbox 2994 5125 3063 5191; x_wconf 52' lang='lat' dir='ltr'><strong>&#39;ex</strong></span> <span class='ocrx_word' id='word_1_892' title='bbox 3096 5125 3311 5191; x_wconf 90' lang='lat' dir='ltr'><strong>interno</strong></span> <span class='ocrx_word' id='word_1_893' title='bbox 3343 5125 3545 5191; x_wconf 61' lang='lat' dir='ltr'><strong>&#39;aﬂectn</strong></span> <span class='ocrx_word' id='word_1_894' title='bbox 3595 5125 3859 5205; x_wconf 45' lang='lat' dir='ltr'><strong>profunde.</strong></span> 
     </span>
    </p>
   </div>
   <div class='ocr_carea' id='block_1_111' title="bbox 2299 5202 3858 5275">
    <p class='ocr_par' dir='ltr' id='par_1_111' title="bbox 2299 5202 3858 5275">
     <span class='ocr_line' id='line_1_111' title="bbox 2299 5202 3858 5275; baseline -0.004 -18"><span class='ocrx_word' id='word_1_895' title='bbox 2299 5203 2447 5275; x_wconf 84' lang='lat' dir='ltr'><strong>bant,</strong></span> <span class='ocrx_word' id='word_1_896' title='bbox 2476 5207 2692 5261; x_wconf 87' lang='lat' dir='ltr'><strong>recitari</strong></span> <span class='ocrx_word' id='word_1_897' title='bbox 2713 5202 2882 5260; x_wconf 77' lang='lat' dir='ltr'><strong>etiam</strong></span> <span class='ocrx_word' id='word_1_898' title='bbox 2916 5216 3163 5275; x_wconf 83' lang='lat' dir='ltr'><strong>poterant</strong></span> <span class='ocrx_word' id='word_1_899' title='bbox 3206 5208 3396 5275; x_wconf 83' lang='lat' dir='ltr'><strong>psalmi</strong></span> <span class='ocrx_word' id='word_1_900' title='bbox 3440 5205 3664 5273; x_wconf 87' lang='lat' dir='ltr'><strong>aliquot,</strong></span> <span class='ocrx_word' id='word_1_901' title='bbox 3705 5202 3858 5275; x_wconf 61' lang='lat' dir='ltr'><strong>oratio</strong></span> 
     </span>
    </p>
   </div>
   <div class='ocr_carea' id='block_1_112' title="bbox 2297 5266 3857 5348">
    <p class='ocr_par' dir='ltr' id='par_1_112' title="bbox 2297 5266 3857 5348">
     <span class='ocr_line' id='line_1_112' title="bbox 2297 5266 3857 5348; baseline -0.002 -20"><span class='ocrx_word' id='word_1_902' title='bbox 2297 5266 2599 5348; x_wconf 84' lang='lat' dir='ltr'><strong>Dominica,</strong></span> <span class='ocrx_word' id='word_1_903' title='bbox 2623 5266 2952 5348; x_wconf 80' lang='lat' dir='ltr'><strong>symbolum,</strong></span> <span class='ocrx_word' id='word_1_904' title='bbox 2978 5286 3032 5332; x_wconf 92' lang='lat' dir='ltr'><strong>et</strong></span> <span class='ocrx_word' id='word_1_905' title='bbox 3060 5266 3295 5332; x_wconf 77' lang='lat' dir='ltr'><strong>maxime</strong></span> <span class='ocrx_word' id='word_1_906' title='bbox 3320 5266 3589 5348; x_wconf 81' lang='lat' dir='ltr'><strong>confessio</strong></span> <span class='ocrx_word' id='word_1_907' title='bbox 3612 5266 3857 5348; x_wconf 58' lang='grc' dir='ltr'><strong>κείρει-θῦε</strong></span> 
     </span>
    </p>
   </div>
   <div class='ocr_carea' id='block_1_113' title="bbox 2294 5342 3854 5419">
    <p class='ocr_par' dir='ltr' id='par_1_113' title="bbox 2294 5342 3854 5419">
     <span class='ocr_line' id='line_1_113' title="bbox 2294 5342 3854 5419; baseline -0.001 -22"><span class='ocrx_word' id='word_1_908' title='bbox 2294 5360 2417 5419; x_wconf 68' lang='lat' dir='ltr'><strong>qius</strong></span> <span class='ocrx_word' id='word_1_909' title='bbox 2464 5347 2619 5419; x_wconf 80' lang='lat' dir='ltr'><strong>initio</strong></span> <span class='ocrx_word' id='word_1_910' title='bbox 2654 5342 2838 5419; x_wconf 60' lang='lat' dir='ltr'><strong>&#39;sacrge</strong></span> <span class='ocrx_word' id='word_1_911' title='bbox 2882 5342 3112 5419; x_wconf 71' lang='lat' dir='ltr'><strong>liturgize</strong></span> <span class='ocrx_word' id='word_1_912' title='bbox 3159 5348 3272 5401; x_wconf 84' lang='lat' dir='ltr'><strong>fieri</strong></span> <span class='ocrx_word' id='word_1_913' title='bbox 3319 5342 3640 5419; x_wconf 68' lang='lat' dir='ltr'><strong>consuevit;</strong></span> <span class='ocrx_word' id='word_1_914' title='bbox 3671 5342 3735 5395; x_wconf 89' lang='lat' dir='ltr'><strong>de</strong></span> <span class='ocrx_word' id='word_1_915' title='bbox 3765 5348 3854 5419; x_wconf 61' lang='lat' dir='ltr'><strong>«lg-1</strong></span> 
     </span>
    </p>
   </div>
   <div class='ocr_carea' id='block_1_114' title="bbox 2296 5406 3852 5486">
    <p class='ocr_par' dir='ltr' id='par_1_114' title="bbox 2296 5406 3852 5486">
     <span class='ocr_line' id='line_1_114' title="bbox 2296 5406 3852 5486; baseline 0 -17"><span class='ocrx_word' id='word_1_916' title='bbox 2296 5406 2440 5469; x_wconf 81' lang='lat' dir='ltr'><strong>liuue</strong></span> <span class='ocrx_word' id='word_1_917' title='bbox 2467 5416 2643 5471; x_wconf 89' lang='lat' dir='ltr'><strong>locum</strong></span> <span class='ocrx_word' id='word_1_918' title='bbox 2678 5417 2918 5473; x_wconf 85' lang='lat' dir='ltr'><strong>Morinus</strong></span> <span class='ocrx_word' id='word_1_919' title='bbox 2946 5406 3372 5474; x_wconf 49' lang='lat' dir='ltr'><strong>devPaanitentia</strong></span> <span class='ocrx_word' id='word_1_920' title='bbox 3419 5418 3506 5471; x_wconf 87' lang='lat' dir='ltr'><strong>lib.</strong></span> <span class='ocrx_word' id='word_1_921' title='bbox 3541 5429 3596 5477; x_wconf 88' lang='lat' dir='ltr'><strong>v,</strong></span> <span class='ocrx_word' id='word_1_922' title='bbox 3627 5425 3742 5486; x_wconf 75' lang='lat' dir='ltr'><strong>cap.</strong></span> 
     </span>
    </p>
   </div>
   <div class='ocr_carea' id='block_1_115' title="bbox 2294 5477 3855 5557">
    <p class='ocr_par' dir='ltr' id='par_1_115' title="bbox 2294 5477 3855 5557">
     <span class='ocr_line' id='line_1_115' title="bbox 2294 5477 3855 5557; baseline -0.008 -17"><span class='ocrx_word' id='word_1_923' title='bbox 2294 5494 2493 5557; x_wconf 83' lang='lat' dir='ltr'><strong>censet</strong></span> <span class='ocrx_word' id='word_1_924' title='bbox 2526 5486 2960 5557; x_wconf 86' lang='lat' dir='ltr'><strong>intelligendum.</strong></span> <span class='ocrx_word' id='word_1_925' title='bbox 3008 5488 3115 5544; x_wconf 92' lang='lat' dir='ltr'><strong>Sed</strong></span> <span class='ocrx_word' id='word_1_926' title='bbox 3157 5503 3276 5544; x_wconf 90' lang='lat' dir='ltr'><strong>cum</strong></span> <span class='ocrx_word' id='word_1_927' title='bbox 3305 5498 3363 5542; x_wconf 92' lang='lat' dir='ltr'><strong>et</strong></span> <span class='ocrx_word' id='word_1_928' title='bbox 3391 5489 3440 5542; x_wconf 92' lang='lat' dir='ltr'><strong>in</strong></span> <span class='ocrx_word' id='word_1_929' title='bbox 3467 5487 3573 5540; x_wconf 86' lang='lat' dir='ltr'><strong>isto</strong></span> <span class='ocrx_word' id='word_1_930' title='bbox 3599 5477 3723 5557; x_wconf 69' lang='lat' dir='ltr'><strong>etin</strong></span> <span class='ocrx_word' id='word_1_931' title='bbox 3747 5477 3855 5557; x_wconf 70' lang='lat' dir='ltr'><strong>aliis</strong></span> 
     </span>
    </p>
   </div>
   <div class='ocr_carea' id='block_1_116' title="bbox 2296 5546 3854 5630">
    <p class='ocr_par' dir='ltr' id='par_1_116' title="bbox 2296 5546 3854 5630">
     <span class='ocr_line' id='line_1_116' title="bbox 2296 5546 3854 5630; baseline 0.013 -22"><span class='ocrx_word' id='word_1_932' title='bbox 2296 5555 2571 5630; x_wconf 78' lang='lat' dir='ltr'><strong>nonnullis</strong></span> <span class='ocrx_word' id='word_1_933' title='bbox 2600 5546 2738 5630; x_wconf 61' lang='lat' dir='ltr'><strong>quos</strong></span> <span class='ocrx_word' id='word_1_934' title='bbox 2767 5560 2958 5615; x_wconf 86' lang='lat' dir='ltr'><strong>eodem</strong></span> <span class='ocrx_word' id='word_1_935' title='bbox 3005 5559 3166 5614; x_wconf 84' lang='lat' dir='ltr'><strong>modo</strong></span> <span class='ocrx_word' id='word_1_936' title='bbox 3184 5557 3536 5630; x_wconf 73' lang='lat' dir='ltr'><strong>accipiendos</strong></span> <span class='ocrx_word' id='word_1_937' title='bbox 3565 5546 3854 5630; x_wconf 54' lang='grc' dir='ltr'><strong>ιτεάἑὲνὲξυῖ</strong></span> 
     </span>
    </p>
   </div>
   <div class='ocr_carea' id='block_1_117' title="bbox 2295 5620 3852 5698">
    <p class='ocr_par' dir='ltr' id='par_1_117' title="bbox 2295 5620 3852 5698">
     <span class='ocr_line' id='line_1_117' title="bbox 2295 5620 3852 5698; baseline -0.006 -18"><span class='ocrx_word' id='word_1_938' title='bbox 2295 5626 2532 5698; x_wconf 86' lang='lat' dir='ltr'><strong>jusmodi</strong></span> <span class='ocrx_word' id='word_1_939' title='bbox 2570 5620 2935 5686; x_wconf 76' lang='lat' dir='ltr'><strong>confessionis</strong></span> <span class='ocrx_word' id='word_1_940' title='bbox 2982 5630 3123 5686; x_wconf 87' lang='lat' dir='ltr'><strong>nulla</strong></span> <span class='ocrx_word' id='word_1_941' title='bbox 3171 5627 3533 5698; x_wconf 85' lang='lat' dir='ltr'><strong>fiat__mentio,</strong></span> <span class='ocrx_word' id='word_1_942' title='bbox 3565 5620 3852 5698; x_wconf 76' lang='lat' dir='ltr'><strong>credibilius</strong></span> 
     </span>
    </p>
   </div>
   <div class='ocr_carea' id='block_1_118' title="bbox 2295 5695 3852 5827">
    <p class='ocr_par' dir='ltr' id='par_1_118' title="bbox 2295 5695 3852 5827">
     <span class='ocr_line' id='line_1_118' title="bbox 2295 5695 3852 5827; baseline 0.001 -74"><span class='ocrx_word' id='word_1_943' title='bbox 2431 5696 2500 5756; x_wconf 89' lang='lat' dir='ltr'><strong>de</strong></span> <span class='ocrx_word' id='word_1_944' title='bbox 2526 5699 2662 5780; x_wconf 72' lang='lat' dir='ltr'><strong>solis</strong></span> <span class='ocrx_word' id='word_1_945' title='bbox 2694 5698 2938 5757; x_wconf 80' lang='lat' dir='ltr'><strong>fidelium</strong></span> <span class='ocrx_word' id='word_1_946' title='bbox 2970 5716 3068 5770; x_wconf 88' lang='lat' dir='ltr'><strong>pro</strong></span> <span class='ocrx_word' id='word_1_947' title='bbox 3091 5714 3151 5754; x_wconf 88' lang='lat' dir='ltr'><strong>se</strong></span> <span class='ocrx_word' id='word_1_948' title='bbox 3179 5695 3412 5754; x_wconf 69' lang='lat' dir='ltr'><strong>vulsum</strong></span> <span class='ocrx_word' id='word_1_949' title='bbox 3440 5695 3705 5753; x_wconf 78' lang='lat' dir='ltr'><strong>orantium</strong></span> <span class='ocrx_word' id='word_1_950' title='bbox 3745 5697 3852 5755; x_wconf 69' lang='grc' dir='ltr'>ιπεο</span> 
     </span>
     <span class='ocr_line' id='line_1_119' title="bbox 2295 5784 2577 5827; baseline 0.011 -6"><span class='ocrx_word' id='word_1_951' title='bbox 2295 5784 2340 5821; x_wconf 76' lang='grc' dir='ltr'>ει</span> <span class='ocrx_word' id='word_1_952' title='bbox 2385 5784 2448 5823; x_wconf 84' lang='lat' dir='ltr'><strong>us</strong></span> <span class='ocrx_word' id='word_1_953' title='bbox 2475 5785 2577 5827; x_wconf 78' lang='lat' dir='ltr'><strong>tun.</strong></span> 
     </span>
    </p>
   </div>
   <div class='ocr_carea' id='block_1_119' title="bbox 2294 5784 2577 5838">
    <p class='ocr_par' dir='ltr' id='par_1_119' title="bbox 2294 5784 2577 5838">
     <span class='ocr_line' id='line_1_120' title="bbox 2294 5784 2577 5838; baseline 0.011 -17"><span class='ocrx_word' id='word_1_954' title='bbox 2294 5784 2448 5827; x_wconf 75' lang='lat' dir='ltr'><strong>ciuus</strong></span> <span class='ocrx_word' id='word_1_955' title='bbox 2475 5785 2577 5838; x_wconf 73' lang='lat' dir='ltr'><strong>agt.</strong></span> 
     </span>
    </p>
   </div>
  </div>
