3946 6180
104 248 168 303 l8!
1192 241 1281 298 DE
1322 240 1593 300 ΡαΞΝιΤΕ

1696 245 1769 302 ΙΑ
1812 246 1940 302 LIB.
1983 245 2024 301 Ι.
3042 270 3055 287 ι
3175 243 3282 301 439.

147 359 209 414 lli.
236 356 470 426 Quomodo
503 355 740 412 Joannes
776 353 983 412 diceret
1019 370 1129 411 non
1169 355 1432 411 orandum
1485 372 1581 426 pro
1607 362 1657 422 Α
1686 370 1809 430 post
1835 361 2042 430 lapsum
2073 399 2087 423 ,
2131 367 2184 412 et
2217 370 2316 427 pro
2343 358 2561 413 nomine
2588 356 2682 412 Dei
2710 370 2903 427 passos
2932 373 2946 411 :
2999 374 3128 415 nnm
3158 375 3285 431 pos-

100 451 386 521 poccatoquod
405 460 548 507 esset
567 448 636 505 ad
657 456 902 514 mortem,
927 449 1022 518 qui
1045 449 1235 519 ipsein
1258 450 1582 520 Apocalypsi
1683 469 1873 508 smnus
1945 454 2031 509 bis
2083 462 2379 523 martyrum
2444 450 2719 507 consortia
2788 466 2985 522 negare
3012 493 3029 516 ,
3088 454 3286 522 quibus

34 542 43 619 π
99 545 248 614 scripsit
267 544 540 600 mandatum
572 542 780 614 Angelo
803 542 1063 598 Ecclesia:
1089 542 1336 614 Pergami
1386 542 1580 615 (Apoc.
1686 546 1945 601 Dominus
1970 545 2131 602 Jesus
2170 561 2278 601 non
2312 543 2575 615 negavit?
2604 542 3081 616 Αιιιιιειιιιιεῄοί⁵
3118 544 3284 615 igitur

34 646 37 765 ι
98 653 144 703 ιι,
166 636 451 710 I2)?llabes
482 637 593 693 illic
619 646 863 692 tenentes
888 635 1190 691 doctrinam
1217 636 1456 700 Balaam,
1488 637 1580 706 qui
1683 637 1872 694 dicere
1892 652 1997 692 non
2027 651 2150 693 esse
2178 635 2267 691 his
2294 636 2459 691 vitam
2487 634 2779 703 redditam,
2802 636 3003 706 quibus
3029 634 3282 692 Christus

98 730 251 765 ,Ιινιιιιαι
272 730 431 765 ΩιιΙςιιιι
451 730 668 765 ιιηῖΙΙΔνΔ
692 728 1004 765 annual-aliam
1031 743 1215 765 nni-(am
1246 729 1368 765 ﬁliic
1390 728 1556 765 larga]
1683 746 1942 765 amt-mm...
1975 730 2205 765 ιωιὶιὶίίιίι
2231 729 2254 765 9
2282 729 2430 765 Qinm
2460 743 2593 765 omn
2619 737 2736 765 nml
2768 728 2976 765 laneum
3008 729 3282 765 ιιΙηι-ἰαηιιρ

97 730 254 786 docebat
270 730 432 786 Balaac
451 730 669 786 mittere
692 728 1004 785 scandalum
1031 743 1215 785 coram
1245 729 1370 784 ﬁliis
1388 728 1579 796 Israel,
1683 746 1944 787 coronam
1975 729 2254 786 reddidit?
2282 729 2435 785 Sicut
2460 743 2593 800 ergo
2619 737 2743 799 post
2768 728 2976 799 lapsum
3008 729 3282 799 plerisque

96 822 333 879 manducare
363 823 628 879 immolata
663 863 679 887 ,
709 831 765 878 et
803 821 1061 877 fornicari
1088 837 1105 888 ;
1137 822 1209 877 ita
1240 831 1296 877 et
1328 830 1384 875 tu
1412 819 1582 876 babes
1682 821 1730 876 si
1762 819 2034 891 patiantur
2058 864 2072 887 ,
2122 836 2324 877 corona
2372 820 2659 887 redditur;
2715 820 2788 876 ita
2833 824 2879 878 si
2923 822 3149 879 credant
3177 864 3192 889 ,
3224 832 3282 878 et

94 929 264 975 tenentes
277 918 550 974 doctrinam
572 916 981 981 Nicolaitarum,
1007 915 1260 971 similiter
1282 930 1382 985 age
1409 915 1573 985 pmni-
1683 912 1818 969 ﬁdes
1846 914 2116 969 redditur.
2144 914 2277 983 Quae
2303 912 2438 969 ﬁdes
2468 913 2560 968 Dei
2584 912 2783 968 donum
2810 922 2926 980 est;
2947 915 3090 970 sicut
3113 913 3282 971 habes

90 1011 274 1068 tentiam:
299 1020 536 1066 caeterum
564 1009 726 1064 venio
756 1008 850 1063 tibi
895 1009 1027 1063 cito.
1062 1006 1227 1062 Vides
1251 1006 1397 1078 quod
1438 1006 1582 1062 Deus
1679 1006 1941 1075 scriptum
1976 1024 1989 1059 :
2017 1006 2155 1071 Quia
2180 1023 2212 1059 a
2230 1003 2340 1060 Deo
2381 1004 2523 1060 vobis
2552 1005 2730 1060 datum
2756 1017 2830 1062 est
2851 1049 2867 1074 ,
2899 1024 3001 1063 non
3030 1009 3199 1064 solum
3226 1020 3281 1065 ιιι

88 1106 145 1171 qui
165 1106 476 1174 penitentiam
499 1103 691 1175 exigit,
715 1102 929 1158 veniam
952 1101 1308 1171 polliceatur!
1339 1099 1582 1169 Denique
1681 1100 1907 1152 credatis
1956 1098 2008 1153 in
2056 1116 2202 1164 ειιιιι,
2256 1098 2348 1161 sed
2400 1099 2556 1154 etiam
2607 1108 2663 1153 ut
2718 1117 2814 1172 pro
2865 1102 2960 1157 illo
3008 1104 3282 1175 patiamini

83 1207 117 1251 et
145 1198 197 1252 ibi
226 1197 367 1253 dicit:
416 1197 517 1262 Qui
544 1196 692 1250 habet
729 1211 880 1250 aures
910 1236 925 1260 ,
962 1194 1140 1248 audiat
1185 1192 1310 1263 quid
1350 1190 1584 1262 Spiritus
1680 1189 1701 1262 (
1731 1189 1933 1263 Philip.
1977 1209 2033 1259 ι,
2060 1193 2132 1249 29
2155 1192 2197 1264 ).
2227 1192 2497 1264 Numquid
2529 1194 2574 1250 is
2599 1194 2693 1259 qui
2722 1195 2816 1252 Dei
2848 1196 3047 1253 donum
3089 1196 3278 1268 habet,

82 1291 176 1344 dicat
194 1289 442 1346 Ecclesiis:
481 1289 719 1345 Vincenti
747 1289 880 1343 dabo
914 1287 1229 1342 manducare
1254 1301 1443 1339 manna
1462 1284 1582 1339 abs-
1682 1293 1859 1354 potest
1889 1300 1996 1340 non
2028 1284 2230 1343 habere
2256 1287 2690 1359 indulgentiam?

75 1384 475 1458 ωιιιὲιιιιιιμροο.
511 1400 588 1450 ιι,
618 1383 717 1455 7).
1754 1376 1842 1434 50.
1892 1378 2009 1434 Non
2043 1395 2150 1435 una
2194 1391 2380 1437 autem
2408 1422 2423 1446 ,
2470 1384 2565 1437 sed
2612 1381 2808 1453 duplex
2837 1384 3009 1455 gratia
3056 1394 3184 1452 est,
3224 1394 3284 1442 ut

122 1479 188 1531 l‘l.
228 1477 390 1534 Nonne
423 1477 539 1548 ipse
585 1476 825 1533 Joannes
868 1482 1196 1544 cognoverat
1244 1469 1581 1541 Stephanum
1681 1472 1858 1526 omnis
1898 1472 1991 1543 qui
2037 1473 2252 1539 credit,
2302 1482 2360 1529 et
2407 1472 2640 1544 patiatur
2687 1490 2788 1545 pro
2836 1476 3071 1533 Domino
3127 1477 3278 1534 Jesu.

68 1584 138 1638 pro
160 1569 551 1639 persecutoribus
597 1570 710 1623 suis
734 1607 754 1636 ,
800 1568 891 1638 qui
916 1565 1115 1621 Christi
1149 1579 1347 1620 nomen
1393 1561 1582 1617 audire
1683 1560 1857 1617 liabet
1888 1564 2051 1634 igitur
2091 1565 2182 1635 qui
2208 1564 2384 1620 credit
2422 1579 2574 1621 suam
2601 1567 2835 1637 gratiam
2867 1586 2881 1623 :
2910 1568 3075 1626 habet
3098 1581 3280 1626 autem

69 1678 145 1717 non
167 1674 412 1734 poterant,
453 1662 810 1731 deprecatum
835 1677 851 1725 ;
890 1675 1015 1715 cum
1046 1658 1116 1714 de
1144 1658 1278 1727 ipsis
1306 1672 1336 1711 a
1384 1655 1581 1728 quibus
1681 1653 1909 1710 alteram
1938 1696 1953 1721 ,
1993 1656 2040 1710 si
2068 1656 2201 1713 lides
2230 1657 2348 1727 ejus
2389 1658 2730 1728 passiouibus
2754 1672 3072 1717 coronetur.
3098 1662 3283 1735 Neque

62 1754 326 1824 lapidabatur
369 1756 614 1811 diceret:
666 1753 887 1808 Domine
909 1793 925 1817 ,
977 1768 1041 1805 ne
1085 1760 1284 1804 statuas
1330 1748 1437 1803 illis
1486 1747 1583 1801 Itoe
1612 1745 1662 1806 B
1685 1748 1828 1803 enim
1863 1748 2177 1819 priusquam
2209 1760 2487 1820 pateretur
2516 1750 2715 1807 Petrus
2740 1794 2757 1819 ,
2789 1754 2908 1810 sine
2934 1754 3105 1825 gratia
3145 1755 3279 1812 luit:

62 1862 264 1915 peccatum
285 1852 413 1923 (Act.
442 1865 539 1914 vn,
568 1848 701 1917 59)?
728 1856 755 1885 ι
782 1846 947 1915 Cujus
970 1843 1306 1916 precationis
1330 1841 1581 1898 eﬂ'cctum
1686 1841 1781 1897 sed
1813 1841 1905 1897 ubi
1952 1858 2141 1913 passus
2181 1853 2267 1899 est
2291 1885 2307 1911 ,
2338 1843 2627 1915 acquisivit
2654 1847 2906 1902 alteram.
2942 1846 3011 1902 Et
3040 1847 3286 1921 plerique

55 1942 93 1996 in
114 1942 342 2014 Apostolo
370 1942 654 2008 videmus;
696 1942 899 1998 Paulus
923 1940 1068 1995 enim
1105 1940 1198 2010 qui
1224 1935 1582 2008 lapidantium
1685 1937 1777 2005 qui
1802 1949 1908 1989 non
1940 1934 2245 1989 habuerunt
2267 1937 2518 2006 gratiam,
2549 1946 2608 1991 ut
2633 1953 2731 2008 pro
2758 1936 2888 1995 Jesu
2921 1947 3242 2010 paterentur
3267 1959 3282 2009 ;

56 2033 329 2103 Stephanum
392 2037 715 2092 vestimenta
772 2033 1027 2090 servabat
1063 2032 1083 2102 (
1113 2032 1226 2085 Act.
1291 2047 1341 2084 ix
1370 2071 1387 2097 ,
1430 2029 1498 2084 15
1523 2029 1540 2098 )
1566 2069 1583 2095 ,
1688 2027 1992 2083 habuerunt
2019 2037 2199 2083 tamen
2227 2030 2495 2099 gratiam,
2529 2041 2584 2085 ιιι
2612 2031 2665 2085 ἰιι
2690 2030 2875 2088 Jesutn
2902 2033 3208 2090 crederent.

49 2144 127 2183 non
167 2132 318 2189 multo
368 2140 551 2203 postea
596 2145 695 2201 per
743 2129 973 2198 gratiam
1027 2126 1233 2182 Christi
1275 2125 1452 2182 lactus
1501 2134 1587 2179 est
1761 2122 1852 2177 5t.
1888 2122 2013 2178 Ideo
2059 2122 2305 2178 dicitur:
2362 2122 2433 2178 Ut
2478 2126 2646 2179 omnis
2690 2128 2780 2192 qui
2831 2128 2994 2183 credit
3022 2129 3078 2185 in
3128 2147 3285 2199 eum,

48 2223 275 2290 apostolus
304 2265 320 2289 ,
344 2224 432 2295 qui
481 2221 661 2278 luerat
684 2229 815 2276 ante
861 2226 1203 2290 persecutor.
1691 2232 1794 2270 non
1825 2224 1999 2285 pereat
2046 2213 2251 2286 (Joan.
2302 2232 2370 2270 xx
2398 2257 2414 2284 ,
2459 2217 2523 2271 Si
2554 2216 2596 2288 ).
2652 2215 2833 2275 Omnis
2858 2262 2874 2285 ,
2936 2223 3148 2292 inquit,
3185 2221 3290 2279 hoc

593 2355 822 2413 CAPUT
882 2354 979 2411 XI.

1696 2317 1775 2364 est
1800 2348 1816 2374 ,
1845 2324 1910 2362 cx
1950 2321 2291 2378 quocumque
2327 2316 2470 2362 statu
2496 2349 2512 2375 ,
2542 2324 2607 2365 ex
2648 2325 2989 2383 quocumque
3017 2313 3171 2386 lapsu
3197 2356 3214 2383 ,
3243 2315 3291 2371 si

1691 2399 1921 2466 credat,
1979 2401 2159 2465 perire
2198 2415 2306 2455 non
2357 2402 2562 2456 timeat.
2621 2401 2812 2458 Potest
2859 2406 3006 2461 enim
3071 2406 3193 2462 ﬁeri
3234 2415 3294 2464 ut

1693 2492 1927 2562 aliquem
1968 2492 2037 2547 de
2089 2492 2428 2550 llierusalem
2477 2494 2905 2553 descendentem
2954 2498 3005 2553 in
3040 2497 3297 2556 lliericho

1696 2582 1871 2654 (Luc.
1926 2600 1957 2639 x
1984 2624 2000 2650 ,
2054 2585 2125 2642 53
2147 2587 2165 2654 )
2191 2627 2205 2650 ,
2255 2585 2358 2641 hoc
2386 2596 2470 2642 est
2499 2586 2568 2643 de
2598 2588 2841 2660 martyrii
2879 2590 3180 2647 certamine
3208 2608 3297 2649 re-

1696 2676 1905 2747 lapsum
1954 2677 2008 2732 in
2043 2678 2204 2734 istius
2234 2679 2358 2733 vitm
2388 2680 2740 2751 cupiditatem
2788 2690 2807 2730 ί
2859 2685 3295 2758 smeularemque

1696 2771 1949 2842 gratiam,
1980 2771 2320 2828 vulneratum
2352 2788 2383 2827 a
2405 2773 2725 2840 latronibus,
2761 2775 2862 2832 hoc
2888 2788 2966 2834 est
2989 2821 3004 2847 ,
3038 2794 3071 2835 a
3116 2795 3299 2851 perse-

1698 2863 1979 2920 cutoribus
2012 2907 2026 2931 ,
2086 2874 2139 2921 et
2192 2865 2512 2923 semivivum
2563 2868 2882 2927 derelictum
2944 2874 3300 2948 Evangelicus

1700 2954 1791 3010 ille
1844 2956 2214 3012 Samaritanus
2258 2957 2545 3025 inveniat,
2601 2962 2691 3031 qui
2752 2971 3058 3021 nostrarum
3110 2976 3300 3025 custos

1702 3049 2007 3106 animarum
2037 3061 2119 3107 est
2147 3050 2554 3125 (Samaritanus
2580 3055 2727 3110 enim
2756 3067 2942 3113 custos
2969 3057 3218 3131 dicitur),
3245 3074 3303 3118 et

1624 3132 1671 3196 C
1702 3159 1811 3199 non
1845 3156 2131 3214 praetereat
2160 3162 2282 3203 eum
2308 3189 2323 3213 ,
2356 3146 2452 3203 sed
2482 3157 2636 3205 curet
2663 3160 2717 3206 et
2746 3161 2919 3207 sanet.

60 3234 144 3290 48,
172 3234 354 3309 [Alias
374 3250 495 3305 cap.
523 3231 622 3305 Χ]
646 3232 792 3304 Ergo
812 3233 937 3303 quia
956 3231 1025 3288 de
1052 3230 1281 3288 Joannis
1310 3227 1598 3301 bgenerali
1772 3236 1863 3298 52,
1894 3236 2150 3294 Fortasse
2179 3238 2301 3295 ideo
2343 3254 2450 3296 non
2481 3242 2720 3311 praeterit
2746 3258 2868 3299 eum
2895 3286 2912 3312 ,
2944 3248 3068 3316 quia
3096 3246 3303 3319 aliquid

33 3328 210 3384 tistola
270 3345 463 3385 sermo
513 3336 637 3395 est,
693 3328 864 3396 ipsius
915 3327 1142 3383 Joannis
1194 3327 1248 3381 in
1306 3325 1600 3396 Evangelio
1703 3329 1755 3385 in
1780 3345 1846 3386 eo
1877 3328 2036 3386 vitale
2063 3332 2510 3402 agnoscit;unde
2535 3334 2580 3390 is
2605 3336 2778 3406 possit
2806 3337 2969 3395 vitam
2999 3355 3301 3401 resumere,

40 3423 184 3493 ripta
215 3423 629 3492 interrogemus
654 3463 670 3488 ,
700 3431 878 3475 utrum
911 3436 1033 3476 cum
1066 3430 1245 3476 vestra
1274 3420 1602 3489 interpreta-
1704 3421 1893 3478 Nonne
1941 3423 2097 3479 vobis
2129 3424 2345 3480 videtur
2379 3424 2471 3481 ille
2496 3425 2589 3497 qui
2631 3428 2817 3499 lapsus
2857 3439 2981 3497 est,
3010 3434 3305 3492 semivivus

33 3531 116 3571 ine
157 3514 530 3572 conveniant.
574 3512 780 3568 Scribit
818 3515 962 3567 enim
1012 3511 1215 3567 dixisse
1264 3511 1554 3566 Dominum
1585 3526 1599 3563 :
1704 3530 1850 3580 esse,
1873 3515 1920 3570 si
1950 3517 2112 3572 vitale
2142 3516 2347 3587 aliquid
2380 3521 2406 3559 ε
2433 3519 2569 3576 ﬁdes
2591 3522 2949 3592 spirethatn
2973 3525 3063 3596 qui
3091 3527 3307 3597 penitus

34 3608 109 3661 tia
152 3609 239 3662 sic
267 3609 461 3663 dilexit
495 3606 636 3664 Deus
664 3612 802 3664 (tunc
830 3609 1107 3674 mundum,
1138 3620 1194 3663 ιιι
1224 3608 1422 3663 Filium
1453 3624 1604 3662 suum
1707 3606 1877 3663 Deum
1927 3623 1992 3663 ex
2024 3624 2123 3663 suo
2154 3610 2322 3665 corde
2369 3610 2555 3681 abiicit
2580 3653 2596 3678 ,
2644 3613 2737 3669 ille
2789 3625 3036 3671 mortuus
3064 3630 3166 3674 est.
3203 3620 3309 3686 Qui

33 3703 315 3771 igenitum
360 3701 511 3755 daret
535 3718 555 3768 ;
581 3710 638 3755 ιιι
662 3702 829 3756 omnis
872 3701 959 3771 qui
981 3699 1147 3755 credit
1188 3700 1243 3754 in
1285 3716 1403 3753 eum
1430 3741 1445 3767 ,
1501 3715 1605 3753 non
1708 3716 1840 3771 ergo
1871 3716 1979 3756 non
2022 3702 2240 3771 penitus
2267 3702 2474 3773 abiicit,
2501 3704 2595 3759 sed
2630 3719 2729 3775 per
2751 3706 3165 3778 impressionem
3198 3718 3310 3767 tor-

33 3803 165 3863 reat,
194 3795 303 3851 sed
337 3793 523 3849 habeat
546 3795 709 3849 vitam
744 3805 991 3850 aeternam
1014 3792 1214 3865 (Joan.
1263 3810 1363 3861 ιιι,
1396 3790 1521 3864 16).
1549 3791 1607 3848 Si
1711 3801 2020 3849 mentorum
2052 3794 2118 3848 ad
2159 3804 2375 3865 tempus
2423 3800 2678 3866 negavit,
2722 3799 3021 3857 semivivus
3049 3811 3151 3857 est.
3200 3806 3312 3863 Aut

33 3905 120 3943 em
177 3903 342 3960 ergo
370 3888 581 3959 lapsum
614 3902 875 3943 revocare
904 3887 1092 3958 cupias
1118 3904 1133 3953 ;
1190 3899 1213 3926 ο
1273 3897 1331 3941 ιιι
1374 3886 1562 3942 credat
1589 3927 1605 3951 ,
1712 3885 1759 3943 si
1788 3894 2033 3941 mortuus
2059 3895 2164 3952 est,
2188 3901 2287 3942 cur
2314 3887 2363 3943 ei
2395 3887 2598 3955 dicitis,
2621 3888 2885 3960 agendam
2911 3893 3308 3968 ptenitentiam,

74 3991 138 4037 ut
167 3997 298 4037 non
350 3980 546 4037 credat
570 4022 586 4045 ,
637 3980 915 4036 hortaris?
944 3979 1146 4051 Utique
1177 3988 1235 4035 ut
1261 3978 1468 4035 credat.
1502 3978 1610 4034 Sed
1714 3981 1803 4053 qui
1826 3980 1938 4052 jam
1961 3979 2143 4035 curari
2170 3995 2279 4036 non
2305 3983 2518 4051 potest?
2542 3980 2600 4038 Si
2630 3982 2925 4039 semivivus
2949 3995 3055 4055 est,
3085 3988 3313 4047 infunde

33 4076 37 4128 ι
89 4074 304 4132 credit
331 4074 492 4145 juxta
538 4072 757 4130 Domini
797 4074 1158 4140 sententiam,
1194 4071 1415 4127 habebit
1446 4072 1610 4126 vitam
1715 4074 1895 4130 oleum
1928 4080 1985 4128 et
2013 4072 2217 4137 vinum,
2254 4088 2362 4129 non
2392 4074 2576 4130 vinum
2608 4077 2728 4132 sine
2756 4078 2901 4147 oleo,
2932 4081 3142 4139 scilicet
3168 4086 3313 4156 quod

33 4183 268 4223 :rnam.
306 4164 608 4235 Quomodo
639 4180 769 4236 ergo
796 4170 824 4210 ἀ
850 4163 1168 4235 prohibebis
1205 4177 1366 4218 orare
1393 4177 1491 4233 pro
1522 4176 1608 4229 eo,
1717 4175 1774 4223 et
1823 4168 1999 4222 foveat
2047 4174 2103 4222 et
2128 4167 2457 4223 remordeat.
2516 4168 2671 4227 Tolle
2722 4186 2845 4227 eum
2903 4173 2956 4230 in
3006 4175 3314 4246 jumentum

77 4272 335 4317 materna
379 4260 496 4314 vita
545 4257 827 4315 debetur?
862 4272 989 4313 cum
1048 4256 1248 4311 divinae
1299 4255 1381 4309 sit.
1422 4254 1615 4326 gratiae
1672 4248 1679 4254 ’
1721 4268 1869 4315 tuum
1900 4300 1916 4326 ,
1971 4257 2121 4314 trade
2164 4258 2461 4316 stabulario
2487 4301 2503 4328 ,
2552 4262 2661 4318 duo
2711 4279 2818 4319 mra
2864 4266 2932 4323 ad
2973 4268 3091 4339 ejus
3128 4286 3313 4329 curam

34 4372 113 4419 es,
137 4356 321 4411 sicut
336 4352 645 4425 Apostolus
662 4352 715 4407 in
738 4352 1097 4407 divisionibus
1116 4348 1410 4422 gratiarum
1432 4349 1618 4415 docet,
1720 4350 1975 4419 impende
2004 4392 2019 4415 ,
2076 4360 2195 4407 esto
2238 4351 2290 4408 ei
2349 4353 2629 4423 proximus
2662 4353 2841 4428 (Ibid.
2870 4400 2888 4426 ,
2932 4338 3095 4417 xxxiv
3119 4402 3135 4429 ,
3179 4338 3249 4420 δὲ
3276 4364 3316 4436 ).

33 4463 67 4502 a
102 4448 221 4503 alii
259 4446 443 4501 datur
472 4445 527 4500 in
559 4444 752 4501 eodem
790 4444 1002 4515 Spiritu
1034 4443 1171 4498 ﬁdes
1200 4442 1377 4513 (lCor.
1421 4458 1514 4509 xu,
1534 4443 1617 4511 9);
1722 4443 2010 4499 Proximus
2045 4454 2226 4501 autem
2257 4459 2380 4502 esse
2418 4462 2524 4503 non
2572 4458 2728 4520 potes
2755 4491 2772 4519 ,
2816 4452 2922 4508 nisi
2953 4453 3118 4512 facias
3160 4460 3322 4515 mise-

37 4538 354 4610 discipuli
416 4536 657 4592 Domino
703 4534 930 4591 dicant:
1005 4535 1224 4607 Adauge
1278 4534 1423 4590 nobis
1467 4525 1703 4615 ﬁdenti)
1729 4536 2063 4603 ricordiam;
2111 4552 2273 4593 nemo
2313 4540 2458 4595 enim
2490 4550 2674 4611 potest
2718 4543 2825 4600 dici
2857 4548 3174 4616 proximus.
3218 4550 3321 4608 nisi
3362 4566 3369 4571 ‘

34 4652 119 4689 ιε.
162 4648 333 4698 xvst,
368 4633 404 4689 5
431 4632 474 4703 ).
503 4631 607 4700 Qui
649 4645 780 4702 ergo
803 4629 967 4686 ﬁdem
1000 4629 1199 4694 habet,
1230 4628 1396 4685 habet
1422 4627 1617 4683 vitam:
1723 4627 1812 4698 qui
1843 4629 2154 4695 curaverit,
2187 4644 2297 4684 non
2324 4631 2607 4688 occiderit.
2641 4633 2703 4691 Si
2740 4646 2919 4692 autem
2951 4638 3034 4694 vis
3062 4639 3167 4696 dici
3200 4657 3328 4713 pro-

52 4731 273 4783 vitam
313 4725 533 4792 habet,
565 4738 675 4780 non
707 4731 791 4781 est
828 4724 1016 4795 utique
1053 4721 1306 4779 exclusus
1355 4736 1384 4775 a
1437 4720 1618 4776 venia.
1724 4720 1904 4776 ximus
1929 4761 1944 4786 ,
1978 4721 2109 4777 dicit
2157 4722 2253 4778 tibi
2284 4723 2534 4781 Christus
2569 4743 2583 4779 :
2622 4725 2789 4798 Vade,
2821 4738 2867 4785 et
2897 4740 2952 4786 tu
2979 4736 3066 4804 fac
3089 4734 3324 4792 similiter

33 4824 135 4879 rei;
160 4864 187 4890 ,
231 4820 445 4892 inquit
477 4861 494 4885 ,
537 4819 628 4888 qui
674 4818 839 4874 credit
865 4818 918 4873 in
948 4833 1102 4885 eum,
1129 4834 1233 4872 non
1264 4825 1458 4887 pereat.
1486 4815 1620 4872 Cum
1723 4813 1744 4884 (
1770 4812 1936 4882 lbid.,
1964 4815 2034 4872 37
2062 4816 2105 4886 ).

34 4917 121 4970 iis
170 4912 428 4968 dicitur
456 4953 476 4980 ,
517 4910 702 4968 nullus
728 4910 1039 4967 excluditur
1064 4951 1080 4977 ,
1112 4909 1293 4965 nullus
1312 4908 1619 4979 excipitur;
2331 4907 2561 4967 CAPUT
2598 4911 2718 4969 XII.

40 2446 255 2517 Superior
294 2449 515 2505 Joannis
553 2448 810 2504 sententia
858 2447 1158 2501 illustratur
1204 2447 1309 2499 alio
1357 2442 1590 2517 ejusdem

84 2543 354 2599 testimonio
375 2585 391 2607 ,
424 2558 529 2614 qua
555 2539 882 2596 credentibus
908 2540 962 2593 in
1000 2539 1262 2593 Christum
1287 2537 1433 2593 salus
1464 2552 1588 2606 pro-

83 2633 299 2687 mittitur.
358 2631 506 2688 Unde
552 2641 846 2702 arguuntur
876 2628 1164 2683 Novatiani
1192 2638 1249 2682 ut
1293 2627 1384 2699 qui
1428 2626 1591 2695 lapsis

75 2727 214 2793 ﬁdem
264 2727 554 2792 suadeant,
606 2723 793 2796 quibus
850 2734 1037 2795 negent
1091 2722 1315 2778 veniam.
1371 2719 1596 2774 Additur

73 2819 248 2875 mrtuos
286 2829 576 2891 martyrum
625 2827 742 2887 post
791 2817 998 2887 lapsum
1058 2815 1319 2886 duplicent
1374 2814 1595 2885 gratiam

68 2920 358 2966 consecutos
386 2926 539 2975 esse;
573 2926 665 2963 nec
714 2924 816 2963 non
846 2908 940 2979 'pii
984 2906 1309 2961 Samaritani
1360 2906 1596 2972 exemplo

67 3002 356 3058 declaratur
407 3019 493 3057 eos
537 3003 593 3056 in
633 3002 817 3072 quibus
866 3000 946 3055 vel
986 3000 1292 3054 tenuissima
1323 2996 1454 3067 ﬁdes
1490 2996 1599 3066 spi-

59 3107 134 3151 ret
158 3139 173 3163 ,
204 3115 316 3153 non
343 3095 675 3153 deserendas.

71 5007 289 5065 enim
353 5003 575 5075 excipit
621 5018 747 5060 eum
793 5005 887 5073 qui
939 5003 1124 5075 lapsus
1171 5011 1297 5067 est,
1346 5003 1391 5057 si
1443 5009 1624 5057 tamen
1736 5001 1887 5057 Locis
1921 5017 1986 5056 ea:
2029 4999 2255 5056 Joannis
2294 5000 2578 5075 Evangelia
2597 5008 2712 5076 jam
2740 5008 2910 5066 citatis
2937 5012 3072 5070 alius
3099 5016 3332 5075 indidem

35 5118 125 5158 ea
171 5101 369 5157 bene
396 5095 620 5154 credat.
1808 5095 2132 5168 adjungitur.
2191 5093 2329 5150 Tum
2391 5098 2765 5156 servandorum
2816 5102 2915 5160 Dei
2967 5111 3331 5171 mandatorum

33 5197 76 5251 >.
160 5191 508 5249 Plurimos
528 5188 900 5261 comperimus
931 5200 955 5228 ο
996 5203 1058 5246 se
1096 5187 1281 5246 denuo
1309 5187 1634 5245 relormasse
1810 5188 2163 5242 necessitatem
2191 5186 2553 5260 objicientibtts
2593 5192 2747 5262 facile
2773 5197 3110 5267 respondetur
3148 5220 3252 5261 non
3285 5205 3334 5264 ei

33 5314 217 5369 uss.
260 5308 543 5382 aliquot,
567 5308 716 5379 cujus
738 5306 1021 5381 precatoris
1054 5304 1335 5373 enectum;
1364 5303 1584 5377 quidam
1612 5346 1628 5371 ,
1815 5300 2002 5382 f'I’res
2023 5316 2155 5357 mss.
2185 5318 2241 5357 se
2276 5319 2506 5382 armasse
2527 5322 2716 5382 ;_unus
2741 5352 2757 5375 ,
2785 5328 2840 5367 se
2861 5328 3147 5375 renovasse.

33 5396 241 5442 eum,
381 5371 402 5382 ’
526 5371 539 5377 ’
623 5371 643 5379 ⁷
739 5371 751 5381 ’
906 5448 919 5450 ᾼ
1160 5447 1187 5450 η
1238 5449 1246 5450 7
1380 5371 1399 5377 ’
1456 5446 1468 5450 _
1815 5371 1836 5410 ί
1866 5373 2101 5450 Quidam
2126 5387 2294 5443 mss.,
2323 5371 2564 5450 εφαιιίαῆ
2593 5371 2781 5450 gratia.

33 5451 441 5526 Generalis
466 5451 668 5526 dicitur
694 5450 866 5521 prima
894 5448 1128 5526 Joannis
1151 5447 1350 5520 Epist.,
1379 5446 1503 5526 quia
1523 5460 1629 5526 non
1743 5513 1765 5526 _
1814 5453 1843 5526 ε
1870 5443 2238 5526 Ms_s._aliquot
2262 5487 2278 5513 ,
2309 5443 2623 5526 ﬁdesperet'.
2664 5452 2838 5526 M_inus
2875 5462 3181 5520 commode.
3222 5467 3333 5526 Sed

34 5513 251 5586 alas-ﬁ
289 5523 491 5598 alicui
537 5513 810 5598 personae,
840 5530 902 5577 ut
926 5521 1166 5578 secunda
1195 5513 1250 5577 et
1291 5513 1449 5575 tertia
1474 5560 1489 5581 ,
1535 5515 1632 5573 sed
1737 5513 1990 5598 ςειιιιιεεὶε
2015 5513 2653 5598 Ιθεόιιάιιιῃᾼβάρὶεὶνει.
2686 5523 2886 5598 Eadem
2913 5513 3335 5598 autem—filia;

33 5584 313 5660 έίιηυι
346 5584 631 5668 Ecclesia:
657 5584 982 5668 destinatur.
1121 5664 1131 5668 _
1186 5664 1201 5668 4
1259 5661 1304 5668 __
1334 5662 1348 5668 _
1564 5666 1571 5668 Α
1738 5584 2044 5668 Cyprianus
2064 5584 2253 5668 _epist._
2277 5584 2369 5655 52,
2403 5589 2471 5668 de
2502 5584 2576 5645 'iis
2614 5594 2704 5663 qui
2735 5594 2897 5654 ﬁdem
2940 5584 3093 5660 intus

33 5657 251 5734 ιε--
297 5667 575 5739 aliquot,
616 5674 675 5719 ιιι
697 5664 901 5739 credat,
934 5664 1205 5720 hortaris?
1257 5661 1481 5731 Utique,
1523 5666 1632 5713 etc.
1742 5668 1933 5739 vantes
1958 5699 1973 5721 ,
2001 5657 2185 5739 _idol.is
2215 5658 2340 5714 thus
2379 5657 2874 5739 obtormentorum
2918 5657 3331 5739 metumve-bttu-

33 5726 427 5801 .ion'nulli'
450 5726 614 5803 mss.,
649 5736 927 5807 prohiberis
954 5752 1120 5792 orare.
1362 5726 1372 5731 ⁷
1742 5726 1966 5793 lisscut,
2000 5729 2276 5799 loquitur,
2329 5746 2431 5802 qua
2462 5732 2564 5790 hoc
2594 5734 2648 5791 in
2692 5740 2868 5809 capite
