3946 6180
632 267 739 329 L33

1948 252 2191 312 SANCTI

2344 247 2555 308 BBOSII
2764 290 2769 295 η
3246 254 3251 259 ’
3781 246 3862 303 iél

702 384 915 454 soliqai
941 396 1140 451 semper
1173 420 1188 445 ,
1216 375 1306 432 sed
1355 377 1513 431 etiam
1553 375 1599 429 ei
1628 374 1718 446 qui
1758 382 1873 445 post
1901 370 2224 440 lapsumitla
2251 368 2306 430 Α
2332 365 2543 422 Domini
2589 363 2881 427 mandata,
2940 362 3055 433 ipse
3092 356 3147 416 te
3193 360 3422 426 doceat,
3456 360 3543 431 qui
3590 360 3733 416 etiam
3776 379 3861 417 non

700 472 1008 535 seruaverit,
1039 471 1192 524 vitam
1217 468 1471 539 promitti.
1500 465 1652 531 Quod
1677 465 1761 519 ubi
1784 480 1851 518 ea:
1878 462 2073 517 Doride
2088 477 2226 515 eom-

703 565 973 631 probatum
998 572 1074 617 est
1100 603 1114 628 ,
1141 561 1420 632 quamdam
1463 569 1627 614 tattten
1654 573 1763 613 esse
1788 558 1920 611 inter
1959 565 2231 623 utrumque

700 653 1046 722 diiere‘ntiam
1074 653 1391 709 declaratur.

700 792 999 866 55.?[Alias
1048 809 1166 862 cap.
1197 788 1336 863 XL]
1368 778 1526 844 Aliud
1560 788 1740 843 simile
1786 776 2224 842 consideremus:

629 886 732 953 Qui
759 885 918 940 credit
948 886 1000 938 in
1032 882 1253 946 Filium,
1281 884 1429 937 liabet
1456 884 1611 936 vitam
1639 891 1919 936 wternam:
1941 877 2030 947 qui
2060 885 2229 929 autent

628 989 653 1016 ⁸
684 996 785 1033 non
811 977 976 1032 credit
1003 972 1148 1029 Filio
1176 1017 1190 1040 ,
1232 992 1335 1029 non
1362 974 1551 1028 videbit
1575 974 1732 1027 vitam
1758 1013 1771 1036 ,
1802 969 1893 1025 sed
1938 968 2017 1022 ira
2066 965 2228 1040 505

626 1071 727 1126 Dei
764 1080 933 1125 manet
960 1085 1111 1142 super
1139 1085 1255 1123 eum
1285 1072 1303 1139 (
1330 1054 1490 1121 .ioan.
1523 1082 1580 1121 ιιι
1611 1107 1626 1133 ,
1664 1064 1728 1120 16
1754 1064 1796 1137 ).
1848 1048 2003 1131 Quod
2049 1070 2231 1115 manet

625 1166 812 1236 utique
836 1163 946 1233 jam
979 1162 1144 1229 coepit
1168 1202 1182 1226 .
1212 1169 1269 1215 et
1294 1176 1363 1214 cx
1388 1159 1590 1215 delicto
1621 1158 1806 1228 aliquo
1852 1155 2052 1226 carpit;
2104 1153 2230 1224 quia

626 1268 752 1313 ante
782 1273 892 1311 non
922 1255 1171 1313 credidit.
1206 1253 1305 1311 Ubi
1337 1270 1469 1325 ergo
1490 1256 1611 1323 quis
1642 1253 1849 1320 credit,
1885 1253 1964 1308 ira
1991 1249 2090 1305 Dei
2117 1249 2231 1303 dis-

626 1351 806 1417 cedit,
841 1355 949 1405 vita
977 1359 1159 1406 autem
1182 1347 1393 1404 accedit
1420 1348 1440 1420 (
1466 1346 1601 1401 Ibid.
1626 1388 1640 1412 ,
1670 1347 1741 1402 56
1764 1345 1806 1418 ).
1836 1343 2076 1400 Credere
2100 1356 2230 1412 ergo

628 1444 680 1498 in
726 1442 1004 1498 Christum
1032 1484 1046 1508 ,
1095 1441 1303 1497 lucrum
1334 1439 1461 1495 vita:
1490 1449 1611 1507 est;
1644 1439 1735 1509 qui
1784 1438 1929 1493 enim
1971 1432 2144 1491 credit
2176 1434 2227 1488 iu

628 1552 751 1591 euut
783 1578 798 1603 ,
832 1552 939 1590 non
976 1516 1271 1605 judicatur.

698 1628 790 1684 5d.
823 1626 929 1685 Sed
958 1627 1199 1682 referunt
1230 1620 1329 1681 hoc
1368 1624 1486 1679 loco
1510 1623 1765 1696 quoniam
1798 1623 1843 1679 is
1873 1610 2151 1693 quicredit
2175 1619 2230 1675 in

628 1720 927 1786 Christum,
961 1717 1238 1774 custodire
1253 1716 1450 1773 debeat
1468 1731 1779 1772 sermonem
1802 1715 1916 1785 ejus
1938 1739 1951 1787 ;
1986 1714 2062 1768 sic
2083 1713 2227 1766 enim

626 1816 777 1869 aiunt
821 1812 1082 1884 scriptum
1114 1854 1129 1880 ,
1163 1810 1381 1868 dicente
1422 1810 1653 1866 Domino
1682 1827 1695 1863 :
1730 1809 1841 1882 Ego
1869 1808 1961 1863 lux
2006 1807 2059 1860 in
2095 1806 2232 1859 hunc

626 1906 881 1965 ntnndunt
911 1909 1025 1963 veni
1050 1951 1064 1975 ,
1099 1923 1153 1974 ut
1184 1907 1349 1962 omnis
1377 1908 1467 1971 qui
1497 1906 1657 1959 credit
1687 1905 1739 1959 in
1785 1920 1895 1970 me,
1926 1907 1979 1957 in
2010 1902 2230 1957 tenebris

628 2017 732 2056 non
762 1996 1003 2055 maneat:
1032 2012 1078 2056 et
1107 2001 1151 2055 si
1186 2000 1299 2069 quis
1347 1998 1568 2052 audierit
1608 2013 1893 2052 sermonem
1926 2012 2133 2073 metuit,
2185 1996 2229 2047 et

629 2093 931 2150 custodierit
975 2110 1113 2159 eum,
1158 2109 1251 2166 ego
1301 2109 1404 2147 non
1421 2091 1606 2164 judico
1634 2107 1754 2144 eum
1776 2084 1957 2166 (Joan.
1991 2104 2088 2154 ιιι,
2116 2085 2186 2143 46
2210 2130 2224 2153 ,

631 2184 749 2265 47).
783 2180 881 2265 Ille
911 2201 1018 2240 non
1044 2164 1291 2254 judicet,
1339 2192 1393 2240 el.
1422 2172 1478 2265 tu
1520 2182 1765 2254 judicas?
1805 2164 1900 2236 Ille
1942 2179 2114 2236 dicit:
2162 2178 2230 2234 Ut

631 2262 720 2347 qui
750 2260 914 2333 credit
961 2278 1015 2332 in
1051 2295 1131 2332 me
1159 2322 1173 2346 ,
1217 2274 1271 2332 in
1305 2260 1522 2333 tenebris
1562 2293 1663 2331 non
1692 2267 1920 2342 maneat,
1975 2266 2076 2329 hoc
2105 2280 2190 2328 est
2214 2315 2230 2340 ,

628 2382 685 2430 et
730 2372 777 2429 si
810 2373 971 2428 fuerit
996 2372 1049 2427 in
1089 2360 1328 2429 tenebris
1355 2414 1369 2438 ,
1404 2366 1510 2428 non
1544 2380 1860 2443 permaneat
1887 2370 1941 2426 in
1974 2369 2052 2424 cis
2083 2410 2098 2436 ,
2146 2384 2234 2422 er-

626 2482 807 2521 rorem
829 2465 1083 2522 emendet
1100 2508 1114 2533 ,
1143 2464 1355 2536 culpam
1379 2465 1615 2534 corrigat
1641 2505 1655 2529 ,
1679 2462 1951 2518 custodiat
1981 2460 2231 2515 mandata

632 2576 748 2615 mea
781 2577 797 2623 ;
840 2558 949 2612 dixi
980 2557 1125 2613 enitn
1152 2570 1171 2613 ‘:
1222 2556 1362 2611 Nolo
1389 2567 1603 2610 mortem
1627 2555 1922 2625 'peccutoris
1947 2595 1962 2620 ,
1989 2553 2081 2629 sed
2120 2568 2236 2605 cor-

630 2646 905 2705 rectionem
935 2644 1166 2721 (Ezech.
1214 2662 1405 2712 xxxut,
1438 2632 1497 2700 II
1523 2645 1564 2716 ).
1588 2644 1707 2699 Dixi
1738 2660 1939 2713 supra:
1973 2638 2235 2706 Quoniam

632 2743 721 2810 qui
744 2742 798 2794 in
820 2742 899 2794 me
928 2739 1111 2805 credit,
1146 2736 1559 2804 noujudicalur;
1586 2745 1639 2788 et
1666 2735 1770 2790 hoc
1791 2733 2038 2788 custodio
2064 2748 2076 2785 :
2111 2730 2236 2785 Non

632 2832 770 2886 enim
814 2830 967 2897 teni,
1018 2840 1075 2883 ut
1119 2828 1350 2897 judicent
1416 2824 1702 2893 nitendum,
1769 2825 1858 2879 sed
1911 2835 1964 2878 ιιι
2009 2824 2236 2879 salvetur

632 2926 855 2979 mundus
885 2941 974 2995 per
997 2939 1076 2977 me
1104 2919 1295 2995 (Joan.
1327 2937 1405 2976 ιιι.
1439 2919 1567 2994 I7
1601 2920 1857 2976 Libenter
1887 2918 2109 2991 ignosco
2132 2916 2236 2990 (De

636 3012 851 3082 Paenit.,
882 3018 1003 3071 dist.
1036 3017 1087 3081 I,
1117 3032 1234 3086 cap.
1268 3013 1579 3085 Libenter),
1632 3025 1880 3085 prompte
1935 3011 2188 3082 indulgeo
2216 3026 2230 3063 :

2331 456 2765 515 custodientibns
2795 456 3046 511 mandata
3081 464 3177 509 sua
3229 456 3441 509 veniam
3475 469 3573 508 non
3609 455 3861 526 denegavit,

2331 552 2473 606 sicut
2515 544 2683 605 babes
2731 548 2787 603 in
2852 549 3043 618 psalmi
3093 560 3368 618 corpore:
3403 547 3465 603 Si
3499 548 3713 619 jastitias
3756 564 3867 602 meas

2333 641 2720 714 ῥτοῖαιιαιιεήιιι
2749 683 2765 708 ,
2821 651 2871 695 et
2920 642 3167 695 inundata
3228 649 3342 703 mea
3396 655 3498 695 non
3547 641 3870 705 custodierint;

2332 736 2547 789 uisitabo
2572 736 2626 788 in
2649 732 2798 806 ιιι-θα
2823 734 3120 797 iniquitates
3143 740 3339 812 eorum,
3357 733 3480 787 etin
3496 726 3699 806 ﬂageliis
3717 732 3871 787 delicta

2331 840 2508 882 eorum
2538 843 2558 881 :
2586 825 2995 881 inisericordiant
3019 837 3194 880 autem
3216 842 3379 880 meant
3406 838 3507 879 non
3535 824 3797 896 disperdam
3823 825 3873 878 ab

2332 923 2405 975 eis
2435 921 2607 993 (Psat.
2633 902 2902 987 anxvtn,
2922 921 3015 987 52,
3043 920 3157 991 33).
3183 920 3446 976 Omnibus
3478 920 3628 991 igitur
3650 919 3873 991 promittit

2334 1012 2787 1070 misericordiam.

2404 1102 2495 1162 88.
2548 1103 2656 1162 Sed
2701 1119 2769 1161 ue
2807 1105 2929 1162 sine
2947 1105 3153 1177 judicio
3181 1104 3320 1159 hanc
3347 1114 3469 1158 esse
3501 1099 3875 1157 misericordiam

2334 1200 2538 1268 putetis
2562 1234 2580 1265 ,
2610 1202 2696 1253 est
2738 1198 2997 1254 discretio
3047 1199 3188 1253 inter
3213 1210 3308 1253 eos
3329 1192 3424 1264 qui
3442 1203 3734 1266 perpetuam
3753 1194 3879 1248 dctu-

2336 1291 2505 1347 lerint
2527 1291 2897 1348 obedientiam
2926 1291 3194 1348 mandatis
3219 1286 3553 1356 cheStibus‘,
3578 1299 3630 1344 et
3652 1290 3778 1344 inter
3800 1302 3877 1341 eos

2333 1387 2426 1455 qtti
2457 1385 2747 1457 aliquando
2779 1386 2863 1440 vel
2892 1401 3079 1441 errore
3103 1427 3119 1451 ,
3152 1384 3239 1439 Vel
3271 1384 3592 1439 necessitate
3628 1382 3746 1452 lapsi
3774 1379 3880 1434 sint.

2335 1477 2405 1532 Et
2462 1492 2531 1532 ne
2600 1490 2791 1533 nostro
2839 1478 3211 1534 circumscribi
3266 1489 3320 1532 te
3360 1486 3668 1547 argumento
3722 1480 3877 1543 putes.

2334 1567 2360 1607 ἀ
2378 1569 2584 1625 Christi
2610 1570 2870 1639 judicium
2890 1571 3078 1641 accipe
3103 1569 3338 1636 ;eteuim
3362 1568 3440 1623 ait
3462 1568 3553 1623 :Si
3577 1567 3729 1620 sciens
3742 1576 3884 1618 servus

2335 1662 2651 1717 voluntatem
2678 1660 2876 1717 domini
2905 1664 2983 1717 sui
3024 1678 3127 1717 non
3155 1663 3300 1733 fecit,
3328 1660 3591 1731 vapulabit
3617 1657 3811 1712 multis:
3850 1654 3884 1706 si

2262 1748 2310 1823 Β
2336 1763 2510 1813 autem
2537 1756 2745 1811 nescivit
2771 1799 2786 1823 ,
2812 1756 2979 1830 ιω
3004 1756 3265 1827 vapulabit
3290 1758 3472 1829 paucis
3499 1753 3663 1828 (Luc.
3683 1766 3754 1807 xtt
3772 1791 3786 1819 ,
3810 1750 3884 1813 Π,

2336 1854 2412 1908 48
2439 1853 2480 1922 ).
2519 1850 2759 1922 Uterque
2786 1854 2951 1923 igitur
3004 1853 3050 1907 si
3082 1850 3270 1908 credat
3301 1892 3316 1919 ,
3350 1848 3628 1921 'retnpit’ur,
3679 1846 3787 1917 quia
3814 1857 3884 1897 ca-

2335 1940 2493 2018 stigat
2537 1956 2741 2000 omnem
2796 1945 2966 2014 ﬁlium
2989 1943 3157 2010 Dens,
3208 1940 3356 2016 quem
3378 1943 3567 2013 recipit
3592 1942 3610 2011 (
3635 1935 3783 1994 Hebr.
3810 1949 3887 1997 xu,

2334 2035 2409 2109 6)
2437 2054 2448 2088 :
2479 2034 2534 2092 et
2556 2048 2717 2106 quem
2745 2037 2974 2109 castigat
2997 2078 3013 2103 ,
3042 2040 3201 2093 morti
3222 2038 3408 2107 utique
3436 2050 3545 2091 non
3570 2032 3753 2096 tradit;
3785 2029 3888 2098 quia

2335 2132 2596 2201 scriptum
2634 2141 2755 2187 est:
2784 2128 3058 2205 Castigans
3102 2131 3368 2202 castith
3402 2144 3486 2185 me
3538 2126 3804 2188 Dominus,
3851 2129 3889 2173 οι

2337 2222 2490 2277 ntorti
2521 2239 2623 2276 non
2662 2224 2877 2278 tradidit
2918 2234 2999 2278 me
3020 2222 3042 2296 (
3067 2222 3217 2277 Psal.
3247 2236 3421 2289 cxvtt,
3458 2218 3583 2293 I8).

2927 2336 3156 2393 CAPUT
3193 2334 3330 2392 XIII.

2340 2426 2441 2494 Qui
2480 2436 2761 2497 peccatum
2807 2428 2872 2485 ad
2904 2438 3135 2485 mortem
3165 2430 3380 2500 fecerint
3410 2469 3429 2496 ,
3456 2443 3560 2484 non
3586 2420 3891 2483 deserendas,

2408 2526 2499 2580 sed
2532 2527 2843 2596 ptenitentite
2866 2527 3212 2595 subjiciendos
3237 2543 3301 2585 ea:
3325 2525 3503 2582 Paulo
3527 2524 3745 2579 docetur.
3782 2512 3894 2585 Quid

2410 2620 2479 2674 sit
2524 2621 2659 2676 tradi
2687 2620 2901 2677 Satantt:
2931 2623 2984 2678 in
3016 2622 3297 2676 interitum
3326 2622 3511 2676 carnis
3542 2660 3557 2684 ,
3589 2629 3633 2672 et
3660 2628 3796 2686 quam
3820 2607 3896 2661 hoc

2411 2717 2716 2785 optandum.
2770 2717 3022 2773 Satanant
3060 2718 3267 2789 corpori
3286 2715 3581 2771 debilitates
3601 2711 3805 2780 inferre,
3827 2700 3895 2757 sed

2411 2818 2497 2864 eas
2521 2809 2577 2863 in
2605 2810 2820 2877 spiritus
2846 2810 3121 2864 utilitatem
3144 2811 3417 2877 convertis;
3464 2807 3603 2863 unde
3626 2816 3795 2875 magna
3820 2794 3895 2852 Dei

2396 2900 2572 2955 elucet
2595 2901 2823 2971 potentia
2848 2943 2863 2966 ,
2895 2910 2996 2969 qt‘ta
3023 2903 3174 2957 illum
3212 2912 3274 2956 ut
3304 2903 3407 2963 sibi
3437 2909 3616 2956 noceat
3637 2939 3652 2965 ,
3701 2904 3747 2951 et
3779 2887 3895 2946 nobis

2412 2993 2576 3062 prosit
2600 3034 2615 3057 ,
2662 2993 2799 3063 cogit
2834 2994 3075 3049 inuitum.

632 3109 659 3148 δ
689 3109 1103 3165 Misericordiam
1134 3109 1290 3174 malo,
1322 3123 1476 3178 quant
1501 3106 1815 3177 sacri/icium
1846 3104 1994 3177 (Ose.
2027 3121 2106 3172 γι,
2133 3104 2228 3176 6);
2260 3146 2307 3209 C
2411 3105 2502 3162 59.
2536 3106 2779 3177 Denique
2808 3106 3008 3162 Paulus
3027 3107 3185 3163 docet
3214 3108 3322 3163 non
3345 3094 3677 3164 deserendas
3698 3104 3788 3156 eos
3826 3093 3896 3165 qui

629 3205 756 3275 quia
789 3218 885 3274 per
907 3202 1231 3257 sacriﬁcium
1256 3200 1441 3272 justus
1477 3199 1916 3264 commendatur,
1948 3216 2043 3271 per
2072 3200 2234 3254 misc-

630 3295 923 3351 ricordiam
948 3292 1204 3366 peccator
1234 3295 1537 3350 redimitur.
1566 3290 1687 3349 Non
1710 3295 1823 3349 veni
1843 3298 2230 3367 vacarejustos,

629 3390 720 3445 sed
744 3401 1039 3462 peccatores
1074 3387 1299 3462 (Matth.
1330 3404 1412 3453 ιιι,
1449 3382 1574 3460 15).
1605 3382 1662 3442 In
1694 3388 1836 3458 Lege
1863 3387 2186 3442 sacrilicintn
2213 3430 2229 3454 ,

633 3481 685 3534 in
721 3480 1012 3552 Evangelio
1036 3478 1410 3535 miseriCordia
1441 3492 1524 3534 est
1550 3498 1561 3534 :
1602 3477 1712 3535 Lex
1743 3495 1838 3550 per
1862 3477 2078 3549 Moysen
2107 3477 2231 3532 data

629 3584 753 3639 est,
791 3588 887 3643 per
930 3588 1017 3629 me
1058 3572 1232 3645 gratia
1267 3571 1468 3647 (Joan.
1503 3589 1539 3640 ι,
1584 3569 1719 3644 I7).
1773 3569 1914 3639 Quid
1966 3569 2067 3625 hoc
2117 3569 2235 3626 evi-

629 3668 849 3725 dentius
876 3668 901 3721 ἲ

699 3744 789 3817 55.
824 3762 1067 3831 Denique
1093 3770 1148 3816 et
1176 3761 1361 3815 subter
1391 3759 1497 3814 ait:
1530 3757 1633 3826 Qui
1680 3754 1873 3831 spernit
1904 3764 1981 3812 me
2007 3800 2019 3821 ,
2052 3767 2098 3811 et
2129 3773 2232 3811 non

627 3850 816 3924 accipit
843 3852 992 3907 verba
1019 3870 1130 3908 mea
1155 3896 1171 3921 ,
1206 3851 1355 3907 habet
1394 3852 1483 3923 qui
1516 3852 1717 3922 judicet
1741 3868 1857 3906 eum
1891 3849 2081 3922 (Joan.
2132 3866 2225 3918 ιιι,
2256 3922 2257 3933 χ

628 3947 699 4002 48
724 3948 763 4018 ).
814 3944 953 4002 Num
994 3948 1087 4002 tibi
1122 3946 1335 4002 videtur
1380 3946 1631 4015 accipere
1663 3946 1827 4000 verba
1862 3940 2108 4011 Christi,
2139 3943 2231 4014 qui

628 4054 687 4095 se
717 4056 822 4095 non
854 4040 1193 4097 correxerit?
1239 4040 1486 4095 Proiecto
1536 4055 1642 4093 non
1674 4038 1907 4094 videtur.
1952 4036 2055 4106 Qui
2101 4052 2231 4107 ergo

626 4130 850 4204 corrigit
877 4149 935 4188 se
958 4177 973 4200 ,
1005 4133 1205 4203 accipit
1235 4132 1460 4191 verbum
1489 4134 1632 4204 ejus,
1666 4132 1769 4188 hoc
1810 4143 1894 4187 est
1934 4133 2078 4186 enim
2112 4146 2231 4186 vero

628 4226 754 4283 butu
784 4229 922 4298 ejus,
976 4238 1031 4283 ut
1058 4244 1118 4283 se
1149 4226 1520 4300 unusquisuue
1569 4235 1791 4284 revocet
1829 4244 1858 4281 a
1909 4228 2086 4297 culpa.
2126 4226 2233 4281 Aut

631 4320 887 4377 excludas
936 4319 1100 4393 igitur
1145 4335 1369 4376 necesse
1416 4316 1499 4376 eét
1531 4320 1669 4375 hanc
1714 4312 1830 4388 ejus
1862 4319 2226 4373 sententiam:

623 4428 717 4472 aut
741 4418 784 4471 si
819 4414 1017 4487 negare
1051 4431 1155 4470 non
1191 4422 1376 4483 potes,
1412 4415 1749 4485 acquiescas.

2338 3210 2620 3270 peccatum
2647 3198 2713 3254 ad
2737 3212 2967 3255 mortem
2992 3200 3237 3269 iecerint,
3261 3202 3360 3257 sed
3382 3201 3560 3275 potius
3584 3197 3895 3267 Iacrymarum

2338 3294 2572 3364 pauihus
2604 3335 2620 3359 ,
2654 3303 2710 3349 et
2761 3303 2888 3365 potu
2937 3294 3272 3361 coercendos
3319 3280 3533 3361 ﬂebili;
3575 3293 3647 3348 ita
3676 3285 3833 3346 tamen
3856 3287 3901 3336 ul

2341 3386 2456 3454 ipsa
2499 3385 2775 3442 moderata
2807 3396 2953 3443 esset
3004 3390 3245 3443 tristitia.
3298 3388 3416 3445 Hoc
3463 3388 3608 3461 enim
3636 3380 3898 3455 sigttilicali

2340 3475 2531 3561 _Potum
2553 3477 2705 3533 dabis
2728 3480 2801 3533 eis
2829 3480 2883 3533 in
2905 3480 3149 3552 lacrymis
3170 3480 3222 3534 in
3242 3497 3489 3557 mensura
3534 3477 3702 3551 (Psal.
3733 3484 3863 3530 um
3889 3507 3901 3531 ι

2342 3572 2436 3642 6);
2469 3580 2526 3626 ιιι.
2567 3573 2685 3642 ipsa
2709 3573 2963 3628 maestitia
2999 3582 3022 3609 θ
3058 3587 3369 3630 mensuram
3417 3573 3616 3628 habeat
3641 3611 3656 3636 ,
3696 3582 3757 3622 ne
3791 3562 3902 3617 little

2339 3663 2739 3720 abundantiore
2754 3666 2967 3721 tristitia
2986 3667 3346 3722 absorbeatur
3363 3667 3434 3739 (ll
3454 3666 3575 3723 Cor.
3600 3680 3660 3729 ιι,
3675 3663 3755 3719 5ει
3776 3651 3904 3723 810-):

2338 3759 2430 3828 qui
2459 3759 2570 3829 agit
2596 3759 2968 3828 pmuiteutiam
3008 3802 3021 3822 ,
3061 3760 3201 3816 sicut
3228 3760 3452 3832 scripsit
3489 3762 3556 3816 ad
3587 3751 3904 3814 Corinthios:

2343 3844 2481 3917 Quid
2502 3850 2657 3906 vultis
2686 3852 2712 3905 ?
2742 3850 2812 3905 In
2855 3853 2999 3924 uirga
3028 3854 3227 3907 veniam
3257 3855 3327 3908 ad
3357 3870 3469 3919 vos,
3498 3869 3564 3927 an
3590 3852 3644 3905 in
3673 3844 3906 3902 tltaritate.

2339 3944 2626 4015 spirituque
2675 3947 3088 4002 ntansuetudinis
3116 3947 3139 4021 (
3168 3948 3186 4004 Ι
3213 3946 3336 4003 Cor.
3371 3964 3451 4016 tv,
3500 3948 3567 4002 21
3592 3944 3613 4018 )
3638 3944 3660 3998 ?
3703 3938 3800 3996 Sed
3827 3945 3908 3987 nec

2338 4037 2489 4108 virga
2515 4039 2695 4109 gravis
2723 4048 2840 4105 est,
2869 4041 3125 4112 quoniam
3164 4040 3413 4113 legerat:
3451 4040 3530 4094 Tu
3573 4034 3770 4108 quidem
3809 4041 3906 4100 Ῥεῖ·

2339 4133 2501 4187 cuties
2530 4148 2647 4189 eum
2672 4135 2838 4208 uirga,
2868 4134 3097 4189 animant
3121 4143 3291 4190 autem
3316 4138 3435 4208 ejus
3461 4151 3491 4188 a
3520 4140 3679 4187 morte
3704 4118 3910 4182 liberabis

2339 4227 2360 4301 (
2394 4227 2546 4284 Prov.
2590 4231 2759 4297 xxttt',
2789 4229 2927 4301 14).

2409 4321 2499 4378 60.
2530 4322 2669 4391 Quid
2698 4334 2844 4379 esset
2871 4324 2927 4378 in
2954 4323 3102 4395 virga
3124 4324 3312 4379 venire
3339 4365 3355 4391 ,
3382 4322 3551 4380 docet
3580 4314 3799 4376 invectio
3818 4310 3909 4364 toro

2337 4414 2625 4489 nicationis
2649 4454 2665 4481 ,
2700 4418 2978 4472 accusatio
2998 4416 3212 4483 incesti,
3246 4417 3265 4455 τ
3298 4412 3664 4490 reprehensio
3693 4401 3909 4467 tumoris.

700 4510 793 4568 56.
838 4509 1068 4581 Oportet
1111 4526 1234 4564 eum
1264 4510 1479 4580 quoque
1524 4507 1776 4563 mandata
1819 4507 2093 4565 custodire
2122 4509 2479 4592 Do-unod
2509 4509 2676 4566 inﬂati
2704 4522 2926 4578 essent,
2982 4527 3122 4583 quos
3159 4512 3331 4591 magis
3389 4513 3583 4583 lugere
3627 4505 3911 4577 oportere“

629 4605 827 4661 minica
861 4645 876 4670 ,
935 4614 955 4643 τ
1006 4602 1094 4674 qui
1134 4617 1359 4674 peccare
1406 4601 1656 4666 desinat,
1692 4600 1908 4655 delictis
1935 4603 2228 4658 renuntiet.

627 4682 747 4757 Non
798 4718 925 4772 ergo
978 4700 1046 4754 de
1097 4714 1165 4755 eo
1218 4694 1384 4754 debes
1435 4695 1786 4773 interpretari
1837 4696 2081 4762 dictum,
2136 4697 2233 4769 qui

628 4808 847 4863 semper
885 4790 1245 4856 custodierit;
1299 4790 1343 4845 si
1399 4791 1541 4845 enim
1602 4788 1707 4846 hoc
1748 4790 2045 4857 sensisset,
2077 4790 2231 4845 addi-

627 4887 820 4955 disset,
851 4900 1065 4956 semper
1092 4903 1105 4940 :
1157 4901 1271 4967 non,
1294 4883 1543 4967 addendo
1569 4890 1771 4951 autem,
1802 4882 1870 4938 de
1893 4898 1959 4938 eo
1986 4898 2225 4955 pronun-

631 4983 782 5038 tiavit
810 5023 825 5047 ,
866 4979 959 5051 qui
988 4979 1132 5051 quod
1166 4966 1390 5046 audivit,
1413 4978 1771 5035 custodierit:
1800 4977 2004 5033 audivit
2040 4986 2223 5034 autem

626 5074 685 5131 in
710 5070 1011 5147 corrigeret
1031 5064 1270 5151 errorem
1298 5090 1312 5128 :
1338 5056 1629 5151 ‘cuStoilivit
1648 5072 1808 5151 igitur
1828 5072 1971 5142 quod
1998 5072 2224 5128 audivit.

696 5144 989 5241 5"7.-[2ilias
1031 5184 1149 5237 cap.
1178 5144 1318 5234 XII.)
1360 5146 1538 5236 Quam
1570 5144 1699 5221 vero
1740 5144 1931 5219 durum
1964 5166 2036 5219 Sit
2071 5162 2128 5241 ιιι
2157 5162 2223 5218 ad

621 5238 839 5329 poenam
867 5267 1092 5315 vocetur
1125 5267 1440 5330 perpetuam
1464 5299 1478 5323 ,
1517 5258 1609 5329 qui
1641 5256 1725 5311 ve'l
1760 5263 1943 5327 postea
1988 5238 2227 5311 custodit

696 5432 721 5460 ι
765 5422 910 5478 Edit.
934 5420 1119 5486 Rom.,
1150 5414 1445 5475 increditlizi
1484 5416 1561 5473 est
1590 5406 1775 5484 Titio;
1806 5418 1907 5473 ins.
1930 5410 2176 5474 Clit'rbm.
2205 5461 2219 5485 ,

625 5508 727 5549 non
754 5495 913 5549 credit
939 5494 992 5546 in
1020 5488 1243 5547 Filium.
1348 5559 1353 5561 _
1454 5552 1461 5561 1

696 5565 723 5604 δ
746 5566 850 5641 tis.-
883 5564 1153 5641 Μηδίαν
1184 5556 1741 5641 munieritmunie-
1766 5628 1773 5637 .
1867 5622 1876 5639 .
1920 5618 2035 5641 ι

697 5647 717 5674 ε
746 5636 915 5701 ﬁdit,
946 5638 1034 5704 qui
1065 5624 1279 5704 pecclire
1305 5626 1457 5688 desiit
1479 5676 1494 5697 ,
1525 5624 1725 5688 delictis
1764 5624 2093 5704 renuntiasti.

693 5704 717 5742 ε¹
761 5706 871 5759 Cod
911 5703 1176 5777 Clarum,
1233 5703 1425 5760 Christi
1459 5704 1754 5777 judicatum
1803 5703 2048 5773 accipe...
2082 5744 2094 5757 .
2133 5705 2222 5774 qui

627 5785 789 5830 autem
826 5776 1037 5828 nescivit
1060 5819 1074 5844 ,
1118 5777 1324 5845 paucis.

2338 4613 2614 4677 postremo
2643 4604 3027 4661 condemnatio
3057 4606 3132 4661 rei
3164 4620 3179 4671 ;
3204 4588 3268 4660 ut
3298 4604 3591 4661 tolleretur
3615 4616 3645 4657 a
3668 4588 3913 4655 consortio

2336 4697 2738 4753 communionis
2763 4739 2779 4765 ,
2825 4708 2880 4753 et
2907 4698 3216 4755 traderetur
3245 4697 3590 4762 adversario,
3623 4708 3727 4749 non
3754 4688 3815 4744 ad
3847 4684 3912 4737 in-

2335 4790 2553 4846 teritum
2582 4791 2799 4859 animae,
2817 4791 2913 4846 sed
2942 4782 3159 4864 carnis(
3182 4792 3203 4847 I
3229 4789 3359 4846 Cor.
3392 4808 3448 4858 v,
3476 4792 3500 4845 1
3526 4799 3579 4846 et
3602 4784 3751 4857 seq.).
3781 4779 3912 4837 Sicut

2333 4883 2478 4971 enim
2502 4884 2762 4940 Dominus
2790 4884 2842 4940 in
2873 4885 3107 4940 animam
3137 4883 3315 4939 sancti
3336 4883 3448 4940 Job
3478 4887 3798 4954 potestatem
3822 4883 3912 4926 non

2329 4966 2502 5044 dedit,
2536 4975 2630 5031 sed
2652 4976 2705 5032 in
2727 4992 2945 5033 carnem
2979 4978 3100 5049 ejus
3127 4977 3380 5049 permisit
3414 4975 3690 5033 licentiam
3724 4966 3836 5045 (Job
3861 4979 3910 5026 ιι,

2329 5068 2405 5140 6)
2432 5085 2445 5134 ;
2495 5069 2568 5124 ita
2600 5078 2655 5125 et
2688 5070 2775 5126 hic
2804 5070 3032 5126 traditur
3058 5070 3274 5128 Satanae
3308 5069 3367 5124 iu
3401 5069 3686 5126 interitum
3716 5057 3910 5118 carnis.

2329 5171 2390 5219 ut
2417 5178 2642 5235 serpens
2672 5174 2872 5237 terram
2901 5164 3020 5235 ejus
3051 5164 3276 5235 lingeret
3301 5203 3318 5229 ,
3353 5164 3560 5220 anima:
3584 5175 3692 5219 non
3712 5156 3913 5213 noceret

2328 5256 2350 5328 (
2382 5255 2543 5312 Mich.
2577 5273 2672 5326 vn,
2722 5257 2842 5331 17).

2338 5430 2428 5497 ...⁸⁵
2490 5418 2645 5497 ,Μωη
2676 5420 2840 5491 Gott,
2891 5426 2946 5479 in
2994 5438 3257 5490 mensura,
3307 5435 3370 5481 ut
3424 5441 3491 5481 ne
3538 5426 3656 5495 ipsa
3702 5411 3911 5473 mutii:

2332 5484 2682 5563 absorbeatur.
2827 5484 2838 5491 ⁷
2925 5556 2931 5563 _

2407 5560 2427 5642 ς
2460 5560 2640 5616 Codex
2670 5562 2855 5642 Germ.
2878 5558 3034 5642 alter,
3065 5566 3339 5635 responsio
3367 5558 3611 5622 tumoris.
3638 5561 3775 5642 infra
3800 5565 3913 5642 '9'"):

2331 5630 2420 5708 ειιιξ
2442 5644 2651 5708 canone
2667 5638 2809 5708 edit.
2837 5653 2902 5693 ac
2930 5625 3121 5708 plures
3141 5625 3273 5705 mss.
3312 5636 3679 5707 condemnatio
3708 5633 3774 5685 rei
3788 5645 3812 5708 ί
3832 5625 3910 5676 alii

2330 5701 2528 5784 habent
2552 5699 2772 5784 partim,
2804 5699 3155 5764 condemnatio
3173 5699 3372 5765 erroris
3398 5749 3415 5777 ,
3442 5700 3663 5781 partim,
3692 5699 3909 5759 coldtm'

2330 5779 2472 5829 natio
2495 5779 2797 5835 communis.
