3952 6178
114 245 202 302 tes
1303 237 1391 294 DE
1432 222 1890 292 ΡιΕΜτειη-ιΑ
1931 227 2058 286 LIB.
2105 231 2143 286 ι.
3254 229 3360 286 uo

166 360 240 414 σί,
271 367 293 394 ιι
342 356 600 412 Μοτκιιη-
627 368 756 426 erga
780 367 911 410 caro
937 363 1117 409 nostra
1149 355 1558 422 cupldttatinue,
1591 354 1656 408 sit
1691 351 1742 412 Α
1770 346 2012 400 'Vulueret
2045 386 2058 408 ,
2090 353 2142 400 ct
2189 353 2380 400 Contra
2415 355 2472 399 se
2521 351 2713 408 armet,
2771 357 2928 410 quem
2962 343 3054 414 .del
3081 343 3362 400 ililautluiu

107 452 316 518 captiva.
357 449 426 501 sit
457 446 672 502 subdita
700 488 715 511 ,
751 461 849 501 nec
897 447 998 517 legi
1034 447 1230 500 mentis
1262 451 1459 499 ῃοςιιτυ
1493 451 1653 513 rep".
1765 439 1989 508 ρυιτινίι.
2029 436 2116 491 Sic
2147 446 2201 491 et
2245 447 2492 490 sanctum
2531 433 2632 489 Iob
2666 437 2835 504 magis
2877 436 3098 499 amavit,
3153 448 3364 505 postea-

103 553 231 614 sua;
258 541 342 598 sed
372 542 530 596 bona:
559 541 808 596 εετνίιηιί
837 539 1078 609 subjecta
1106 539 1366 594 morimur
1391 555 1406 604 ς
1439 539 1580 592 sic“;
1609 539 1660 593 in
1765 543 1926 597 quam
1958 528 2258 581 vulneravit
2283 545 2296 579 :
2326 531 2415 596 qui
2448 539 2616 580 tounu
2646 541 2846 598 corpus
2874 525 2892 563 ί
2927 526 3059 580 diris
3111 528 3364 597 perfusus
3392 536 3406 544 '

108 636 244 689 Paulo
268 636 349 705 qui
389 633 690 703 castigabat
721 646 919 702 corpus
971 644 1126 686 suum
1161 633 1215 702 (Ι
1244 631 1362 686 Cor.
1401 647 1450 686 ιι
1485 675 1497 692 ,
1529 630 1660 701 27),
1767 621 2061 684 ulceribus,
2093 620 2290 675 diaboli
2322 619 2540 688 quidem
2573 635 2808 674 morsum
2831 621 3057 690 pertulit
3081 663 3096 687 ,
3143 623 3237 676 si-d
3272 637 3364 676 vc-

107 738 150 778 ut
171 728 389 782 servituti
436 726 744 795 redigeret;
775 740 882 796 quo
912 725 1246 795 probabilia:
1282 723 1436 780 ﬁeret
1465 723 1664 794 prardi-

107 822 246 887 catio,
265 822 304 876 si
333 821 414 875 lex
445 821 628 874 carnis
658 820 775 890 ejus
797 835 919 874 cum
943 819 1062 890 lege
1112 820 1306 874 mentis
1337 828 1667 888 congrueret

106 922 146 966 et
189 914 503 970 conveniret.
560 911 748 967 luterit
793 913 966 981 enimj
993 923 1121 967 caro
1155 953 1170 978 ,
1223 927 1344 965 Clllll
1401 911 1666 980 sapientia

105 1003 197 1072 ejus
232 1001 255 1041 δ
285 1005 475 1060 transit
502 1003 558 1058 in
589 1003 840 1074 spiritum
873 1020 887 1067 ;
920 1012 978 1058 ut
1019 1004 1129 1071 jam
1161 1017 1268 1068 non
1324 1017 1444 1073 quae
1486 1002 1668 1057 carnis

105 1107 221 1160 Sunt,
249 1098 453 1167 sapiat,
484 1096 580 1152 sed
622 1111 743 1166 qua:
773 1099 896 1152 sunt
928 1096 1171 1166 cpiritns.
1208 1094 1423 1150 Utinam
1455 1093 1666 1149 videam

102 1189 326 1244 inﬁrmari
356 1201 577 1244 carnem
598 1191 804 1245 meam!
834 1191 1040 1244 utinam
1065 1204 1174 1244 non
1203 1188 1390 1242 trahar
1417 1185 1670 1257 Captivus

103 1283 146 1333 in
186 1281 337 1350 legem
369 1282 581 1351 peccati
615 1282 626 1335 l
661 1281 865 1336 utinam
900 1293 1006 1335 non
1052 1281 1103 1336 in
1127 1291 1291 1337 carne
1319 1283 1517 1342 vivam.
1573 1279 1668 1336 sed

101 1372 142 1424 in
188 1371 278 1427 llde
313 1372 516 1428 Christi
565 1371 741 1445 (Rom.
777 1389 849 1428 vu
881 1415 896 1438 ,
949 1373 1085 1442 23)!
1127 1373 1192 1428 Et
1244 1373 1367 1429 ideo
1395 1374 1566 1444 major
1617 1373 1668 1426 in

101 1465 372 1522 inﬁrmitate
398 1467 646 1536 corporis
682 1469 882 1538 gratia,
913 1481 1079 1538 quam
1113 1465 1167 1522 in
1199 1466 1396 1522 salute.
1433 1467 1671 1535 ltenique

99 1567 143 1612 et
183 1559 385 1614 Paulum
445 1575 608 1631 quem
657 1561 886 1616 multum
918 1562 1110 1617 dilexit
1146 1563 1164 1632 (
1193 1561 1367 1616 Galat.
1396 1576 1454 1628 ιι,
1507 1559 1580 1616 ΞΟ
1606 1557 1628 1630 )
1655 1602 1669 1624 ,

101 1650 246 1704 noluit
291 1653 523 1708 liberare
551 1653 621 1708 ab
651 1654 964 1709 inﬁrmitate
996 1655 1176 1709 carnis
1199 1695 1214 1720 ,
1263 1656 1349 1708 cui
1383 1655 1584 1723 petenti
1616 1661 1674 1705 ut

1770 727 1905 767 uena
1933 727 2038 766 uou
2068 715 2260 768 sensit.
2305 714 2370 767 Et
2403 714 2525 768 ideo
2551 714 2692 766 bene
2723 713 2771 766 ei
2805 713 3006 768 dictum
3040 723 3160 768 est:
3195 714 3370 768 Addu-

1769 821 1850 859 ces
1873 805 2146 859 draconem
2169 807 2220 859 in
2247 807 2398 859 Immo
2417 848 2431 873 ,
2476 805 2666 860 illudes
2707 823 2822 859 eum
2853 810 2984 860 sicut
3011 825 3184 862 arent:
3231 808 3383 881 liga-.

1771 900 1847 954 bis
1876 918 1993 955 eum
2021 903 2150 955 sicut
2181 919 2442 970 passerem
2467 919 2613 970 puer,
2646 901 2915 972 imponens
2942 919 3096 973 super
3121 919 3236 956 cum
3263 920 3375 958 ma-

1771 1009 1892 1047 num
1923 993 2044 1066 (Job
2073 1004 2168 1061 XL,
2200 994 2317 1066 24).

1844 1086 1932 1142 65.
1968 1084 2132 1143 Vides
2155 1088 2615 1158 quemadmodum
2641 1095 2668 1144 a
2698 1087 2865 1144 Paulo
2890 1090 3147 1147 illudatur
3169 1135 3182 1157 ,
3231 1104 3284 1148 ut
3318 1093 3372 1147 in

1773 1193 2060 1234 cavernam
2093 1180 2232 1250 ejus,
2268 1181 2408 1235 sicut
2441 1196 2574 1251 puer
2608 1182 2698 1236 ille
2727 1182 3269 1257 propheticus(Esai.
3296 1203 3369 1251 χι,

1775 1275 1829 1339 8,-
1858 1275 1936 1342 9),
1972 1285 2189 1329 manum
2219 1277 2417 1341 mittat,
2452 1283 2505 1330 et
2537 1277 2671 1330 nihil
2701 1291 2928 1346 serpens
2957 1288 3151 1334 noceat
3179 1280 3226 1334 ei
3249 1323 3262 1345 ,
3309 1279 3378 1336 de

1777 1369 1998 1423 latebris
2045 1380 2198 1424 eruat
2228 1385 2348 1424 eum
2376 1411 2390 1433 ,
2432 1365 2497 1423 de
2519 1385 2732 1424 veucuo
2762 1372 2882 1440 ejus
2932 1371 3092 1427 iaciat
3133 1373 3378 1443 Spiritale

1777 1459 2118 1525 antidotum;
2151 1472 2208 1516 ut
2233 1460 2377 1532 quod
2417 1475 2684 1517 venenum
2741 1469 2822 1516 est
2850 1506 2864 1527 ,
2919 1465 3374 1519 medicamentum

1778 1555 1904 1610 ﬁat:
1938 1561 2207 1610 venenum
2236 1561 2321 1610 eSt
2345 1553 2412 1608 ad
2447 1553 2725 1608 interitum
2758 1555 2940 1610 earnis
2966 1597 2981 1622 ,
3017 1557 3381 1611 medicamen-

1780 1657 1894 1701 tum
1925 1650 1982 1702 ῆι
2025 1647 2092 1701 ad
2141 1649 2369 1701 salutem
2415 1648 2659 1717 spiritus.
2703 1647 2856 1715 Quod
2886 1648 3028 1703 enim
3064 1660 3223 1706 nocet
3254 1668 3379 1706 cor-

97 1741 368 1800 discederet
411 1761 444 1800 a
468 1762 529 1800 se
559 1747 845 1803 inﬁrmitas
872 1789 886 1813 ,
944 1748 1224 1816 respondit
1257 1766 1271 1802 :
1331 1747 1533 1818 Suﬁirit
1573 1747 1666 1800 tibi
1697 1741 1744 1800 B
1774 1745 1909 1812 peri,
1938 1743 2082 1814 iuvat
2119 1745 2369 1814 spiritum
2405 1744 2505 1816 (De
2537 1737 2752 1818 Preme,
2789 1744 2911 1799 dist.
2941 1732 2990 1814 ἱ,
3034 1765 3151 1818 cap.
3180 1745 3378 1817 Potest,

98 1836 240 1903 gratia
267 1838 371 1892 mea
399 1855 419 1903 ;
450 1854 570 1892 nam
602 1841 762 1893 uirtus
786 1841 840 1893 in
861 1841 1164 1909 infirmitate
1191 1841 1458 1908 perficitur
1483 1838 1673 1912 (lCor.

104 1941 184 1992 tu,
206 1927 348 1998 8,9).
378 1931 445 1985 Et
473 1931 672 1987 Paulus
698 1934 817 2002 plus
842 1933 944 1988 sibi
972 1935 1022 1986 in
1044 1931 1451 1988 inﬁrmitatibus
1479 1935 1675 2003 placet,

97 2017 262 2076 dicens
289 2038 302 2075 :
330 2022 464 2078 Cum
491 2024 752 2094 inﬁrmor,
787 2037 908 2080 tunc
930 2037 1110 2095 potens
1134 2041 1248 2080 sunt
1281 2024 1343 2097 (1
1354 2027 1479 2091 bid.,
1521 2027 1587 2081 10
1616 2028 1635 2096 )
1661 2041 1676 2091 ;

99 2125 482 2173 consummatur
506 2117 654 2172 enim
679 2119 863 2174 carnis
894 2119 1303 2174 infirmitatibus
1333 2119 1527 2173 animae
1571 2117 1682 2172 for-

112 2205 280 2262 lildtlo.

156 2297 235 2354 62.
267 2300 286 2374 [
313 2302 462 2357 Alias
507 2320 625 2374 cap.
674 2303 844 2376 Xlﬂ].
880 2299 1318 2377 Expla’navimns‘
1357 2304 1510 2359 Pauli
1562 2317 1685 2359 sen-

103 2393 296 2450 tentiam
322 2413 335 2461 ;
370 2414 522 2454 nunc
549 2400 712 2454 verba
743 2400 858 2470 ipsa
883 2401 1318 2463 consideremus,
1353 2413 1452 2470 qua
1477 2401 1686 2454 ratione

99 2488 275 2546 dixerit
301 2492 465 2566 m
520 2505 542 2533 ε
594 2495 738 2566 quod
768 2495 1054 2550 tradiderit
1096 2507 1226 2551 eum
1262 2494 1478 2550 Salame
1518 2493 1570 2548 iu
1606 2496 1687 2547 iu-

103 2584 295 2640 teriuim
314 2587 520 2652 carnis;
546 2583 674 2656 quia
698 2598 933 2644 tentatur
951 2589 1134 2643 noster
1150 2587 1400 2643 diab‘olus
1421 2595 1527 2642 est.
1553 2586 1688 2641 Nam

100 2673 378 2736 debilitates
408 2681 676 2736 membris
705 2684 940 2752 singulis
988 2683 1190 2747 infert,
1225 2690 1283 2737 et
1333 2683 1689 2752 :rgritu'din‘es

102 2770 180 2820 toti
207 2771 337 2826 sol‘et
367 2787 598 2829 movere
620 2774 857 2843 corpori.
884 2775 1123 2843 Denique
1149 2773 1412 2842 percussit
1438 2783 1689 2826 sanctum

100 2859 185 2918 Job
211 2866 383 2924 ulcere
422 2867 579 2923 malo
630 2884 661 2922 a
713 2867 942 2938 pedibus
982 2883 1151 2938 usque
1177 2866 1246 2920 ait
1276 2875 1441 2937 caput
1463 2911 1476 2932 ,
1510 2862 1536 2904 ἀ
1565 2869 1690 2936 quia

103 2953 148 3007 in
180 2967 436 3025 potestate
471 2971 761 3028 acceperat
792 2960 1070 3014 interitu-in
1101 2959 1283 3014 carnis
1305 2960 1443 3025 ejus.
1477 2957 1694 3013 dicente

99 3044 197 3104 Deo
222 3068 234 3102 :
263 3050 396 3108 Ecce
419 3053 580 3108 trado
622 3051 716 3107 (ibi
741 3059 855 3108 eum
880 3095 894 3119 ,
940 3052 1301 3107 tantummodo
1332 3055 1556 3105 animam
1584 3054 1696 3123 ejus

1781 1830 1810 1907 ᾗ
1841 1836 1994 1904 Quod
2016 1839 2210 1907 nocet).

1855 1930 1946 1984 66.
1973 1929 2257 1984 ﬁanducet
2278 1939 2408 2001 ergo
2433 1939 2635 1986 terram
2665 1929 2839 1986 meam
2873 1929 3099 2004 serpens
3124 1977 3138 2001 ,
3186 1946 3208 1983 8
3250 1936 3384 1992 deu-

1785 2031 1893 2078 tem
1924 2025 2071 2078 eat-ni
2107 2026 2316 2094 inﬁgat,
2347 2035 2596 2080 conterat
2623 2039 2844 2094 corpus,
2875 2025 3021 2082 diCat
3055 2029 3310 2084 Dominus
3331 2040 3386 2085 ct

1785 2115 1852 2170 de
1870 2114 2180 2168 mezTrado
2209 2115 2302 2170 tibi
2346 2131 2483 2182 eum,
2512 2120 2872 2172 tantummodo
2896 2121 3124 2173 animam
3146 2125 3257 2193 ejus
3291 2140 3384 2176 cu—

1785 2209 1919 2262 stddi
1943 2205 2064 2278 (Job
2093 2223 2152 2273 ιι,
2177 2207 2255 2278 6).
2285 2208 2496 2274 Quanta
2530 2207 2611 2263 vis
2641 2208 2869 2274 Christi,
2901 2203 2958 2265 ut
2987 2209 3235 2267 custodia
3290 2207 3388 2270 ho-

1789 2301 1951 2355 minis
1978 2300 2278 2370 imperetur
2305 2303 2469 2355 etiam
2496 2301 2598 2370 ipsi
2625 2299 2842 2357 diabolo
2868 2346 2882 2369 ,
2908 2300 2998 2371 qui
3031 2319 3248 2376 semper
3281 2307 3390 2364 vult

1793 2396 2010 2452 nocere.
2045 2396 2328 2451 [feminum
2364 2397 2494 2468 ergo
2542 2397 2727 2454 Jesuut
2782 2397 2938 2453 nobis
2989 2397 3384 2470 propitiemus:

1794 2490 2095 2560 imperante
2121 2489 2377 2558 Christo,
2413 2493 2466 2546 et
2510 2491 2758 2547 diabolus
2808 2494 2922 2563 ipse
2951 2493 3009 2548 lit
3056 2495 3252 2563 prmdzc
3278 2509 3389 2551 sua:

1793 2594 2001 2648 custos,
2023 2584 2106 2640 vel
2134 2585 2337 2638 invitus
2366 2585 2634 2639 mandatis
2664 2586 3004 2641 obseeundat
3026 2589 3341 2644 ccelcsubus
3375 2607 3386 2642 :

1795 2685 1848 2734 et
1877 2679 2123 2748 q’tmmvis
2172 2673 2436 2744 immitis,
2491 2676 2672 2734 tamen
2725 2683 3022 2736 mansuetis
3075 2680 3392 2754 obsequitur

1799 2772 2062 2841 imperiis.

1870 2864 1957 2916 67.
1993 2861 2096 2916 S'ed
2128 2861 2258 2932 Quid
2293 2867 2391 2932 ego
2421 2859 2746 2917 commendo
2777 2863 3102 2934 obsequium
3127 2853 3284 2934 ejus?
3315 2863 3398 2921 Sit

1799 2955 1892 3009 itte
1934 2952 2152 3024 semper
2199 2955 2392 3021 malus,
2447 2964 2507 3008 ut
2536 2956 2605 3008 sit
2635 2953 2811 3009 bonus
2840 2941 2981 3009 Deus
3022 2972 3262 3023 semper,
3304 2958 3396 3026 qui

1802 3047 2064 3103 malitiam
2083 3047 2200 3118 eius
2224 3047 2380 3102 nobis
2406 3049 2458 3102 i’n
2487 3050 2712 3118 gratiam
2741 3051 3032 3104 convertit.
3077 3049 3205 3105 Vult
3227 3066 3392 3106 uocco

97 3147 279 3199 custodi
323 3149 474 3218 (Job
519 3164 579 3209 ιι,
615 3146 712 3218 6).
765 3147 876 3202 Hoc
923 3148 1115 3202 iisdem
1173 3147 1352 3201 vi-rbis
1401 3147 1691 3216 Apostolus
1717 3128 1761 3188 (ἶ
1798 3157 1855 3197 re
1884 3143 1996 3207 ille,
2023 3139 2118 3196 sed
2145 3149 2253 3196 non
2288 3139 2484 3212 patest,
2521 3144 2564 3196 si
2596 3141 2850 3199 Christus
2877 3143 3138 3198 obsistat:
3170 3161 3390 3200 carnem

97 3239 393 3304 transtulit;
447 3239 640 3294 dicens
686 3240 829 3310 quod
886 3238 1170 3293 tradiderit
1225 3238 1531 3308 hujuSmodi
1588 3239 1687 3291 ho'—

98 3329 290 3385 minem
343 3332 565 3389 Satanae
616 3334 670 3388 iu
740 3334 1018 3388 interitum
1071 3333 1291 3395 carnis.
1363 3343 1418 3387 ut
1466 3333 1692 3404 spiritus

95 3421 272 3476 salvus
302 3424 372 3478 sit
401 3425 454 3480 in
489 3427 575 3479 die
626 3425 841 3480 Domini
878 3425 1050 3481 nostri
1081 3425 1214 3481 Jesu
1236 3424 1437 3480 Christi
1471 3425 1490 3495 (
1517 3425 1538 3480 Ι
1566 3423 1691 3479 Cor.

97 3529 141 3575 v,
190 3514 222 3568 5
234 3518 275 3584 ).

169 3605 255 3660 6'5.
287 3607 482 3680 Magna
530 3617 798 3679 potestas,
831 3615 1024 3680 magna
1067 3610 1270 3681 gratia,
1315 3623 1437 3679 quae
1466 3611 1704 3681 imperat

95 3698 303 3755 diabolo
324 3743 338 3766 ,
370 3713 431 3756 ut
471 3719 535 3756 se
563 3704 678 3771 ipse
703 3702 970 3758 destruat.
999 3703 1070 3758 Se
1099 3705 1244 3757 enim
1275 3703 1511 3758 destruit
1534 3744 1547 3766 ,
1577 3713 1700 3757 eum

98 3787 361 3848 hominem
384 3811 552 3865 quem
590 3795 850 3849 tentando
882 3796 1240 3864 supplantare
1267 3795 1471 3862 studet,
1490 3805 1591 3849 c'ex
1621 3795 1701 3850 in-

98 3884 252 3940 ﬁrmo
271 3887 562 3944 fortiorem
591 3888 792 3945 efﬁcit:
825 3890 950 3958 quia
998 3889 1127 3944 dum
1156 3902 1377 3945 cantem
1411 3889 1694 3954 debilitat,

103 3989 333 4036 mentem
383 3983 511 4052 ejus
565 3983 908 4038 corroborat.
975 3983 1264 4055 Egritudo
1322 3981 1466 4037 enim
1515 3982 1698 4038 carnis

103 4069 196 4136 (De
219 4070 446 4141 Paruit,-
475 4075 604 4129 (ἤιε.
633 4077 689 4140 l,
711 4092 828 4145 cap.
866 4073 1066 4143 Potest,
1100 4076 1129 4148 ς
1153 4073 1474 4147 Ᾱῖςτὶιιιάο)
1501 4083 1697 4146 pecca-

107 4168 209 4215 tum
239 4164 497 4233 repellit:
534 4165 746 4221 luxuria
777 4175 960 4222 autem
992 4167 1174 4223 carnis
1214 4167 1425 4238 culpam
1459 4167 1662 4222 adolet.

170 4257 254 4313 64.
287 4259 547 4315 ltluditur
573 4271 706 4332 ergo
731 4261 1004 4329 diabolus,
1035 4271 1094 4317 ut
1118 4273 1178 4318 se
1217 4262 1334 4332 ipse
1374 4271 1559 4318 morsu
1604 4271 1704 4316 suo

1796 3236 2004 3291 ul‘cera’t
2027 3279 2039 3299 ,
2071 3234 2166 3292 s‘ed
2189 3237 2422 3292 custodit
2453 3237 2720 3291 animum:
2752 3249 2956 3292 terram
2985 3235 3232 3305 devorat,
3255 3237 3392 3294 llsed

1798 3339 2045 3387 reservat
2076 3333 2350 3401 spiritum.
2387 3331 2626 3401 Denique
2655 3333 2917 3402 scriptum
2953 3342 3073 3387 est:
3107 3331 3256 3387 Tunc
3287 3334 3398 3404 lupi

1797 3434 1844 3478 et
1871 3426 1990 3496 agni
2015 3424 2172 3478 simul
2199 3435 2472 3494 pascentur
2499 3441 2516 3478 :
2562 3425 2640 3477 leo
2670 3434 2716 3477 et
2768 3424 2855 3478 bos
2886 3425 3086 3495 paleam
3121 3426 3402 3480 manduca-

1801 3519 1945 3580 bttnt,
1970 3521 2185 3586 serpens
2203 3528 2370 3571 autem
2397 3526 2582 3569 terram
2608 3526 2659 3568 ut
2677 3533 2861 3582 panem
2883 3533 2900 3568 :
2931 3526 2975 3569 ct
2997 3533 3095 3569 non
3124 3519 3395 3580 nocebunt,

1809 3628 1969 3675 neque
1990 3611 2256 3664 vastabant
2277 3609 2442 3681 408
2469 3611 2520 3662 in
2544 3621 2713 3663 monte
2742 3620 2920 3662 sancto
2950 3627 3081 3674 meo,
3117 3612 3241 3663 dicit
3291 3609 3400 3664 Do-

1809 3705 1975 3757 minus
2006 3701 2177 3775 (Esai.
2210 3718 2282 3768 XI,
2317 3702 2350 3756 6
2387 3711 2434 3754 ct
2461 3704 2615 3772 seq.).
2653 3701 2898 3754 Dalttnzlli
2928 3701 3072 3757 enim
3128 3697 3400 3773 serpentis

1808 3797 1924 3852 huic
1951 3807 2037 3852 est
2059 3795 2358 3851 sententia:
2388 3791 2503 3848 Erit
2536 3792 2626 3846 tibi
2649 3804 2785 3847 terra
2816 3793 2956 3847 cibus
2990 3792 3142 3863 (Gen.
3179 3810 3255 3858 ιιι,
3286 3797 3395 3866 M).

1806 3894 1938 3959 Qum
1968 3885 2150 3945 terra?
2182 3889 2252 3942 Ea
2279 3889 2466 3958 utique
2495 3889 2560 3942 de
2589 3903 2694 3958 qua
2746 3888 2947 3942 dictum
2981 3899 3095 3944 est:
3133 3867 3288 3945 Terra
3323 3910 3400 3958 es,

1807 3993 1856 4038 et
1884 3985 1936 4037 in
1961 3979 2148 4036 terram
2174 3979 2268 4035 ibis
2290 3977 2344 4044 (Ι
2349 3979 2454 4034 bid.
2467 4022 2481 4046 ,
2506 3979 2615 4060 i9).

2395 4055 2626 4130 carui
2675 4055 2815 4130 sitv.

1816 4169 1968 4237 Quod
2014 4185 2170 4242 supra
2208 4169 2398 4223 dixerit
2447 4167 2745 4224 Ambrosius
2785 4177 2990 4226 carnem
3020 4169 3089 4226 ad
3144 4173 3406 4227 interitum

1891 4264 2110 4318 Satanae
2136 4261 2382 4316 traditam
2415 4279 2444 4317 a
2477 4274 2706 4336 serpente
2734 4262 2956 4332 comedi,
2979 4265 3075 4321 hoc
3105 4269 3177 4321 ita
3203 4269 3407 4322 demum

172 4419 196 4446 ⁸
247 4413 512 4471 Nonnulli
543 4431 700 4477 mss.,
750 4409 1054 4467 Mordeatur
1091 4424 1210 4477 (rgo
1256 4423 1377 4460 caro
1428 4415 1652 4460 ιιοεινα..
1672 4444 1705 4457 ..
1735 4405 1787 4466 D
1817 4404 2066 4478 hibetur,
2100 4405 2451 4478 esposuisser;
2493 4407 2739 4476 quamvis
2766 4407 2927 4460 etiam
2957 4407 3036 4462 eis
3061 4421 3091 4460 a
3119 4409 3313 4478 quibus
3343 4411 3408 4465 de

106 4481 327 4554 subjecta
352 4488 664 4542 adornctur.
698 4482 813 4540 Non
847 4482 1173 4554 satist-cete.

171 4551 201 4591 δ
230 4557 358 4610 Mss.
394 4559 606 4626 aliquot
629 4600 642 4618 .
674 4558 860 4611 transit
886 4555 936 4606 in
964 4551 1246 4626 Christum.

179 4635 210 4699 εξ
245 4627 456 4698 Duplex
495 4620 599 4685 iuit
642 4629 802 4699 hujus
827 4625 1112 4699 sententiae
1158 4621 1534 4699 interpretatio
1567 4620 1709 4699 apud

107 4691 393 4767 antiquos:
447 4703 620 4756 altera
651 4691 753 4768 qua
804 4699 949 4751 illam
987 4695 1053 4749 de
1096 4691 1426 4768 paenitentiae
1456 4694 1710 4768 operibus

105 4762 256 4844 queis
277 4775 483 4844 corpus
525 4762 893 4844 amiciatur_e_t
929 4762 1252 4844 coiiteritliir',
1279 4762 1539 4844 Qi'igenes
1557 4763 1706 4816 hom.

102 4833 170 4907 24
199 4841 252 4893 in
287 4833 497 4907 Leiitt,
533 4843 766 4897 Basilius
800 4841 970 4907 Epist.
1006 4837 1071 4891 ad
1099 4833 1536 4904 Amphilochium
1584 4847 1709 4907 can.

107 4906 156 4970 7,
181 4921 235 4964 et
263 4912 360 4966 alii
383 4905 785 4982 exposuerunt:
817 4905 1037 4982 alterum
1060 4924 1187 4960 vero
1207 4907 1572 4982 qua_eamd_em
1596 4905 1710 4974 plu-

105 4993 190 5052 I'_es
214 4998 245 5036 e
270 4975 489 5038 Graecis
511 4984 819 5052 patribusut
837 4975 1707 5052 Chrysostomus,_TAhcinioretus.

102 5049 480 5125 (Egrrnenitts
510 5046 707 5125 aliique
746 5055 818 5109 ita
864 5046 1154 5125 voluerunt
1191 5046 1599 5125 accipiendam,
1652 5056 1709 5101 ut

102 5121 169 5174 ab
193 5118 852 5199 Ecclesia'tradi'satanze
878 5125 930 5199 in
961 5123 1159 5199 θοι-ιιιιι⁸
1181 5123 1410 5199 corpora
1437 5161 1453 5184 ,
1503 5118 1592 5199 qui
1623 5133 1708 5173 se-

101 5197 272 5260 parati
303 5213 333 5250 a
353 5199 754 5268 communione
783 5196 1005 5256 fuerint,
1036 5191 1312 5268 saeviendi
1337 5190 1427 5261 jus
1480 5190 1709 5268 arbitra-

100 5275 313 5319 rentur.
342 5261 616 5322 Elltniuiu
643 5270 787 5324 hunc
810 5280 1030 5320 sensum
1069 5261 1316 5332 Apostoli
1353 5277 1458 5316 non
1499 5265 1622 5316 esse
1655 5262 1706 5315 in

99 5337 359 5391 eumdem
391 5338 572 5392 Wa
594 5339 786 5409 prohat
813 5337 1012 5409 Estius,
1042 5333 1200 5409 cujus
1232 5334 1540 5409 rationibus
1573 5333 1708 5387 alias

96 5409 248 5462 addit
273 5410 436 5462 Iib.v|
465 5410 537 5463 de
567 5404 761 5466 l’tenit.
791 5423 910 5477 cap.
945 5408 1003 5461 lt
1042 5407 1304 5477 Morinos.
1341 5404 1396 5477 In
1423 5405 1524 5458 hoc
1547 5417 1708 5474 porro

98 5479 228 5554 ίὲίβεῖ
255 5492 390 5554 33ml
421 5481 606 5554 magni
637 5481 757 5546 viri,
789 5473 933 5554 (ιη’σά
956 5478 1114 5554 prior
1143 5473 1706 5554 ambrosiam-secum

96 5543 219 5605 dam
280 5551 432 5606 lium:
471 5543 976 5620 interm-tationem
1025 5543 1403 5620 tantummodo
1461 5543 1705 5620 secutum

97 5623 442 5697 crediderit:
495 5615 767 5697 mysterio!
815 5622 992 5697 autem
1021 5621 1166 5691 quod
1206 5615 1458 5697 eumdem
1492 5617 1706 5697 Patrem

101 5692 197 5748 hoc
231 5695 364 5747 loco
383 5691 565 5746 verba
593 5693 696 5746 divi
725 5693 872 5746 Pauli
901 5688 1119 5746 censeat
1150 5705 1256 5744 non
1295 5688 1398 5742 nisi
1429 5688 1496 5742 de
1527 5688 1707 5741 carnis

97 5765 493 5838 castigatione,
521 5777 636 5830 qoze
656 5763 970 5817 coercendis
1013 5762 1172 5817 animi
1201 5759 1586 5828 cupiditatibus
1616 5756 1708 5810 ad-

1817 4475 2074 4545 operibus
2105 4475 2562 4546 pmnitetitinlibus
2586 4478 2980 4546 Ambrosianus
3011 4479 3095 4532 hic
3138 4475 3296 4534 locus
3323 4484 3375 4536 in
3395 4515 3407 4523 -

1819 4545 2242 4620 telligctur,’pou
2274 4548 2690 4602 reclamaturtuu
2715 4563 2774 4602 se
2806 4545 3090 4620 signiﬁcet.
3110 4551 3410 4620 Fatendum

1815 4630 1995 4673 autem
2017 4628 2096 4673 est
2129 4619 2417 4674 Do‘ctorem
2448 4631 2692 4672 nostrqu
2737 4617 3016 4689 utramque
3063 4620 3269 4675 Paulini
3307 4617 3408 4678 loci

1815 4690 2234 4764 esplicatiouem
2267 4691 2576 4764 amplexum
2602 4703 2772 4764 _esse;
2799 4691 3048 4764 ultimam
3077 4695 3220 4746 enim
3250 4693 3410 4764 quam

1813 4761 2196 4832 Chrysostotui
2225 4770 2279 4815 et
2311 4761 2537 4832 aliorum
2567 4760 2772 4828 aliquot
2797 4761 3109 4816 ϐιοιυροιίιιιι
3137 4760 3300 4819 fuisse
3332 4767 3412 4820 di-

1814 4833 1994 4885 ximus
2018 4873 2031 4895 ,
2062 4830 2249 4898 aperte
2283 4833 2383 4884 hoc
2407 4830 2527 4883 loco
2558 4833 2812 4899 prepouit
2845 4843 2901 4885 ut
2947 4835 3031 4887 vel
3062 4835 3234 4889 solum
3289 4836 3409 4891 .lobi

1814 4903 2121 4974 exemplum
2154 4901 2377 4974 abunde
2431 4901 2641 4974 probat.
2698 4901 2804 4954 Nec
2833 4903 2964 4957 s'aue
3008 4905 3240 4974 tuiiuio,
3288 4925 3409 4962 eum

1815 4971 2087 5044 ip-euiet,
2151 4971 2390 5044 l’aulino
2438 4973 2668 5044 diacono
2727 4973 2904 5038 teste,
2958 4979 3095 5030 hanc
3149 4971 3412 5034 nummus

1814 5042 2137 5116 potestatem
2167 5043 2218 5096 in
2249 5042 2485 5116 hominis
2508 5058 2667 5113 quem
2710 5057 3086 5116 segregaverat
3118 5063 3148 5102 a
3207 5054 3408 5116 sacris,

1815 5113 2019 5170 iui'sero
2049 5113 2361 5184 spectaculo
2389 5113 2576 5168 fuisset
2599 5113 3147 5183 expertusIPrioreut
3171 5137 3300 5174 vero
3330 5113 3414 5176 in;

1813 5192 2259 5254 terpretationem
2281 5185 2382 5239 hoc
2398 5185 2513 5256 ipso
2535 5187 2712 5252 capite
2736 5202 2885 5240 nutu.
2907 5189 2974 5242 59
2993 5191 3121 5242 satis
3149 5194 3407 5256 insinuat,

1813 5257 1905 5313 ubi
1935 5257 2010 5330 ait
2033 5257 2122 5326 qui
2143 5268 2419 5330 peccatum
2439 5257 2507 5330 ad
2539 5268 2750 5330 mortem
2785 5262 3218 5327 perpetmveriut
3247 5305 3260 5328 ,
3297 5259 3411 5330 pte-

1814 5327 2056 5384 nitentia:
2087 5327 2362 5382 laboribus
2383 5328 2718 5382 addiceudos
2742 5347 2754 5382 :
2780 5339 2833 5382 et
2862 5331 3040 5386 adhuc
3068 5327 3410 5390 manifestius

1812 5415 1934 5468 cap.
1969 5401 2000 5453 7
2026 5399 2128 5453 sub
2152 5402 2336 5463 tinem,
2371 5415 2530 5467 quem
2563 5398 2808 5453 consule.

1884 5470 1908 5508 ά
1953 5469 2109 5541 item.
2133 5469 2300 5541 edit”
2313 5471 2432 5540 quia
2447 5479 2748 5541 potestatem
2768 5481 3035 5540 acceperat
3055 5475 3106 5528 in
3122 5478 3406 5535 interitum.

1889 5555 1911 5580 ο
1952 5539 2084 5604 Cod.
2116 5539 2382 5608 Claroru.,
2415 5539 2476 5594 ea:
2503 5541 2710 5605 infirmo
2730 5544 3056 5599 sanctiorem:

1892 5612 1910 5651 τ
1953 5609 2098 5666 [dem
2131 5609 2292 5676 (300.,
2321 5612 2450 5666 diris
2474 5627 2770 5681 percussum
2793 5615 3068 5672 ulceribus.

1887 5695 1910 5764 ξ
1955 5683 2082 5764 ᾕρεε..
2114 5683 2340 5764 aliquot,
2371 5683 2522 5764 dente
2553 5685 2732 5764 carnis‘
2746 5696 2980 5764 conterat
3008 5707 3216 5764 corpus.

1889 5753 1913 5789 δ
1958 5754 2092 5809 Cod.
2126 5747 2284 5821 Βι;ῖι.,
2316 5755 2403 5807 sccl
2432 5764 2654 5808 reservat
2694 5754 2972 5812 Christum.
