3952 6178
571 244 678 304 887
1794 238 1807 306 ἑ
1918 239 2167 297 SANCTI
2202 238 2528 299 AMBROSII
3720 243 3806 303 188

642 357 788 412 docet
810 355 943 424 ﬁeri,
976 354 1020 409 si
1042 352 1219 409 anima
1243 355 1542 412 carnalibus
1572 355 1948 426 cupiditatibus
1980 356 2164 411 libere-
2195 361 2250 423 Α
2273 363 2460 412 noster
2485 360 2740 425 aspectus
2767 353 3050 423 vanescit;
3079 355 3154 411 ita
3205 352 3329 426 plus
3365 353 3594 413 videmus
3620 356 3805 423 animo,

649 461 750 504 tur.
781 448 1121 515 Quamobrem
1136 447 1303 503 multa
1323 450 1558 521 prwcipit
1586 448 1655 501 ad
1678 448 1942 503 oculorum
1962 447 2168 500 mentis-
2274 463 2434 519 quam
2464 462 2714 519 corpore.

647 560 745 616 que
796 543 1086 597 custodiam
1144 543 1436 598 necessaria
1469 559 1488 599 :
1538 559 1654 614 qua:
1705 542 1982 597 castissimi
2022 538 2172 595 Josc-
2348 544 2436 598 7i.
2468 542 2535 597 Et
2563 542 2611 598 si
2642 541 2838 598 viderit
2858 556 2987 600 caro
3016 542 3219 613 ignem,
3250 556 3357 608 non
3384 541 3810 614 alligemusignem

644 637 732 708 phi
776 636 1013 706 exemplo
1048 638 1221 705 ﬁrmat
1245 653 1264 692 :
1292 636 1480 691 dehinc
1505 652 1679 691 omnes
1707 637 1776 690 ad
1833 636 1962 690 retia
1990 634 2172 706 quibus
2275 635 2328 690 in
2359 634 2503 701 sinu,
2537 633 2638 690 hoc
2660 644 2765 701 est,
2799 635 2850 689 in
2882 641 3096 691 secreto
3123 634 3324 691 mentis
3349 678 3364 703 ,
3395 634 3652 705 animique
3684 650 3812 691 arca-

648 727 703 782 in
732 728 1008 797 voluptatis
1052 728 1223 800 ignem
1255 729 1528 796 trahimur,
1558 728 1870 784 declinanda
1896 728 2130 782 hortatus
2154 742 2173 791 ;
2276 744 2369 785 no.
2397 728 2515 784 Non
2549 728 2890 797 implicemus
2914 728 3091 799 ignem
3142 728 3287 783 hunc
3315 727 3523 784 ossibus
3545 768 3559 792 ,
3610 743 3704 783 non
3730 728 3814 798 ipsi

648 836 713 874 ne
741 819 1015 873 timeamus
1039 821 1317 891 quominus
1342 840 1374 875 a
1402 829 1639 891 serpente
1669 835 1792 876 caro
1822 828 2000 874 nostra
2047 818 2175 873 eda-
2277 819 2435 876 nobis
2463 818 2637 875 nodos
2666 819 3007 889 injiciamus;
3066 833 3172 874 non
3203 818 3522 875 misceamus
3550 833 3815 875 sermonem

652 923 762 980 tur,
788 913 994 968 suadet.
2277 912 2509 983 aliquem
2558 926 2679 966 cum
2714 910 3025 981 hujusmodi
3051 952 3066 979 ,
3099 910 3240 966 unde
3260 918 3518 967 exaestuet
3544 909 3672 982 ignis
3693 909 3821 966 adul-

647 1007 736 1063 68.
774 1006 920 1062 lianc
950 1017 1148 1063 terram
1198 992 1796 1079 serpens'manducat,
1837 1007 1883 1062 si
1913 1005 2179 1078 propitius
2279 1006 2507 1061 terinus.
2542 1004 2736 1062 Sermo
2762 1004 3067 1076 juvenculm
3096 1003 3271 1060 nodus
3296 1002 3702 1061 adolescentium
3726 1011 3818 1061 est:

581 1110 664 1158 est
688 1101 846 1157 nobis
877 1101 1139 1157 Dominus
1161 1100 1342 1170 Jesus,
1378 1111 1400 1138 τ’
1431 1110 1492 1157 ιιι
1520 1117 1627 1156 non
1655 1101 2017 1170 compatiatur
2064 1098 2181 1153 ani-
2281 1099 2445 1155 verba
2477 1098 2841 1156 adolescentis
2863 1099 3078 1155 vincula
3104 1107 3234 1155 sunt
3252 1099 3472 1155 amoris.

580 1210 667 1250 ma
694 1195 878 1251 carnis
908 1195 1199 1261 debilitati,
1225 1210 1333 1251 non
1362 1194 1696 1252 accendatur
1726 1208 1927 1265 vapore
1967 1193 2177 1261 carnis,
2352 1193 2444 1249 72.
2476 1192 2627 1249 Vidit
2648 1193 2796 1250 hunc
2820 1193 3001 1265 ignem
3021 1192 3248 1265 Joseph,
3273 1193 3491 1265 quando
3510 1209 3626 1250 eum
3653 1193 3826 1249 adulte-

577 1297 634 1345 et
653 1288 834 1345 calore
864 1288 1259 1343 membrorum.
1285 1286 1491 1343 Bonum
1518 1297 1590 1342 est
1621 1287 1808 1342 nubere
1836 1289 2002 1357 magis
2027 1302 2181 1357 quam
2281 1286 2350 1343 rii
2377 1286 2573 1358 cupida
2605 1287 2801 1343 mulier
2827 1287 3059 1344 allocuta
3096 1297 3178 1344 est
3207 1285 3364 1361 (Gen.
3397 1302 3585 1354 xxxix,
3623 1285 3707 1357 7);
3750 1299 3825 1341 vo-

578 1383 662 1437 uri
689 1382 708 1453 (
736 1382 757 1437 1
786 1381 909 1436 Cor.
932 1396 1027 1449 vn,
1050 1380 1133 1453 9);
1167 1390 1251 1437 est
1276 1380 1422 1437 enim
1454 1379 1668 1435 ﬂamma
1690 1395 1810 1450 quae
1833 1380 2047 1434 interna
2079 1376 2184 1433 urit
2284 1377 2382 1434 luit
2427 1394 2552 1434 eum
2602 1394 2800 1450 capere
2827 1394 3081 1436 sermone
3103 1421 3118 1447 ,
3151 1379 3300 1435 misit
3337 1379 3556 1451 laqueos
3600 1378 3826 1434 labiorum

587 1473 775 1546 (Prov.
801 1491 873 1542 vt,
906 1474 1024 1548 27).
1064 1474 1224 1531 Unde
1256 1473 1403 1530 hunc
1433 1476 1613 1544 ignem
1644 1489 1751 1528 nun
1795 1472 2079 1543 alligamus
2129 1471 2185 1526 in
2285 1487 2541 1539 suorum,
2570 1470 2667 1528 sed
2696 1472 2952 1543 pudicum
2982 1472 3159 1529 virum
3190 1473 3358 1545 ligare
3387 1488 3495 1529 non
3518 1473 3700 1545 potuit.
3729 1472 3829 1530 Sol-

580 1572 703 1628 sinu
730 1570 951 1637 mentis,
977 1578 1032 1626 et
1057 1583 1278 1626 recessu
1304 1568 1539 1639 pectoris
1559 1609 1574 1634 ,
1608 1582 1677 1624 ne
1703 1565 1982 1623 interioris
2013 1561 2185 1620 nostri
2286 1566 2363 1620 vit
2391 1565 2535 1621 enim
2560 1565 2781 1621 vincula
2802 1565 3048 1622 mulieris
3073 1581 3179 1622 vox
3209 1567 3466 1638 pudoris,
3497 1581 3664 1624 sermo
3683 1564 3831 1638 gravi-

586 1682 810 1724 uramus
846 1668 1092 1733 exuvias,
1116 1675 1173 1721 et
1199 1664 1416 1721 forense
1446 1664 1552 1720 hoc
1575 1672 1778 1719 nostra:
1800 1662 1994 1718 anima“:
2024 1660 2189 1716 vesti-
2286 1659 2443 1722 tatis,
2493 1657 2699 1715 habena
2750 1658 3003 1727 cautelae,
3036 1659 3161 1715 fidei
3206 1659 3453 1716 custodia
3476 1702 3491 1727 ,
3539 1658 3830 1715 castimonia:

583 1770 847 1829 mentum,
881 1759 1241 1830 velamenquc
1271 1758 1491 1813 carnale
1524 1755 1663 1813 edax
1695 1753 1941 1812 libidinis
1967 1752 2184 1809 ﬂamma
2215 1768 2263 1829 Β
2289 1751 2595 1822 disciplina.
2620 1750 2829 1821 Capere
2855 1750 3019 1822 igitur
3062 1767 3186 1807 eum
3219 1751 3430 1808 retibus
3466 1753 3575 1807 suis
3602 1749 3830 1820 impudica

582 1864 890 1923 consumat,
922 1853 1018 1911 sed
1041 1863 1384 1909 transeamus
1419 1866 1515 1923 per
1538 1851 1714 1922 ignem
1732 1847 1902 1921 (Esai.
1936 1845 2180 1916 xmnﬂ).
2288 1861 2394 1901 non
2425 1845 2636 1917 potuit:
2687 1844 2838 1899 misit
2877 1860 3129 1911 manum,
3176 1854 3232 1900 et
3270 1843 3626 1916 apprehendit
3661 1851 3831 1898 vestem

583 1949 655 2006 Et
684 1951 728 2005 si
757 1948 883 2021 quis
928 1946 1120 2004 incidit
1165 1947 1373 2002 amoris
1419 1945 1769 2009 incendium,
1803 1941 2099 2007 transiliat,
2131 1948 2188 1995 et
2286 1937 2425 2007 ejus,
2455 1947 2514 1992 ut
2561 1937 2704 1993 nodo
2730 1937 3048 2009 stringeret.
3080 1937 3255 1993 Verba
3302 1937 3592 2009 petulantia
3626 1936 3834 1992 mulieris

586 2051 862 2098 transeat:
895 2056 1003 2097 non
1025 2040 1215 2112 alliget
1244 2039 1604 2097 adulterinam
1627 2036 1977 2108 cupiditatem
1994 2035 2188 2090 vincu-
2284 2030 2638 2102 cupiditatum
2667 2032 2804 2087 retia
2832 2040 2981 2098 sunt,
3011 2046 3205 2087 manus
3231 2032 3351 2102 ejus
3372 2032 3574 2088 amoris
3601 2029 3753 2086 nodus
3766 2037 3833 2083 est

586 2135 655 2192 lis
676 2135 1068 2207 cogitationum
1092 2177 1106 2202 ,
1161 2133 1341 2190 nullos
1370 2133 1474 2189 sibi
1520 2131 1694 2188 nodos
1751 2129 1986 2186 assidua:
2041 2144 2186 2185 nexu
2287 2125 2468 2199 (Prov.
2492 2129 2587 2191 vn,
2618 2124 2746 2198 21):
2777 2124 2874 2181 sed
2900 2139 3001 2181 nec
3022 2123 3230 2181 retibus
3255 2126 3377 2197 capi
3403 2126 3576 2198 potuit
3599 2138 3737 2179 mens
3755 2136 3831 2191 pu-

586 2227 964 2285 meditationis
993 2226 1294 2299 astringat;
1328 2240 1437 2281 non
1466 2224 1716 2281 intendat
1753 2223 1951 2293 saepius
1980 2222 2035 2278 in
2076 2221 2186 2277 for-
2288 2220 2432 2287 dica,
2462 2234 2563 2275 nec
2593 2218 2776 2275 nodo:
2803 2217 2832 2257 ἀ
2853 2233 3083 2275 excussa
3109 2220 3299 2283 vestis,
3325 2220 3536 2276 solutus
3555 2224 3635 2274 est
3659 2212 3830 2278 nodus;

585 2334 732 2376 mam
759 2318 1005 2375 mulieris
1045 2319 1374 2385 meretricis,
1408 2333 1510 2373 nec
1531 2314 1936 2372 adulescentula
1965 2313 2031 2369 ad
2064 2313 2183 2368 vul—
2287 2323 2344 2371 et
2367 2313 2492 2370 ideo
2521 2314 2647 2384 quia
2688 2328 2795 2369 non
2824 2312 3067 2385 alligavit
3085 2312 3265 2384 ignem
3290 2314 3344 2369 in
3371 2313 3497 2370 sinu
3522 2309 3703 2369 mentis
3721 2321 3833 2370 suat.

585 2420 698 2469 tum
724 2411 947 2483 juvenis
976 2411 1167 2467 oculos
1193 2410 1359 2467 levet.
1391 2409 1521 2475 Etsi
1547 2409 1772 2465 fortuitu
1827 2405 2046 2477 aspexit
2070 2445 2084 2471 ,
2132 2410 2188 2459 et
2289 2422 2398 2462 non
2429 2405 2731 2469 combussit
2755 2421 2955 2477 corpus
2981 2422 3161 2463 suum.

580 2513 739 2575 capta
788 2512 921 2571 est;
972 2513 1177 2575 quanto
1240 2503 1411 2574 magis
1451 2502 1715 2572 capietur,
1774 2500 1819 2555 si
1847 2499 2060 2555 curiosa
2100 2511 2187 2553 as-
2362 2500 2451 2557 75.
2488 2499 2656 2573 [Alias
2679 2498 2968 2573 cap.XlV.]
2995 2498 3161 2556 Vides
3185 2513 3338 2571 ergo,
3368 2500 3501 2570 quia
3540 2496 3734 2554 animus
3756 2506 3835 2549 no-

587 2596 737 2667 Ρθκίῑ
760 2596 774 2648 ἶ
2288 2605 2402 2651 ster
2426 2595 2601 2665 culpae
2631 2601 2718 2650 est
2739 2594 2961 2662 auctor?
2982 2594 3170 2667 Itaque
3191 2592 3459 2648 innocens
3478 2605 3618 2658 caro,
3644 2587 3728 2645 sed
3745 2586 3836 2658 ple.

587 2608 737 2667 pexit
760 2608 774 2648 ι
2288 2608 2402 2651 ster
2426 2608 2601 2665 culpae
2631 2608 2718 2650 εει
2739 2608 2961 2662 auctor!
2982 2608 3133 2665 ttaqu
3191 2608 3459 2648 mnocens
3478 2608 3618 2658 caro,
3644 2608 3728 2645 seu
3745 2608 3833 2658 pit."

564 2720 567 2725 ‹
655 2688 746 2742 69.
779 2686 878 2742 Vel
904 2685 1244 2742 consuetudo
1273 2700 1371 2740 nos
1395 2684 1606 2740 doceat.
1644 2683 1770 2740 Ideo
1798 2682 2066 2738 velamine
2091 2681 2187 2737 ob-
2288 2704 2521 2761 rumque
2549 2689 2757 2760 peccati
2790 2608 3247 2757 ministraYé'go
3276 2696 3301 2724 θ
3333 2700 3445 2742 non
3477 2696 3530 2743 te
3554 2683 3722 2740 vincat
3743 2681 3833 2736 for-

586 2778 736 2835 uubit
754 2789 919 2849 caput
944 2794 1101 2835 suum
1126 2777 1343 2844 mulier,
1373 2786 1433 2831 ut
1455 2778 1613 2831 etiam
1640 2776 1691 2830 in
1713 2775 1932 2846 publico
1956 2784 2066 2829 tuta
2094 2790 2187 2831 ve-
2289 2799 2394 2839 mae
2420 2782 2882 2853 concupiscentia.
2913 2781 3075 2837 Multa
3098 2780 3235 2837 retia
3264 2779 3561 2836 tenduntur
3581 2793 3612 2834 a
3635 2772 3833 2837 diabolo,

584 2871 843 2929 recuudia
873 2872 982 2925 sit:
1015 2885 1120 2926 non
1146 2869 1306 2925 facile
1338 2869 1520 2924 vultus
1542 2869 1659 2939 ejus
1681 2868 2042 2925 adolescentis
2056 2882 2187 2923 ocu-
2290 2877 2449 2933 mum
2478 2877 2678 2949 laquei,
2708 2875 2913 2932 Oculus
2930 2874 3237 2932 meretricis
3252 2874 3482 2945 laqueus
3504 2868 3738 2929 amatoris
3754 2874 3832 2922 est.

583 2962 654 3018 lis
683 2972 972 3029 occurrat,
1006 2962 1237 3033 nuptiali
1262 2962 1533 3018 velamine
1549 2969 1689 3017 tecta
1720 2962 1825 3028 sit;
1859 2977 1928 3017 ne
1963 2962 2051 3018 vel
2077 2961 2185 3017 for—
2289 2969 2397 3041 Ipsi
2425 2969 2586 3024 nobis
2609 2969 2751 3024 oculi
2783 2968 2954 3024 nostri
2974 2967 3112 3023 retia
3141 2975 3304 3033 sunt;
3349 2976 3407 3022 et
3448 2966 3570 3022 ideo
3617 2963 3834 3031 scriptum

587 3054 737 3110 tuitis
762 3056 1079 3112 occursibus
1122 3064 1303 3126 pateat
1342 3054 1410 3111 ad
1435 3055 1632 3110 vulnus
1660 3055 1745 3111 vel
1790 3056 2027 3111 alienum
2052 3098 2066 3121 ,
2100 3056 2184 3111 vel
2291 3074 2412 3121 est:
2463 3063 2646 3135 Neque
2674 3063 2901 3133 capiaris
2929 3062 3096 3117 oculis
3120 3061 3226 3115 tuis
3273 3058 3467 3131 (Prov.
3498 3075 3572 3127 γι,
3619 3055 3726 3129 9.5).
3751 3049 3835 3123 ipsi

584 3162 741 3203 suum
765 3165 778 3200 :
808 3147 905 3203 sed
934 3156 1226 3218 utrumque
1247 3161 1403 3203 suum
1431 3147 1630 3203 vulnus
1658 3155 1761 3204 est.
1790 3147 1945 3214 Quod
1991 3147 2034 3201 si
2068 3154 2182 3218 teg-
2206 3158 2252 3221 ρ
2287 3157 2443 3212 nobis
2472 3170 2604 3227 ergo
2633 3154 2908 3210 tendimus
2936 3152 3096 3219 retia,
3121 3152 3318 3223 quibus
3347 3150 3673 3208 iuvolvimur
3694 3153 3744 3203 et
3760 3144 3836 3199 im—

584 3239 732 3295 mine
761 3247 925 3309 caput
953 3239 1097 3295 velat
1118 3238 1170 3312 (l
1199 3238 1319 3295 Cor.
1348 3255 1428 3305 χι,
1452 3240 1487 3296 5
1514 3249 1562 3295 et
1584 3241 1745 3321 seq.),A
1763 3256 1831 3295 ne
1863 3249 2067 3296 temere
2095 3249 2187 3294 aut
2287 3247 2576 3318 plicamur.
2596 3245 2704 3317 Ipsi
2722 3246 2878 3301 nobis
2900 3244 3112 3301 vincula
3136 3243 3429 3315 nectimus,
3449 3240 3834 3314 sicutlegimus:

585 3332 856 3400 videatur,
891 3343 987 3389 aut
1025 3333 1211 3390 videat
1240 3333 1389 3405 (dum
1423 3335 1567 3389 enim
1603 3344 1767 3405 caput
1795 3336 2036 3400 velatur,
2065 3335 2180 3389 vul-
2286 3338 2423 3408 Quia
2454 3339 2687 3394 vinculis
2716 3347 3064 3410 peccatorum
3085 3352 3309 3395 suorum
3338 3338 3699 3411 unusquisque
3731 3345 3837 3390 con:

587 3434 673 3484 tus
688 3426 1085 3499 absconditur),
1108 3437 1313 3499 quanto
1336 3428 1509 3499 magis
1531 3428 1714 3483 velare
1740 3443 1801 3485 se
1827 3428 1989 3484 debet
2018 3427 2187 3499 pudo-
2284 3432 2571 3503 stringitur
2598 3431 2782 3504 (Prov.
2807 3449 2883 3499 vt,
2914 3431 2993 3505 2).

586 3520 663 3576 ris
692 3522 933 3592 tegmine
953 3565 968 3589 ,
1011 3533 1070 3577 ut
1096 3520 1262 3577 etiam
1308 3520 1362 3576 in
1393 3521 1613 3592 publico
1636 3521 1833 3577 habeat
1859 3535 2017 3577 suum
2070 3522 2185 3590 ipsa
2358 3526 2447 3581 74.
2479 3525 2550 3581 Et
2580 3525 2704 3581 ideo
2732 3535 3075 3583 transeamus
3103 3526 3283 3597 ignem
3332 3522 3703 3590 adolescentia:
3727 3561 3741 3587 ,
3767 3533 3837 3572 af-

588 3615 900 3671 secretum!
2286 3618 2583 3688 doremque
2604 3618 2864 3688 juvenilis
2914 3619 3128 3675 astatis:
3167 3627 3512 3676 transeamus
3530 3629 3728 3689 aquam,
3752 3624 3837 3667 non

660 3708 750 3764 70.
785 3707 987 3764 Verum
1019 3716 1160 3774 esto,
1193 3705 1447 3763 inciderit
1474 3707 1665 3764 oculus
1689 3750 1703 3775 ,
1742 3708 1837 3763 sed
1869 3722 1977 3765 non
2010 3709 2188 3764 inten—
2286 3725 2670 3782 remaneamus
2699 3711 2752 3765 in
2783 3726 2956 3782 aqua;
2993 3726 3062 3767 ne
3085 3709 3311 3766 ﬂumina
3339 3725 3449 3767 nos
3471 3706 3718 3782 profunda
3735 3717 3839 3759 con-

588 3801 957 3865 datah‘ectus.
990 3801 1109 3858 Non
1137 3802 1285 3858 enim
1330 3801 1534 3858 vidisse
1560 3801 1765 3859 crimen
1792 3816 1877 3858 est
1898 3847 1914 3872 ,
1972 3802 2069 3858 scd
2097 3816 2188 3858 ca—
2286 3780 2596 3859 cludant.“
2582 3780 2948 3859 Transeamus
2974 3803 3145 3872 magis
3169 3843 3185 3868 ,
3240 3812 3298 3857 ut
3340 3812 3395 3859 et
3453 3780 3552 3859 nos
3592 3798 3835 3857 dicamus:

586 3895 823 3951 vendum
852 3910 921 3952 ne
945 3896 1099 3967 origo
1127 3894 1197 3951 sit
1226 3896 1495 3952 criminis.
1531 3895 1689 3952 Videt
1718 3896 1950 3952 carnalis
1972 3896 2182 3964 oculus,
2288 3895 2587 3951 Torrentem
2600 3894 2929 3967 perlransivil
2947 3887 3755 3964 animanostra(Psal.cxxm,5);
3769 3882 3841 3954 qui

590 3984 620 4026 ιι
651 3987 747 4043 sed
772 3998 984 4058 premat
1009 3988 1190 4045 cordis
1219 3990 1431 4057 oculos,
1460 3998 1679 4047 maneat
1711 3991 1907 4047 mentis
1929 4004 2188 4046 verecun-
2289 3990 2431 4047 enim
2463 3989 2695 4055 transit,
2723 3989 2907 4044 salvus
2932 3998 3035 4045 est.
3073 3988 3316 4059 Denique
3344 3988 3604 4044 Dominus
3644 3984 3715 4038 sic
3751 3978 3838 4032 ait:

590 4078 700 4135 dia.
736 4079 1011 4138 Habemus
1058 4082 1322 4138 moralem
1355 4090 1412 4138 et
1448 4082 1818 4153 indulgentem
1852 4084 2183 4150 Dominum;
2291 4085 2352 4140 Si
2395 4094 2631 4139 transeas
2662 4099 2754 4153 per
2782 4098 3002 4154 aquam,
3043 4092 3210 4137 tecum
3247 4100 3361 4137 sum
3388 4124 3405 4150 ,
3437 4082 3650 4154 ﬂumina
3690 4086 3734 4131 te
3758 4086 3839 4127 non

589 4173 733 4230 dixit
761 4173 980 4243 quidem
1011 4174 1310 4246 propheta:
1337 4173 1479 4229 Nolo
1493 4175 1729 4230 intendas
1755 4175 1806 4230 in
1829 4180 2188 4248 formammu-
2290 4177 2596 4234 concludent
2628 4176 2800 4247 (Esai.
2853 4193 2999 4244 xun,
3042 4176 3137 4247 2);
3167 4184 3224 4233 et
3252 4176 3524 4248 Propheta
3565 4172 3715 4232 dicit:
3742 4163 3841 4224 Vidi

591 4265 732 4320 lieris
761 4265 1060 4336 fornicaria:
1083 4282 1103 4331 ;
1133 4264 1229 4319 sed
1256 4274 1436 4320 tamen
1467 4265 1731 4323 Dominus
1757 4267 1921 4322 dixit:
1960 4267 2059 4333 Qui
2108 4270 2185 4322 vi-
2288 4272 2508 4343 impium
2530 4270 2975 4341 supercmallatum
3002 4270 3140 4324 ultra
3164 4251 3345 4325 cedrus
3380 4269 3572 4325 Libani
3595 4283 3615 4323 :
3635 4275 3681 4322 el
3702 4273 3844 4318 trans-

504 4436 511 4441 _
590 4357 724 4412 derit
755 4356 1021 4411 mulierem
1046 4356 1116 4410 ad
1145 4357 1612 4426 concupiscendum
1640 4375 1784 4426 eam,
1823 4363 1939 4431 jam
1993 4359 2187 4416 adulte—
2286 4366 2378 4431 ivi,
2411 4374 2459 4419 et
2486 4381 2603 4421 ecce
2632 4380 2736 4419 non
2761 4374 2874 4419 erat
2901 4363 3083 4437 (Psal.
3139 4381 3307 4421 xxxvi
3329 4408 3345 4434 ,
3375 4365 3469 4433 35,
3518 4363 3629 4434 ‘56).
3678 4353 3842 4414 Transi

589 4449 723 4504 ravit
765 4465 880 4504 eam
907 4448 961 4503 in
994 4448 1146 4503 corde
1186 4463 1281 4502 suo
1310 4446 1491 4520 (Prov.
1537 4466 1586 4515 v,
1644 4450 1727 4523 2).
1775 4451 1892 4507 Non
1923 4452 2061 4508 dixit
2090 4473 2102 4507 :
2130 4455 2186 4511 Si
2290 4457 2594 4522 smcularia,
2634 4455 2652 4495 τ
2683 4465 2738 4513 et
2763 4457 3031 4514 cecidisse
3065 4458 3300 4528 aspicies
3329 4458 3642 4515 altitudines
3681 4448 3846 4521 impio-

591 4542 714 4615 quis
742 4542 961 4608 viderit,
992 4540 1157 4615 409
1182 4540 1536 4610 adulteravit;
1562 4545 1694 4600 sed:
1726 4546 1788 4600 Si
1812 4547 1925 4614 quis
1966 4547 2034 4601 ad
2065 4565 2183 4604 con-
2210 4545 2265 4606 D
2289 4566 2430 4606 rum.
2466 4551 2680 4623 Moyses
2707 4564 2922 4621 quoque
2972 4551 3243 4606 transiens
3292 4550 3572 4607 szccularia
3616 4542 3841 4604 ﬂumina.

586 4634 957 4707 cupiscendum
978 4633 1185 4702 viderit,
1208 4645 1229 4673 ο
1251 4650 1356 4690 non
1380 4646 1658 4705 aspectum
1681 4637 1962 4709 obligavit,
1985 4640 2079 4695 sed
2107 4640 2183 4695 af-
2291 4642 2430 4699 vidit
2456 4636 2629 4698 visum
2658 4656 2933 4713 magnum,
2962 4650 3017 4698 et
3038 4642 3115 4697 ait
3137 4659 3150 4695 :
3173 4641 3452 4698 Transiens
3480 4637 3652 4696 videbo
3679 4638 3765 4690 hoc
3787 4631 3846 4687 vi—

592 4729 789 4784 fectum
805 4727 1072 4799 quaesivit.
1104 4726 1289 4783 Bonus
1321 4736 1501 4783 tamen
1528 4729 1735 4799 pudor,
1765 4730 1855 4801 qui
1882 4732 2027 4807 ipsos
2054 4746 2177 4787 cor-
2291 4752 2404 4789 sum
2437 4733 2633 4809 (Exod.
2692 4751 2770 4803 Ill,
2799 4735 2893 4805 5);
2924 4735 2970 4790 si
2989 4735 3133 4790 etiim
3162 4734 3355 4791 fuisset
3383 4736 3436 4791 in
3473 4729 3709 4805 corporis
3723 4723 3845 4780 vitiis

594 4822 741 4893 poris
766 4821 955 4877 oculos
980 4821 1059 4876 sic
1088 4835 1337 4892 premere
1362 4823 1679 4891 consuevit,
1711 4832 1770 4879 ut
1794 4841 1939 4897 saepe
1968 4841 2073 4881 non
2103 4828 2184 4883 vi-
2292 4838 2346 4885 et
2375 4829 2558 4885 saeculi
2587 4829 2744 4885 istius
2767 4828 2988 4885 lubricis
3007 4828 3377 4900 voluptatibus
3396 4868 3412 4896 ,
3474 4835 3616 4883 tanta
3646 4838 3745 4881 non
3778 4817 3847 4874 vi-

592 4914 818 4970 deamus
844 4914 1009 4969 etiam
1028 4912 1173 4985 quod
1195 4912 1464 4971 videmus.
1485 4916 1695 4971 Etenim
1728 4919 1909 4989 specie
1937 4920 2182 4989 aspicere
2292 4924 2463 4981 disset
2488 4924 2770 4994 mysteria.

590 5011 869 5079 videmur,
900 5008 1159 5082 quidquid
1181 5010 1518 5077 occurrerit;
1544 5011 1640 5068 sed
1668 5013 1715 5067 si
1742 5028 1851 5068 non
1893 5015 2182 5069 misceatur
2363 5018 2453 5074 75.
2475 5017 2842 5074 Transeamus
2864 5031 2995 5091 ergo
3017 5026 3075 5074 et
3105 5031 3205 5073 nos
3226 5017 3402 5090 ignem
3436 5015 3581 5071 hunc
3615 5006 3844 5069 libidinis.

592 5106 761 5162 animi
790 5105 1041 5173 intentio,
1074 5104 1163 5160 hic
1190 5118 1409 5176 quoque
1429 5106 1724 5161 secundum
1748 5107 1928 5163 carnis
1949 5107 2187 5164 officium
2297 5124 2458 5180 quem
2483 5111 2683 5167 timens
2704 5109 2925 5177 Paulus,
2953 5109 3051 5166 sed
3074 5110 3232 5166 nobis
3258 5109 3476 5176 timens,
3494 5106 3586 5179 qui
3608 5101 3847 5172 castigan-

662 5249 690 5317 ξ
727 5238 847 5295 Non
875 5239 1029 5310 pauci
1057 5252 1189 5294 mss.
1224 5247 1290 5317 ut
1309 5253 1412 5292 non
1445 5238 1675 5317 patiatur
1700 5241 1874 5317 anima
1904 5243 2075 5317 carnis
2097 5242 2191 5299 de-
2296 5244 2714 5317 msstomittunt
2734 5244 3011 5317 obligavit;
3040 5243 3184 5301 forte
3209 5259 3318 5301 non
3355 5258 3520 5317 sensu
3546 5239 3812 5317 deteriore;

591 5308 840 5397 bilitatem
864 5304 892 5379 ,’
935 5326 1040 5366 non
1097 5307 1410 5397 accendatur
1445 5304 1636 5364 calore
1670 5314 1923 5383 corporis.
1981 5312 2184 5369 Bonum
2362 5313 2388 5352 ἀ
2429 5315 2556 5371 Mss.
2590 5317 2769 5386 pauci,
2802 5304 3016 5372 eicussa
3039 5326 3215 5384 veste;
3245 5316 3452 5387 quidam
3476 5326 3685 5372 excusso
3718 5304 3844 5362 σαψ

594 5392 692 5531 iul:
722 5392 948 5531 iidvet.
977 5452 1131 5531 _edi_t_.
1163 5465 1227 5507 ac
1256 5465 1391 5507 mss.
1420 5450 1630 5531 aliquot
1655 5494 1669 5518 ,
1688 5523 1701 5531 _
1725 5468 1754 5506 a
1812 5454 2006 5523 quibus
2047 5456 2179 5531 edit.
2292 5395 2552 5512 ωεξηὲἰὲε.
2584 5458 2791 5528 aliquot
2817 5460 2954 5515 satis
2983 5459 3226 5531 probata:
3248 5472 3442 5514 manus
3463 5500 3478 5523 ,
3511 5472 3611 5531 non
3631 5464 3676 5509 te
3700 5448 3844 5504 vincat

594 5524 755 5600 Rom.
777 5523 1031 5600 boc__s_olo
1059 5523 1363 5594 discrepat,
1398 5523 1547 5600 quod
1586 5523 1813 5600 verbum
1843 5537 2045 5581 maneat
2073 5528 2183 5584 non
2285 5531 2455 5600 forma
2472 5523 3237 5600 concupiscentite,etc.lterum
3256 5545 3384 5587 vero
3399 5544 3496 5599 pro
3511 5527 3709 5596 ισᾳυειη
3721 5531 3843 5571 ama‘

593 5594 1116 5677 retinuit;_aliit_nss.,
1126 5602 1330 5677 premat
1345 5595 1574 5666 corporis
1590 5595 1763 5677 oculos
1776 5611 1985 5677 manens
2001 5601 2184 5654 mentis
2285 5594 2411 5677 ioris
2434 5614 2601 5677 ζἰιοιι
2633 5594 2797 5677 pauci
2825 5594 3008 5675 legunt
3029 5602 3241 5671 laqueus
3273 5594 3485 5677 amoris.
3765 5655 3820 5677 id,

593 5665 943 5745 verecundia:
971 5666 1025 5720 in
1051 5665 1370 5745 quihusdam
1393 5665 1570 5745 autem
1600 5666 1897 5745 nihilsani.
1966 5739 1976 5745 _
2324 5743 2332 5745 _
2365 5673 2382 5707 τ
2434 5665 2687 5727 Nonnulli
2714 5665 2908 5742 mss.,'
2930 5686 2978 5729 et
3000 5665 3196 5728 omnem
3230 5673 3445 5745 gloriam
3464 5667 3700 5725 cecidisse
3724 5671 3845 5727 σερε·

671 5746 691 5769 θ
733 5734 951 5791 Amcrh.
983 5746 1036 5791 et
1066 5738 1214 5790 bras.
1242 5752 1365 5792 cum
1393 5738 1577 5795 multis
1606 5754 1704 5795 ncc
1736 5738 2009 5796 inferioris
2039 5750 2181 5797 nota:
2286 5743 2387 5799 cies
2413 5745 2709 5812 impiorum.
