3946 6180
212 205 290 262 489

211 415 306 480 sibi,
329 416 431 472 dicit
457 417 647 473 nobis:
673 414 858 489 Fugite
879 417 1274 488 fornicationem
1300 417 1352 488 (I
1375 416 1496 472 Cor.
1516 435 1592 483 γι,
1613 419 1729 486 18).

211 509 434 581 Fugiamus
459 526 591 581 ergo
623 519 892 581 tamquam
916 518 1266 581 sequentem,
1317 525 1438 582 qua:
1469 527 1576 566 nou
1611 519 1733 580 post

209 622 300 671 uos,
324 604 401 659 sed
425 604 474 660 in
500 604 655 660 nobis
676 605 919 674 sequitur
941 605 1329 676 nosmetipsos.
1379 604 1525 675 Ergo
1547 603 1732 659 videa—

207 712 302 752 mus
330 696 622 768 diligenter,
665 711 732 751 ne
758 698 886 750 dum
920 695 1065 751 illam
1122 696 1395 766 fugimus,
1451 697 1731 752 uobiscum

203 807 297 846 eam
321 799 592 861 portemus.
648 790 916 846 Volumus
947 793 1091 846 enim
1135 791 1458 862 plerumque
1503 793 1728 862 fugere,

199 886 278 942 sed
301 885 338 942 si
363 901 450 942 non
475 886 689 956 penitus
717 901 837 940 eaut
884 885 954 940 de
984 894 1173 940 nostro
1198 887 1505 940 excutimus
1525 885 1729 950 animo,

199 979 392 1034 tollimus
419 993 529 1032 eam
555 978 758 1048 magis,
804 991 965 1048 quam
1007 976 1386 1047 relinquimus.
1440 977 1737 1033 Transilia-

195 1085 573 1140 musergoeam,
606 1084 675 1126 ue
704 1069 864 1125 nobis
890 1068 1140 1126 dicatur:
1193 1069 1468 1124 Ambulate
1521 1072 1572 1124 in
1620 1071 1737 1140 igne

190 1166 383 1232 ﬂamma:
407 1172 596 1230 vestris,
632 1179 782 1232 quem
805 1163 1118 1219 accendistis
1154 1165 1295 1218 vobis
1328 1163 1499 1234 (Esai.
1533 1181 1584 1225 ι..
1621 1165 1731 1234 Η).

188 1255 416 1324 Quoniam
444 1255 581 1310 sicut
599 1253 692 1310 ille
720 1255 810 1324 qui
838 1255 1020 1326 alligat
1043 1255 1214 1326 ignem
1240 1256 1293 1309 in
1320 1256 1737 1310 sinu.vestimen~

187 1346 478 1402 tacomburit
523 1345 712 1419 (Prov.
742 1361 817 1413 vt,
874 1346 1107 1417 27);sic
1149 1347 1242 1417 qui
1275 1346 1519 1402 ambulat
1572 1362 1738 1416 super

183 1439 362 1510 ignem,
390 1437 546 1509 pedes
572 1437 858 1494 comburat
890 1453 1120 1494 necesse
1160 1447 1274 1503 est;
1307 1439 1562 1508 quoniam
1603 1439 1738 1494 scri-

184 1539 315 1603 ptum
337 1540 437 1586 est:
469 1531 763 1585 Ambulabit
785 1531 900 1601 quis
925 1547 1081 1600 super
1108 1531 1352 1586 carbones
1397 1531 1552 1603 ignis,
1586 1531 1738 1602 pedes

183 1633 330 1679 autem
350 1639 442 1677 non
463 1621 719 1677 comburat
749 1620 932 1692 (Prov.
963 1638 1004 1684 t,
1033 1620 1168 1693 28)?

1353 210 1440 265 DE
1479 210 1927 272 ΡωΝΙΤΕΝΤΙΑ
1965 212 2097 268 LIB.
2141 215 2178 267 Ι.

212 322 264 378 do
281 337 435 390 corpus
459 338 645 387 suum,
677 325 869 379 fecerat
903 334 960 378 ut
983 323 1097 392 jam
1139 323 1304 401 410
1348 340 1456 379 non
1515 325 1732 381 timeret
1759 332 1811 391 Α
1906 327 2101 396 spiritu
2133 329 2568 384 mansuetudinis
2597 333 2763 384 doctt.
2799 334 3236 400 Sequestraudum
3265 339 3438 408 gravi-

3329 225 3435 280 490

1907 430 1985 472 ter
2011 420 2239 490 lapsum,
2263 420 2354 473 sed
2379 437 2498 474 eum
2520 422 2757 492 Apostoli
2780 423 3014 493 exemplo
3033 427 3193 478 sacris
3216 429 3438 482 redden-

1907 511 2051 575 dum,
2091 510 2174 563 ubi
2199 511 2299 580 pia:
2329 511 2488 581 plebis
2535 513 2767 568 oratione
2795 525 2950 585 atque
2997 517 3242 587 lacrgmis
3279 521 3436 589 fuerit

1903 602 2158 667 expiatus.
2183 599 2485 675 Expurgari
2522 613 2662 657 vetus
2714 607 3061 673 fermentum,
3093 624 3210 662 cum
3252 610 3439 666 littera:

1907 694 2119 748 durities
2166 694 2419 748 mollioris
2471 696 2834 763 explicationis
2879 699 3053 769 farina
3097 709 3434 770 temperatur.

1911 782 2185 850 Quomodo
2233 781 2486 838 Ecclesia:
2509 785 2686 854 farina
2715 801 2890 841 ontnes
2916 794 3186 862 conspergi
3222 809 3284 845 ac
3324 794 3439 848 cibo

1908 871 2175 927 charitatis
2226 875 2370 941 pasci
2403 875 2659 940 debeant;
2710 893 2773 930 ne
2799 878 2991 932 similes
3031 881 3252 935 evadant
3277 884 3443 938 invidi

1909 965 2052 1019 illius
2077 966 2275 1036 fratris,
2302 984 2449 1038 quem
2467 969 2780 1024 cumulantur
2803 968 3342 1045 Novatiani,quorum
3364 987 3444 1032 tu-

1911 1076 2022 1113 mor
2042 1060 2150 1114 illic
2179 1070 2408 1114 notatur.

1913 1174 2000 1229 78.
2029 1173 2210 1229 Bonus
2239 1175 2419 1244 itaque
2439 1175 2632 1232 doctor
2660 1178 2786 1232 dum
2824 1180 3095 1249 promittit
3117 1181 3350 1237 alterum
3373 1184 3443 1239 de

1839 1268 2050 1323 duobus
2079 1309 2094 1334 ,
2129 1277 2419 1338 utrumque
2455 1269 2696 1324 donavit.
2734 1270 2893 1325 Venit
2937 1273 2989 1326 in
3020 1273 3206 1343 virga,
3257 1276 3385 1345 quia
3413 1293 3444 1328 ιι

1840 1359 2230 1415 communione
2257 1375 2409 1415 sacra
2443 1363 2750 1416 convictqu
2799 1365 3047 1418 removit.
3095 1367 3161 1420 Et
3193 1367 3333 1423 bene
3361 1369 3444 1423 di-

1841 1453 1980 1507 citur
2004 1452 2142 1506 tradi
2173 1461 2397 1518 satanat,
2429 1453 2523 1523 qui
2551 1465 2838 1523 separatur
2867 1470 2896 1508 a
2945 1455 3152 1512 Christi
3184 1474 3437 1529 corpore.

1843 1546 2007 1602 Venit
2038 1545 2198 1618 511
2229 1546 2394 1602 etiam
2420 1547 2474 1602 in
2500 1547 2789 1614 charitate,
2811 1549 3112 1620 spirituque
3130 1564 3448 1608 mansuetu-

1843 1639 2008 1704 dinis,
2040 1641 2127 1694 vel
2156 1639 2280 1709 quia
2306 1639 2385 1695 sic
2414 1639 2658 1708 tradidit,
2693 1651 2751 1694 ut
2778 1640 3026 1710 spiritum
3065 1642 3186 1713 ejus
3232 1644 3447 1700 salvum

242 1717 322 1771 76.
351 1714 530 1770 Gravis
562 1714 702 1785 ignis
730 1722 844 1779 est,
868 1723 924 1768 et
955 1715 1077 1769 ideo
1129 1729 1238 1770 non
1269 1715 1465 1770 demus
1511 1716 1587 1770 illi
1634 1716 1734 1770 ali-

1876 1740 2059 1798 tceret,
2089 1731 2176 1786 vel
2199 1732 2324 1802 quia
2343 1747 2467 1786 eum
2483 1747 2644 1801 quem
2660 1742 2788 1788 ante
2804 1743 3241 1803 sequestraverat
3257 1746 3449 1807 postea

180 1819 345 1863 menta
382 1806 622 1861 luxurias.
654 1805 905 1860 Pascitur
959 1804 1130 1860 libido
1152 1807 1414 1861 conviviis
1435 1847 1450 1869 ,
1505 1807 1742 1862 ntttritur

177 1879 386 1966 deliciis,
408 1901 527 1954 vino
555 1898 896 1963 accenditur,
913 1898 1182 1955 ebrietate
1206 1899 1591 1954 inflammatur.
1609 1897 1744 1954 Gra-

175 1998 308 2050 viora
335 1994 413 2048 his
438 2001 564 2049 sunt
586 1993 824 2048 fomenta
856 1993 1171 2060 verborum,
1205 2008 1326 2064 qua:
1357 1993 1484 2047 viuo
1507 1991 1742 2063 quodam

175 2086 521 2144 Sodomitauae
542 2085 671 2140 vitis
700 2093 937 2140 mentem
961 2084 1254 2140 inebriant.
1311 2085 1612 2141 Caveamus
1662 2093 1744 2139 ta-

173 2196 288 2235 men
313 2189 362 2234 et
386 2176 941 2247 hujusabundantiam
971 2176 1084 2230 viui
1110 2193 1124 2242 ;
1158 2175 1248 2232 ubi
1295 2179 1439 2232 enim
1471 2191 1601 2232 caro
1628 2177 1745 2232 ine-

170 2274 382 2339 hriatur,
417 2286 566 2326 mens
595 2269 821 2336 titubat,
848 2271 1060 2325 animus
1090 2270 1345 2338 vacillat,
1381 2285 1478 2326 cor
1498 2270 1741 2326 ﬂuctuat.

169 2365 230 2421 Et
253 2365 370 2421 ideo
397 2363 458 2418 ad
482 2373 773 2433 utrumque
803 2361 930 2417 utile
962 2370 1294 2432 praeceptum
1317 2371 1403 2416 est
1422 2402 1437 2426 ,
1469 2378 1577 2432 quo
1624 2377 1743 2416 mo-

166 2472 318 2516 netur
342 2457 691 2514 Timotheus:
721 2458 840 2511 vino
864 2457 1067 2512 modico
1094 2466 1239 2511 utere
1257 2467 1475 2527 propter
1505 2459 1748 2528 frequen-

163 2565 233 2610 tes
254 2565 362 2608 luas
384 2553 704 2622 infirmitates
726 2550 782 2623 (1
802 2549 939 2604 Tim.
962 2565 1019 2615 v,
1049 2549 1167 2619 23).
1197 2548 1334 2606 Cum
1360 2550 1500 2606 calet
1525 2564 1744 2620 corpus,

161 2648 322 2702 trahit
342 2661 624 2714 vaporem:
648 2659 771 2698 cum
800 2643 946 2714 alget
976 2642 1153 2698 morbi
1185 2643 1385 2714 frigore
1411 2657 1563 2708 caro,
1591 2644 1750 2700 refri-

155 2749 368 2811 geratur
391 2737 564 2791 anima
588 2745 708 2791 tua:
734 2751 856 2791 cum
879 2735 1033 2791 dolet
1058 2750 1257 2806 corpus
1275 2746 1447 2804 tuum,
1479 2737 1649 2794 tristis
1665 2746 1750 2794 est

153 2849 307 2889 mens
324 2832 544 2900 tua,sed
564 2831 784 2888 tristitia
809 2839 895 2887 tua
917 2831 972 2887 in
990 2831 1246 2904 gaudium
1285 2831 1488 2888 veniet.

227 2947 437 3002 77.Noli
466 2963 600 3020 ergo
632 2947 826 3003 timere
844 2947 894 3003 si
920 2946 1276 3003 manducetur
1302 2961 1434 3003 caro
1457 2947 1751 3016 tua,anima

151 3049 238 3094 tua
278 3054 384 3094 non
410 3039 728 3094 devoratur.
761 3037 891 3094 Ideo
915 3037 1084 3093 David
1115 3052 1225 3094 non
1252 3039 1451 3094 timere
1478 3053 1539 3094 se
1572 3037 1704 3094 dicit
1732 3054 1748 3104 ;

1837 1827 2207 1882 ‘sacramentis
2235 1820 2493 1882 reddidit.

1920 1920 2009 1974 79.
2052 1918 2187 1973 Nam
2223 1928 2280 1974 et
2324 1920 2660 1990 sequestrari
2698 1930 2914 1990 oportet
2950 1925 3190 1992 graviter
3215 1924 3451 1995 lapsum,

1847 2029 1917 2068 ne
1955 2012 2238 2068 modicum
2265 2012 2592 2068 fermentum
2621 2021 2793 2068 totam
2821 2029 3057 2069 massam
3094 2029 3409 2087 corrumpat
3437 2036 3451 2073 :

1847 2118 1903 2164 et
1931 2107 2344 2179 expurgandum
2375 2118 2460 2163 est
2485 2117 2644 2162 vetus
2669 2107 2998 2163 fermentum
3018 2149 3033 2174 ,
3065 2110 3152 2164 vel
3185 2112 3238 2165 in
3269 2113 3456 2183 singu-

1848 2200 1916 2256 lis
1941 2210 2096 2254 vetus
2119 2199 2306 2262 homo,
2337 2198 2441 2254 hoc
2463 2208 2546 2253 est
2576 2240 2588 2263 ,
2637 2199 2879 2254 exterior
2901 2199 3067 2254 homo
3089 2215 3211 2256 cum
3242 2204 3456 2260 actibus

1847 2294 1984 2359 suis,
2016 2292 2102 2347 vel
2149 2293 2201 2346 in
2245 2291 2446 2362 populo
2493 2293 2831 2347 inveteratus
2865 2294 3146 2361 peccatis,
3196 2296 3457 2368 vitiisque

1850 2396 2164 2442 concretus.
2203 2385 2271 2440 Et
2311 2386 2449 2441 bene
2474 2384 2615 2440 dixit
2651 2387 3092 2456 expurgandum,
3151 2405 3256 2442 non
3287 2392 3458 2460 proji-

1849 2479 2132 2535 ciendum:
2156 2477 2306 2548 quod
2325 2477 2468 2532 enim
2489 2487 2842 2548 expurgatur,
2862 2494 2968 2533 nou
2995 2489 3163 2535 totum
3181 2481 3460 2550 judicatur

1849 2572 2076 2636 inutile;
2122 2571 2247 2626 ideo
2264 2571 2408 2626 enim
2441 2579 2722 2640 purgatur,
2749 2581 2805 2626 ut
2828 2571 2963 2626 utile
3002 2573 3070 2626 ab
3093 2572 3272 2628 inutili
3295 2590 3458 2644 sepa-

1850 2671 2028 2718 retur:
2053 2661 2199 2733 quod
2222 2668 2404 2717 autem
2433 2661 2740 2732 projicitur,
2766 2662 2902 2718 nihil
2926 2663 2982 2719 in
3011 2678 3073 2720 se
3091 2665 3224 2721 utile
3255 2664 3461 2723 habere

1852 2756 2113 2812 creditur.

1927 2851 2016 2907 80.
2062 2849 2232 2924 [Alias
2259 2866 2378 2920 cap.
2405 2848 2548 2921 XV.]
2583 2849 2701 2906 Jam
2751 2860 2876 2906 tunc
2905 2851 3070 2922 igitur
3107 2852 3404 2923 Apostolus
3432 2866 3456 2891 υ

1856 2941 2194 2997 reddendum
2226 2941 2584 2998 sacramentis
2609 2941 2880 3009 judicavit
2899 2944 3236 3011 cmlestihus,
3260 2947 3306 3000 si
3336 2963 3462 3016 pur-

1857 3033 1974 3104 gari
1997 3048 2056 3088 se
2087 3034 2205 3104 ipse
2247 3034 2435 3112 vellet.
2485 3033 2554 3087 Et
2605 3033 2747 3089 bene
2786 3035 2906 3089 ait:
2937 3035 3273 3108 Expurgate;
3311 3039 3463 3094 velut

148 3134 275 3202 quia
304 3145 526 3186 carnem
557 3130 814 3200 ejus,non
845 3130 1082 3185 animam
1102 3129 1309 3185 inimici
1330 3128 1587 3195 edebant,
1610 3129 1752 3186 sicut
1777 3113 1820 3174 C
1853 3125 2000 3182 enim
2026 3125 2282 3195 operibus
2303 3125 2623 3196 quibusdam
2666 3127 2833 3183 totius
2862 3129 3048 3198 populi
3077 3139 3340 3200 purgatur
3360 3173 3374 3194 .
3409 3145 3466 3188 et

143 3222 408 3294 legimus:
437 3220 579 3276 Dum
605 3221 1025 3294 appropinquant
1047 3237 1206 3292 super
1235 3237 1314 3276 me
1364 3231 1603 3276 nocentes
1630 3263 1644 3288 ,
1693 3230 1750 3277 ut

141 3315 301 3369 edant
324 3330 509 3369 carnes
537 3329 678 3368 meas
701 3329 720 3367 :
766 3314 852 3381 qui
881 3312 1132 3366 tribulant
1156 3329 1236 3368 me
1256 3313 1453 3366 inimici
1474 3314 1576 3368 mei
1602 3354 1618 3380 ,
1651 3314 1752 3383 ipsi

136 3409 401 3478 inﬁrmati
428 3416 568 3472 sunt,
602 3415 650 3460 et
673 3405 966 3460 ceciderunt
989 3404 1166 3470 (Psal.
1199 3421 1350 3467 xxvn,
1381 3405 1461 3476 2).
1517 3405 1751 3461 Ruinam

137 3503 310 3574 igitur
337 3502 519 3557 solam
551 3498 685 3555 facit
710 3499 814 3553 sibi
844 3513 1114 3569 serpens;
1148 3497 1272 3554 ideo
1301 3498 1546 3569 serpenti
1582 3498 1751 3553 tradi-

132 3609 250 3661 tur,
276 3597 374 3668 qui
409 3611 441 3650 a
464 3605 719 3665 serpente
738 3593 904 3650 elisus
924 3603 1047 3658 est;
1077 3601 1136 3648 ut
1161 3608 1320 3661 quem
1355 3592 1578 3661 dejecit,
1611 3591 1756 3649 hunc

131 3692 360 3760 erigat:
401 3696 463 3744 et
493 3687 586 3742 fiat
617 3687 769 3742 ruina
798 3687 1071 3756 serpentis
1116 3684 1354 3740 hominis
1401 3684 1751 3740 resurrectio.

125 3785 402 3841 Satanam
426 3794 611 3838 autem
651 3781 949 3852 corporalis
979 3781 1139 3851 hujus
1169 3781 1517 3836 contritionis
1553 3790 1608 3837 et
1639 3795 1757 3836 car-

122 3879 281 3934 nalis
311 3886 612 3933 auctorem
643 3875 940 3931 debilitatis
970 3875 1255 3946 Scriptura
1281 3875 1558 3940 osteudit,
1591 3875 1760 3930 Paulo

121 3973 402 4028 dicente:
444 3970 613 4025 Datus
651 3978 724 4023 est
751 3961 882 4023 mihi
901 3968 1142 4023 stimulus
1164 3969 1336 4023 carnis
1377 3983 1503 4023 mete
1543 3967 1762 4040 angelus

119 4065 383 4131 Satance,
409 4063 505 4132 qui
557 4077 637 4116 me
674 4059 988 4130 colaphiset,
1037 4069 1092 4114 ut
1144 4075 1246 4114 non
1269 4059 1495 4114 extollar
1529 4057 1612 4129 (ll
1637 4055 1758 4113 Cor.

112 4174 199 4214 xu
221 4201 237 4220 ,
276 4157 363 4226 7).
405 4155 505 4212 Sic
535 4166 669 4224 ergo
695 4168 887 4208 curare
929 4151 1134 4209 Paulus
1163 4151 1376 4221 didicit,
1407 4151 1763 4224 quemadmo-

110 4249 258 4304 dum
297 4250 436 4319 ipse
479 4252 706 4304 sanatus
734 4254 838 4302 est.

767 4379 996 4437 CAPUT
1036 4378 1153 4436 XV.

1858 3220 2029 3290 plebis
2054 3220 2307 3292 lacrymis
2334 3219 2604 3282 abluitur.
2636 3221 2727 3290 qui
2761 3222 3101 3278 orationibus
3139 3233 3194 3278 et
3241 3224 3464 3280 ﬂetibus

1859 3313 2033 3382 plebis
2064 3312 2349 3369 redimitur
2376 3328 2404 3367 a
2454 3323 2677 3382 peccato
2697 3354 2713 3380 ,
2744 3323 2799 3369 et
2828 3314 2880 3368 in
2914 3313 3136 3371 homine
3171 3317 3468 3374 mundatur

1858 3407 2140 3464 interiore.
2174 3408 2407 3464 Donavit
2435 3409 2584 3462 enim
2634 3407 2887 3465 Christus
2925 3409 3186 3467 Ecclesiae
3217 3427 3350 3482 suae,
3407 3424 3468 3470 ut

1858 3517 2026 3557 unum
2059 3516 2152 3571 per
2183 3516 2376 3557 omnes
2406 3501 2742 3570 redimeret,
2779 3518 2900 3573 quae
2926 3503 3143 3560 Domini
3175 3506 3306 3561 Jcsu
3353 3525 3468 3565 mc-

1861 3593 1971 3650 ruit
1993 3594 2313 3660 adventum,
2345 3602 2405 3650 ut
2431 3608 2532 3664 per
2553 3611 2718 3649 unum
2741 3611 2934 3650 omnes
2960 3597 3389 3654 redimerentur.

1931 3687 2024 3742 8i.
2059 3685 2159 3741 Hic
2181 3701 2376 3742 sensus
2398 3685 2548 3740 Pauli
2574 3696 2680 3752 est,
2708 3690 2869 3757 (item
2903 3688 3069 3744 verba
3092 3690 3464 3747 obscurioretu

1863 3777 2086 3832 faciunt.
2116 3775 2544 3833 Consideremus
2590 3777 2765 3846 ipsum
2815 3764 3068 3847 'Apostoli
3091 3763 3422 3838 sermonem
3452 3803 3464 3838 :

1867 3867 2209 3938 Expurgate,
2248 3867 2453 3936 inquit,
2509 3875 2650 3921 vetus
2691 3871 3034 3937 fermentum;
3076 3880 3130 3924 ut
3184 3873 3294 3929 sitis
3340 3893 3473 3932 nova

1867 3962 2189 4034 conspersio,
2239 3961 2371 4016 sicut
2417 3959 2536 4015 estis
2557 3961 2729 4030 asymi
2760 3959 2814 4030 (ι
2837 3959 2960 4015 Cor.
2980 3977 3032 4027 v,
3065 3962 3140 4033 7).
3174 3966 3300 4023 Sive
3325 3970 3470 4038 quod

1869 4061 1978 4109 tota
2011 4053 2253 4108 Ecclesia
2284 4050 2546 4120 suscipiat
2584 4066 2722 4106 onus
2752 4053 3075 4122 peccatoris,
3115 4053 3203 4110 cui
3251 4072 3472 4128 compa-

1869 4144 2113 4200 tiendum
2140 4152 2197 4200 et
2217 4145 2368 4212 netu,
2393 4153 2448 4199 et
2474 4143 2746 4211 oratione,
2787 4153 2844 4200 et
2868 4143 3062 4202 dolore
3090 4156 3176 4203 est
3203 4165 3215 4202 :
3240 4158 3295 4204 et
3316 4155 3470 4220 quasi

1869 4238 2141 4294 fermento
2166 4237 2287 4308 ejus
2313 4251 2372 4293 se
2401 4245 2568 4292 totam
2597 4246 2954 4309 conspergat;
2978 4247 3039 4294 ut
3076 4255 3171 4310 per
3195 4241 3476 4301 universos

1871 4344 1935 4387 ea
1953 4343 2074 4399 qua:
2098 4327 2371 4399 superﬂua
2399 4325 2564 4384 suntb
2588 4327 2640 4382 in
2658 4327 2842 4399 aliquo
2861 4329 3234 4400 paenitentiam
3256 4342 3472 4404 agente,

1879 4434 1902 4463 ο
1935 4422 2109 4479 virilis
2141 4422 2531 4479 misericordias
2562 4430 2654 4476 aut
2695 4423 3094 4492 compassionis
3128 4426 3274 4481 velut
3312 4427 3477 4484 colla-

97 4517 373 4574 Rediens
405 4533 443 4570 a
474 4514 818 4587 digressione,
842 4512 968 4584 quid
1005 4512 1072 4567 sit
1097 4513 1270 4567 venire
1296 4511 1370 4574 in.
1396 4510 1546 4582 virga
1597 4510 1678 4567 vel
1711 4509 1765 4567 in
1790 4500 1844 4561 Ι)
1872 4514 1979 4570 tiva
2008 4513 2242 4585 quadam
2259 4513 2619 4582 admixtione,
2652 4523 2972 4585 purgentur.
3004 4514 3131 4571 Sive
3156 4525 3216 4571 ut
3240 4517 3330 4573 illa
3359 4535 3475 4576 mu-

183 4663 211 4689 η
241 4653 334 4707 Ita
365 4651 547 4705 Rom.
575 4647 712 4702 edit.
741 4660 804 4699 ac
829 4658 959 4698 mss.
985 4655 1178 4698 omnes
1207 4657 1220 4694 :
1251 4650 1305 4694 at
1335 4648 1445 4694 vet.
1471 4638 1602 4694 edit.
1629 4638 1774 4694 male

83 4724 538 4794 pracfereliaut
556 4759 572 4784 ,
597 4715 895 4794 addendum
918 4713 1283 4794 sacramentis;
1305 4720 1365 4794 et
1383 4709 1553 4794 nihilo
1579 4711 1773 4794 melius

77 4781 212 4849 itit.
273 4793 490 4848 Paris.
548 4781 863 4843 credendum
917 4784 1281 4839 sacramentis.
1329 4782 1599 4837 Cancrum
1645 4781 1777 4835 Aut-

71 4866 363 4924 brosius
411 4878 552 4916 cum
599 4863 651 4913 in
686 4859 810 4913 aliis
846 4857 962 4911 suis
991 4857 1180 4918 libris,
1207 4863 1318 4908 tum
1353 4855 1407 4907 in
1433 4851 1520 4906 his
1549 4852 1775 4924 p0tissi7

64 4921 261 4992 sinsin
303 4929 962 5005 graviorumcrimiuum
980 4943 1104 5005 [eos
1134 4936 1240 5005 tam
1273 4925 1590 4994 frequenter
1619 4933 1671 4977 ut
1705 4921 1773 4976 ad

63 4997 413 5065 Ecclesia:
445 5005 959 5073 universorumque
975 4997 1405 5073 Christianorum
1427 5008 1615 5063 preces
1644 5009 1776 5073 cou-

54 5080 367 5150 l’ugians,
402 5080 712 5150 Ahortatu‘r,
763 5081 824 5127 ut
858 5066 1179 5150 ambiguum.
1202 5066 1392 5148 haberi
1438 5079 1546 5120 non
1558 5066 1772 5150 "possit,

51 5133 234 5222 ad“...
275 5133 590 5222 su'ﬂ'ragia
631 5133 726 5222 illa
756 5157 864 5196 non
885 5133 1083 5222 fecerit
1108 5138 1338 5222 minoris
1368 5133 1776 5222 qu:tn_tn'l‘ertull:

45 5205 290 5277 [ianus
319 5238 338 5272 :
383 5205 569 5287 cujus
601 5229 662 5269 ea
696 5213 858 5287 dere
885 5213 982 5266 lib.
1015 5210 1085 5266 de
1108 5209 1308 5264 Posuit.
1343 5206 1582 5287 capulo,
1606 5205 1776 5287 verba

41 5274 177 5349 ἤια
215 5274 390 5346 Sunt
431 5307 450 5343 :
473 5274 618 5342 'Cum
641 5295 690 5358 te
715 5285 784 5338 ad
817 5287 1038 5354 fratrum
1067 5296 1234 5350 genua
1261 5274 1550 5358 protendis,
1600 5274 1778 5331 Chris-

37 5375 203 5419 tum
227 5368 609 5423 contrectas,
638 5349 901 5412 Christum
928 5349 1114 5409 exoras
1145 5367 1163 5405 :
1203 5349 1345 5421 teque
1366 5349 1598 5423 illicum
1626 5361 1780 5414 super

35 5417 111 5491 te
193 5436 537 5503 lacrymas
583 5417 1067 5503 agunt,__(.'ltristus
1090 5417 1309 5494 patitur,
1352 5417 1588 5502 Christus
1615 5425 1782 5503 pilata

32 5486 492 5566 visluerai'ur,
549 5486 658 5556 etc.
707 5486 916 5565 Quibus
962 5486 1144 5549 autem
1196 5486 1790 5566 ceremouiispublicse

21 5577 191 5633 illae
223 5561 490 5645 preces
512 5587 579 5627 ac
603 5561 858 5641 lacrimas
882 5563 1392 5645 propmnitcntibus
1411 5561 1790 5645 funderentur,

22 5630 292 5704 aisais
365 5630 635 5700 istarum
666 5630 848 5696 rerum
877 5630 1161 5694 studiosus
1207 5635 1275 5690 ab
1302 5641 1529 5688 auctore
1556 5630 1792 5704 Constit.

25 5696 636 5794 Ξρἶέὶῦιξῖὧζίι,
657 5726 784 5782 cap.
813 5711 882 5766 18
899 5751 915 5777 ,
937 5720 994 5766 et
1021 5708 1258 5766 maxime
1283 5704 1382 5762 lib.
1409 5717 1504 5760 vut
1526 5741 1544 5772 ,
1573 5713 1696 5771 cap.
1720 5696 1794 5768 9;

587 5807 871 5872 Pax-nos.
920 5801 1094 5868 XVI.

1877 4641 2009 4696 item
2035 4656 2066 4696 e
2103 4639 2271 4696 Cone.
2296 4709 2301 4710 ί
2327 4638 2551 4693 Laodic.
2605 4639 2911 4710 canon‘l9;
2944 4640 3143 4710 quibus
3193 4642 3238 4698 si
3265 4644 3484 4704 libuerit

1877 4711 2118 4782 adjicere
2141 4727 2260 4780 qua:
2273 4709 2343 4782 de
2357 4710 2585 4782 Itoc_r_itu
2606 4709 2747 4782 apud
2769 4706 3214 4782 Chrysostomum
3238 4716 3384 4771 hom.
3410 4719 3480 4774 72

1877 4784 1930 4835 in
1946 4777 2189 4852 'Mattltf,
2205 4790 2269 4852 et
2280 4780 2433 4852 718_in
2451 4779 2506 4852 ll
2523 4777 2588 4832 ad
2611 4779 2856 4833 Corinth.
2884 4777 3068 4852 legere
3095 4792 3198 4849 est,
3227 4787 3477 4844 eumdem

1878 4852 1931 4907 in
1959 4851 2213 4907 orientali
2252 4849 2511 4924 Ecclesia
2531 4856 2820 4924 receptum
2843 4862 2898 4905 et
2934 4849 3279 4924 communem
3313 4855 3482 4924 fuisse

1876 4931 2215 4996 compertum
2243 4919 2375 4996 lie_t._
2406 4918 2514 4996 sed
2563 4919 2616 4972 itt
2667 4919 2993 4996 occidentali
3036 4939 3256 4996 quoque
3297 4918 3476 4996 ipsum

1878 4990 2015 5048 tton'
2042 4991 2223 5046 minus
2267 4990 2572 5045 obtinuisse
2613 4999 2811 5057 praeter
2849 4990 3074 5046 citatum
3130 4990 3480 5057 Ambrosium

1880 5063 2047 5138 variis
2077 5062 2235 5128 locis,
2266 5060 2560 5138 Pacianum
2583 5060 2812 5115 Exhort.
2844 5063 2909 5138 ad
2933 5063 3130 5120 Pmnil.
3154 5075 3224 5138 get
3254 5070 3419 5138 epist.
3452 5075 3477 5127 1

1881 5134 1948 5189 ad
1979 5135 2274 5205 Symprou.
2307 5140 2362 5186 et
2387 5131 2546 5205 alios,
2601 5140 2769 5205 testes
2795 5133 2959 5205 etiam
2989 5141 3119 5189 sunt
3143 5131 3485 5199 Sozoinenus

1881 5205 1978 5284 lib.
2011 5201 2528 5284 vt17_llist._ca_p.j_(i,
2583 5211 2639 5257 et
2663 5201 2812 5284 Ordo
2838 5203 3116 5284 Romanus
3153 5223 3222 5284 eo
3249 5209 3354 5284 loci
3380 5229 3489 5284 quo

1885 5276 2250 5331 absolutionis
2269 5273 2417 5330 feria:
2433 5275 2467 5330 5
2490 5273 2545 5327 in
2561 5288 2716 5328 omna
2743 5273 2957 5330 Domini
2975 5278 3117 5330 ratio
3136 5273 3486 5341 describitur.

1956 5346 1984 5385 ι’
2024 5345 2254 5419 Quidam
2287 5361 2446 5411 mss.,
2480 5345 2533 5398 in
2555 5345 2728 5419 aliqua
2756 5346 3056 5419 patientiam
3083 5360 3283 5419 agente.

1967 5430 1987 5457 ο
2032 5418 2295 5473 Erasmus
2322 5425 2379 5471 et
2397 5431 2514 5483 seq.
2541 5415 2700 5495 edit.,
2725 5416 2915 5495 viritim
2942 5415 3490 5495 misericordice.0pti-

1893 5504 1983 5544 me
2011 5503 2144 5543 sane
2185 5498 2240 5542 et
2267 5486 2681 5556 accommodate
2723 5485 2790 5540 ad
2823 5486 2947 5541 illas
3004 5503 3205 5556 voces,
3247 5485 3490 5551 collaiiva

1895 5562 2121 5628 quadam
2159 5558 2507 5620 admixtione;
2547 5555 2629 5608 his
2662 5557 2807 5610 enim
2842 5572 2949 5612 non
2977 5555 3201 5615 dubium
3234 5575 3317 5620 est
3343 5567 3494 5623 aliud

1898 5630 1985 5705 ad
2021 5629 2458 5705 laudatissjmum
2491 5627 2636 5680 hunc
2681 5638 2926 5705 veterum
2977 5647 3208 5705 morem,
3239 5650 3348 5705 quo
3367 5650 3492 5695 cum

1899 5702 2167 5776 quispiam
2189 5699 2490 5757 amicorum
2513 5710 2641 5754 casu
2669 5698 2850 5772 aliquo
2877 5701 3032 5756 bouis
3055 5698 3277 5764 eversus
3295 5707 3498 5783 fuerat,

2976 5794 3052 5860 16
