  <div class='ocr_page' id='page_1' title='image "/cluster/home/n/w/nwhite01/storage/ocr_20150623/16/uva.x000826550/255.png"; bbox 0 0 3946 6180; ppageno 0'>
   <div class='ocr_carea' id='block_1_1' title="bbox 500 250 608 304">
    <p class='ocr_par' dir='ltr' id='par_1_1' title="bbox 500 250 608 304">
     <span class='ocr_line' id='line_1_1' title="bbox 500 250 608 304; baseline 0 0"><span class='ocrx_word' id='word_1_1' title='bbox 500 250 608 304; x_wconf 76' lang='grc'><strong><em>495</em></strong></span> 
     </span>
    </p>
   </div>
   <div class='ocr_carea' id='block_1_2' title="bbox 1871 248 2477 308">
    <p class='ocr_par' dir='ltr' id='par_1_2' title="bbox 1871 248 2477 308">
     <span class='ocr_line' id='line_1_2' title="bbox 1871 248 2477 308; baseline 0.005 -3"><span class='ocrx_word' id='word_1_2' title='bbox 1871 248 2117 306; x_wconf 66' lang='lat' dir='ltr'><strong><em>SANCTI</em></strong></span> <span class='ocrx_word' id='word_1_3' title='bbox 2155 250 2477 308; x_wconf 74' lang='lat' dir='ltr'><strong><em>AMBROSII</em></strong></span> 
     </span>
    </p>
   </div>
   <div class='ocr_carea' id='block_1_3' title="bbox 3701 254 3808 311">
    <p class='ocr_par' dir='ltr' id='par_1_3' title="bbox 3701 254 3808 311">
     <span class='ocr_line' id='line_1_3' title="bbox 3701 254 3808 311; baseline -0.019 0"><span class='ocrx_word' id='word_1_4' title='bbox 3701 254 3808 311; x_wconf 72' lang='grc'><strong><em>496</em></strong></span> 
     </span>
    </p>
   </div>
   <div class='ocr_carea' id='block_1_4' title="bbox 571 366 3803 441">
    <p class='ocr_par' dir='ltr' id='par_1_4' title="bbox 571 366 3803 441">
     <span class='ocr_line' id='line_1_4' title="bbox 571 366 3803 441; baseline 0.002 -22"><span class='ocrx_word' id='word_1_5' title='bbox 571 367 1050 434; x_wconf 82' lang='lat' dir='ltr'><strong><em>astruitur.Quibus</em></strong></span> <span class='ocrx_word' id='word_1_6' title='bbox 1077 366 1289 418; x_wconf 88' lang='lat' dir='ltr'><strong><em>additur</em></strong></span> <span class='ocrx_word' id='word_1_7' title='bbox 1308 380 1408 419; x_wconf 90' lang='lat' dir='ltr'><strong><em>non</em></strong></span> <span class='ocrx_word' id='word_1_8' title='bbox 1431 366 1846 427; x_wconf 71' lang='lat' dir='ltr'><strong><em>destructionem,</em></strong></span> <span class='ocrx_word' id='word_1_9' title='bbox 1866 369 1958 422; x_wconf 90' lang='lat' dir='ltr'><strong><em>sed</em></strong></span> <span class='ocrx_word' id='word_1_10' title='bbox 1986 385 2103 422; x_wconf 84' lang='lat' dir='ltr'><strong><em>cas-</em></strong></span> <span class='ocrx_word' id='word_1_11' title='bbox 2135 373 2182 431; x_wconf 79' lang='grc' dir='ltr'><strong>Α</strong></span> <span class='ocrx_word' id='word_1_12' title='bbox 2211 373 2368 426; x_wconf 80' lang='lat' dir='ltr'><strong><em>curiis</em></strong></span> <span class='ocrx_word' id='word_1_13' title='bbox 2395 371 2552 440; x_wconf 84' lang='lat' dir='ltr'><strong><em>hujus</em></strong></span> <span class='ocrx_word' id='word_1_14' title='bbox 2579 371 2794 441; x_wconf 89' lang='lat' dir='ltr'><strong><em>mundi(</em></strong></span> <span class='ocrx_word' id='word_1_15' title='bbox 2819 371 2840 426; x_wconf 86' lang='grc' dir='ltr'>Ι</span> <span class='ocrx_word' id='word_1_16' title='bbox 2865 372 2986 425; x_wconf 78' lang='lat' dir='ltr'><strong><em>Cor.</em></strong></span> <span class='ocrx_word' id='word_1_17' title='bbox 3006 387 3060 434; x_wconf 88' lang='lat' dir='ltr'><strong><em>v,</em></strong></span> <span class='ocrx_word' id='word_1_18' title='bbox 3091 376 3122 425; x_wconf 83' lang='lat'><strong>9</strong></span> <span class='ocrx_word' id='word_1_19' title='bbox 3147 377 3185 440; x_wconf 82' lang='grc'><strong><em>).</em></strong></span> <span class='ocrx_word' id='word_1_20' title='bbox 3226 374 3290 426; x_wconf 78' lang='lat' dir='ltr'><strong><em>Et</em></strong></span> <span class='ocrx_word' id='word_1_21' title='bbox 3324 374 3459 426; x_wconf 86' lang='lat' dir='ltr'><strong><em>infra</em></strong></span> <span class='ocrx_word' id='word_1_22' title='bbox 3482 373 3760 438; x_wconf 73' lang='lat' dir='ltr'><strong><em>subjunxit</em></strong></span> <span class='ocrx_word' id='word_1_23' title='bbox 3790 391 3803 426; x_wconf 93' lang='lat'>:</span> 
     </span>
    </p>
   </div>
   <div class='ocr_carea' id='block_1_5' title="bbox 571 460 2101 534">
    <p class='ocr_par' dir='ltr' id='par_1_5' title="bbox 571 460 2101 534">
     <span class='ocr_line' id='line_1_5' title="bbox 571 460 2101 534; baseline 0.003 -23"><span class='ocrx_word' id='word_1_24' title='bbox 571 461 871 531; x_wconf 80' lang='lat' dir='ltr'><strong><em>tigationem</em></strong></span> <span class='ocrx_word' id='word_1_25' title='bbox 903 460 1103 524; x_wconf 87' lang='lat' dir='ltr'><strong><em>carnis,</em></strong></span> <span class='ocrx_word' id='word_1_26' title='bbox 1132 476 1224 528; x_wconf 93' lang='lat' dir='ltr'><strong><em>per</em></strong></span> <span class='ocrx_word' id='word_1_27' title='bbox 1255 475 1426 514; x_wconf 80' lang='lat' dir='ltr'><strong><em>vocem</em></strong></span> <span class='ocrx_word' id='word_1_28' title='bbox 1455 460 1735 516; x_wconf 90' lang='lat' dir='ltr'><strong><em>interitum</em></strong></span> <span class='ocrx_word' id='word_1_29' title='bbox 1784 465 2101 534; x_wconf 82' lang='lat' dir='ltr'><strong><em>signiﬁcari,</em></strong></span> 
     </span>
    </p>
   </div>
   <div class='ocr_carea' id='block_1_6' title="bbox 572 552 1810 624">
    <p class='ocr_par' dir='ltr' id='par_1_6' title="bbox 572 552 1810 624">
     <span class='ocr_line' id='line_1_6' title="bbox 572 552 1810 624; baseline 0.004 -20"><span class='ocrx_word' id='word_1_30' title='bbox 572 553 706 619; x_wconf 78' lang='lat' dir='ltr'><strong><em>quod</em></strong></span> <span class='ocrx_word' id='word_1_31' title='bbox 739 552 889 606; x_wconf 81' lang='lat' dir='ltr'><strong><em>etiam</em></strong></span> <span class='ocrx_word' id='word_1_32' title='bbox 918 565 1067 607; x_wconf 71' lang='lat' dir='ltr'><strong><em>terra&#39;</em></strong></span> <span class='ocrx_word' id='word_1_33' title='bbox 1085 553 1428 608; x_wconf 71' lang='lat' dir='ltr'><strong><em>similitudine</em></strong></span> <span class='ocrx_word' id='word_1_34' title='bbox 1454 555 1810 624; x_wconf 71' lang='lat' dir='ltr'><strong><em>confirmatur.</em></strong></span> 
     </span>
    </p>
   </div>
   <div class='ocr_carea' id='block_1_7' title="bbox 565 667 2101 740">
    <p class='ocr_par' dir='ltr' id='par_1_7' title="bbox 565 667 2101 740">
     <span class='ocr_line' id='line_1_7' title="bbox 565 667 2101 740; baseline 0.005 -15"><span class='ocrx_word' id='word_1_35' title='bbox 565 671 657 725; x_wconf 69' lang='lat'><strong><em>92.</em></strong></span> <span class='ocrx_word' id='word_1_36' title='bbox 696 669 836 739; x_wconf 83' lang='lat' dir='ltr'><strong><em>Quid</em></strong></span> <span class='ocrx_word' id='word_1_37' title='bbox 875 682 1263 740; x_wconf 81' lang='lat' dir='ltr'><strong><em>exspectamus</em></strong></span> <span class='ocrx_word' id='word_1_38' title='bbox 1300 682 1360 727; x_wconf 98' lang='grc' dir='ltr'><strong><em>ιιι</em></strong></span> <span class='ocrx_word' id='word_1_39' title='bbox 1392 676 1592 730; x_wconf 84' lang='lat' dir='ltr'><strong><em>mortui</em></strong></span> <span class='ocrx_word' id='word_1_40' title='bbox 1639 667 1955 731; x_wconf 75' lang='lat' dir='ltr'><strong><em>mereantur</em></strong></span> <span class='ocrx_word' id='word_1_41' title='bbox 2005 692 2101 732; x_wconf 83' lang='lat' dir='ltr'><strong><em>ve-</em></strong></span> 
     </span>
    </p>
   </div>
   <div class='ocr_carea' id='block_1_8' title="bbox 499 761 2100 841">
    <p class='ocr_par' dir='ltr' id='par_1_8' title="bbox 499 761 2100 841">
     <span class='ocr_line' id='line_1_8' title="bbox 499 761 2100 841; baseline 0.005 -25"><span class='ocrx_word' id='word_1_42' title='bbox 499 762 644 817; x_wconf 89' lang='lat' dir='ltr'><strong><em>niam</em></strong></span> <span class='ocrx_word' id='word_1_43' title='bbox 666 802 682 828; x_wconf 96' lang='lat'><strong><em>,</em></strong></span> <span class='ocrx_word' id='word_1_44' title='bbox 710 761 803 830; x_wconf 91' lang='lat' dir='ltr'><strong><em>qui</em></strong></span> <span class='ocrx_word' id='word_1_45' title='bbox 829 772 1063 818; x_wconf 88' lang='lat' dir='ltr'><strong><em>mortem</em></strong></span> <span class='ocrx_word' id='word_1_46' title='bbox 1101 764 1202 819; x_wconf 85' lang='lat' dir='ltr'><strong><em>sibi</em></strong></span> <span class='ocrx_word' id='word_1_47' title='bbox 1231 765 1532 821; x_wconf 91' lang='lat' dir='ltr'><strong><em>intulerunt</em></strong></span> <span class='ocrx_word' id='word_1_48' title='bbox 1551 809 1564 830; x_wconf 87' lang='lat'><strong><em>,</em></strong></span> <span class='ocrx_word' id='word_1_49' title='bbox 1614 766 1776 841; x_wconf 63' lang='lat'><strong><em>515</em></strong></span> <span class='ocrx_word' id='word_1_50' title='bbox 1804 784 1927 823; x_wconf 91' lang='lat' dir='ltr'><strong><em>cum</em></strong></span> <span class='ocrx_word' id='word_1_51' title='bbox 1949 770 2100 824; x_wconf 84' lang='lat' dir='ltr'><strong><em>vive-</em></strong></span> 
     </span>
    </p>
   </div>
   <div class='ocr_carea' id='block_1_9' title="bbox 495 856 2101 933">
    <p class='ocr_par' dir='ltr' id='par_1_9' title="bbox 495 856 2101 933">
     <span class='ocr_line' id='line_1_9' title="bbox 495 856 2101 933; baseline 0.003 -20"><span class='ocrx_word' id='word_1_52' title='bbox 495 857 653 913; x_wconf 85' lang='lat' dir='ltr'><strong><em>rent?</em></strong></span> <span class='ocrx_word' id='word_1_53' title='bbox 695 856 843 913; x_wconf 80' lang='lat' dir='ltr'><strong><em>Satis</em></strong></span> <span class='ocrx_word' id='word_1_54' title='bbox 867 867 990 922; x_wconf 91' lang='lat' dir='ltr'><strong><em>est,</em></strong></span> <span class='ocrx_word' id='word_1_55' title='bbox 1016 859 1228 926; x_wconf 92' lang='lat' dir='ltr'><strong><em>inquit,</em></strong></span> <span class='ocrx_word' id='word_1_56' title='bbox 1274 860 1326 914; x_wconf 91' lang='lat' dir='ltr'><strong><em>ei</em></strong></span> <span class='ocrx_word' id='word_1_57' title='bbox 1357 861 1450 929; x_wconf 87' lang='lat' dir='ltr'><strong><em>qui</em></strong></span> <span class='ocrx_word' id='word_1_58' title='bbox 1485 861 1608 916; x_wconf 90' lang='lat' dir='ltr'><strong><em>talis</em></strong></span> <span class='ocrx_word' id='word_1_59' title='bbox 1636 871 1719 915; x_wconf 92' lang='lat' dir='ltr'><strong><em>est</em></strong></span> <span class='ocrx_word' id='word_1_60' title='bbox 1742 903 1757 928; x_wconf 97' lang='lat'><strong><em>,</em></strong></span> <span class='ocrx_word' id='word_1_61' title='bbox 1795 862 2101 933; x_wconf 89' lang='lat' dir='ltr'><strong><em>objurgatio</em></strong></span> 
     </span>
    </p>
   </div>
   <div class='ocr_carea' id='block_1_10' title="bbox 497 951 2100 1027">
    <p class='ocr_par' dir='ltr' id='par_1_10' title="bbox 497 951 2100 1027">
     <span class='ocr_line' id='line_1_10' title="bbox 497 951 2100 1027; baseline 0.005 -23"><span class='ocrx_word' id='word_1_62' title='bbox 497 952 615 1007; x_wconf 63' lang='lat' dir='ltr'><strong><em>base</em></strong></span> <span class='ocrx_word' id='word_1_63' title='bbox 643 966 764 1022; x_wconf 65' lang='lat' dir='ltr'><strong><em>qua:</em></strong></span> <span class='ocrx_word' id='word_1_64' title='bbox 795 951 856 1005; x_wconf 84' lang='lat' dir='ltr'><strong><em>fit</em></strong></span> <span class='ocrx_word' id='word_1_65' title='bbox 902 966 931 1006; x_wconf 88' lang='lat' dir='ltr'><strong><em>a</em></strong></span> <span class='ocrx_word' id='word_1_66' title='bbox 964 953 1245 1021; x_wconf 88' lang='lat' dir='ltr'><strong><em>pluribus;</em></strong></span> <span class='ocrx_word' id='word_1_67' title='bbox 1300 954 1375 1008; x_wconf 89' lang='lat' dir='ltr'><strong><em>ita</em></strong></span> <span class='ocrx_word' id='word_1_68' title='bbox 1412 964 1470 1009; x_wconf 92' lang='lat' dir='ltr'><strong><em>ut</em></strong></span> <span class='ocrx_word' id='word_1_69' title='bbox 1517 970 1548 1010; x_wconf 90' lang='lat' dir='ltr'><strong><em>e</em></strong></span> <span class='ocrx_word' id='word_1_70' title='bbox 1593 958 1873 1011; x_wconf 89' lang='lat' dir='ltr'><strong><em>contrario</em></strong></span> <span class='ocrx_word' id='word_1_71' title='bbox 1930 959 2100 1027; x_wconf 90' lang='lat' dir='ltr'><strong><em>magis</em></strong></span> 
     </span>
    </p>
   </div>
   <div class='ocr_carea' id='block_1_11' title="bbox 491 1045 2103 1109">
    <p class='ocr_par' dir='ltr' id='par_1_11' title="bbox 491 1045 2103 1109">
     <span class='ocr_line' id='line_1_11' title="bbox 491 1045 2103 1109; baseline 0.001 -8"><span class='ocrx_word' id='word_1_72' title='bbox 491 1047 710 1102; x_wconf 88' lang='lat' dir='ltr'><strong><em>donetis</em></strong></span> <span class='ocrx_word' id='word_1_73' title='bbox 735 1054 791 1100; x_wconf 93' lang='lat' dir='ltr'><strong><em>et</em></strong></span> <span class='ocrx_word' id='word_1_74' title='bbox 815 1045 1211 1109; x_wconf 89' lang='lat' dir='ltr'><strong><em>consolemini;</em></strong></span> <span class='ocrx_word' id='word_1_75' title='bbox 1245 1061 1313 1102; x_wconf 91' lang='lat' dir='ltr'><strong><em>ne</em></strong></span> <span class='ocrx_word' id='word_1_76' title='bbox 1340 1046 1482 1102; x_wconf 88' lang='lat' dir='ltr'><strong><em>lorte</em></strong></span> <span class='ocrx_word' id='word_1_77' title='bbox 1507 1047 1913 1103; x_wconf 90' lang='lat' dir='ltr'><strong><em>abundantiore</em></strong></span> <span class='ocrx_word' id='word_1_78' title='bbox 1938 1050 2103 1104; x_wconf 83' lang='lat' dir='ltr'><strong><em>tristi-</em></strong></span> 
     </span>
    </p>
   </div>
   <div class='ocr_carea' id='block_1_12' title="bbox 490 1137 2097 1211">
    <p class='ocr_par' dir='ltr' id='par_1_12' title="bbox 490 1137 2097 1211">
     <span class='ocr_line' id='line_1_12' title="bbox 490 1137 2097 1211; baseline 0 -17"><span class='ocrx_word' id='word_1_79' title='bbox 490 1141 560 1195; x_wconf 88' lang='lat' dir='ltr'><strong><em>tia</em></strong></span> <span class='ocrx_word' id='word_1_80' title='bbox 584 1138 948 1194; x_wconf 79' lang='lat' dir='ltr'><strong><em>absorbeatur</em></strong></span> <span class='ocrx_word' id='word_1_81' title='bbox 980 1138 1046 1205; x_wconf 91' lang='lat' dir='ltr'><strong><em>(ll</em></strong></span> <span class='ocrx_word' id='word_1_82' title='bbox 1075 1137 1194 1192; x_wconf 83' lang='lat' dir='ltr'><strong><em>Cor.</em></strong></span> <span class='ocrx_word' id='word_1_83' title='bbox 1221 1154 1292 1203; x_wconf 91' lang='grc' dir='ltr'>ιι,</span> <span class='ocrx_word' id='word_1_84' title='bbox 1325 1137 1400 1211; x_wconf 88' lang='grc'><strong><em>6).</em></strong></span> <span class='ocrx_word' id='word_1_85' title='bbox 1431 1139 1488 1196; x_wconf 89' lang='lat' dir='ltr'><strong><em>Si</em></strong></span> <span class='ocrx_word' id='word_1_86' title='bbox 1513 1139 1647 1194; x_wconf 88' lang='lat' dir='ltr'><strong><em>satis</em></strong></span> <span class='ocrx_word' id='word_1_87' title='bbox 1676 1139 1743 1194; x_wconf 89' lang='lat' dir='ltr'><strong><em>ad</em></strong></span> <span class='ocrx_word' id='word_1_88' title='bbox 1765 1140 2097 1195; x_wconf 67' lang='lat' dir='ltr'><strong><em>condemnao</em></strong></span> 
     </span>
    </p>
   </div>
   <div class='ocr_carea' id='block_1_13' title="bbox 475 1230 2097 1302">
    <p class='ocr_par' dir='ltr' id='par_1_13' title="bbox 475 1230 2097 1302">
     <span class='ocr_line' id='line_1_13' title="bbox 475 1230 2097 1302; baseline -0.001 -15"><span class='ocrx_word' id='word_1_89' title='bbox 475 1232 692 1302; x_wconf 73' lang='lat' dir='ltr'><strong><em>tionem</em></strong></span> <span class='ocrx_word' id='word_1_90' title='bbox 735 1241 820 1286; x_wconf 92' lang='lat' dir='ltr'><strong><em>est</em></strong></span> <span class='ocrx_word' id='word_1_91' title='bbox 865 1230 1206 1301; x_wconf 88' lang='lat' dir='ltr'><strong><em>objurgatio,</em></strong></span> <span class='ocrx_word' id='word_1_92' title='bbox 1237 1247 1357 1301; x_wconf 69' lang='lat' dir='ltr'><strong><em>quae</em></strong></span> <span class='ocrx_word' id='word_1_93' title='bbox 1398 1234 1456 1286; x_wconf 89' lang='lat' dir='ltr'><strong><em>tit</em></strong></span> <span class='ocrx_word' id='word_1_94' title='bbox 1482 1247 1512 1286; x_wconf 89' lang='lat' dir='ltr'><strong><em>a</em></strong></span> <span class='ocrx_word' id='word_1_95' title='bbox 1553 1231 1821 1300; x_wconf 90' lang='lat' dir='ltr'><strong><em>pluribus,</em></strong></span> <span class='ocrx_word' id='word_1_96' title='bbox 1855 1232 1988 1286; x_wconf 85' lang='lat' dir='ltr'><strong><em>satis</em></strong></span> <span class='ocrx_word' id='word_1_97' title='bbox 2012 1241 2097 1287; x_wconf 91' lang='lat' dir='ltr'><strong><em>est</em></strong></span> 
     </span>
    </p>
   </div>
   <div class='ocr_carea' id='block_1_14' title="bbox 488 1324 2097 1397">
    <p class='ocr_par' dir='ltr' id='par_1_14' title="bbox 488 1324 2097 1397">
     <span class='ocr_line' id='line_1_14' title="bbox 488 1324 2097 1397; baseline 0 -17"><span class='ocrx_word' id='word_1_98' title='bbox 488 1340 711 1397; x_wconf 89' lang='lat' dir='ltr'><strong><em>quoque</em></strong></span> <span class='ocrx_word' id='word_1_99' title='bbox 749 1325 815 1379; x_wconf 91' lang='lat' dir='ltr'><strong><em>ad</em></strong></span> <span class='ocrx_word' id='word_1_100' title='bbox 851 1325 1233 1380; x_wconf 83' lang='lat' dir='ltr'><strong><em>remissionem</em></strong></span> <span class='ocrx_word' id='word_1_101' title='bbox 1279 1324 1491 1394; x_wconf 87' lang='lat' dir='ltr'><strong><em>peccati</em></strong></span> <span class='ocrx_word' id='word_1_102' title='bbox 1521 1325 1852 1389; x_wconf 84' lang='lat' dir='ltr'><strong><em>obsecratio,</em></strong></span> <span class='ocrx_word' id='word_1_103' title='bbox 1885 1341 2006 1394; x_wconf 67' lang='lat' dir='ltr'><strong><em>qum</em></strong></span> <span class='ocrx_word' id='word_1_104' title='bbox 2039 1326 2097 1380; x_wconf 88' lang='lat' dir='ltr'><strong><em>fit</em></strong></span> 
     </span>
    </p>
   </div>
   <div class='ocr_carea' id='block_1_15' title="bbox 487 1417 2092 1491">
    <p class='ocr_par' dir='ltr' id='par_1_15' title="bbox 487 1417 2092 1491">
     <span class='ocr_line' id='line_1_15' title="bbox 487 1417 2092 1491; baseline 0 -17"><span class='ocrx_word' id='word_1_105' title='bbox 487 1433 519 1474; x_wconf 84' lang='lat' dir='ltr'><strong><em>a</em></strong></span> <span class='ocrx_word' id='word_1_106' title='bbox 566 1418 836 1488; x_wconf 89' lang='lat' dir='ltr'><strong><em>pluribus.</em></strong></span> <span class='ocrx_word' id='word_1_107' title='bbox 874 1417 1096 1473; x_wconf 78' lang='lat' dir='ltr'><strong><em>Moralis</em></strong></span> <span class='ocrx_word' id='word_1_108' title='bbox 1129 1418 1389 1487; x_wconf 74' lang='lat' dir='ltr'><strong><em>magister</em></strong></span> <span class='ocrx_word' id='word_1_109' title='bbox 1443 1427 1499 1473; x_wconf 88' lang='lat' dir='ltr'><strong><em>et</em></strong></span> <span class='ocrx_word' id='word_1_110' title='bbox 1546 1428 1752 1474; x_wconf 67' lang='lat' dir='ltr'><strong><em>nostra:</em></strong></span> <span class='ocrx_word' id='word_1_111' title='bbox 1785 1420 2092 1491; x_wconf 88' lang='lat' dir='ltr'><strong><em>fragilitatis</em></strong></span> 
     </span>
    </p>
   </div>
   <div class='ocr_carea' id='block_1_16' title="bbox 485 1509 2092 1580">
    <p class='ocr_par' dir='ltr' id='par_1_16' title="bbox 485 1509 2092 1580">
     <span class='ocr_line' id='line_1_16' title="bbox 485 1509 2092 1580; baseline -0.001 -13"><span class='ocrx_word' id='word_1_112' title='bbox 485 1511 769 1573; x_wconf 90' lang='lat' dir='ltr'><strong><em>conscius,</em></strong></span> <span class='ocrx_word' id='word_1_113' title='bbox 797 1518 854 1566; x_wconf 90' lang='lat' dir='ltr'><strong><em>et</em></strong></span> <span class='ocrx_word' id='word_1_114' title='bbox 892 1509 1110 1580; x_wconf 89' lang='lat' dir='ltr'><strong><em>pietatis</em></strong></span> <span class='ocrx_word' id='word_1_115' title='bbox 1160 1509 1360 1564; x_wconf 71' lang='lat' dir='ltr'><strong><em>divinae</em></strong></span> <span class='ocrx_word' id='word_1_116' title='bbox 1413 1510 1707 1577; x_wconf 87' lang='lat' dir='ltr'><strong><em>interpres,</em></strong></span> <span class='ocrx_word' id='word_1_117' title='bbox 1741 1512 1859 1565; x_wconf 83' lang='lat' dir='ltr'><strong><em>vult</em></strong></span> <span class='ocrx_word' id='word_1_118' title='bbox 1896 1511 2092 1566; x_wconf 89' lang='lat' dir='ltr'><strong><em>donari</em></strong></span> 
     </span>
    </p>
   </div>
   <div class='ocr_carea' id='block_1_17' title="bbox 487 1602 2089 1672">
    <p class='ocr_par' dir='ltr' id='par_1_17' title="bbox 487 1602 2089 1672">
     <span class='ocr_line' id='line_1_17' title="bbox 487 1602 2089 1672; baseline 0 -12"><span class='ocrx_word' id='word_1_119' title='bbox 487 1604 935 1672; x_wconf 86' lang='lat' dir='ltr'><strong><em>peccatum,vult</em></strong></span> <span class='ocrx_word' id='word_1_120' title='bbox 977 1604 1415 1660; x_wconf 88' lang='lat' dir='ltr'><strong><em>consolationem</em></strong></span> <span class='ocrx_word' id='word_1_121' title='bbox 1452 1602 1730 1668; x_wconf 88' lang='lat' dir='ltr'><strong><em>adhiberi;</em></strong></span> <span class='ocrx_word' id='word_1_122' title='bbox 1779 1621 1848 1658; x_wconf 89' lang='lat' dir='ltr'><strong><em>ne</em></strong></span> <span class='ocrx_word' id='word_1_123' title='bbox 1874 1606 2089 1660; x_wconf 89' lang='lat' dir='ltr'><strong><em>tristitia</em></strong></span> 
     </span>
    </p>
   </div>
   <div class='ocr_carea' id='block_1_18' title="bbox 485 1696 1907 1770">
    <p class='ocr_par' dir='ltr' id='par_1_18' title="bbox 485 1696 1907 1770">
     <span class='ocr_line' id='line_1_18' title="bbox 485 1696 1907 1770; baseline -0.001 -18"><span class='ocrx_word' id='word_1_124' title='bbox 485 1700 844 1770; x_wconf 65' lang='lat' dir='ltr'><strong><em>minitentem</em></strong></span> <span class='ocrx_word' id='word_1_125' title='bbox 886 1696 1049 1751; x_wconf 62' lang='lat' dir='ltr'><strong><em>taedio</em></strong></span> <span class='ocrx_word' id='word_1_126' title='bbox 1078 1697 1256 1765; x_wconf 72' lang='lat' dir='ltr'><strong><em>longa:</em></strong></span> <span class='ocrx_word' id='word_1_127' title='bbox 1283 1696 1568 1752; x_wconf 81' lang='lat' dir='ltr'><strong><em>dilationis</em></strong></span> <span class='ocrx_word' id='word_1_128' title='bbox 1595 1696 1907 1750; x_wconf 87' lang='lat' dir='ltr'><strong><em>absorbeat.</em></strong></span> 
     </span>
    </p>
   </div>
   <div class='ocr_carea' id='block_1_19' title="bbox 2214 461 3802 536">
    <p class='ocr_par' dir='ltr' id='par_1_19' title="bbox 2214 461 3802 536">
     <span class='ocr_line' id='line_1_19' title="bbox 2214 461 3802 536; baseline 0.003 -22"><span class='ocrx_word' id='word_1_129' title='bbox 2214 461 2370 514; x_wconf 68' lang='lat' dir='ltr'><strong><em>Nunc</em></strong></span> <span class='ocrx_word' id='word_1_130' title='bbox 2399 473 2571 517; x_wconf 89' lang='lat' dir='ltr'><strong><em>autem</em></strong></span> <span class='ocrx_word' id='word_1_131' title='bbox 2598 464 2788 533; x_wconf 75' lang='lat' dir='ltr'><strong><em>scripsi</em></strong></span> <span class='ocrx_word' id='word_1_132' title='bbox 2804 464 2964 530; x_wconf 67' lang='lat' dir='ltr'><strong><em>vobis,</em></strong></span> <span class='ocrx_word' id='word_1_133' title='bbox 2992 481 3091 517; x_wconf 86' lang='lat' dir='ltr'><strong><em>non</em></strong></span> <span class='ocrx_word' id='word_1_134' title='bbox 3120 467 3454 532; x_wconf 76' lang='lat' dir='ltr'><strong><em>commisceri,</em></strong></span> <span class='ocrx_word' id='word_1_135' title='bbox 3479 468 3524 519; x_wconf 89' lang='lat' dir='ltr'><strong><em>si</em></strong></span> <span class='ocrx_word' id='word_1_136' title='bbox 3550 467 3663 535; x_wconf 82' lang='lat' dir='ltr'><strong><em>quis</em></strong></span> <span class='ocrx_word' id='word_1_137' title='bbox 3693 471 3802 536; x_wconf 82' lang='lat' dir='ltr'><strong><em>[ra-</em></strong></span> 
     </span>
    </p>
   </div>
   <div class='ocr_carea' id='block_1_20' title="bbox 2207 557 3806 630">
    <p class='ocr_par' dir='ltr' id='par_1_20' title="bbox 2207 557 3806 630">
     <span class='ocr_line' id='line_1_20' title="bbox 2207 557 3806 630; baseline 0.003 -21"><span class='ocrx_word' id='word_1_138' title='bbox 2207 567 2284 610; x_wconf 85' lang='lat' dir='ltr'><strong><em>ter</em></strong></span> <span class='ocrx_word' id='word_1_139' title='bbox 2329 558 2626 610; x_wconf 91' lang='lat' dir='ltr'><strong><em>nominatur</em></strong></span> <span class='ocrx_word' id='word_1_140' title='bbox 2648 559 2953 627; x_wconf 80' lang='lat' dir='ltr'><strong><em>fornicator,</em></strong></span> <span class='ocrx_word' id='word_1_141' title='bbox 2982 557 3147 630; x_wconf 60' lang='lat'><strong><em>516</em></strong></span> <span class='ocrx_word' id='word_1_142' title='bbox 3180 570 3264 612; x_wconf 78' lang='lat' dir='ltr'><strong><em>aut</em></strong></span> <span class='ocrx_word' id='word_1_143' title='bbox 3294 577 3501 624; x_wconf 83' lang='lat' dir='ltr'><strong><em>ararus,</em></strong></span> <span class='ocrx_word' id='word_1_144' title='bbox 3534 569 3625 612; x_wconf 82' lang='lat' dir='ltr'><strong><em>aut</em></strong></span> <span class='ocrx_word' id='word_1_145' title='bbox 3655 560 3806 613; x_wconf 87' lang='lat' dir='ltr'><strong><em>idolis</em></strong></span> 
     </span>
    </p>
   </div>
   <div class='ocr_carea' id='block_1_21' title="bbox 2205 647 3803 720">
    <p class='ocr_par' dir='ltr' id='par_1_21' title="bbox 2205 647 3803 720">
     <span class='ocr_line' id='line_1_21' title="bbox 2205 647 3803 720; baseline 0.003 -20"><span class='ocrx_word' id='word_1_146' title='bbox 2205 649 2432 702; x_wconf 77' lang='lat' dir='ltr'><strong><em>seri-iens</em></strong></span> <span class='ocrx_word' id='word_1_147' title='bbox 2474 647 2683 719; x_wconf 86' lang='lat' dir='ltr'><strong><em>(Ibid.,</em></strong></span> <span class='ocrx_word' id='word_1_148' title='bbox 2719 647 2829 719; x_wconf 85' lang='lat' dir='ltr'><strong><em>ll).</em></strong></span> <span class='ocrx_word' id='word_1_149' title='bbox 2875 650 3022 718; x_wconf 86' lang='lat' dir='ltr'><strong><em>Quos</em></strong></span> <span class='ocrx_word' id='word_1_150' title='bbox 3048 651 3208 706; x_wconf 89' lang='lat' dir='ltr'><strong><em>simul</em></strong></span> <span class='ocrx_word' id='word_1_151' title='bbox 3236 650 3420 719; x_wconf 74' lang='lat' dir='ltr'><strong><em>junxit</em></strong></span> <span class='ocrx_word' id='word_1_152' title='bbox 3458 651 3524 705; x_wconf 88' lang='lat' dir='ltr'><strong><em>ad</em></strong></span> <span class='ocrx_word' id='word_1_153' title='bbox 3568 667 3803 720; x_wconf 57' lang='lat' dir='ltr'><strong><em>paruam,</em></strong></span> 
     </span>
    </p>
   </div>
   <div class='ocr_carea' id='block_1_22' title="bbox 2204 737 3805 809">
    <p class='ocr_par' dir='ltr' id='par_1_22' title="bbox 2204 737 3805 809">
     <span class='ocr_line' id='line_1_22' title="bbox 2204 737 3805 809; baseline 0.001 -18"><span class='ocrx_word' id='word_1_154' title='bbox 2204 738 2366 791; x_wconf 89' lang='lat' dir='ltr'><strong><em>simul</em></strong></span> <span class='ocrx_word' id='word_1_155' title='bbox 2398 737 2566 793; x_wconf 89' lang='lat' dir='ltr'><strong><em>voluit</em></strong></span> <span class='ocrx_word' id='word_1_156' title='bbox 2605 740 2769 793; x_wconf 83' lang='lat' dir='ltr'><strong><em>etiam</em></strong></span> <span class='ocrx_word' id='word_1_157' title='bbox 2798 739 2863 794; x_wconf 86' lang='lat' dir='ltr'><strong><em>ad</em></strong></span> <span class='ocrx_word' id='word_1_158' title='bbox 2894 740 3104 794; x_wconf 81' lang='lat' dir='ltr'><strong><em>veniam</em></strong></span> <span class='ocrx_word' id='word_1_159' title='bbox 3134 741 3433 809; x_wconf 86' lang='lat' dir='ltr'><strong><em>pertinere.</em></strong></span> <span class='ocrx_word' id='word_1_160' title='bbox 3480 741 3542 796; x_wconf 87' lang='lat' dir='ltr'><strong><em>Si</em></strong></span> <span class='ocrx_word' id='word_1_161' title='bbox 3571 743 3685 808; x_wconf 79' lang='lat' dir='ltr'><strong><em>quis</em></strong></span> <span class='ocrx_word' id='word_1_162' title='bbox 3711 759 3805 793; x_wconf 83' lang='lat' dir='ltr'><strong><em>au-</em></strong></span> 
     </span>
    </p>
   </div>
   <div class='ocr_carea' id='block_1_23' title="bbox 2204 830 3800 902">
    <p class='ocr_par' dir='ltr' id='par_1_23' title="bbox 2204 830 3800 902">
     <span class='ocr_line' id='line_1_23' title="bbox 2204 830 3800 902; baseline 0.003 -22"><span class='ocrx_word' id='word_1_163' title='bbox 2204 838 2302 882; x_wconf 89' lang='lat' dir='ltr'><strong><em>tem</em></strong></span> <span class='ocrx_word' id='word_1_164' title='bbox 2321 830 2440 884; x_wconf 91' lang='lat' dir='ltr'><strong><em>talis</em></strong></span> <span class='ocrx_word' id='word_1_165' title='bbox 2457 840 2552 890; x_wconf 88' lang='lat' dir='ltr'><strong><em>est,</em></strong></span> <span class='ocrx_word' id='word_1_166' title='bbox 2580 831 2778 902; x_wconf 85' lang='lat' dir='ltr'><strong><em>inquit,</em></strong></span> <span class='ocrx_word' id='word_1_167' title='bbox 2806 849 2920 886; x_wconf 87' lang='lat' dir='ltr'><strong><em>cum</em></strong></span> <span class='ocrx_word' id='word_1_168' title='bbox 2941 833 3035 886; x_wconf 89' lang='lat' dir='ltr'><strong><em>hoc</em></strong></span> <span class='ocrx_word' id='word_1_169' title='bbox 3057 849 3147 886; x_wconf 86' lang='lat' dir='ltr'><strong><em>nec</em></strong></span> <span class='ocrx_word' id='word_1_170' title='bbox 3179 833 3346 886; x_wconf 79' lang='lat' dir='ltr'><strong><em>cibum</em></strong></span> <span class='ocrx_word' id='word_1_171' title='bbox 3365 849 3539 886; x_wconf 83' lang='lat' dir='ltr'><strong><em>sumas</em></strong></span> <span class='ocrx_word' id='word_1_172' title='bbox 3570 832 3588 900; x_wconf 73' lang='grc' dir='ltr'>ζ</span> <span class='ocrx_word' id='word_1_173' title='bbox 3610 830 3800 900; x_wconf 90' lang='lat' dir='ltr'><strong><em>lbid.).</em></strong></span> 
     </span>
    </p>
   </div>
   <div class='ocr_carea' id='block_1_24' title="bbox 2201 922 3802 995">
    <p class='ocr_par' dir='ltr' id='par_1_24' title="bbox 2201 922 3802 995">
     <span class='ocr_line' id='line_1_24' title="bbox 2201 922 3802 995; baseline 0.002 -19"><span class='ocrx_word' id='word_1_174' title='bbox 2201 922 2375 990; x_wconf 85' lang='lat' dir='ltr'><strong><em>Quam</em></strong></span> <span class='ocrx_word' id='word_1_175' title='bbox 2405 938 2628 978; x_wconf 88' lang='lat' dir='ltr'><strong><em>severus</em></strong></span> <span class='ocrx_word' id='word_1_176' title='bbox 2648 924 3040 995; x_wconf 90' lang='lat' dir='ltr'><strong><em>pertinacibus,</em></strong></span> <span class='ocrx_word' id='word_1_177' title='bbox 3064 940 3225 994; x_wconf 90' lang='lat' dir='ltr'><strong><em>quam</em></strong></span> <span class='ocrx_word' id='word_1_178' title='bbox 3251 924 3536 995; x_wconf 81' lang='lat' dir='ltr'><strong><em>indulgens</em></strong></span> <span class='ocrx_word' id='word_1_179' title='bbox 3567 927 3802 995; x_wconf 81' lang='lat' dir='ltr'><strong><em>roganti-</em></strong></span> 
     </span>
    </p>
   </div>
   <div class='ocr_carea' id='block_1_25' title="bbox 2205 1015 3800 1088">
    <p class='ocr_par' dir='ltr' id='par_1_25' title="bbox 2205 1015 3800 1088">
     <span class='ocr_line' id='line_1_25' title="bbox 2205 1015 3800 1088; baseline 0.004 -20"><span class='ocrx_word' id='word_1_180' title='bbox 2205 1015 2334 1070; x_wconf 60' lang='lat' dir='ltr'><strong><em>bus!</em></strong></span> <span class='ocrx_word' id='word_1_181' title='bbox 2370 1016 2672 1071; x_wconf 76' lang='lat' dir='ltr'><strong><em>Adversum</em></strong></span> <span class='ocrx_word' id='word_1_182' title='bbox 2714 1017 2838 1072; x_wconf 90' lang='lat' dir='ltr'><strong><em>illos</em></strong></span> <span class='ocrx_word' id='word_1_183' title='bbox 2869 1017 3072 1072; x_wconf 87' lang='lat' dir='ltr'><strong><em>Christi</em></strong></span> <span class='ocrx_word' id='word_1_184' title='bbox 3111 1028 3353 1073; x_wconf 88' lang='lat' dir='ltr'><strong><em>armatur</em></strong></span> <span class='ocrx_word' id='word_1_185' title='bbox 3413 1018 3608 1088; x_wconf 86' lang='lat' dir='ltr'><strong><em>injuria</em></strong></span> <span class='ocrx_word' id='word_1_186' title='bbox 3641 1060 3656 1083; x_wconf 95' lang='lat'><strong><em>,</em></strong></span> <span class='ocrx_word' id='word_1_187' title='bbox 3718 1018 3800 1074; x_wconf 87' lang='lat' dir='ltr'><strong><em>his</em></strong></span> 
     </span>
    </p>
   </div>
   <div class='ocr_carea' id='block_1_26' title="bbox 2205 1107 3153 1180">
    <p class='ocr_par' dir='ltr' id='par_1_26' title="bbox 2205 1107 3153 1180">
     <span class='ocr_line' id='line_1_26' title="bbox 2205 1107 3153 1180; baseline -0.002 -16"><span class='ocrx_word' id='word_1_188' title='bbox 2205 1107 2232 1145; x_wconf 73' lang='grc' dir='ltr'>ι’</span> <span class='ocrx_word' id='word_1_189' title='bbox 2263 1109 2466 1164; x_wconf 87' lang='lat' dir='ltr'><strong><em>Christi</em></strong></span> <span class='ocrx_word' id='word_1_190' title='bbox 2498 1109 2774 1165; x_wconf 90' lang='lat' dir='ltr'><strong><em>invocatio</em></strong></span> <span class='ocrx_word' id='word_1_191' title='bbox 2800 1109 3153 1180; x_wconf 82' lang='lat' dir='ltr'><strong><em>sulfragatur.</em></strong></span> 
     </span>
    </p>
   </div>
   <div class='ocr_carea' id='block_1_27' title="bbox 2271 1222 3798 1296">
    <p class='ocr_par' dir='ltr' id='par_1_27' title="bbox 2271 1222 3798 1296">
     <span class='ocr_line' id='line_1_27' title="bbox 2271 1222 3798 1296; baseline 0.001 -16"><span class='ocrx_word' id='word_1_192' title='bbox 2271 1224 2363 1280; x_wconf 77' lang='lat'><strong><em>95.</em></strong></span> <span class='ocrx_word' id='word_1_193' title='bbox 2407 1225 2474 1277; x_wconf 86' lang='lat' dir='ltr'><strong><em>At</em></strong></span> <span class='ocrx_word' id='word_1_194' title='bbox 2505 1237 2572 1276; x_wconf 91' lang='lat' dir='ltr'><strong><em>ne</em></strong></span> <span class='ocrx_word' id='word_1_195' title='bbox 2595 1223 2718 1292; x_wconf 91' lang='lat' dir='ltr'><strong><em>quis</em></strong></span> <span class='ocrx_word' id='word_1_196' title='bbox 2754 1222 2898 1277; x_wconf 90' lang='lat' dir='ltr'><strong><em>forte</em></strong></span> <span class='ocrx_word' id='word_1_197' title='bbox 2935 1237 3004 1278; x_wconf 91' lang='lat' dir='ltr'><strong><em>eo</em></strong></span> <span class='ocrx_word' id='word_1_198' title='bbox 3045 1235 3346 1292; x_wconf 81' lang='lat' dir='ltr'><strong><em>moveatur,</em></strong></span> <span class='ocrx_word' id='word_1_199' title='bbox 3379 1227 3504 1296; x_wconf 87' lang='lat' dir='ltr'><strong><em>quia</em></strong></span> <span class='ocrx_word' id='word_1_200' title='bbox 3541 1235 3798 1296; x_wconf 83' lang='lat' dir='ltr'><strong><em>scriptum</em></strong></span> 
     </span>
    </p>
   </div>
   <div class='ocr_carea' id='block_1_28' title="bbox 2199 1315 3798 1389">
    <p class='ocr_par' dir='ltr' id='par_1_28' title="bbox 2199 1315 3798 1389">
     <span class='ocr_line' id='line_1_28' title="bbox 2199 1315 3798 1389; baseline -0.001 -17"><span class='ocrx_word' id='word_1_201' title='bbox 2199 1327 2284 1372; x_wconf 85' lang='lat' dir='ltr'><strong><em>est</em></strong></span> <span class='ocrx_word' id='word_1_202' title='bbox 2311 1332 2327 1369; x_wconf 87' lang='lat'><strong>:</strong></span> <span class='ocrx_word' id='word_1_203' title='bbox 2360 1316 2578 1370; x_wconf 83' lang='lat' dir='ltr'><strong><em>Tradidi</em></strong></span> <span class='ocrx_word' id='word_1_204' title='bbox 2602 1315 2906 1389; x_wconf 82' lang='lat' dir='ltr'><strong><em>hujusmodi</em></strong></span> <span class='ocrx_word' id='word_1_205' title='bbox 2932 1317 3188 1371; x_wconf 77' lang='lat' dir='ltr'><strong><em>hominem</em></strong></span> <span class='ocrx_word' id='word_1_206' title='bbox 3219 1319 3432 1372; x_wconf 68' lang='lat' dir='ltr'><strong><em>Satana</em></strong></span> <span class='ocrx_word' id='word_1_207' title='bbox 3459 1319 3512 1372; x_wconf 86' lang='lat' dir='ltr'><strong><em>in</em></strong></span> <span class='ocrx_word' id='word_1_208' title='bbox 3541 1320 3798 1374; x_wconf 78' lang='lat' dir='ltr'><strong><em>interitum</em></strong></span> 
     </span>
    </p>
   </div>
   <div class='ocr_carea' id='block_1_29' title="bbox 2198 1406 3796 1479">
    <p class='ocr_par' dir='ltr' id='par_1_29' title="bbox 2198 1406 3796 1479">
     <span class='ocr_line' id='line_1_29' title="bbox 2198 1406 3796 1479; baseline 0.003 -18"><span class='ocrx_word' id='word_1_209' title='bbox 2198 1410 2406 1479; x_wconf 81' lang='lat' dir='ltr'><strong><em>carnis(</em></strong></span> <span class='ocrx_word' id='word_1_210' title='bbox 2435 1406 2600 1474; x_wconf 86' lang='lat' dir='ltr'><strong><em>Ibid.,</em></strong></span> <span class='ocrx_word' id='word_1_211' title='bbox 2632 1407 2730 1479; x_wconf 84' lang='lat'><strong><em>5),</em></strong></span> <span class='ocrx_word' id='word_1_212' title='bbox 2768 1417 2824 1464; x_wconf 89' lang='lat' dir='ltr'><strong><em>et</em></strong></span> <span class='ocrx_word' id='word_1_213' title='bbox 2842 1409 3025 1464; x_wconf 82' lang='lat' dir='ltr'><strong><em>dicat:</em></strong></span> <span class='ocrx_word' id='word_1_214' title='bbox 3058 1409 3347 1478; x_wconf 78' lang='lat' dir='ltr'><strong><em>Quomodo</em></strong></span> <span class='ocrx_word' id='word_1_215' title='bbox 3394 1411 3571 1479; x_wconf 88' lang='lat' dir='ltr'><strong><em>potuit</em></strong></span> <span class='ocrx_word' id='word_1_216' title='bbox 3605 1411 3672 1465; x_wconf 89' lang='lat' dir='ltr'><strong><em>ad</em></strong></span> <span class='ocrx_word' id='word_1_217' title='bbox 3704 1427 3796 1467; x_wconf 72' lang='lat' dir='ltr'><strong><em>ve-</em></strong></span> 
     </span>
    </p>
   </div>
   <div class='ocr_carea' id='block_1_30' title="bbox 2196 1500 3793 1569">
    <p class='ocr_par' dir='ltr' id='par_1_30' title="bbox 2196 1500 3793 1569">
     <span class='ocr_line' id='line_1_30' title="bbox 2196 1500 3793 1569; baseline 0.003 -15"><span class='ocrx_word' id='word_1_218' title='bbox 2196 1501 2340 1554; x_wconf 88' lang='lat' dir='ltr'><strong><em>niam</em></strong></span> <span class='ocrx_word' id='word_1_219' title='bbox 2375 1501 2669 1568; x_wconf 88' lang='lat' dir='ltr'><strong><em>pertinere,</em></strong></span> <span class='ocrx_word' id='word_1_220' title='bbox 2702 1500 2857 1569; x_wconf 90' lang='lat' dir='ltr'><strong><em>cujus</em></strong></span> <span class='ocrx_word' id='word_1_221' title='bbox 2903 1503 3081 1555; x_wconf 90' lang='lat' dir='ltr'><strong><em>omnis</em></strong></span> <span class='ocrx_word' id='word_1_222' title='bbox 3131 1501 3419 1556; x_wconf 88' lang='lat' dir='ltr'><strong><em>interierat</em></strong></span> <span class='ocrx_word' id='word_1_223' title='bbox 3467 1518 3629 1566; x_wconf 89' lang='lat' dir='ltr'><strong><em>caro;</em></strong></span> <span class='ocrx_word' id='word_1_224' title='bbox 3674 1519 3793 1558; x_wconf 91' lang='lat' dir='ltr'><strong><em>cum</em></strong></span> 
     </span>
    </p>
   </div>
   <div class='ocr_carea' id='block_1_31' title="bbox 2195 1595 3792 1666">
    <p class='ocr_par' dir='ltr' id='par_1_31' title="bbox 2195 1595 3792 1666">
     <span class='ocr_line' id='line_1_31' title="bbox 2195 1595 3792 1666; baseline 0.004 -18"><span class='ocrx_word' id='word_1_225' title='bbox 2195 1595 2546 1648; x_wconf 89' lang='lat' dir='ltr'><strong><em>manifestum</em></strong></span> <span class='ocrx_word' id='word_1_226' title='bbox 2571 1595 2642 1648; x_wconf 91' lang='lat' dir='ltr'><strong><em>sit</em></strong></span> <span class='ocrx_word' id='word_1_227' title='bbox 2671 1595 2724 1649; x_wconf 92' lang='lat' dir='ltr'><strong><em>in</em></strong></span> <span class='ocrx_word' id='word_1_228' title='bbox 2755 1605 2985 1665; x_wconf 86' lang='lat' dir='ltr'><strong><em>utroque</em></strong></span> <span class='ocrx_word' id='word_1_229' title='bbox 3033 1597 3373 1666; x_wconf 88' lang='lat' dir='ltr'><strong><em>redemptum</em></strong></span> <span class='ocrx_word' id='word_1_230' title='bbox 3409 1597 3704 1664; x_wconf 85' lang='lat' dir='ltr'><strong><em>hominem,</em></strong></span> <span class='ocrx_word' id='word_1_231' title='bbox 3740 1597 3792 1654; x_wconf 92' lang='lat' dir='ltr'><strong><em>in</em></strong></span> 
     </span>
    </p>
   </div>
   <div class='ocr_carea' id='block_1_32' title="bbox 2196 1688 3795 1760">
    <p class='ocr_par' dir='ltr' id='par_1_32' title="bbox 2196 1688 3795 1760">
     <span class='ocr_line' id='line_1_32' title="bbox 2196 1688 3795 1760; baseline 0.004 -20"><span class='ocrx_word' id='word_1_232' title='bbox 2196 1697 2427 1757; x_wconf 74' lang='lat' dir='ltr'><strong><em>utroque</em></strong></span> <span class='ocrx_word' id='word_1_233' title='bbox 2464 1688 2665 1742; x_wconf 87' lang='lat' dir='ltr'><strong><em>salvari</em></strong></span> <span class='ocrx_word' id='word_1_234' title='bbox 2696 1706 2708 1741; x_wconf 96' lang='lat'><strong>:</strong></span> <span class='ocrx_word' id='word_1_235' title='bbox 2735 1703 2909 1758; x_wconf 88' lang='lat' dir='ltr'><strong><em>neque</em></strong></span> <span class='ocrx_word' id='word_1_236' title='bbox 2949 1690 3183 1743; x_wconf 89' lang='lat' dir='ltr'><strong><em>animam</em></strong></span> <span class='ocrx_word' id='word_1_237' title='bbox 3218 1690 3340 1744; x_wconf 90' lang='lat' dir='ltr'><strong><em>sine</em></strong></span> <span class='ocrx_word' id='word_1_238' title='bbox 3382 1705 3572 1755; x_wconf 87' lang='lat' dir='ltr'><strong><em>carne,</em></strong></span> <span class='ocrx_word' id='word_1_239' title='bbox 3620 1707 3795 1760; x_wconf 89' lang='lat' dir='ltr'><strong><em>neque</em></strong></span> 
     </span>
    </p>
   </div>
   <div class='ocr_carea' id='block_1_33' title="bbox 557 1766 3793 1862">
    <p class='ocr_par' dir='ltr' id='par_1_33' title="bbox 557 1766 3793 1862">
     <span class='ocr_line' id='line_1_33' title="bbox 557 1766 3793 1862; baseline -0.003 -17"><span class='ocrx_word' id='word_1_240' title='bbox 557 1795 645 1849; x_wconf 78' lang='lat'><strong><em>93.</em></strong></span> <span class='ocrx_word' id='word_1_241' title='bbox 695 1793 824 1848; x_wconf 85' lang='lat' dir='ltr'><strong><em>Ideo</em></strong></span> <span class='ocrx_word' id='word_1_242' title='bbox 852 1806 984 1862; x_wconf 91' lang='lat' dir='ltr'><strong><em>ergo</em></strong></span> <span class='ocrx_word' id='word_1_243' title='bbox 1005 1791 1228 1847; x_wconf 89' lang='lat' dir='ltr'><strong><em>donavit</em></strong></span> <span class='ocrx_word' id='word_1_244' title='bbox 1252 1791 1551 1861; x_wconf 88' lang='lat' dir='ltr'><strong><em>apostolus,</em></strong></span> <span class='ocrx_word' id='word_1_245' title='bbox 1582 1805 1684 1845; x_wconf 90' lang='lat' dir='ltr'><strong><em>nec</em></strong></span> <span class='ocrx_word' id='word_1_246' title='bbox 1705 1789 1883 1845; x_wconf 91' lang='lat' dir='ltr'><strong><em>solum</em></strong></span> <span class='ocrx_word' id='word_1_247' title='bbox 1911 1789 2086 1845; x_wconf 85' lang='lat' dir='ltr'><strong><em>dona-</em></strong></span> <span class='ocrx_word' id='word_1_248' title='bbox 2117 1766 2166 1825; x_wconf 85' lang='grc' dir='ltr'><strong>Β</strong></span> <span class='ocrx_word' id='word_1_249' title='bbox 2191 1793 2414 1834; x_wconf 87' lang='lat' dir='ltr'><strong><em>carnem</em></strong></span> <span class='ocrx_word' id='word_1_250' title='bbox 2452 1780 2569 1834; x_wconf 90' lang='lat' dir='ltr'><strong><em>sine</em></strong></span> <span class='ocrx_word' id='word_1_251' title='bbox 2605 1780 2810 1844; x_wconf 88' lang='lat' dir='ltr'><strong><em>anima,</em></strong></span> <span class='ocrx_word' id='word_1_252' title='bbox 2844 1796 2968 1834; x_wconf 92' lang='lat' dir='ltr'><strong><em>cum</em></strong></span> <span class='ocrx_word' id='word_1_253' title='bbox 3006 1780 3108 1834; x_wconf 91' lang='lat' dir='ltr'><strong><em>sibi</em></strong></span> <span class='ocrx_word' id='word_1_254' title='bbox 3151 1782 3259 1836; x_wconf 86' lang='lat' dir='ltr'><strong><em>sint</em></strong></span> <span class='ocrx_word' id='word_1_255' title='bbox 3287 1794 3564 1852; x_wconf 89' lang='lat' dir='ltr'><strong><em>gestorum</em></strong></span> <span class='ocrx_word' id='word_1_256' title='bbox 3604 1793 3623 1820; x_wconf 72' lang='grc' dir='ltr'><em>τ</em></span> <span class='ocrx_word' id='word_1_257' title='bbox 3665 1797 3793 1852; x_wconf 92' lang='lat' dir='ltr'><strong><em>ope-</em></strong></span> 
     </span>
    </p>
   </div>
   <div class='ocr_carea' id='block_1_34' title="bbox 479 1881 2082 1950">
    <p class='ocr_par' dir='ltr' id='par_1_34' title="bbox 479 1881 2082 1950">
     <span class='ocr_line' id='line_1_34' title="bbox 479 1881 2082 1950; baseline -0.004 -8"><span class='ocrx_word' id='word_1_258' title='bbox 479 1887 579 1950; x_wconf 88' lang='lat' dir='ltr'><strong><em>vit,</em></strong></span> <span class='ocrx_word' id='word_1_259' title='bbox 608 1885 706 1942; x_wconf 88' lang='lat' dir='ltr'><strong><em>sed</em></strong></span> <span class='ocrx_word' id='word_1_260' title='bbox 745 1886 910 1940; x_wconf 89' lang='lat' dir='ltr'><strong><em>etiam</em></strong></span> <span class='ocrx_word' id='word_1_261' title='bbox 947 1883 1265 1939; x_wconf 86' lang='lat' dir='ltr'><strong><em>confirmari</em></strong></span> <span class='ocrx_word' id='word_1_262' title='bbox 1297 1883 1351 1937; x_wconf 93' lang='lat' dir='ltr'><strong><em>in</em></strong></span> <span class='ocrx_word' id='word_1_263' title='bbox 1377 1897 1504 1937; x_wconf 90' lang='lat' dir='ltr'><strong><em>eum</em></strong></span> <span class='ocrx_word' id='word_1_264' title='bbox 1532 1881 1848 1937; x_wconf 90' lang='lat' dir='ltr'><strong><em>charitatem</em></strong></span> <span class='ocrx_word' id='word_1_265' title='bbox 1890 1881 2082 1935; x_wconf 91' lang='lat' dir='ltr'><strong><em>voluit.</em></strong></span> 
     </span>
    </p>
   </div>
   <div class='ocr_carea' id='block_1_35' title="bbox 479 1973 2082 2046">
    <p class='ocr_par' dir='ltr' id='par_1_35' title="bbox 479 1973 2082 2046">
     <span class='ocr_line' id='line_1_35' title="bbox 479 1973 2082 2046; baseline -0.003 -14"><span class='ocrx_word' id='word_1_266' title='bbox 479 1979 584 2046; x_wconf 79' lang='lat' dir='ltr'><strong><em>Qui</em></strong></span> <span class='ocrx_word' id='word_1_267' title='bbox 612 1977 811 2032; x_wconf 87' lang='lat' dir='ltr'><strong><em>cbarus</em></strong></span> <span class='ocrx_word' id='word_1_268' title='bbox 837 1985 942 2039; x_wconf 90' lang='lat' dir='ltr'><strong><em>est,</em></strong></span> <span class='ocrx_word' id='word_1_269' title='bbox 963 1991 1072 2030; x_wconf 91' lang='lat' dir='ltr'><strong><em>non</em></strong></span> <span class='ocrx_word' id='word_1_270' title='bbox 1106 1975 1267 2030; x_wconf 85' lang='lat' dir='ltr'><strong><em>habet</em></strong></span> <span class='ocrx_word' id='word_1_271' title='bbox 1289 1973 1565 2040; x_wconf 87' lang='lat' dir='ltr'><strong><em>duritiam,</em></strong></span> <span class='ocrx_word' id='word_1_272' title='bbox 1590 1973 1685 2028; x_wconf 91' lang='lat' dir='ltr'><strong><em>sed</em></strong></span> <span class='ocrx_word' id='word_1_273' title='bbox 1711 1973 2082 2028; x_wconf 84' lang='lat' dir='ltr'><strong><em>mansuetudi-</em></strong></span> 
     </span>
    </p>
   </div>
   <div class='ocr_carea' id='block_1_36' title="bbox 480 2065 2084 2138">
    <p class='ocr_par' dir='ltr' id='par_1_36' title="bbox 480 2065 2084 2138">
     <span class='ocr_line' id='line_1_36' title="bbox 480 2065 2084 2138; baseline -0.004 -11"><span class='ocrx_word' id='word_1_274' title='bbox 480 2087 629 2127; x_wconf 90' lang='lat' dir='ltr'><strong><em>nem.</em></strong></span> <span class='ocrx_word' id='word_1_275' title='bbox 664 2068 774 2124; x_wconf 78' lang='lat' dir='ltr'><strong><em>Nec</em></strong></span> <span class='ocrx_word' id='word_1_276' title='bbox 801 2069 977 2138; x_wconf 82' lang='lat' dir='ltr'><strong><em>solum</em></strong></span> <span class='ocrx_word' id='word_1_277' title='bbox 1022 2067 1406 2135; x_wconf 89' lang='lat' dir='ltr'><strong><em>donavitipse,</em></strong></span> <span class='ocrx_word' id='word_1_278' title='bbox 1455 2066 1550 2121; x_wconf 89' lang='lat' dir='ltr'><strong><em>sed</em></strong></span> <span class='ocrx_word' id='word_1_279' title='bbox 1578 2065 1748 2120; x_wconf 89' lang='lat' dir='ltr'><strong><em>voluit</em></strong></span> <span class='ocrx_word' id='word_1_280' title='bbox 1778 2066 1942 2121; x_wconf 88' lang='lat' dir='ltr'><strong><em>etiam</em></strong></span> <span class='ocrx_word' id='word_1_281' title='bbox 1966 2080 2084 2120; x_wconf 88' lang='lat' dir='ltr'><strong><em>om-</em></strong></span> 
     </span>
    </p>
   </div>
   <div class='ocr_carea' id='block_1_37' title="bbox 477 2159 2083 2232">
    <p class='ocr_par' dir='ltr' id='par_1_37' title="bbox 477 2159 2083 2232">
     <span class='ocr_line' id='line_1_37' title="bbox 477 2159 2083 2232; baseline -0.002 -13"><span class='ocrx_word' id='word_1_282' title='bbox 477 2180 578 2220; x_wconf 86' lang='lat' dir='ltr'><strong><em>nes</em></strong></span> <span class='ocrx_word' id='word_1_283' title='bbox 609 2163 837 2222; x_wconf 84' lang='lat' dir='ltr'><strong><em>donare.</em></strong></span> <span class='ocrx_word' id='word_1_284' title='bbox 881 2172 937 2217; x_wconf 90' lang='lat' dir='ltr'><strong><em>et</em></strong></span> <span class='ocrx_word' id='word_1_285' title='bbox 975 2176 1036 2217; x_wconf 86' lang='lat' dir='ltr'><strong><em>se</em></strong></span> <span class='ocrx_word' id='word_1_286' title='bbox 1077 2169 1300 2232; x_wconf 83' lang='lat' dir='ltr'><strong><em>propter</em></strong></span> <span class='ocrx_word' id='word_1_287' title='bbox 1351 2161 1489 2214; x_wconf 88' lang='lat' dir='ltr'><strong><em>alios</em></strong></span> <span class='ocrx_word' id='word_1_288' title='bbox 1527 2159 1763 2215; x_wconf 90' lang='lat' dir='ltr'><strong><em>donasse</em></strong></span> <span class='ocrx_word' id='word_1_289' title='bbox 1806 2159 1970 2223; x_wconf 79' lang='lat' dir='ltr'><strong><em>dixit;</em></strong></span> <span class='ocrx_word' id='word_1_290' title='bbox 2015 2175 2083 2215; x_wconf 91' lang='lat' dir='ltr'><strong><em>ne</em></strong></span> 
     </span>
    </p>
   </div>
   <div class='ocr_carea' id='block_1_38' title="bbox 474 2253 2080 2326">
    <p class='ocr_par' dir='ltr' id='par_1_38' title="bbox 474 2253 2080 2326">
     <span class='ocr_line' id='line_1_38' title="bbox 474 2253 2080 2326; baseline -0.006 -13"><span class='ocrx_word' id='word_1_291' title='bbox 474 2256 634 2313; x_wconf 90' lang='lat' dir='ltr'><strong><em>multi</em></strong></span> <span class='ocrx_word' id='word_1_292' title='bbox 668 2264 891 2326; x_wconf 90' lang='lat' dir='ltr'><strong><em>pr0pter</em></strong></span> <span class='ocrx_word' id='word_1_293' title='bbox 913 2270 1078 2310; x_wconf 91' lang='lat' dir='ltr'><strong><em>unum</em></strong></span> <span class='ocrx_word' id='word_1_294' title='bbox 1107 2253 1314 2308; x_wconf 89' lang='lat' dir='ltr'><strong><em>diutius</em></strong></span> <span class='ocrx_word' id='word_1_295' title='bbox 1353 2254 1835 2308; x_wconf 87' lang='lat' dir='ltr'><strong><em>contristarentur.</em></strong></span> <span class='ocrx_word' id='word_1_296' title='bbox 1883 2253 1944 2306; x_wconf 76' lang='lat' dir='ltr'><strong><em>Si</em></strong></span> <span class='ocrx_word' id='word_1_297' title='bbox 1973 2253 2080 2318; x_wconf 88' lang='lat' dir='ltr'><strong><em>cui,</em></strong></span> 
     </span>
    </p>
   </div>
   <div class='ocr_carea' id='block_1_39' title="bbox 478 2347 2083 2421">
    <p class='ocr_par' dir='ltr' id='par_1_39' title="bbox 478 2347 2083 2421">
     <span class='ocr_line' id='line_1_39' title="bbox 478 2347 2083 2421; baseline -0.005 -15"><span class='ocrx_word' id='word_1_298' title='bbox 478 2351 676 2421; x_wconf 87' lang='lat' dir='ltr'><strong><em>inquit,</em></strong></span> <span class='ocrx_word' id='word_1_299' title='bbox 707 2349 960 2414; x_wconf 87' lang='lat' dir='ltr'><strong><em>donastis,</em></strong></span> <span class='ocrx_word' id='word_1_300' title='bbox 989 2358 1036 2402; x_wconf 90' lang='lat' dir='ltr'><strong><em>et</em></strong></span> <span class='ocrx_word' id='word_1_301' title='bbox 1062 2365 1192 2418; x_wconf 91' lang='lat' dir='ltr'><strong><em>ego;</em></strong></span> <span class='ocrx_word' id='word_1_302' title='bbox 1220 2365 1338 2402; x_wconf 88' lang='lat' dir='ltr'><strong><em>nam</em></strong></span> <span class='ocrx_word' id='word_1_303' title='bbox 1354 2357 1401 2400; x_wconf 89' lang='lat' dir='ltr'><strong><em>et</em></strong></span> <span class='ocrx_word' id='word_1_304' title='bbox 1418 2363 1511 2418; x_wconf 86' lang='lat' dir='ltr'><strong><em>ego</em></strong></span> <span class='ocrx_word' id='word_1_305' title='bbox 1538 2356 1748 2418; x_wconf 84' lang='lat' dir='ltr'><strong><em>prapter</em></strong></span> <span class='ocrx_word' id='word_1_306' title='bbox 1769 2363 1856 2400; x_wconf 81' lang='lat' dir='ltr'><strong><em>vos</em></strong></span> <span class='ocrx_word' id='word_1_307' title='bbox 1881 2347 1935 2398; x_wconf 88' lang='lat' dir='ltr'><strong><em>in</em></strong></span> <span class='ocrx_word' id='word_1_308' title='bbox 1966 2362 2083 2413; x_wconf 90' lang='lat' dir='ltr'><strong><em>per-</em></strong></span> 
     </span>
    </p>
   </div>
   <div class='ocr_carea' id='block_1_40' title="bbox 475 2436 2080 2507">
    <p class='ocr_par' dir='ltr' id='par_1_40' title="bbox 475 2436 2080 2507">
     <span class='ocr_line' id='line_1_40' title="bbox 475 2436 2080 2507; baseline -0.006 -10"><span class='ocrx_word' id='word_1_309' title='bbox 475 2460 603 2498; x_wconf 87' lang='lat' dir='ltr'><strong><em>sona</em></strong></span> <span class='ocrx_word' id='word_1_310' title='bbox 615 2441 828 2507; x_wconf 80' lang='lat' dir='ltr'><strong><em>Christi,</em></strong></span> <span class='ocrx_word' id='word_1_311' title='bbox 844 2450 900 2494; x_wconf 90' lang='lat' dir='ltr'><strong><em>ut</em></strong></span> <span class='ocrx_word' id='word_1_312' title='bbox 928 2456 1030 2494; x_wconf 87' lang='lat' dir='ltr'><strong><em>non</em></strong></span> <span class='ocrx_word' id='word_1_313' title='bbox 1052 2439 1514 2494; x_wconf 73' lang='lat' dir='ltr'><strong><em>circumveniantur</em></strong></span> <span class='ocrx_word' id='word_1_314' title='bbox 1526 2454 1558 2490; x_wconf 92' lang='lat' dir='ltr'><strong><em>a</em></strong></span> <span class='ocrx_word' id='word_1_315' title='bbox 1576 2437 1777 2493; x_wconf 91' lang='lat' dir='ltr'><strong><em>Satana</em></strong></span> <span class='ocrx_word' id='word_1_316' title='bbox 1797 2453 1815 2502; x_wconf 88' lang='lat'><strong><em>;</em></strong></span> <span class='ocrx_word' id='word_1_317' title='bbox 1839 2453 1930 2490; x_wconf 79' lang='lat' dir='ltr'><strong><em>nec</em></strong></span> <span class='ocrx_word' id='word_1_318' title='bbox 1946 2436 2080 2489; x_wconf 88' lang='lat' dir='ltr'><strong><em>enim</em></strong></span> 
     </span>
    </p>
   </div>
   <div class='ocr_carea' id='block_1_41' title="bbox 472 2527 2082 2602">
    <p class='ocr_par' dir='ltr' id='par_1_41' title="bbox 472 2527 2082 2602">
     <span class='ocr_line' id='line_1_41' title="bbox 472 2527 2082 2602; baseline -0.005 -14"><span class='ocrx_word' id='word_1_319' title='bbox 472 2534 722 2591; x_wconf 77' lang='lat' dir='ltr'><strong><em>uersutias</em></strong></span> <span class='ocrx_word' id='word_1_320' title='bbox 753 2533 865 2602; x_wconf 82' lang='lat' dir='ltr'><strong><em>ejus</em></strong></span> <span class='ocrx_word' id='word_1_321' title='bbox 909 2531 1210 2600; x_wconf 86' lang='lat' dir='ltr'><strong><em>ignoramus</em></strong></span> <span class='ocrx_word' id='word_1_322' title='bbox 1259 2527 1472 2599; x_wconf 89' lang='lat' dir='ltr'><strong><em>(Ibid.,</em></strong></span> <span class='ocrx_word' id='word_1_323' title='bbox 1519 2528 1644 2598; x_wconf 83' lang='grc'><strong>10).</strong></span> <span class='ocrx_word' id='word_1_324' title='bbox 1691 2529 1860 2582; x_wconf 83' lang='lat' dir='ltr'><strong><em>Recte</em></strong></span> <span class='ocrx_word' id='word_1_325' title='bbox 1902 2536 2082 2595; x_wconf 87' lang='lat' dir='ltr'><strong><em>potest</em></strong></span> 
     </span>
    </p>
   </div>
   <div class='ocr_carea' id='block_1_42' title="bbox 473 2619 2081 2694">
    <p class='ocr_par' dir='ltr' id='par_1_42' title="bbox 473 2619 2081 2694">
     <span class='ocr_line' id='line_1_42' title="bbox 473 2619 2081 2694; baseline -0.005 -14"><span class='ocrx_word' id='word_1_326' title='bbox 473 2633 781 2694; x_wconf 85' lang='lat' dir='ltr'><strong><em>serpentem</em></strong></span> <span class='ocrx_word' id='word_1_327' title='bbox 800 2636 1016 2685; x_wconf 86' lang='lat' dir='ltr'><strong><em>cavere,</em></strong></span> <span class='ocrx_word' id='word_1_328' title='bbox 1036 2622 1128 2691; x_wconf 91' lang='lat' dir='ltr'><strong><em>qui</em></strong></span> <span class='ocrx_word' id='word_1_329' title='bbox 1150 2622 1271 2690; x_wconf 87' lang='lat' dir='ltr'><strong><em>ejus</em></strong></span> <span class='ocrx_word' id='word_1_330' title='bbox 1293 2629 1473 2689; x_wconf 88' lang='lat' dir='ltr'><strong><em>potest</em></strong></span> <span class='ocrx_word' id='word_1_331' title='bbox 1502 2621 1770 2674; x_wconf 88' lang='lat' dir='ltr'><strong><em>versutias</em></strong></span> <span class='ocrx_word' id='word_1_332' title='bbox 1792 2634 1902 2673; x_wconf 92' lang='lat' dir='ltr'><strong><em>non</em></strong></span> <span class='ocrx_word' id='word_1_333' title='bbox 1928 2619 2081 2687; x_wconf 88' lang='lat' dir='ltr'><strong><em>igno-</em></strong></span> 
     </span>
    </p>
   </div>
   <div class='ocr_carea' id='block_1_43' title="bbox 475 2709 2079 2784">
    <p class='ocr_par' dir='ltr' id='par_1_43' title="bbox 475 2709 2079 2784">
     <span class='ocr_line' id='line_1_43' title="bbox 475 2709 2079 2784; baseline -0.004 -14"><span class='ocrx_word' id='word_1_334' title='bbox 475 2731 622 2780; x_wconf 86' lang='lat' dir='ltr'><strong><em>rare,</em></strong></span> <span class='ocrx_word' id='word_1_335' title='bbox 657 2729 777 2784; x_wconf 66' lang='lat' dir='ltr'><strong><em>quae</em></strong></span> <span class='ocrx_word' id='word_1_336' title='bbox 815 2713 1002 2766; x_wconf 69' lang='lat' dir='ltr'><strong><em>multa:</em></strong></span> <span class='ocrx_word' id='word_1_337' title='bbox 1051 2711 1117 2764; x_wconf 89' lang='lat' dir='ltr'><strong><em>ad</em></strong></span> <span class='ocrx_word' id='word_1_338' title='bbox 1158 2710 1464 2766; x_wconf 90' lang='lat' dir='ltr'><strong><em>nocendum</em></strong></span> <span class='ocrx_word' id='word_1_339' title='bbox 1506 2720 1653 2764; x_wconf 90' lang='lat' dir='ltr'><strong><em>sunt.</em></strong></span> <span class='ocrx_word' id='word_1_340' title='bbox 1690 2709 1814 2763; x_wconf 84' lang='lat' dir='ltr'><strong><em>Vult</em></strong></span> <span class='ocrx_word' id='word_1_341' title='bbox 1859 2725 2079 2778; x_wconf 90' lang='lat' dir='ltr'><strong><em>semper</em></strong></span> 
     </span>
    </p>
   </div>
   <div class='ocr_carea' id='block_1_44' title="bbox 471 2806 2075 2877">
    <p class='ocr_par' dir='ltr' id='par_1_44' title="bbox 471 2806 2075 2877">
     <span class='ocr_line' id='line_1_44' title="bbox 471 2806 2075 2877; baseline -0.002 -13"><span class='ocrx_word' id='word_1_342' title='bbox 471 2824 695 2872; x_wconf 89' lang='lat' dir='ltr'><strong><em>nocere,</em></strong></span> <span class='ocrx_word' id='word_1_343' title='bbox 720 2823 942 2877; x_wconf 87' lang='lat' dir='ltr'><strong><em>semper</em></strong></span> <span class='ocrx_word' id='word_1_344' title='bbox 975 2808 1410 2872; x_wconf 76' lang='lat' dir='ltr'><strong><em>circumvenire;</em></strong></span> <span class='ocrx_word' id='word_1_345' title='bbox 1461 2817 1518 2862; x_wconf 93' lang='lat' dir='ltr'><strong><em>ut</em></strong></span> <span class='ocrx_word' id='word_1_346' title='bbox 1567 2815 1796 2863; x_wconf 86' lang='lat' dir='ltr'><strong><em>mortem</em></strong></span> <span class='ocrx_word' id='word_1_347' title='bbox 1840 2806 2075 2861; x_wconf 82' lang='lat' dir='ltr'><strong><em>inferat:</em></strong></span> 
     </span>
    </p>
   </div>
   <div class='ocr_carea' id='block_1_45' title="bbox 470 2900 2077 2969">
    <p class='ocr_par' dir='ltr' id='par_1_45' title="bbox 470 2900 2077 2969">
     <span class='ocr_line' id='line_1_45' title="bbox 470 2900 2077 2969; baseline -0.001 -12"><span class='ocrx_word' id='word_1_348' title='bbox 470 2903 568 2958; x_wconf 83' lang='lat' dir='ltr'><strong><em>sed</em></strong></span> <span class='ocrx_word' id='word_1_349' title='bbox 595 2903 860 2958; x_wconf 91' lang='lat' dir='ltr'><strong><em>debemus</em></strong></span> <span class='ocrx_word' id='word_1_350' title='bbox 879 2916 1076 2956; x_wconf 87' lang='lat' dir='ltr'><strong><em>cavere</em></strong></span> <span class='ocrx_word' id='word_1_351' title='bbox 1103 2917 1171 2956; x_wconf 90' lang='lat' dir='ltr'><strong><em>ne</em></strong></span> <span class='ocrx_word' id='word_1_352' title='bbox 1216 2901 1516 2956; x_wconf 87' lang='lat' dir='ltr'><strong><em>remedium</em></strong></span> <span class='ocrx_word' id='word_1_353' title='bbox 1565 2909 1811 2956; x_wconf 89' lang='lat' dir='ltr'><strong><em>nostrum</em></strong></span> <span class='ocrx_word' id='word_1_354' title='bbox 1845 2900 1935 2954; x_wconf 84' lang='lat' dir='ltr'><strong><em>fiat</em></strong></span> <span class='ocrx_word' id='word_1_355' title='bbox 1958 2900 2077 2969; x_wconf 88' lang='lat' dir='ltr'><strong><em>ejus</em></strong></span> 
     </span>
    </p>
   </div>
   <div class='ocr_carea' id='block_1_46' title="bbox 472 2992 2073 3065">
    <p class='ocr_par' dir='ltr' id='par_1_46' title="bbox 472 2992 2073 3065">
     <span class='ocr_line' id='line_1_46' title="bbox 472 2992 2073 3065; baseline -0.002 -15"><span class='ocrx_word' id='word_1_356' title='bbox 472 2996 812 3065; x_wconf 81' lang='lat' dir='ltr'><strong><em>triumphus;</em></strong></span> <span class='ocrx_word' id='word_1_357' title='bbox 843 2993 1305 3048; x_wconf 87' lang='lat' dir='ltr'><strong><em>eircumvenimur</em></strong></span> <span class='ocrx_word' id='word_1_358' title='bbox 1335 2993 1481 3046; x_wconf 89' lang='lat' dir='ltr'><strong><em>enim</em></strong></span> <span class='ocrx_word' id='word_1_359' title='bbox 1512 2992 1583 3046; x_wconf 90' lang='lat' dir='ltr'><strong><em>ab</em></strong></span> <span class='ocrx_word' id='word_1_360' title='bbox 1625 3007 1715 3058; x_wconf 92' lang='lat' dir='ltr'><strong><em>eo,</em></strong></span> <span class='ocrx_word' id='word_1_361' title='bbox 1743 2993 1787 3047; x_wconf 89' lang='lat' dir='ltr'><strong><em>si</em></strong></span> <span class='ocrx_word' id='word_1_362' title='bbox 1818 3007 1913 3060; x_wconf 90' lang='lat' dir='ltr'><strong><em>per</em></strong></span> <span class='ocrx_word' id='word_1_363' title='bbox 1933 3002 1959 3028; x_wconf 74' lang='grc' dir='ltr'>ει</span> <span class='ocrx_word' id='word_1_364' title='bbox 1987 2993 2073 3046; x_wconf 63' lang='lat' dir='ltr'><strong><em>nio</em></strong></span> 
     </span>
    </p>
   </div>
   <div class='ocr_carea' id='block_1_47' title="bbox 472 3083 2072 3156">
    <p class='ocr_par' dir='ltr' id='par_1_47' title="bbox 472 3083 2072 3156">
     <span class='ocr_line' id='line_1_47' title="bbox 472 3083 2072 3156; baseline -0.001 -16"><span class='ocrx_word' id='word_1_365' title='bbox 472 3092 634 3142; x_wconf 80' lang='lat' dir='ltr'><strong><em>iniam</em></strong></span> <span class='ocrx_word' id='word_1_366' title='bbox 667 3085 943 3142; x_wconf 87' lang='lat' dir='ltr'><strong><em>tristitiam</em></strong></span> <span class='ocrx_word' id='word_1_367' title='bbox 969 3095 1180 3155; x_wconf 88' lang='lat' dir='ltr'><strong><em>pereat,</em></strong></span> <span class='ocrx_word' id='word_1_368' title='bbox 1203 3085 1299 3156; x_wconf 91' lang='lat' dir='ltr'><strong><em>qui</em></strong></span> <span class='ocrx_word' id='word_1_369' title='bbox 1324 3095 1504 3155; x_wconf 90' lang='lat' dir='ltr'><strong><em>potest</em></strong></span> <span class='ocrx_word' id='word_1_370' title='bbox 1531 3084 1758 3141; x_wconf 89' lang='lat' dir='ltr'><strong><em>liberari</em></strong></span> <span class='ocrx_word' id='word_1_371' title='bbox 1776 3099 1872 3155; x_wconf 90' lang='lat' dir='ltr'><strong><em>per</em></strong></span> <span class='ocrx_word' id='word_1_372' title='bbox 1892 3083 2072 3140; x_wconf 86' lang='lat' dir='ltr'><strong><em>indul-</em></strong></span> 
     </span>
    </p>
   </div>
   <div class='ocr_carea' id='block_1_48' title="bbox 470 3180 735 3248">
    <p class='ocr_par' dir='ltr' id='par_1_48' title="bbox 470 3180 735 3248">
     <span class='ocr_line' id='line_1_48' title="bbox 470 3180 735 3248; baseline -0.008 -15"><span class='ocrx_word' id='word_1_373' title='bbox 470 3180 735 3248; x_wconf 79' lang='lat' dir='ltr'><strong><em>gentiam.</em></strong></span> 
     </span>
    </p>
   </div>
   <div class='ocr_carea' id='block_1_49' title="bbox 539 3271 2067 3342">
    <p class='ocr_par' dir='ltr' id='par_1_49' title="bbox 539 3271 2067 3342">
     <span class='ocr_line' id='line_1_49' title="bbox 539 3271 2067 3342; baseline 0 -15"><span class='ocrx_word' id='word_1_374' title='bbox 539 3272 630 3327; x_wconf 68' lang='lat' dir='ltr'><strong><em>9t.</em></strong></span> <span class='ocrx_word' id='word_1_375' title='bbox 674 3271 743 3326; x_wconf 83' lang='lat' dir='ltr'><strong><em>Et</em></strong></span> <span class='ocrx_word' id='word_1_376' title='bbox 771 3280 829 3325; x_wconf 90' lang='lat' dir='ltr'><strong><em>ut</em></strong></span> <span class='ocrx_word' id='word_1_377' title='bbox 854 3272 1120 3327; x_wconf 89' lang='lat' dir='ltr'><strong><em>sciremus</em></strong></span> <span class='ocrx_word' id='word_1_378' title='bbox 1148 3273 1271 3342; x_wconf 89' lang='lat' dir='ltr'><strong><em>quia</em></strong></span> <span class='ocrx_word' id='word_1_379' title='bbox 1301 3272 1370 3327; x_wconf 90' lang='lat' dir='ltr'><strong><em>de</em></strong></span> <span class='ocrx_word' id='word_1_380' title='bbox 1412 3271 1689 3342; x_wconf 86' lang='lat' dir='ltr'><strong><em>baptizato</em></strong></span> <span class='ocrx_word' id='word_1_381' title='bbox 1733 3272 1881 3336; x_wconf 89' lang='lat' dir='ltr'><strong><em>dicit,</em></strong></span> <span class='ocrx_word' id='word_1_382' title='bbox 1912 3271 2067 3327; x_wconf 85' lang='lat' dir='ltr'><strong><em>addi-</em></strong></span> 
     </span>
    </p>
   </div>
   <div class='ocr_carea' id='block_1_50' title="bbox 468 3364 2073 3437">
    <p class='ocr_par' dir='ltr' id='par_1_50' title="bbox 468 3364 2073 3437">
     <span class='ocr_line' id='line_1_50' title="bbox 468 3364 2073 3437; baseline -0.002 -15"><span class='ocrx_word' id='word_1_383' title='bbox 468 3367 550 3422; x_wconf 90' lang='lat' dir='ltr'><strong><em>dit</em></strong></span> <span class='ocrx_word' id='word_1_384' title='bbox 579 3383 591 3420; x_wconf 94' lang='lat'><strong>:</strong></span> <span class='ocrx_word' id='word_1_385' title='bbox 623 3366 828 3436; x_wconf 85' lang='lat' dir='ltr'><strong><em>Scripsi</em></strong></span> <span class='ocrx_word' id='word_1_386' title='bbox 847 3366 989 3421; x_wconf 80' lang='lat' dir='ltr'><strong><em>vobis</em></strong></span> <span class='ocrx_word' id='word_1_387' title='bbox 1013 3367 1066 3420; x_wconf 89' lang='lat' dir='ltr'><strong><em>in</em></strong></span> <span class='ocrx_word' id='word_1_388' title='bbox 1095 3366 1334 3437; x_wconf 87' lang='lat' dir='ltr'><strong><em>epistola,</em></strong></span> <span class='ocrx_word' id='word_1_389' title='bbox 1365 3382 1428 3421; x_wconf 91' lang='lat' dir='ltr'><strong><em>ne</em></strong></span> <span class='ocrx_word' id='word_1_390' title='bbox 1454 3364 1882 3419; x_wconf 83' lang='lat' dir='ltr'><strong><em>cornmisceamini</em></strong></span> <span class='ocrx_word' id='word_1_391' title='bbox 1904 3365 2073 3436; x_wconf 83' lang='lat' dir='ltr'><strong><em>forni-</em></strong></span> 
     </span>
    </p>
   </div>
   <div class='ocr_carea' id='block_1_51' title="bbox 539 3501 1953 3568">
    <p class='ocr_par' dir='ltr' id='par_1_51' title="bbox 539 3501 1953 3568">
     <span class='ocr_line' id='line_1_51' title="bbox 539 3501 1953 3568; baseline -0.007 -6"><span class='ocrx_word' id='word_1_392' title='bbox 539 3517 562 3541; x_wconf 74' lang='grc' dir='ltr'>τι</span> <span class='ocrx_word' id='word_1_393' title='bbox 603 3504 792 3561; x_wconf 87' lang='lat' dir='ltr'><strong><em>Germ.</em></strong></span> <span class='ocrx_word' id='word_1_394' title='bbox 817 3504 942 3560; x_wconf 91' lang='lat' dir='ltr'><strong><em>cod.</em></strong></span> <span class='ocrx_word' id='word_1_395' title='bbox 969 3503 1266 3568; x_wconf 89' lang='lat' dir='ltr'><strong><em>antiquior,</em></strong></span> <span class='ocrx_word' id='word_1_396' title='bbox 1300 3503 1512 3556; x_wconf 85' lang='lat' dir='ltr'><strong><em>nimiam</em></strong></span> <span class='ocrx_word' id='word_1_397' title='bbox 1540 3501 1953 3555; x_wconf 86' lang='lat' dir='ltr'><strong><em>obstinationem.</em></strong></span> 
     </span>
    </p>
   </div>
   <div class='ocr_carea' id='block_1_52' title="bbox 535 3571 1957 3645">
    <p class='ocr_par' dir='ltr' id='par_1_52' title="bbox 535 3571 1957 3645">
     <span class='ocr_line' id='line_1_52' title="bbox 535 3571 1957 3645; baseline -0.004 -15"><span class='ocrx_word' id='word_1_398' title='bbox 535 3576 562 3612; x_wconf 75' lang='grc' dir='ltr'>ι’</span> <span class='ocrx_word' id='word_1_399' title='bbox 603 3576 835 3645; x_wconf 86' lang='lat' dir='ltr'><strong><em>Quidam</em></strong></span> <span class='ocrx_word' id='word_1_400' title='bbox 863 3589 1025 3642; x_wconf 87' lang='lat' dir='ltr'><strong><em>mss.,</em></strong></span> <span class='ocrx_word' id='word_1_401' title='bbox 1055 3573 1248 3630; x_wconf 81' lang='lat' dir='ltr'><strong><em>Christi</em></strong></span> <span class='ocrx_word' id='word_1_402' title='bbox 1269 3573 1592 3629; x_wconf 82' lang='lat' dir='ltr'><strong><em>invocatione</em></strong></span> <span class='ocrx_word' id='word_1_403' title='bbox 1618 3571 1957 3642; x_wconf 75' lang='lat' dir='ltr'><strong><em>suﬂ&#39;ragatur.</em></strong></span> 
     </span>
    </p>
   </div>
   <div class='ocr_carea' id='block_1_53' title="bbox 2189 1877 3793 1948">
    <p class='ocr_par' dir='ltr' id='par_1_53' title="bbox 2189 1877 3793 1948">
     <span class='ocr_line' id='line_1_53' title="bbox 2189 1877 3793 1948; baseline 0.001 -16"><span class='ocrx_word' id='word_1_404' title='bbox 2189 1893 2307 1932; x_wconf 91' lang='lat' dir='ltr'><strong><em>rum</em></strong></span> <span class='ocrx_word' id='word_1_405' title='bbox 2349 1878 2645 1932; x_wconf 87' lang='lat' dir='ltr'><strong><em>consortiis</em></strong></span> <span class='ocrx_word' id='word_1_406' title='bbox 2687 1877 2987 1946; x_wconf 75' lang='lat' dir='ltr'><strong><em>copulataz,</em></strong></span> <span class='ocrx_word' id='word_1_407' title='bbox 3021 1877 3140 1932; x_wconf 89' lang='lat' dir='ltr'><strong><em>sine</em></strong></span> <span class='ocrx_word' id='word_1_408' title='bbox 3185 1881 3460 1932; x_wconf 89' lang='lat' dir='ltr'><strong><em>consortio</em></strong></span> <span class='ocrx_word' id='word_1_409' title='bbox 3490 1879 3579 1933; x_wconf 82' lang='lat' dir='ltr'><strong><em>vel</em></strong></span> <span class='ocrx_word' id='word_1_410' title='bbox 3618 1895 3793 1948; x_wconf 68' lang='lat' dir='ltr'><strong><em>paena:</em></strong></span> 
     </span>
    </p>
   </div>
   <div class='ocr_carea' id='block_1_54' title="bbox 2189 1969 3790 2039">
    <p class='ocr_par' dir='ltr' id='par_1_54' title="bbox 2189 1969 3790 2039">
     <span class='ocr_line' id='line_1_54' title="bbox 2189 1969 3790 2039; baseline 0.001 -14"><span class='ocrx_word' id='word_1_411' title='bbox 2189 1985 2314 2025; x_wconf 89' lang='lat' dir='ltr'><strong><em>esse</em></strong></span> <span class='ocrx_word' id='word_1_412' title='bbox 2358 1970 2442 2025; x_wconf 88' lang='lat' dir='ltr'><strong><em>vel</em></strong></span> <span class='ocrx_word' id='word_1_413' title='bbox 2491 1971 2740 2039; x_wconf 63' lang='lat' dir='ltr'><strong><em>praemii?</em></strong></span> <span class='ocrx_word' id='word_1_414' title='bbox 2794 1969 2846 2025; x_wconf 84' lang='lat' dir='ltr'><strong><em>Is</em></strong></span> <span class='ocrx_word' id='word_1_415' title='bbox 2896 1970 3001 2025; x_wconf 86' lang='lat' dir='ltr'><strong><em>sibi</em></strong></span> <span class='ocrx_word' id='word_1_416' title='bbox 3052 1986 3371 2036; x_wconf 80' lang='lat' dir='ltr'><strong><em>reSponsum</em></strong></span> <span class='ocrx_word' id='word_1_417' title='bbox 3414 1971 3516 2026; x_wconf 89' lang='lat' dir='ltr'><strong><em>hoc</em></strong></span> <span class='ocrx_word' id='word_1_418' title='bbox 3568 1972 3790 2039; x_wconf 81' lang='lat' dir='ltr'><strong><em>habeat,</em></strong></span> 
     </span>
    </p>
   </div>
   <div class='ocr_carea' id='block_1_55' title="bbox 2187 2062 3789 2132">
    <p class='ocr_par' dir='ltr' id='par_1_55' title="bbox 2187 2062 3789 2132">
     <span class='ocr_line' id='line_1_55' title="bbox 2187 2062 3789 2132; baseline 0.005 -19"><span class='ocrx_word' id='word_1_419' title='bbox 2187 2062 2333 2132; x_wconf 90' lang='lat' dir='ltr'><strong><em>quod</em></strong></span> <span class='ocrx_word' id='word_1_420' title='bbox 2392 2063 2652 2118; x_wconf 91' lang='lat' dir='ltr'><strong><em>interitus</em></strong></span> <span class='ocrx_word' id='word_1_421' title='bbox 2702 2078 2811 2118; x_wconf 92' lang='lat' dir='ltr'><strong><em>non</em></strong></span> <span class='ocrx_word' id='word_1_422' title='bbox 2863 2074 3299 2118; x_wconf 90' lang='lat' dir='ltr'><strong><em>consummatam</em></strong></span> <span class='ocrx_word' id='word_1_423' title='bbox 3347 2064 3789 2132; x_wconf 89' lang='lat' dir='ltr'><strong><em>absumptionem</em></strong></span> 
     </span>
    </p>
   </div>
   <div class='ocr_carea' id='block_1_56' title="bbox 2185 2157 3792 2227">
    <p class='ocr_par' dir='ltr' id='par_1_56' title="bbox 2185 2157 3792 2227">
     <span class='ocr_line' id='line_1_56' title="bbox 2185 2157 3792 2227; baseline 0.001 -16"><span class='ocrx_word' id='word_1_424' title='bbox 2185 2157 2366 2212; x_wconf 87' lang='lat' dir='ltr'><strong><em>carnis</em></strong></span> <span class='ocrx_word' id='word_1_425' title='bbox 2393 2157 2685 2225; x_wconf 83' lang='lat' dir='ltr'><strong><em>signiticet,</em></strong></span> <span class='ocrx_word' id='word_1_426' title='bbox 2716 2157 2812 2213; x_wconf 89' lang='lat' dir='ltr'><strong><em>sed</em></strong></span> <span class='ocrx_word' id='word_1_427' title='bbox 2838 2158 3275 2227; x_wconf 79' lang='lat' dir='ltr'><strong><em>castigationem.</em></strong></span> <span class='ocrx_word' id='word_1_428' title='bbox 3302 2159 3448 2212; x_wconf 78' lang='lat' dir='ltr'><strong><em>Sicut</em></strong></span> <span class='ocrx_word' id='word_1_429' title='bbox 3467 2159 3614 2211; x_wconf 87' lang='lat' dir='ltr'><strong><em>enim</em></strong></span> <span class='ocrx_word' id='word_1_430' title='bbox 3643 2174 3792 2213; x_wconf 87' lang='lat' dir='ltr'><strong><em>mor-</em></strong></span> 
     </span>
    </p>
   </div>
   <div class='ocr_carea' id='block_1_57' title="bbox 2187 2249 3791 2320">
    <p class='ocr_par' dir='ltr' id='par_1_57' title="bbox 2187 2249 3791 2320">
     <span class='ocr_line' id='line_1_57' title="bbox 2187 2249 3791 2320; baseline 0.001 -16"><span class='ocrx_word' id='word_1_431' title='bbox 2187 2260 2312 2305; x_wconf 92' lang='lat' dir='ltr'><strong><em>tuus</em></strong></span> <span class='ocrx_word' id='word_1_432' title='bbox 2339 2261 2592 2320; x_wconf 87' lang='lat' dir='ltr'><strong><em>peccato,</em></strong></span> <span class='ocrx_word' id='word_1_433' title='bbox 2643 2249 2758 2305; x_wconf 89' lang='lat' dir='ltr'><strong><em>Deo</em></strong></span> <span class='ocrx_word' id='word_1_434' title='bbox 2785 2249 2913 2304; x_wconf 86' lang='lat' dir='ltr'><strong><em>vivit</em></strong></span> <span class='ocrx_word' id='word_1_435' title='bbox 2949 2268 2961 2302; x_wconf 91' lang='lat'><strong>:</strong></span> <span class='ocrx_word' id='word_1_436' title='bbox 2995 2252 3066 2303; x_wconf 89' lang='lat' dir='ltr'><strong><em>ita</em></strong></span> <span class='ocrx_word' id='word_1_437' title='bbox 3099 2249 3368 2304; x_wconf 71' lang='lat' dir='ltr'><strong><em>illecebrm</em></strong></span> <span class='ocrx_word' id='word_1_438' title='bbox 3398 2251 3579 2305; x_wconf 78' lang='lat' dir='ltr'><strong><em>Carnis</em></strong></span> <span class='ocrx_word' id='word_1_439' title='bbox 3619 2251 3791 2306; x_wconf 87' lang='lat' dir='ltr'><strong><em>inter-</em></strong></span> 
     </span>
    </p>
   </div>
   <div class='ocr_carea' id='block_1_58' title="bbox 2183 2342 3789 2412">
    <p class='ocr_par' dir='ltr' id='par_1_58' title="bbox 2183 2342 3789 2412">
     <span class='ocr_line' id='line_1_58' title="bbox 2183 2342 3789 2412; baseline 0.002 -14"><span class='ocrx_word' id='word_1_440' title='bbox 2183 2351 2338 2408; x_wconf 89' lang='lat' dir='ltr'><strong><em>eunt,</em></strong></span> <span class='ocrx_word' id='word_1_441' title='bbox 2380 2352 2435 2395; x_wconf 89' lang='lat' dir='ltr'><strong><em>et</em></strong></span> <span class='ocrx_word' id='word_1_442' title='bbox 2464 2342 2852 2412; x_wconf 79' lang='lat' dir='ltr'><strong><em>cupiditatibus</em></strong></span> <span class='ocrx_word' id='word_1_443' title='bbox 2874 2343 2988 2397; x_wconf 90' lang='lat' dir='ltr'><strong><em>suis</em></strong></span> <span class='ocrx_word' id='word_1_444' title='bbox 3009 2345 3242 2398; x_wconf 90' lang='lat' dir='ltr'><strong><em>moritur</em></strong></span> <span class='ocrx_word' id='word_1_445' title='bbox 3269 2359 3427 2398; x_wconf 90' lang='lat' dir='ltr'><strong><em>caro:</em></strong></span> <span class='ocrx_word' id='word_1_446' title='bbox 3455 2354 3513 2399; x_wconf 91' lang='lat' dir='ltr'><strong><em>ut</em></strong></span> <span class='ocrx_word' id='word_1_447' title='bbox 3549 2346 3789 2401; x_wconf 85' lang='lat' dir='ltr'><strong><em>castitati</em></strong></span> 
     </span>
    </p>
   </div>
   <div class='ocr_carea' id='block_1_59' title="bbox 2181 2434 3323 2504">
    <p class='ocr_par' dir='ltr' id='par_1_59' title="bbox 2181 2434 3323 2504">
     <span class='ocr_line' id='line_1_59' title="bbox 2181 2434 3323 2504; baseline -0.001 -15"><span class='ocrx_word' id='word_1_448' title='bbox 2181 2435 2510 2504; x_wconf 65' lang='lat' dir='ltr'><strong><em>caeteris-que</em></strong></span> <span class='ocrx_word' id='word_1_449' title='bbox 2532 2434 2693 2490; x_wconf 86' lang='lat' dir='ltr'><strong><em>bonis</em></strong></span> <span class='ocrx_word' id='word_1_450' title='bbox 2721 2436 2982 2504; x_wconf 84' lang='lat' dir='ltr'><strong><em>cperibus</em></strong></span> <span class='ocrx_word' id='word_1_451' title='bbox 3013 2437 3323 2491; x_wconf 88' lang='lat' dir='ltr'><strong><em>reviviscat.</em></strong></span> 
     </span>
    </p>
   </div>
   <div class='ocr_carea' id='block_1_60' title="bbox 2253 2528 3787 2602">
    <p class='ocr_par' dir='ltr' id='par_1_60' title="bbox 2253 2528 3787 2602">
     <span class='ocr_line' id='line_1_60' title="bbox 2253 2528 3787 2602; baseline 0.002 -18"><span class='ocrx_word' id='word_1_452' title='bbox 2253 2528 2344 2584; x_wconf 83' lang='lat'><strong><em>96.</em></strong></span> <span class='ocrx_word' id='word_1_453' title='bbox 2392 2529 2454 2582; x_wconf 81' lang='lat' dir='ltr'><strong><em>Et</em></strong></span> <span class='ocrx_word' id='word_1_454' title='bbox 2493 2529 2637 2600; x_wconf 90' lang='lat' dir='ltr'><strong><em>quod</em></strong></span> <span class='ocrx_word' id='word_1_455' title='bbox 2686 2530 2869 2598; x_wconf 89' lang='lat' dir='ltr'><strong><em>aptius</em></strong></span> <span class='ocrx_word' id='word_1_456' title='bbox 2920 2531 3253 2600; x_wconf 75' lang='lat' dir='ltr'><strong><em>exemplum,</em></strong></span> <span class='ocrx_word' id='word_1_457' title='bbox 3301 2531 3559 2602; x_wconf 88' lang='lat' dir='ltr'><strong><em>quamde</em></strong></span> <span class='ocrx_word' id='word_1_458' title='bbox 3614 2541 3787 2588; x_wconf 89' lang='lat' dir='ltr'><strong><em>matre</em></strong></span> 
     </span>
    </p>
   </div>
   <div class='ocr_carea' id='block_1_61' title="bbox 2181 2620 3788 2692">
    <p class='ocr_par' dir='ltr' id='par_1_61' title="bbox 2181 2620 3788 2692">
     <span class='ocr_line' id='line_1_61' title="bbox 2181 2620 3788 2692; baseline 0.003 -18"><span class='ocrx_word' id='word_1_459' title='bbox 2181 2623 2503 2674; x_wconf 86' lang='lat' dir='ltr'><strong><em>sumamus?</em></strong></span> <span class='ocrx_word' id='word_1_460' title='bbox 2547 2620 2791 2690; x_wconf 84' lang='lat' dir='ltr'><strong><em>Namque</em></strong></span> <span class='ocrx_word' id='word_1_461' title='bbox 2837 2620 2952 2688; x_wconf 89' lang='lat' dir='ltr'><strong><em>ipsa</em></strong></span> <span class='ocrx_word' id='word_1_462' title='bbox 3000 2621 3070 2676; x_wconf 92' lang='lat' dir='ltr'><strong><em>de</em></strong></span> <span class='ocrx_word' id='word_1_463' title='bbox 3115 2638 3219 2692; x_wconf 88' lang='lat' dir='ltr'><strong><em>qua</em></strong></span> <span class='ocrx_word' id='word_1_464' title='bbox 3272 2624 3536 2692; x_wconf 86' lang='lat' dir='ltr'><strong><em>assumpti</em></strong></span> <span class='ocrx_word' id='word_1_465' title='bbox 3571 2639 3788 2691; x_wconf 84' lang='lat' dir='ltr'><strong><em>sumus,</em></strong></span> 
     </span>
    </p>
   </div>
   <div class='ocr_carea' id='block_1_62' title="bbox 2181 2712 3782 2784">
    <p class='ocr_par' dir='ltr' id='par_1_62' title="bbox 2181 2712 3782 2784">
     <span class='ocr_line' id='line_1_62' title="bbox 2181 2712 3782 2784; baseline 0.002 -19"><span class='ocrx_word' id='word_1_466' title='bbox 2181 2720 2348 2779; x_wconf 89' lang='lat' dir='ltr'><strong><em>terra,</em></strong></span> <span class='ocrx_word' id='word_1_467' title='bbox 2371 2713 2682 2766; x_wconf 91' lang='lat' dir='ltr'><strong><em>intermisso</em></strong></span> <span class='ocrx_word' id='word_1_468' title='bbox 2704 2712 2970 2767; x_wconf 77' lang='lat' dir='ltr'><strong><em>exercitio</em></strong></span> <span class='ocrx_word' id='word_1_469' title='bbox 2989 2713 3271 2784; x_wconf 90' lang='lat' dir='ltr'><strong><em>cultuque,</em></strong></span> <span class='ocrx_word' id='word_1_470' title='bbox 3293 2714 3508 2771; x_wconf 86' lang='lat' dir='ltr'><strong><em>videtur</em></strong></span> <span class='ocrx_word' id='word_1_471' title='bbox 3521 2715 3740 2771; x_wconf 87' lang='lat' dir='ltr'><strong><em>deserta</em></strong></span> <span class='ocrx_word' id='word_1_472' title='bbox 3770 2736 3782 2769; x_wconf 91' lang='lat'>:</span> 
     </span>
    </p>
   </div>
   <div class='ocr_carea' id='block_1_63' title="bbox 2178 2807 3788 2879">
    <p class='ocr_par' dir='ltr' id='par_1_63' title="bbox 2178 2807 3788 2879">
     <span class='ocr_line' id='line_1_63' title="bbox 2178 2807 3788 2879; baseline 0.002 -19"><span class='ocrx_word' id='word_1_473' title='bbox 2178 2816 2233 2860; x_wconf 89' lang='lat' dir='ltr'><strong><em>et</em></strong></span> <span class='ocrx_word' id='word_1_474' title='bbox 2256 2815 2349 2859; x_wconf 88' lang='lat' dir='ltr'><strong><em>aut</em></strong></span> <span class='ocrx_word' id='word_1_475' title='bbox 2377 2807 2580 2862; x_wconf 89' lang='lat' dir='ltr'><strong><em>vinetis</em></strong></span> <span class='ocrx_word' id='word_1_476' title='bbox 2609 2808 2807 2878; x_wconf 87' lang='lat' dir='ltr'><strong><em>quibus</em></strong></span> <span class='ocrx_word' id='word_1_477' title='bbox 2832 2807 3076 2862; x_wconf 88' lang='lat' dir='ltr'><strong><em>consitus</em></strong></span> <span class='ocrx_word' id='word_1_478' title='bbox 3101 2817 3184 2862; x_wconf 91' lang='lat' dir='ltr'><strong><em>est</em></strong></span> <span class='ocrx_word' id='word_1_479' title='bbox 3210 2823 3363 2879; x_wconf 86' lang='lat' dir='ltr'><strong><em>ager,</em></strong></span> <span class='ocrx_word' id='word_1_480' title='bbox 3381 2818 3472 2863; x_wconf 92' lang='lat' dir='ltr'><strong><em>aut</em></strong></span> <span class='ocrx_word' id='word_1_481' title='bbox 3498 2809 3640 2864; x_wconf 90' lang='lat' dir='ltr'><strong><em>oleis</em></strong></span> <span class='ocrx_word' id='word_1_482' title='bbox 3669 2825 3788 2864; x_wconf 89' lang='lat' dir='ltr'><strong><em>mo-</em></strong></span> 
     </span>
    </p>
   </div>
   <div class='ocr_carea' id='block_1_64' title="bbox 2176 2899 3787 2970">
    <p class='ocr_par' dir='ltr' id='par_1_64' title="bbox 2176 2899 3787 2970">
     <span class='ocr_line' id='line_1_64' title="bbox 2176 2899 3787 2970; baseline 0.002 -18"><span class='ocrx_word' id='word_1_483' title='bbox 2176 2899 2348 2962; x_wconf 91' lang='lat' dir='ltr'><strong><em>ritur;</em></strong></span> <span class='ocrx_word' id='word_1_484' title='bbox 2378 2913 2599 2952; x_wconf 90' lang='lat' dir='ltr'><strong><em>succum</em></strong></span> <span class='ocrx_word' id='word_1_485' title='bbox 2645 2908 2824 2954; x_wconf 88' lang='lat' dir='ltr'><strong><em>tamen</em></strong></span> <span class='ocrx_word' id='word_1_486' title='bbox 2872 2899 3148 2968; x_wconf 90' lang='lat' dir='ltr'><strong><em>proprium</em></strong></span> <span class='ocrx_word' id='word_1_487' title='bbox 3190 2901 3338 2955; x_wconf 86' lang='lat' dir='ltr'><strong><em>velut</em></strong></span> <span class='ocrx_word' id='word_1_488' title='bbox 3381 2901 3672 2970; x_wconf 89' lang='lat' dir='ltr'><strong><em>quamdam</em></strong></span> <span class='ocrx_word' id='word_1_489' title='bbox 3699 2902 3787 2956; x_wconf 91' lang='lat' dir='ltr'><strong><em>sui</em></strong></span> 
     </span>
    </p>
   </div>
   <div class='ocr_carea' id='block_1_65' title="bbox 2175 2990 3788 3062">
    <p class='ocr_par' dir='ltr' id='par_1_65' title="bbox 2175 2990 3788 3062">
     <span class='ocr_line' id='line_1_65' title="bbox 2175 2990 3788 3062; baseline 0.004 -19"><span class='ocrx_word' id='word_1_490' title='bbox 2175 2991 2413 3044; x_wconf 84' lang='lat' dir='ltr'><strong><em>animam</em></strong></span> <span class='ocrx_word' id='word_1_491' title='bbox 2459 3006 2566 3044; x_wconf 90' lang='lat' dir='ltr'><strong><em>non</em></strong></span> <span class='ocrx_word' id='word_1_492' title='bbox 2600 2991 2819 3045; x_wconf 91' lang='lat' dir='ltr'><strong><em>amittit.</em></strong></span> <span class='ocrx_word' id='word_1_493' title='bbox 2865 2990 3108 3062; x_wconf 89' lang='lat' dir='ltr'><strong><em>Denique</em></strong></span> <span class='ocrx_word' id='word_1_494' title='bbox 3157 2993 3385 3062; x_wconf 81' lang='lat' dir='ltr'><strong><em>repetita</em></strong></span> <span class='ocrx_word' id='word_1_495' title='bbox 3434 2992 3697 3058; x_wconf 89' lang='lat' dir='ltr'><strong><em>cultione,</em></strong></span> <span class='ocrx_word' id='word_1_496' title='bbox 3729 3004 3788 3050; x_wconf 88' lang='lat' dir='ltr'><strong><em>et</em></strong></span> 
     </span>
    </p>
   </div>
   <div class='ocr_carea' id='block_1_66' title="bbox 2173 3083 3787 3154">
    <p class='ocr_par' dir='ltr' id='par_1_66' title="bbox 2173 3083 3787 3154">
     <span class='ocr_line' id='line_1_66' title="bbox 2173 3083 3787 3154; baseline 0.002 -16"><span class='ocrx_word' id='word_1_497' title='bbox 2173 3083 2403 3138; x_wconf 83' lang='lat' dir='ltr'><strong><em>creditis</em></strong></span> <span class='ocrx_word' id='word_1_498' title='bbox 2427 3085 2750 3149; x_wconf 88' lang='lat' dir='ltr'><strong><em>seminibus,</em></strong></span> <span class='ocrx_word' id='word_1_499' title='bbox 2796 3084 2997 3154; x_wconf 90' lang='lat' dir='ltr'><strong><em>quibus</em></strong></span> <span class='ocrx_word' id='word_1_500' title='bbox 3045 3085 3244 3141; x_wconf 87' lang='lat' dir='ltr'><strong><em>habilis</em></strong></span> <span class='ocrx_word' id='word_1_501' title='bbox 3284 3087 3608 3153; x_wconf 61' lang='lat' dir='ltr'><strong><em>acstimatur,</em></strong></span> <span class='ocrx_word' id='word_1_502' title='bbox 3639 3087 3787 3142; x_wconf 87' lang='lat' dir='ltr'><strong><em>fera-</em></strong></span> 
     </span>
    </p>
   </div>
   <div class='ocr_carea' id='block_1_67' title="bbox 2173 3175 3785 3248">
    <p class='ocr_par' dir='ltr' id='par_1_67' title="bbox 2173 3175 3785 3248">
     <span class='ocr_line' id='line_1_67' title="bbox 2173 3175 3785 3248; baseline 0.004 -18"><span class='ocrx_word' id='word_1_503' title='bbox 2173 3175 2290 3230; x_wconf 91' lang='lat' dir='ltr'><strong><em>cior</em></strong></span> <span class='ocrx_word' id='word_1_504' title='bbox 2313 3175 2548 3246; x_wconf 79' lang='lat' dir='ltr'><strong><em>assurgit</em></strong></span> <span class='ocrx_word' id='word_1_505' title='bbox 2602 3175 2887 3230; x_wconf 89' lang='lat' dir='ltr'><strong><em>fructibus.</em></strong></span> <span class='ocrx_word' id='word_1_506' title='bbox 2931 3175 3050 3230; x_wconf 82' lang='lat' dir='ltr'><strong><em>Non</em></strong></span> <span class='ocrx_word' id='word_1_507' title='bbox 3080 3193 3212 3248; x_wconf 86' lang='lat' dir='ltr'><strong><em>ergo</em></strong></span> <span class='ocrx_word' id='word_1_508' title='bbox 3251 3178 3488 3233; x_wconf 89' lang='lat' dir='ltr'><strong><em>alienum</em></strong></span> <span class='ocrx_word' id='word_1_509' title='bbox 3529 3180 3575 3234; x_wconf 87' lang='lat' dir='ltr'><strong><em>si</em></strong></span> <span class='ocrx_word' id='word_1_510' title='bbox 3614 3180 3785 3236; x_wconf 89' lang='lat' dir='ltr'><strong><em>etiam</em></strong></span> 
     </span>
    </p>
   </div>
   <div class='ocr_carea' id='block_1_68' title="bbox 2173 3269 3786 3346">
    <p class='ocr_par' dir='ltr' id='par_1_68' title="bbox 2173 3269 3786 3346">
     <span class='ocr_line' id='line_1_68' title="bbox 2173 3269 3786 3346; baseline 0.004 -22"><span class='ocrx_word' id='word_1_511' title='bbox 2173 3278 2358 3325; x_wconf 91' lang='lat' dir='ltr'><strong><em>nostra</em></strong></span> <span class='ocrx_word' id='word_1_512' title='bbox 2384 3284 2513 3323; x_wconf 89' lang='lat' dir='ltr'><strong><em>caro</em></strong></span> <span class='ocrx_word' id='word_1_513' title='bbox 2555 3270 2780 3326; x_wconf 91' lang='lat' dir='ltr'><strong><em>interire</em></strong></span> <span class='ocrx_word' id='word_1_514' title='bbox 2801 3270 2883 3326; x_wconf 91' lang='lat' dir='ltr'><strong><em>sic</em></strong></span> <span class='ocrx_word' id='word_1_515' title='bbox 2910 3269 3144 3334; x_wconf 89' lang='lat' dir='ltr'><strong><em>dicitur;</em></strong></span> <span class='ocrx_word' id='word_1_516' title='bbox 3193 3281 3249 3328; x_wconf 94' lang='lat' dir='ltr'><strong><em>ut</em></strong></span> <span class='ocrx_word' id='word_1_517' title='bbox 3289 3287 3538 3342; x_wconf 87' lang='lat' dir='ltr'><strong><em>repressa</em></strong></span> <span class='ocrx_word' id='word_1_518' title='bbox 3585 3275 3786 3346; x_wconf 86' lang='lat' dir='ltr'><strong><em>magis,</em></strong></span> 
     </span>
    </p>
   </div>
   <div class='ocr_carea' id='block_1_69' title="bbox 2173 3362 2961 3434">
    <p class='ocr_par' dir='ltr' id='par_1_69' title="bbox 2173 3362 2961 3434">
     <span class='ocr_line' id='line_1_69' title="bbox 2173 3362 2961 3434; baseline 0.001 -17"><span class='ocrx_word' id='word_1_519' title='bbox 2173 3377 2335 3434; x_wconf 88' lang='lat' dir='ltr'><strong><em>quam</em></strong></span> <span class='ocrx_word' id='word_1_520' title='bbox 2364 3362 2655 3433; x_wconf 88' lang='lat' dir='ltr'><strong><em>absumpta</em></strong></span> <span class='ocrx_word' id='word_1_521' title='bbox 2687 3363 2961 3419; x_wconf 86' lang='lat' dir='ltr'><strong><em>eredatur.</em></strong></span> 
     </span>
    </p>
   </div>
   <div class='ocr_carea' id='block_1_70' title="bbox 2251 3497 3785 3624">
    <p class='ocr_par' dir='ltr' id='par_1_70' title="bbox 2251 3497 3785 3624">
     <span class='ocr_line' id='line_1_70' title="bbox 2251 3497 3785 3624; baseline 0.006 -73"><span class='ocrx_word' id='word_1_522' title='bbox 2251 3511 2273 3536; x_wconf 74' lang='grc' dir='ltr'><strong><em>ε</em></strong></span> <span class='ocrx_word' id='word_1_523' title='bbox 2315 3497 2440 3624; x_wconf 60' lang='grc' dir='ltr'>ἳιςε.</span> <span class='ocrx_word' id='word_1_524' title='bbox 2485 3513 2594 3554; x_wconf 92' lang='lat' dir='ltr'><strong><em>non</em></strong></span> <span class='ocrx_word' id='word_1_525' title='bbox 2641 3500 2823 3570; x_wconf 88' lang='lat' dir='ltr'><strong><em>pauci,</em></strong></span> <span class='ocrx_word' id='word_1_526' title='bbox 2869 3509 3128 3571; x_wconf 86' lang='lat' dir='ltr'><strong><em>gestorum</em></strong></span> <span class='ocrx_word' id='word_1_527' title='bbox 3177 3519 3489 3573; x_wconf 85' lang='lat' dir='ltr'><strong><em>operumque</em></strong></span> <span class='ocrx_word' id='word_1_528' title='bbox 3517 3515 3785 3560; x_wconf 83' lang='lat' dir='ltr'><strong><em>consortes</em></strong></span> 
     </span>
     <span class='ocr_line' id='line_1_71' title="bbox 2251 3581 2460 3624; baseline -0.005 0"><span class='ocrx_word' id='word_1_529' title='bbox 2251 3587 2312 3624; x_wconf 82' lang='lat' dir='ltr'><strong><em>ou</em></strong></span> <span class='ocrx_word' id='word_1_530' title='bbox 2339 3581 2460 3624; x_wconf 72' lang='lat' dir='ltr'><strong><em>am.</em></strong></span> 
     </span>
    </p>
   </div>
   <div class='ocr_carea' id='block_1_71' title="bbox 2175 3581 2460 3640">
    <p class='ocr_par' dir='ltr' id='par_1_71' title="bbox 2175 3581 2460 3640">
     <span class='ocr_line' id='line_1_72' title="bbox 2175 3581 2460 3640; baseline -0.004 -16"><span class='ocrx_word' id='word_1_531' title='bbox 2175 3581 2460 3640; x_wconf 65' lang='lat' dir='ltr'><strong><em>copulata.</em></strong></span> 
     </span>
    </p>
   </div>
   <div class='ocr_carea' id='block_1_72' title="bbox 460 3697 3703 3730">
    <p class='ocr_par' dir='ltr' id='par_1_72' title="bbox 460 3697 3703 3730">
     <span class='ocr_line' id='line_1_73' title="bbox 460 3697 3703 3730; baseline 0.003 -11"><span class='ocrx_word' id='word_1_532' title='bbox 460 3697 3703 3730; x_wconf 62' lang='lat' dir='ltr'><strong><em>_——.—————————————-—-ﬂ-———————-—-—————___</em></strong></span> 
     </span>
    </p>
   </div>
   <div class='ocr_carea' id='block_1_73' title="bbox 1582 3816 2668 3904">
    <p class='ocr_par' dir='ltr' id='par_1_73' title="bbox 1582 3816 2668 3904">
     <span class='ocr_line' id='line_1_74' title="bbox 1582 3816 2668 3904; baseline -0.008 -1"><span class='ocrx_word' id='word_1_533' title='bbox 1582 3820 1930 3904; x_wconf 82' lang='lat' dir='ltr'><strong><em>LIBER</em></strong></span> <span class='ocrx_word' id='word_1_534' title='bbox 2004 3816 2668 3903; x_wconf 85' lang='lat' dir='ltr'><strong><em>SECUNDUS.</em></strong></span> 
     </span>
    </p>
   </div>
   <div class='ocr_carea' id='block_1_74' title="bbox 1960 3953 2274 3973">
    <p class='ocr_par' dir='ltr' id='par_1_74' title="bbox 1960 3953 2274 3973">
     <span class='ocr_line' id='line_1_75' title="bbox 1960 3953 2274 3973; baseline 0 -3"><span class='ocrx_word' id='word_1_535' title='bbox 1960 3953 2274 3973; x_wconf 58' lang='grc' dir='ltr'><strong><em>...ρΙ</em></strong></span> 
     </span>
    </p>
   </div>
   <div class='ocr_carea' id='block_1_75' title="bbox 883 4078 1654 4156">
    <p class='ocr_par' dir='ltr' id='par_1_75' title="bbox 883 4078 1654 4156">
     <span class='ocr_line' id='line_1_76' title="bbox 883 4078 1654 4156; baseline -0.018 -10"><span class='ocrx_word' id='word_1_536' title='bbox 883 4078 1048 4156; x_wconf 63' lang='grc'><strong><em>415</em></strong></span> <span class='ocrx_word' id='word_1_537' title='bbox 1085 4080 1318 4139; x_wconf 87' lang='lat' dir='ltr'><strong><em>CAPUT</em></strong></span> <span class='ocrx_word' id='word_1_538' title='bbox 1358 4078 1654 4138; x_wconf 74' lang='lat' dir='ltr'><strong><em>PRIMUM.</em></strong></span> 
     </span>
    </p>
   </div>
   <div class='ocr_carea' id='block_1_76' title="bbox 463 4203 2062 4277">
    <p class='ocr_par' dir='ltr' id='par_1_76' title="bbox 463 4203 2062 4277">
     <span class='ocr_line' id='line_1_77' title="bbox 463 4203 2062 4277; baseline -0.006 -13"><span class='ocrx_word' id='word_1_539' title='bbox 463 4209 765 4264; x_wconf 80' lang='lat' dir='ltr'><strong><em>Ambrosius</em></strong></span> <span class='ocrx_word' id='word_1_540' title='bbox 793 4206 910 4261; x_wconf 84' lang='lat' dir='ltr'><strong><em>libri</em></strong></span> <span class='ocrx_word' id='word_1_541' title='bbox 940 4206 1221 4277; x_wconf 84' lang='lat' dir='ltr'><strong><em>superioris</em></strong></span> <span class='ocrx_word' id='word_1_542' title='bbox 1257 4205 1527 4273; x_wconf 69' lang='lat' dir='ltr'><strong><em>praceptis</em></strong></span> <span class='ocrx_word' id='word_1_543' title='bbox 1566 4218 1694 4256; x_wconf 82' lang='lat' dir='ltr'><strong><em>nova</em></strong></span> <span class='ocrx_word' id='word_1_544' title='bbox 1732 4203 2062 4263; x_wconf 68' lang='lat' dir='ltr'><strong><em>subtexurus,</em></strong></span> 
     </span>
    </p>
   </div>
   <div class='ocr_carea' id='block_1_77' title="bbox 535 4293 2068 4368">
    <p class='ocr_par' dir='ltr' id='par_1_77' title="bbox 535 4293 2068 4368">
     <span class='ocr_line' id='line_1_78' title="bbox 535 4293 2068 4368; baseline -0.006 -13"><span class='ocrx_word' id='word_1_545' title='bbox 535 4299 885 4355; x_wconf 82' lang='lat' dir='ltr'><strong><em>necessitatem</em></strong></span> <span class='ocrx_word' id='word_1_546' title='bbox 927 4305 1127 4351; x_wconf 88' lang='lat' dir='ltr'><strong><em>mature</em></strong></span> <span class='ocrx_word' id='word_1_547' title='bbox 1163 4296 1350 4368; x_wconf 86' lang='lat' dir='ltr'><strong><em>agendi</em></strong></span> <span class='ocrx_word' id='word_1_548' title='bbox 1403 4294 1751 4366; x_wconf 71' lang='lat' dir='ltr'><strong><em>paenitentiam</em></strong></span> <span class='ocrx_word' id='word_1_549' title='bbox 1791 4293 2068 4365; x_wconf 79' lang='lat' dir='ltr'><strong><em>allegorice</em></strong></span> 
     </span>
    </p>
   </div>
   <div class='ocr_carea' id='block_1_78' title="bbox 533 4386 2062 4460">
    <p class='ocr_par' dir='ltr' id='par_1_78' title="bbox 533 4386 2062 4460">
     <span class='ocr_line' id='line_1_79' title="bbox 533 4386 2062 4460; baseline -0.005 -14"><span class='ocrx_word' id='word_1_550' title='bbox 533 4392 763 4446; x_wconf 86' lang='lat' dir='ltr'><strong><em>insinuat</em></strong></span> <span class='ocrx_word' id='word_1_551' title='bbox 793 4431 810 4458; x_wconf 91' lang='lat'><strong><em>,</em></strong></span> <span class='ocrx_word' id='word_1_552' title='bbox 839 4407 992 4460; x_wconf 85' lang='lat' dir='ltr'><strong><em>quam</em></strong></span> <span class='ocrx_word' id='word_1_553' title='bbox 1011 4387 1017 4392; x_wconf 73' lang='grc'><strong>’</strong></span> <span class='ocrx_word' id='word_1_554' title='bbox 1039 4401 1086 4444; x_wconf 90' lang='lat' dir='ltr'><strong><em>et</em></strong></span> <span class='ocrx_word' id='word_1_555' title='bbox 1134 4389 1316 4445; x_wconf 81' lang='lat' dir='ltr'><strong><em>suadet</em></strong></span> <span class='ocrx_word' id='word_1_556' title='bbox 1364 4389 1618 4458; x_wconf 78' lang='lat' dir='ltr'><strong><em>agendam</em></strong></span> <span class='ocrx_word' id='word_1_557' title='bbox 1647 4405 1659 4439; x_wconf 92' lang='lat'>:</span> <span class='ocrx_word' id='word_1_558' title='bbox 1689 4387 1874 4440; x_wconf 88' lang='lat' dir='ltr'><strong><em>deinde</em></strong></span> <span class='ocrx_word' id='word_1_559' title='bbox 1919 4386 2062 4438; x_wconf 85' lang='lat' dir='ltr'><strong><em>illius</em></strong></span> 
     </span>
    </p>
   </div>
   <div class='ocr_carea' id='block_1_79' title="bbox 534 4476 2062 4552">
    <p class='ocr_par' dir='ltr' id='par_1_79' title="bbox 534 4476 2062 4552">
     <span class='ocr_line' id='line_1_80' title="bbox 534 4476 2062 4552; baseline -0.005 -16"><span class='ocrx_word' id='word_1_560' title='bbox 534 4485 701 4552; x_wconf 76' lang='lat' dir='ltr'><strong><em>[arma</em></strong></span> <span class='ocrx_word' id='word_1_561' title='bbox 731 4483 782 4535; x_wconf 92' lang='lat' dir='ltr'><strong><em>in</em></strong></span> <span class='ocrx_word' id='word_1_562' title='bbox 814 4482 1059 4551; x_wconf 81' lang='lat' dir='ltr'><strong><em>Apostolo</em></strong></span> <span class='ocrx_word' id='word_1_563' title='bbox 1087 4480 1362 4534; x_wconf 85' lang='lat' dir='ltr'><strong><em>imitationi</em></strong></span> <span class='ocrx_word' id='word_1_564' title='bbox 1401 4477 1687 4549; x_wconf 84' lang='lat' dir='ltr'><strong><em>proposita,</em></strong></span> <span class='ocrx_word' id='word_1_565' title='bbox 1730 4477 1896 4532; x_wconf 81' lang='lat' dir='ltr'><strong><em>varios</em></strong></span> <span class='ocrx_word' id='word_1_566' title='bbox 1924 4476 2062 4546; x_wconf 81' lang='lat' dir='ltr'><strong><em>ejus-</em></strong></span> 
     </span>
    </p>
   </div>
   <div class='ocr_carea' id='block_1_80' title="bbox 533 4571 1404 4645">
    <p class='ocr_par' dir='ltr' id='par_1_80' title="bbox 533 4571 1404 4645">
     <span class='ocr_line' id='line_1_81' title="bbox 533 4571 1404 4645; baseline -0.005 -19"><span class='ocrx_word' id='word_1_567' title='bbox 533 4578 647 4628; x_wconf 85' lang='lat' dir='ltr'><strong><em>dem</em></strong></span> <span class='ocrx_word' id='word_1_568' title='bbox 675 4577 876 4645; x_wconf 78' lang='lat' dir='ltr'><strong><em>[ructus</em></strong></span> <span class='ocrx_word' id='word_1_569' title='bbox 897 4573 1115 4626; x_wconf 87' lang='lat' dir='ltr'><strong><em>strictim</em></strong></span> <span class='ocrx_word' id='word_1_570' title='bbox 1143 4571 1404 4642; x_wconf 87' lang='lat' dir='ltr'><strong><em>praponit.</em></strong></span> 
     </span>
    </p>
   </div>
   <div class='ocr_carea' id='block_1_81' title="bbox 531 4707 2079 4792">
    <p class='ocr_par' dir='ltr' id='par_1_81' title="bbox 531 4707 2052 4779">
     <span class='ocr_line' id='line_1_82' title="bbox 531 4707 2052 4779; baseline 0.001 -15"><span class='ocrx_word' id='word_1_571' title='bbox 531 4711 579 4764; x_wconf 82' lang='lat' dir='ltr'><strong><em>l.</em></strong></span> <span class='ocrx_word' id='word_1_572' title='bbox 627 4709 740 4764; x_wconf 81' lang='lat' dir='ltr'><strong><em>Etsi</em></strong></span> <span class='ocrx_word' id='word_1_573' title='bbox 775 4724 880 4764; x_wconf 92' lang='lat' dir='ltr'><strong><em>non</em></strong></span> <span class='ocrx_word' id='word_1_574' title='bbox 925 4723 1096 4778; x_wconf 89' lang='lat' dir='ltr'><strong><em>pauca</em></strong></span> <span class='ocrx_word' id='word_1_575' title='bbox 1129 4723 1250 4777; x_wconf 68' lang='lat' dir='ltr'><strong><em>qurc</em></strong></span> <span class='ocrx_word' id='word_1_576' title='bbox 1289 4707 1356 4761; x_wconf 87' lang='lat' dir='ltr'><strong><em>ad</em></strong></span> <span class='ocrx_word' id='word_1_577' title='bbox 1396 4707 1831 4764; x_wconf 87' lang='lat' dir='ltr'><strong><em>cohortationem</em></strong></span> <span class='ocrx_word' id='word_1_578' title='bbox 1878 4711 2052 4779; x_wconf 64' lang='lat' dir='ltr'><strong><em>patui-</em></strong></span> 
     </span>
    </p>
   </div>
   <div class='ocr_carea' id='block_1_82' title="bbox 2191 4707 2528 4792">
    <p class='ocr_par' dir='ltr' id='par_1_82' title="bbox 2191 4721 2528 4791">
     <span class='ocr_line' id='line_1_83' title="bbox 2191 4721 2528 4791; baseline 0.009 -16"><span class='ocrx_word' id='word_1_579' title='bbox 2191 4721 2528 4791; x_wconf 47' lang='lat' dir='ltr'><strong><em>lossidemus,</em></strong></span> 
     </span>
    </p>
   </div>
   <div class='ocr_carea' id='block_1_83' title="bbox 459 4797 2058 4872">
    <p class='ocr_par' dir='ltr' id='par_1_83' title="bbox 459 4797 2058 4872">
     <span class='ocr_line' id='line_1_84' title="bbox 459 4797 2058 4872; baseline 0 -16"><span class='ocrx_word' id='word_1_580' title='bbox 459 4803 644 4858; x_wconf 75' lang='lat' dir='ltr'><strong><em>tentia:</em></strong></span> <span class='ocrx_word' id='word_1_581' title='bbox 668 4800 974 4872; x_wconf 85' lang='lat' dir='ltr'><strong><em>proficiant,</em></strong></span> <span class='ocrx_word' id='word_1_582' title='bbox 1007 4799 1210 4869; x_wconf 86' lang='lat' dir='ltr'><strong><em>scripta</em></strong></span> <span class='ocrx_word' id='word_1_583' title='bbox 1234 4797 1346 4853; x_wconf 78' lang='lat' dir='ltr'><strong><em>sint</em></strong></span> <span class='ocrx_word' id='word_1_584' title='bbox 1384 4799 1436 4854; x_wconf 92' lang='lat' dir='ltr'><strong><em>in</em></strong></span> <span class='ocrx_word' id='word_1_585' title='bbox 1466 4799 1606 4855; x_wconf 92' lang='lat' dir='ltr'><strong><em>libro</em></strong></span> <span class='ocrx_word' id='word_1_586' title='bbox 1629 4800 1945 4871; x_wconf 88' lang='lat' dir='ltr'><strong><em>superiore;</em></strong></span> <span class='ocrx_word' id='word_1_587' title='bbox 1978 4813 2058 4857; x_wconf 87' lang='lat' dir='ltr'><strong><em>ta-</em></strong></span> 
     </span>
    </p>
   </div>
   <div class='ocr_carea' id='block_1_84' title="bbox 2173 4075 3781 4167">
    <p class='ocr_par' dir='ltr' id='par_1_84' title="bbox 2173 4075 3781 4167">
     <span class='ocr_line' id='line_1_85' title="bbox 2173 4075 3781 4167; baseline 0.014 -37"><span class='ocrx_word' id='word_1_588' title='bbox 2173 4075 2317 4130; x_wconf 88' lang='lat' dir='ltr'><strong><em>nerit</em></strong></span> <span class='ocrx_word' id='word_1_589' title='bbox 2343 4117 2358 4144; x_wconf 95' lang='lat'><strong><em>,</em></strong></span> <span class='ocrx_word' id='word_1_590' title='bbox 2393 4076 2539 4133; x_wconf 91' lang='lat' dir='ltr'><strong><em>dicat</em></strong></span> <span class='ocrx_word' id='word_1_591' title='bbox 2580 4079 2776 4137; x_wconf 91' lang='lat' dir='ltr'><strong><em>cultori</em></strong></span> <span class='ocrx_word' id='word_1_592' title='bbox 2807 4083 3024 4140; x_wconf 76' lang='lat' dir='ltr'><strong><em>vineae:</em></strong></span> <span class='ocrx_word' id='word_1_593' title='bbox 3061 4086 3286 4143; x_wconf 87' lang='lat' dir='ltr'><strong><em>Succide</em></strong></span> <span class='ocrx_word' id='word_1_594' title='bbox 3321 4091 3488 4148; x_wconf 83' lang='lat' dir='ltr'><strong><em>illam.</em></strong></span> <span class='ocrx_word' id='word_1_595' title='bbox 3537 4093 3606 4150; x_wconf 88' lang='lat' dir='ltr'><strong><em>Ut</em></strong></span> <span class='ocrx_word' id='word_1_596' title='bbox 3649 4099 3781 4167; x_wconf 86' lang='lat' dir='ltr'><strong><em>quid</em></strong></span> 
     </span>
    </p>
   </div>
   <div class='ocr_carea' id='block_1_85' title="bbox 2171 4168 3780 4250">
    <p class='ocr_par' dir='ltr' id='par_1_85' title="bbox 2171 4168 3780 4250">
     <span class='ocr_line' id='line_1_86' title="bbox 2171 4168 3780 4250; baseline 0.014 -28"><span class='ocrx_word' id='word_1_597' title='bbox 2171 4168 2324 4222; x_wconf 89' lang='lat' dir='ltr'><strong><em>etiam</em></strong></span> <span class='ocrx_word' id='word_1_598' title='bbox 2369 4179 2558 4223; x_wconf 90' lang='lat' dir='ltr'><strong><em>terram</em></strong></span> <span class='ocrx_word' id='word_1_599' title='bbox 2606 4174 3014 4245; x_wconf 84' lang='lat' dir='ltr'><strong><em>occupat(Luc.</em></strong></span> <span class='ocrx_word' id='word_1_600' title='bbox 3066 4194 3183 4244; x_wconf 81' lang='lat' dir='ltr'><strong><em>xm,</em></strong></span> <span class='ocrx_word' id='word_1_601' title='bbox 3216 4179 3326 4250; x_wconf 87' lang='lat'><strong><em>7)?</em></strong></span> <span class='ocrx_word' id='word_1_602' title='bbox 3366 4181 3434 4237; x_wconf 81' lang='lat' dir='ltr'><strong><em>Et</em></strong></span> <span class='ocrx_word' id='word_1_603' title='bbox 3459 4184 3564 4240; x_wconf 89' lang='lat' dir='ltr'><strong><em>nisi</em></strong></span> <span class='ocrx_word' id='word_1_604' title='bbox 3595 4187 3780 4244; x_wconf 85' lang='lat' dir='ltr'><strong><em>cultor</em></strong></span> 
     </span>
    </p>
   </div>
   <div class='ocr_carea' id='block_1_86' title="bbox 2174 4260 3780 4338">
    <p class='ocr_par' dir='ltr' id='par_1_86' title="bbox 2174 4260 3780 4338">
     <span class='ocr_line' id='line_1_87' title="bbox 2174 4260 3780 4338; baseline 0.015 -25"><span class='ocrx_word' id='word_1_605' title='bbox 2174 4260 2348 4314; x_wconf 71' lang='lat' dir='ltr'><strong><em>vinem</em></strong></span> <span class='ocrx_word' id='word_1_606' title='bbox 2382 4261 2706 4320; x_wconf 81' lang='lat' dir='ltr'><strong><em>interveniat</em></strong></span> <span class='ocrx_word' id='word_1_607' title='bbox 2725 4265 2942 4322; x_wconf 87' lang='lat' dir='ltr'><strong><em>dicens:</em></strong></span> <span class='ocrx_word' id='word_1_608' title='bbox 2969 4267 3211 4338; x_wconf 85' lang='lat' dir='ltr'><strong><em>Domine,</em></strong></span> <span class='ocrx_word' id='word_1_609' title='bbox 3235 4276 3431 4330; x_wconf 87' lang='lat' dir='ltr'><strong><em>remitte</em></strong></span> <span class='ocrx_word' id='word_1_610' title='bbox 3450 4277 3594 4332; x_wconf 85' lang='lat' dir='ltr'><strong><em>illaut</em></strong></span> <span class='ocrx_word' id='word_1_611' title='bbox 3614 4281 3780 4337; x_wconf 86' lang='lat' dir='ltr'><strong><em>ethoc</em></strong></span> 
     </span>
    </p>
   </div>
   <div class='ocr_carea' id='block_1_87' title="bbox 2172 4355 3774 4442">
    <p class='ocr_par' dir='ltr' id='par_1_87' title="bbox 2172 4355 3774 4442">
     <span class='ocr_line' id='line_1_88' title="bbox 2172 4355 3774 4442; baseline 0.012 -36"><span class='ocrx_word' id='word_1_612' title='bbox 2172 4369 2330 4420; x_wconf 91' lang='lat' dir='ltr'><strong><em>anno,</em></strong></span> <span class='ocrx_word' id='word_1_613' title='bbox 2349 4370 2508 4423; x_wconf 78' lang='lat' dir='ltr'><strong><em>usque</em></strong></span> <span class='ocrx_word' id='word_1_614' title='bbox 2521 4355 2646 4409; x_wconf 88' lang='lat' dir='ltr'><strong><em>dum</em></strong></span> <span class='ocrx_word' id='word_1_615' title='bbox 2663 4358 2858 4426; x_wconf 80' lang='lat' dir='ltr'><strong><em>fodiant</em></strong></span> <span class='ocrx_word' id='word_1_616' title='bbox 2870 4361 3009 4414; x_wconf 89' lang='lat' dir='ltr'><strong><em>circa</em></strong></span> <span class='ocrx_word' id='word_1_617' title='bbox 3029 4363 3198 4429; x_wconf 81' lang='lat' dir='ltr'><strong><em>illaut;</em></strong></span> <span class='ocrx_word' id='word_1_618' title='bbox 3225 4377 3271 4418; x_wconf 86' lang='lat' dir='ltr'><strong><em>et</em></strong></span> <span class='ocrx_word' id='word_1_619' title='bbox 3287 4367 3482 4421; x_wconf 90' lang='lat' dir='ltr'><strong><em>mittam</em></strong></span> <span class='ocrx_word' id='word_1_620' title='bbox 3497 4372 3774 4442; x_wconf 86' lang='lat' dir='ltr'><strong><em>cophinum</em></strong></span> 
     </span>
    </p>
   </div>
   <div class='ocr_carea' id='block_1_88' title="bbox 2165 4448 3769 4535">
    <p class='ocr_par' dir='ltr' id='par_1_88' title="bbox 2165 4448 3769 4535">
     <span class='ocr_line' id='line_1_89' title="bbox 2165 4448 3769 4535; baseline 0.012 -34"><span class='ocrx_word' id='word_1_621' title='bbox 2165 4448 2403 4501; x_wconf 88' lang='lat' dir='ltr'><strong><em>stercoris</em></strong></span> <span class='ocrx_word' id='word_1_622' title='bbox 2437 4465 2454 4501; x_wconf 92' lang='lat'><em>:</em></span> <span class='ocrx_word' id='word_1_623' title='bbox 2486 4457 2534 4502; x_wconf 89' lang='lat' dir='ltr'><strong><em>et</em></strong></span> <span class='ocrx_word' id='word_1_624' title='bbox 2563 4449 2772 4523; x_wconf 58' lang='grc' dir='ltr'>εἰιιθ</span> <span class='ocrx_word' id='word_1_625' title='bbox 2784 4454 2988 4522; x_wconf 87' lang='lat' dir='ltr'><strong><em>quidem</em></strong></span> <span class='ocrx_word' id='word_1_626' title='bbox 3010 4457 3187 4525; x_wconf 79' lang='lat' dir='ltr'><strong><em>fecerit</em></strong></span> <span class='ocrx_word' id='word_1_627' title='bbox 3209 4459 3554 4528; x_wconf 79' lang='lat' dir='ltr'><strong><em>[ructum;sin</em></strong></span> <span class='ocrx_word' id='word_1_628' title='bbox 3575 4476 3769 4535; x_wconf 87' lang='lat' dir='ltr'><strong><em>autem,</em></strong></span> 
     </span>
    </p>
   </div>
   <div class='ocr_carea' id='block_1_89' title="bbox 2165 4539 3148 4620">
    <p class='ocr_par' dir='ltr' id='par_1_89' title="bbox 2165 4539 3148 4620">
     <span class='ocr_line' id='line_1_90' title="bbox 2165 4539 3148 4620; baseline 0.014 -28"><span class='ocrx_word' id='word_1_629' title='bbox 2165 4539 2441 4594; x_wconf 72' lang='lat' dir='ltr'><strong><em>excidatur</em></strong></span> <span class='ocrx_word' id='word_1_630' title='bbox 2471 4541 2696 4610; x_wconf 80' lang='lat' dir='ltr'><strong><em>ﬁculnea</em></strong></span> <span class='ocrx_word' id='word_1_631' title='bbox 2726 4548 2742 4613; x_wconf 94' lang='lat'><strong>(</strong></span> <span class='ocrx_word' id='word_1_632' title='bbox 2776 4544 2942 4612; x_wconf 84' lang='lat' dir='ltr'><strong><em>lbid.,</em></strong></span> <span class='ocrx_word' id='word_1_633' title='bbox 2971 4548 3026 4617; x_wconf 90' lang='lat'><strong><em>8,</em></strong></span> <span class='ocrx_word' id='word_1_634' title='bbox 3059 4549 3148 4620; x_wconf 86' lang='lat'><strong><em>9).</em></strong></span> 
     </span>
    </p>
   </div>
   <div class='ocr_carea' id='block_1_90' title="bbox 2234 4631 3769 4725">
    <p class='ocr_par' dir='ltr' id='par_1_90' title="bbox 2234 4631 3769 4725">
     <span class='ocr_line' id='line_1_91' title="bbox 2234 4631 3769 4725; baseline 0.016 -39"><span class='ocrx_word' id='word_1_635' title='bbox 2234 4632 2286 4686; x_wconf 85' lang='lat'><strong><em>&#39;5.</em></strong></span> <span class='ocrx_word' id='word_1_636' title='bbox 2332 4631 2713 4691; x_wconf 87' lang='lat' dir='ltr'><strong><em>Stercoremus</em></strong></span> <span class='ocrx_word' id='word_1_637' title='bbox 2769 4654 2902 4710; x_wconf 87' lang='lat' dir='ltr'><strong><em>ergo</em></strong></span> <span class='ocrx_word' id='word_1_638' title='bbox 2950 4652 3005 4697; x_wconf 92' lang='lat' dir='ltr'><strong><em>et</em></strong></span> <span class='ocrx_word' id='word_1_639' title='bbox 3055 4658 3154 4698; x_wconf 89' lang='lat' dir='ltr'><strong><em>nos</em></strong></span> <span class='ocrx_word' id='word_1_640' title='bbox 3200 4659 3390 4716; x_wconf 89' lang='lat' dir='ltr'><strong><em>agrum</em></strong></span> <span class='ocrx_word' id='word_1_641' title='bbox 3431 4649 3577 4708; x_wconf 90' lang='lat' dir='ltr'><strong><em>hunc</em></strong></span> <span class='ocrx_word' id='word_1_642' title='bbox 3605 4670 3769 4725; x_wconf 89' lang='lat' dir='ltr'><strong><em>quem</em></strong></span> 
     </span>
    </p>
   </div>
   <div class='ocr_carea' id='block_1_91' title="bbox 2574 4728 3772 4816">
    <p class='ocr_par' dir='ltr' id='par_1_91' title="bbox 2574 4728 3772 4816">
     <span class='ocr_line' id='line_1_92' title="bbox 2574 4728 3772 4816; baseline 0.018 -36"><span class='ocrx_word' id='word_1_643' title='bbox 2574 4736 2627 4781; x_wconf 90' lang='lat' dir='ltr'><strong><em>et</em></strong></span> <span class='ocrx_word' id='word_1_644' title='bbox 2665 4728 2942 4786; x_wconf 89' lang='lat' dir='ltr'><strong><em>imitemur</em></strong></span> <span class='ocrx_word' id='word_1_645' title='bbox 2981 4732 3287 4793; x_wconf 90' lang='lat' dir='ltr'><strong><em>laboriosos</em></strong></span> <span class='ocrx_word' id='word_1_646' title='bbox 3313 4740 3604 4812; x_wconf 87' lang='lat' dir='ltr'><strong><em>agricolas,</em></strong></span> <span class='ocrx_word' id='word_1_647' title='bbox 3629 4763 3772 4816; x_wconf 88' lang='lat' dir='ltr'><strong><em>quos</em></strong></span> 
     </span>
    </p>
   </div>
   <div class='ocr_carea' id='block_1_92' title="bbox 2162 4816 3771 4897">
    <p class='ocr_par' dir='ltr' id='par_1_92' title="bbox 2162 4816 3771 4897">
     <span class='ocr_line' id='line_1_93' title="bbox 2162 4816 3771 4897; baseline 0.016 -30"><span class='ocrx_word' id='word_1_648' title='bbox 2162 4823 2185 4848; x_wconf 76' lang='grc' dir='ltr'>τι</span> <span class='ocrx_word' id='word_1_649' title='bbox 2217 4830 2325 4869; x_wconf 91' lang='lat' dir='ltr'><strong><em>non</em></strong></span> <span class='ocrx_word' id='word_1_650' title='bbox 2359 4816 2527 4885; x_wconf 85' lang='lat' dir='ltr'><strong><em>pudet</em></strong></span> <span class='ocrx_word' id='word_1_651' title='bbox 2557 4818 2684 4874; x_wconf 84' lang='lat' dir='ltr'><strong><em>fimo</em></strong></span> <span class='ocrx_word' id='word_1_652' title='bbox 2713 4821 2901 4892; x_wconf 88' lang='lat' dir='ltr'><strong><em>pingui</em></strong></span> <span class='ocrx_word' id='word_1_653' title='bbox 2921 4824 3124 4881; x_wconf 88' lang='lat' dir='ltr'><strong><em>satiare</em></strong></span> <span class='ocrx_word' id='word_1_654' title='bbox 3153 4836 3376 4897; x_wconf 88' lang='lat' dir='ltr'><strong><em>terram,</em></strong></span> <span class='ocrx_word' id='word_1_655' title='bbox 3404 4841 3460 4887; x_wconf 87' lang='lat' dir='ltr'><strong><em>ct</em></strong></span> <span class='ocrx_word' id='word_1_656' title='bbox 3490 4834 3771 4892; x_wconf 90' lang='lat' dir='ltr'><strong><em>immundo</em></strong></span> 
     </span>
    </p>
   </div>
   <div class='ocr_carea' id='block_1_93' title="bbox 456 4891 2079 4987">
    <p class='ocr_par' dir='ltr' id='par_1_93' title="bbox 456 4891 2060 4964">
     <span class='ocr_line' id='line_1_94' title="bbox 456 4891 2060 4964; baseline 0 -14"><span class='ocrx_word' id='word_1_657' title='bbox 456 4910 581 4950; x_wconf 87' lang='lat' dir='ltr'><strong><em>men</em></strong></span> <span class='ocrx_word' id='word_1_658' title='bbox 605 4909 730 4950; x_wconf 92' lang='lat' dir='ltr'><strong><em>cum</em></strong></span> <span class='ocrx_word' id='word_1_659' title='bbox 755 4892 918 4962; x_wconf 89' lang='lat' dir='ltr'><strong><em>adjici</em></strong></span> <span class='ocrx_word' id='word_1_660' title='bbox 947 4892 1157 4964; x_wconf 87' lang='lat' dir='ltr'><strong><em>possint</em></strong></span> <span class='ocrx_word' id='word_1_661' title='bbox 1195 4891 1500 4960; x_wconf 86' lang='lat' dir='ltr'><strong><em>complura,</em></strong></span> <span class='ocrx_word' id='word_1_662' title='bbox 1533 4908 1600 4948; x_wconf 92' lang='lat' dir='ltr'><strong><em>ne</em></strong></span> <span class='ocrx_word' id='word_1_663' title='bbox 1627 4892 1773 4948; x_wconf 85' lang='lat' dir='ltr'><strong><em>velut</em></strong></span> <span class='ocrx_word' id='word_1_664' title='bbox 1816 4909 2060 4950; x_wconf 89' lang='lat' dir='ltr'><strong><em>semesas</em></strong></span> 
     </span>
    </p>
   </div>
   <div class='ocr_carea' id='block_1_94' title="bbox 2191 4891 3766 4987">
    <p class='ocr_par' dir='ltr' id='par_1_94' title="bbox 2194 4907 3766 4987">
     <span class='ocr_line' id='line_1_95' title="bbox 2194 4907 3766 4987; baseline 0.016 -25"><span class='ocrx_word' id='word_1_665' title='bbox 2194 4907 2346 4963; x_wconf 89' lang='lat' dir='ltr'><strong><em>inere</em></strong></span> <span class='ocrx_word' id='word_1_666' title='bbox 2375 4924 2564 4980; x_wconf 84' lang='lat' dir='ltr'><strong><em>agrum</em></strong></span> <span class='ocrx_word' id='word_1_667' title='bbox 2602 4928 2920 4986; x_wconf 80' lang='lat' dir='ltr'><strong><em>aSpergere,</em></strong></span> <span class='ocrx_word' id='word_1_668' title='bbox 2951 4927 3008 4973; x_wconf 90' lang='lat' dir='ltr'><strong><em>ut</em></strong></span> <span class='ocrx_word' id='word_1_669' title='bbox 3043 4919 3252 4979; x_wconf 86' lang='lat' dir='ltr'><strong><em>lructus</em></strong></span> <span class='ocrx_word' id='word_1_670' title='bbox 3283 4923 3570 4984; x_wconf 86' lang='lat' dir='ltr'><strong><em>uberiores</em></strong></span> <span class='ocrx_word' id='word_1_671' title='bbox 3606 4930 3766 4987; x_wconf 85' lang='lat' dir='ltr'><strong><em>colli-</em></strong></span> 
     </span>
    </p>
   </div>
   <div class='ocr_carea' id='block_1_95' title="bbox 455 4984 2062 5054">
    <p class='ocr_par' dir='ltr' id='par_1_95' title="bbox 455 4984 2062 5054">
     <span class='ocr_line' id='line_1_96' title="bbox 455 4984 2062 5054; baseline 0.001 -12"><span class='ocrx_word' id='word_1_672' title='bbox 455 4987 746 5043; x_wconf 78' lang='lat' dir='ltr'><strong><em>verborum</em></strong></span> <span class='ocrx_word' id='word_1_673' title='bbox 777 4993 1090 5048; x_wconf 83' lang='lat' dir='ltr'><strong><em>nostrorum</em></strong></span> <span class='ocrx_word' id='word_1_674' title='bbox 1116 4984 1306 5054; x_wconf 89' lang='lat' dir='ltr'><strong><em>epulas</em></strong></span> <span class='ocrx_word' id='word_1_675' title='bbox 1330 4984 1615 5054; x_wconf 85' lang='lat' dir='ltr'><strong><em>reliquisse</em></strong></span> <span class='ocrx_word' id='word_1_676' title='bbox 1645 4987 1951 5054; x_wconf 84' lang='lat' dir='ltr'><strong><em>videamur,</em></strong></span> <span class='ocrx_word' id='word_1_677' title='bbox 1981 4990 2062 5043; x_wconf 88' lang='lat' dir='ltr'><strong><em>in-</em></strong></span> 
     </span>
    </p>
   </div>
   <div class='ocr_carea' id='block_1_96' title="bbox 454 5077 1456 5150">
    <p class='ocr_par' dir='ltr' id='par_1_96' title="bbox 454 5077 1456 5150">
     <span class='ocr_line' id='line_1_97' title="bbox 454 5077 1456 5150; baseline -0.002 -14"><span class='ocrx_word' id='word_1_678' title='bbox 454 5093 672 5150; x_wconf 87' lang='lat' dir='ltr'><strong><em>ceptum</em></strong></span> <span class='ocrx_word' id='word_1_679' title='bbox 701 5093 1098 5150; x_wconf 89' lang='lat' dir='ltr'><strong><em>persequamur</em></strong></span> <span class='ocrx_word' id='word_1_680' title='bbox 1119 5077 1456 5134; x_wconf 90' lang='lat' dir='ltr'><strong><em>convivium.</em></strong></span> 
     </span>
    </p>
   </div>
   <div class='ocr_carea' id='block_1_97' title="bbox 525 5171 2056 5242">
    <p class='ocr_par' dir='ltr' id='par_1_97' title="bbox 525 5171 2056 5242">
     <span class='ocr_line' id='line_1_98' title="bbox 525 5171 2056 5242; baseline 0.002 -15"><span class='ocrx_word' id='word_1_681' title='bbox 525 5174 582 5227; x_wconf 71' lang='lat'><strong><em>2.</em></strong></span> <span class='ocrx_word' id='word_1_682' title='bbox 625 5171 849 5242; x_wconf 81' lang='lat' dir='ltr'><strong><em>Agenda</em></strong></span> <span class='ocrx_word' id='word_1_683' title='bbox 876 5181 963 5226; x_wconf 91' lang='lat' dir='ltr'><strong><em>est</em></strong></span> <span class='ocrx_word' id='word_1_684' title='bbox 987 5171 1132 5226; x_wconf 90' lang='lat' dir='ltr'><strong><em>enim</em></strong></span> <span class='ocrx_word' id='word_1_685' title='bbox 1181 5171 1501 5241; x_wconf 64' lang='lat' dir='ltr'><strong><em>poenitentia</em></strong></span> <span class='ocrx_word' id='word_1_686' title='bbox 1543 5189 1652 5228; x_wconf 92' lang='lat' dir='ltr'><strong><em>non</em></strong></span> <span class='ocrx_word' id='word_1_687' title='bbox 1692 5175 1870 5230; x_wconf 89' lang='lat' dir='ltr'><strong><em>solum</em></strong></span> <span class='ocrx_word' id='word_1_688' title='bbox 1903 5176 2056 5232; x_wconf 85' lang='lat' dir='ltr'><strong><em>solli-</em></strong></span> 
     </span>
    </p>
   </div>
   <div class='ocr_carea' id='block_1_98' title="bbox 456 5263 2058 5336">
    <p class='ocr_par' dir='ltr' id='par_1_98' title="bbox 456 5263 2058 5336">
     <span class='ocr_line' id='line_1_99' title="bbox 456 5263 2058 5336; baseline 0.003 -19"><span class='ocrx_word' id='word_1_689' title='bbox 456 5264 584 5330; x_wconf 90' lang='lat' dir='ltr'><strong><em>cite,</em></strong></span> <span class='ocrx_word' id='word_1_690' title='bbox 618 5263 713 5319; x_wconf 88' lang='lat' dir='ltr'><strong><em>sed</em></strong></span> <span class='ocrx_word' id='word_1_691' title='bbox 745 5263 908 5318; x_wconf 90' lang='lat' dir='ltr'><strong><em>etiam</em></strong></span> <span class='ocrx_word' id='word_1_692' title='bbox 953 5271 1210 5317; x_wconf 87' lang='lat' dir='ltr'><strong><em>mature:</em></strong></span> <span class='ocrx_word' id='word_1_693' title='bbox 1267 5277 1334 5316; x_wconf 90' lang='lat' dir='ltr'><strong><em>ne</em></strong></span> <span class='ocrx_word' id='word_1_694' title='bbox 1383 5263 1524 5318; x_wconf 86' lang='lat' dir='ltr'><strong><em>forte</em></strong></span> <span class='ocrx_word' id='word_1_695' title='bbox 1577 5263 1938 5336; x_wconf 85' lang='lat' dir='ltr'><strong><em>Evangelicus</em></strong></span> <span class='ocrx_word' id='word_1_696' title='bbox 1964 5267 2058 5323; x_wconf 91' lang='lat' dir='ltr'><strong><em>ille</em></strong></span> 
     </span>
    </p>
   </div>
   <div class='ocr_carea' id='block_1_99' title="bbox 455 5354 2054 5427">
    <p class='ocr_par' dir='ltr' id='par_1_99' title="bbox 455 5354 2054 5427">
     <span class='ocr_line' id='line_1_100' title="bbox 455 5354 2054 5427; baseline 0.003 -15"><span class='ocrx_word' id='word_1_697' title='bbox 455 5357 848 5425; x_wconf 79' lang='lat' dir='ltr'><strong><em>paterfamilias</em></strong></span> <span class='ocrx_word' id='word_1_698' title='bbox 888 5357 978 5427; x_wconf 90' lang='lat' dir='ltr'><strong><em>qui</em></strong></span> <span class='ocrx_word' id='word_1_699' title='bbox 1010 5355 1264 5410; x_wconf 91' lang='lat' dir='ltr'><strong><em>arborem</em></strong></span> <span class='ocrx_word' id='word_1_700' title='bbox 1312 5354 1471 5410; x_wconf 85' lang='lat' dir='ltr'><strong><em>ficum</em></strong></span> <span class='ocrx_word' id='word_1_701' title='bbox 1519 5356 1784 5426; x_wconf 89' lang='lat' dir='ltr'><strong><em>plantavit</em></strong></span> <span class='ocrx_word' id='word_1_702' title='bbox 1813 5361 1866 5415; x_wconf 92' lang='lat' dir='ltr'><strong><em>in</em></strong></span> <span class='ocrx_word' id='word_1_703' title='bbox 1897 5361 2054 5416; x_wconf 88' lang='lat' dir='ltr'><strong><em>vinea</em></strong></span> 
     </span>
    </p>
   </div>
   <div class='ocr_carea' id='block_1_100' title="bbox 455 5448 2055 5521">
    <p class='ocr_par' dir='ltr' id='par_1_100' title="bbox 455 5448 2055 5521">
     <span class='ocr_line' id='line_1_101' title="bbox 455 5448 2055 5521; baseline 0.004 -18"><span class='ocrx_word' id='word_1_704' title='bbox 455 5463 573 5516; x_wconf 80' lang='lat' dir='ltr'><strong><em>sua,</em></strong></span> <span class='ocrx_word' id='word_1_705' title='bbox 606 5451 823 5514; x_wconf 89' lang='lat' dir='ltr'><strong><em>veniat;</em></strong></span> <span class='ocrx_word' id='word_1_706' title='bbox 855 5459 909 5504; x_wconf 89' lang='lat' dir='ltr'><strong><em>et</em></strong></span> <span class='ocrx_word' id='word_1_707' title='bbox 938 5463 1192 5521; x_wconf 64' lang='lat' dir='ltr'><strong><em>quarens</em></strong></span> <span class='ocrx_word' id='word_1_708' title='bbox 1216 5448 1451 5504; x_wconf 88' lang='lat' dir='ltr'><strong><em>fructum</em></strong></span> <span class='ocrx_word' id='word_1_709' title='bbox 1484 5451 1537 5505; x_wconf 92' lang='lat' dir='ltr'><strong><em>in</em></strong></span> <span class='ocrx_word' id='word_1_710' title='bbox 1567 5466 1654 5518; x_wconf 87' lang='lat' dir='ltr'><strong><em>ea,</em></strong></span> <span class='ocrx_word' id='word_1_711' title='bbox 1688 5454 1730 5507; x_wconf 90' lang='lat' dir='ltr'><strong><em>si</em></strong></span> <span class='ocrx_word' id='word_1_712' title='bbox 1765 5469 1871 5508; x_wconf 91' lang='lat' dir='ltr'><strong><em>non</em></strong></span> <span class='ocrx_word' id='word_1_713' title='bbox 1901 5454 2055 5511; x_wconf 90' lang='lat' dir='ltr'><strong><em>inve-</em></strong></span> 
     </span>
    </p>
   </div>
   <div class='ocr_carea' id='block_1_101' title="bbox 526 5563 1835 5638">
    <p class='ocr_par' dir='ltr' id='par_1_101' title="bbox 526 5563 1835 5638">
     <span class='ocr_line' id='line_1_102' title="bbox 526 5563 1835 5638; baseline 0 -19"><span class='ocrx_word' id='word_1_714' title='bbox 526 5573 550 5599; x_wconf 76' lang='grc'><strong><em>’³</em></strong></span> <span class='ocrx_word' id='word_1_715' title='bbox 588 5563 823 5619; x_wconf 89' lang='lat' dir='ltr'><strong><em>lmitatio</em></strong></span> <span class='ocrx_word' id='word_1_716' title='bbox 853 5563 1069 5618; x_wconf 90' lang='lat' dir='ltr'><strong><em>illorum</em></strong></span> <span class='ocrx_word' id='word_1_717' title='bbox 1098 5577 1348 5618; x_wconf 90' lang='lat' dir='ltr'><strong><em>versuum</em></strong></span> <span class='ocrx_word' id='word_1_718' title='bbox 1378 5577 1409 5618; x_wconf 88' lang='lat' dir='ltr'><strong><em>e</em></strong></span> <span class='ocrx_word' id='word_1_719' title='bbox 1431 5563 1526 5618; x_wconf 86' lang='lat' dir='ltr'><strong><em>lib.</em></strong></span> <span class='ocrx_word' id='word_1_720' title='bbox 1550 5579 1564 5618; x_wconf 89' lang='grc' dir='ltr'><strong><em>ι</em></strong></span> <span class='ocrx_word' id='word_1_721' title='bbox 1591 5564 1793 5638; x_wconf 87' lang='lat' dir='ltr'><strong><em>Georg.</em></strong></span> <span class='ocrx_word' id='word_1_722' title='bbox 1823 5585 1835 5619; x_wconf 94' lang='lat'>:</span> 
     </span>
    </p>
   </div>
   <div class='ocr_carea' id='block_1_102' title="bbox 607 5647 1780 5712">
    <p class='ocr_par' dir='ltr' id='par_1_102' title="bbox 607 5647 1780 5712">
     <span class='ocr_line' id='line_1_103' title="bbox 607 5647 1780 5712; baseline 0.005 -17"><span class='ocrx_word' id='word_1_723' title='bbox 607 5648 693 5712; x_wconf 56' lang='lat' dir='ltr'><strong><em>Eg</em></strong></span> <span class='ocrx_word' id='word_1_724' title='bbox 709 5657 932 5712; x_wconf 74' lang='lat' dir='ltr'><strong><em>saturare</em></strong></span> <span class='ocrx_word' id='word_1_725' title='bbox 955 5647 1075 5712; x_wconf 12' lang='lat' dir='ltr'><strong><em>ﬁmo;</em></strong></span> <span class='ocrx_word' id='word_1_726' title='bbox 1093 5649 1275 5712; x_wconf 19' lang='lat' dir='ltr'><strong><em>pingui,</em></strong></span> <span class='ocrx_word' id='word_1_727' title='bbox 1293 5649 1478 5712; x_wconf 86' lang='lat' dir='ltr'><strong><em>pudeat</em></strong></span> <span class='ocrx_word' id='word_1_728' title='bbox 1501 5650 1626 5712; x_wconf 89' lang='lat' dir='ltr'><strong><em>sola,</em></strong></span> <span class='ocrx_word' id='word_1_729' title='bbox 1651 5665 1780 5701; x_wconf 69' lang='lat' dir='ltr'><strong><em>neve</em></strong></span> 
     </span>
    </p>
   </div>
   <div class='ocr_carea' id='block_1_103' title="bbox 606 5707 1867 5780">
    <p class='ocr_par' dir='ltr' id='par_1_103' title="bbox 606 5707 1867 5780">
     <span class='ocr_line' id='line_1_104' title="bbox 606 5707 1867 5780; baseline 0.003 -20"><span class='ocrx_word' id='word_1_730' title='bbox 606 5707 798 5760; x_wconf 66' lang='lat' dir='ltr'><strong><em>Raetos</em></strong></span> <span class='ocrx_word' id='word_1_731' title='bbox 819 5710 1040 5760; x_wconf 76' lang='lat' dir='ltr'><strong><em>cinerem</em></strong></span> <span class='ocrx_word' id='word_1_732' title='bbox 1062 5707 1362 5762; x_wconf 63' lang='lat' dir='ltr'><strong><em>inmundum</em></strong></span> <span class='ocrx_word' id='word_1_733' title='bbox 1379 5711 1569 5775; x_wconf 85' lang='lat' dir='ltr'><strong><em>jactare</em></strong></span> <span class='ocrx_word' id='word_1_734' title='bbox 1593 5707 1684 5778; x_wconf 80' lang='lat' dir='ltr'><strong><em>per</em></strong></span> <span class='ocrx_word' id='word_1_735' title='bbox 1704 5727 1867 5780; x_wconf 74' lang='lat' dir='ltr'><strong><em>agros.</em></strong></span> 
     </span>
    </p>
   </div>
   <div class='ocr_carea' id='block_1_104' title="bbox 2237 5092 3765 5184">
    <p class='ocr_par' dir='ltr' id='par_1_104' title="bbox 2237 5092 3765 5184">
     <span class='ocr_line' id='line_1_105' title="bbox 2237 5092 3765 5184; baseline 0.018 -38"><span class='ocrx_word' id='word_1_736' title='bbox 2237 5092 2293 5146; x_wconf 74' lang='grc'><strong>4.</strong></span> <span class='ocrx_word' id='word_1_737' title='bbox 2324 5092 2390 5150; x_wconf 86' lang='grc' dir='ltr'>Ει</span> <span class='ocrx_word' id='word_1_738' title='bbox 2414 5099 2878 5165; x_wconf 90' lang='lat' dir='ltr'><strong><em>quemadmodum</em></strong></span> <span class='ocrx_word' id='word_1_739' title='bbox 2901 5113 3305 5176; x_wconf 87' lang='lat' dir='ltr'><strong><em>stercoremus,</em></strong></span> <span class='ocrx_word' id='word_1_740' title='bbox 3339 5111 3500 5168; x_wconf 90' lang='lat' dir='ltr'><strong><em>docet</em></strong></span> <span class='ocrx_word' id='word_1_741' title='bbox 3531 5115 3765 5184; x_wconf 78' lang='lat' dir='ltr'><strong><em>Aposto-</em></strong></span> 
     </span>
    </p>
   </div>
   <div class='ocr_carea' id='block_1_105' title="bbox 2165 5183 3763 5270">
    <p class='ocr_par' dir='ltr' id='par_1_105' title="bbox 2165 5183 3763 5270">
     <span class='ocr_line' id='line_1_106' title="bbox 2165 5183 3763 5270; baseline 0.016 -31"><span class='ocrx_word' id='word_1_742' title='bbox 2165 5183 2253 5240; x_wconf 89' lang='lat' dir='ltr'><strong><em>lus</em></strong></span> <span class='ocrx_word' id='word_1_743' title='bbox 2284 5186 2474 5243; x_wconf 91' lang='lat' dir='ltr'><strong><em>dicens</em></strong></span> <span class='ocrx_word' id='word_1_744' title='bbox 2505 5206 2519 5243; x_wconf 91' lang='lat'><strong>:</strong></span> <span class='ocrx_word' id='word_1_745' title='bbox 2552 5189 2580 5230; x_wconf 69' lang='grc' dir='ltr'>ι)</span> <span class='ocrx_word' id='word_1_746' title='bbox 2611 5191 2681 5245; x_wconf 84' lang='lat' dir='ltr'><strong><em>Et</em></strong></span> <span class='ocrx_word' id='word_1_747' title='bbox 2707 5196 2907 5250; x_wconf 78' lang='lat' dir='ltr'><strong><em>testimo</em></strong></span> <span class='ocrx_word' id='word_1_748' title='bbox 2934 5199 3111 5253; x_wconf 91' lang='lat' dir='ltr'><strong><em>omnia</em></strong></span> <span class='ocrx_word' id='word_1_749' title='bbox 3137 5211 3194 5254; x_wconf 87' lang='lat' dir='ltr'><strong><em>ut</em></strong></span> <span class='ocrx_word' id='word_1_750' title='bbox 3219 5211 3468 5270; x_wconf 83' lang='lat' dir='ltr'><strong><em>stercora,</em></strong></span> <span class='ocrx_word' id='word_1_751' title='bbox 3499 5216 3553 5259; x_wconf 87' lang='lat' dir='ltr'><strong><em>ut</em></strong></span> <span class='ocrx_word' id='word_1_752' title='bbox 3583 5183 3763 5264; x_wconf 80' lang='lat' dir='ltr'><strong><em>Chris-</em></strong></span> 
     </span>
    </p>
   </div>
   <div class='ocr_carea' id='block_1_106' title="bbox 2163 5279 3762 5362">
    <p class='ocr_par' dir='ltr' id='par_1_106' title="bbox 2163 5279 3762 5362">
     <span class='ocr_line' id='line_1_107' title="bbox 2163 5279 3762 5362; baseline 0.014 -30"><span class='ocrx_word' id='word_1_753' title='bbox 2163 5288 2271 5332; x_wconf 90' lang='lat' dir='ltr'><strong><em>tum</em></strong></span> <span class='ocrx_word' id='word_1_754' title='bbox 2295 5279 2656 5353; x_wconf 82' lang='lat' dir='ltr'><strong><em>lucrifaciam(</em></strong></span> <span class='ocrx_word' id='word_1_755' title='bbox 2684 5285 2885 5358; x_wconf 82' lang='lat' dir='ltr'><strong><em>Philip.</em></strong></span> <span class='ocrx_word' id='word_1_756' title='bbox 2913 5305 2993 5354; x_wconf 92' lang='grc' dir='ltr'>ιιι,</span> <span class='ocrx_word' id='word_1_757' title='bbox 3027 5291 3124 5360; x_wconf 90' lang='lat'><strong><em>8);</em></strong></span> <span class='ocrx_word' id='word_1_758' title='bbox 3157 5292 3248 5362; x_wconf 92' lang='lat' dir='ltr'><strong><em>qui</em></strong></span> <span class='ocrx_word' id='word_1_759' title='bbox 3278 5309 3376 5362; x_wconf 89' lang='lat' dir='ltr'><strong><em>per</em></strong></span> <span class='ocrx_word' id='word_1_760' title='bbox 3403 5296 3681 5354; x_wconf 90' lang='lat' dir='ltr'><strong><em>infamiam</em></strong></span> <span class='ocrx_word' id='word_1_761' title='bbox 3709 5312 3762 5357; x_wconf 89' lang='lat' dir='ltr'><strong><em>et</em></strong></span> 
     </span>
    </p>
   </div>
   <div class='ocr_carea' id='block_1_107' title="bbox 2163 5370 3757 5460">
    <p class='ocr_par' dir='ltr' id='par_1_107' title="bbox 2163 5370 3757 5460">
     <span class='ocr_line' id='line_1_108' title="bbox 2163 5370 3757 5460; baseline 0.014 -33"><span class='ocrx_word' id='word_1_762' title='bbox 2163 5370 2358 5428; x_wconf 91' lang='lat' dir='ltr'><strong><em>bonam</em></strong></span> <span class='ocrx_word' id='word_1_763' title='bbox 2392 5373 2591 5430; x_wconf 87' lang='lat' dir='ltr'><strong><em>famam</em></strong></span> <span class='ocrx_word' id='word_1_764' title='bbox 2625 5382 2828 5436; x_wconf 91' lang='lat' dir='ltr'><strong><em>meruit</em></strong></span> <span class='ocrx_word' id='word_1_765' title='bbox 2850 5381 3069 5439; x_wconf 91' lang='lat' dir='ltr'><strong><em>Christo</em></strong></span> <span class='ocrx_word' id='word_1_766' title='bbox 3089 5385 3323 5454; x_wconf 91' lang='lat' dir='ltr'><strong><em>placere.</em></strong></span> <span class='ocrx_word' id='word_1_767' title='bbox 3353 5387 3590 5460; x_wconf 87' lang='lat' dir='ltr'><strong><em>Legerat</em></strong></span> <span class='ocrx_word' id='word_1_768' title='bbox 3611 5394 3757 5449; x_wconf 88' lang='lat' dir='ltr'><strong><em>enim</em></strong></span> 
     </span>
    </p>
   </div>
   <div class='ocr_carea' id='block_1_108' title="bbox 2161 5464 3757 5551">
    <p class='ocr_par' dir='ltr' id='par_1_108' title="bbox 2161 5464 3757 5551">
     <span class='ocr_line' id='line_1_109' title="bbox 2161 5464 3757 5551; baseline 0.014 -32"><span class='ocrx_word' id='word_1_769' title='bbox 2161 5464 2308 5535; x_wconf 91' lang='lat' dir='ltr'><strong><em>quod</em></strong></span> <span class='ocrx_word' id='word_1_770' title='bbox 2336 5465 2612 5524; x_wconf 82' lang='lat' dir='ltr'><strong><em>Abraham</em></strong></span> <span class='ocrx_word' id='word_1_771' title='bbox 2645 5471 2776 5528; x_wconf 91' lang='lat' dir='ltr'><strong><em>dum</em></strong></span> <span class='ocrx_word' id='word_1_772' title='bbox 2816 5488 2877 5529; x_wconf 87' lang='lat' dir='ltr'><strong><em>se</em></strong></span> <span class='ocrx_word' id='word_1_773' title='bbox 2923 5485 3131 5532; x_wconf 86' lang='lat' dir='ltr'><strong><em>stercus</em></strong></span> <span class='ocrx_word' id='word_1_774' title='bbox 3153 5487 3207 5533; x_wconf 91' lang='lat' dir='ltr'><strong><em>et</em></strong></span> <span class='ocrx_word' id='word_1_775' title='bbox 3247 5479 3493 5537; x_wconf 89' lang='lat' dir='ltr'><strong><em>cinerem</em></strong></span> <span class='ocrx_word' id='word_1_776' title='bbox 3534 5484 3757 5551; x_wconf 88' lang='lat' dir='ltr'><strong><em>fatetur,</em></strong></span> 
     </span>
    </p>
   </div>
   <div class='ocr_carea' id='block_1_109' title="bbox 2234 5575 3755 5659">
    <p class='ocr_par' dir='ltr' id='par_1_109' title="bbox 2234 5575 3755 5659">
     <span class='ocr_line' id='line_1_110' title="bbox 2234 5575 3755 5659; baseline 0.013 -28"><span class='ocrx_word' id='word_1_777' title='bbox 2234 5575 2262 5615; x_wconf 76' lang='grc'><strong><em>¹³</em></strong></span> <span class='ocrx_word' id='word_1_778' title='bbox 2309 5577 2440 5659; x_wconf 61' lang='lat' dir='ltr'><strong><em>Vet.</em></strong></span> <span class='ocrx_word' id='word_1_779' title='bbox 2467 5579 2712 5659; x_wconf 68' lang='lat' dir='ltr'><strong><em>edit.__et</em></strong></span> <span class='ocrx_word' id='word_1_780' title='bbox 2753 5588 2906 5659; x_wconf 81' lang='lat' dir='ltr'><strong><em>pauci</em></strong></span> <span class='ocrx_word' id='word_1_781' title='bbox 2940 5603 3097 5659; x_wconf 43' lang='lat' dir='ltr'><strong><em>mss”</em></strong></span> <span class='ocrx_word' id='word_1_782' title='bbox 3148 5588 3217 5642; x_wconf 84' lang='lat' dir='ltr'><strong><em>Et</em></strong></span> <span class='ocrx_word' id='word_1_783' title='bbox 3255 5593 3452 5646; x_wconf 77' lang='lat' dir='ltr'><strong><em>wstimo</em></strong></span> <span class='ocrx_word' id='word_1_784' title='bbox 3497 5605 3755 5659; x_wconf 84' lang='lat' dir='ltr'><strong><em>stercora;</em></strong></span> 
     </span>
    </p>
   </div>
   <div class='ocr_carea' id='block_1_110' title="bbox 2159 5647 3758 5736">
    <p class='ocr_par' dir='ltr' id='par_1_110' title="bbox 2159 5647 3758 5736">
     <span class='ocr_line' id='line_1_111' title="bbox 2159 5647 3758 5736; baseline 0.011 -34"><span class='ocrx_word' id='word_1_785' title='bbox 2159 5647 2467 5736; x_wconf 55' lang='lat' dir='ltr'><strong><em>itemedit.</em></strong></span> <span class='ocrx_word' id='word_1_786' title='bbox 2483 5661 2532 5736; x_wconf 82' lang='lat' dir='ltr'><strong><em>et</em></strong></span> <span class='ocrx_word' id='word_1_787' title='bbox 2551 5655 2642 5736; x_wconf 81' lang='lat' dir='ltr'><strong><em>alii</em></strong></span> <span class='ocrx_word' id='word_1_788' title='bbox 2659 5647 2964 5736; x_wconf 61' lang='lat' dir='ltr'><strong><em>pauciores,</em></strong></span> <span class='ocrx_word' id='word_1_789' title='bbox 2987 5657 3051 5710; x_wconf 82' lang='lat' dir='ltr'><strong><em>Et</em></strong></span> <span class='ocrx_word' id='word_1_790' title='bbox 3061 5647 3287 5736; x_wconf 66' lang='lat' dir='ltr'><strong><em>(estinter</em></strong></span> <span class='ocrx_word' id='word_1_791' title='bbox 3297 5647 3758 5736; x_wconf 32' lang='lat' dir='ltr'><strong><em>stercora;vrelviqiii</em></strong></span> 
     </span>
    </p>
   </div>
   <div class='ocr_carea' id='block_1_111' title="bbox 2158 5721 3753 5799">
    <p class='ocr_par' dir='ltr' id='par_1_111' title="bbox 2158 5721 3753 5799">
     <span class='ocr_line' id='line_1_112' title="bbox 2158 5721 3753 5799; baseline 0.011 -24"><span class='ocrx_word' id='word_1_792' title='bbox 2158 5733 2290 5776; x_wconf 85' lang='lat' dir='ltr'><strong><em>mss.</em></strong></span> <span class='ocrx_word' id='word_1_793' title='bbox 2319 5721 2452 5778; x_wconf 89' lang='lat' dir='ltr'><strong><em>utin</em></strong></span> <span class='ocrx_word' id='word_1_794' title='bbox 2487 5721 2782 5796; x_wconf 50' lang='lat' dir='ltr'><strong><em>textu,&#39;nisi</em></strong></span> <span class='ocrx_word' id='word_1_795' title='bbox 2809 5721 3212 5798; x_wconf 48' lang='lat' dir='ltr'><strong><em>quod&#39;nonnulli</em></strong></span> <span class='ocrx_word' id='word_1_796' title='bbox 3231 5729 3458 5799; x_wconf 86' lang='lat' dir='ltr'><strong><em>habent,</em></strong></span> <span class='ocrx_word' id='word_1_797' title='bbox 3486 5721 3753 5792; x_wconf 49' lang='lat' dir='ltr'><strong><em>a’stima‘ri.</em></strong></span> 
     </span>
    </p>
   </div>
  </div>
