3952 6178
161 182 258 240 19⁸1

1372 174 1461 233 DE
1490 172 1941 234 ΡωΝῐτΕΝΤΙᾹ
1985 174 2118 234 LIB.
2162 177 2227 234 11.

3355 177 3461 235 198

156 307 360 350 summa
384 291 701 350 humilitate
718 291 922 349 invenit
944 290 1035 348 Dei
1054 291 1284 364 gratiam
1311 291 1479 366 (Gen.
1498 306 1650 357 xvnt,
1670 292 1747 363 5).
1779 293 1833 354 Α
1855 292 2064 349 dixisse
2087 309 2235 361 eum,
2281 293 2378 352 sed
2406 292 2684 350 diversum
2716 292 3081 350 advertimus.
3126 293 3285 362 Quod
3314 294 3461 349 enim

154 387 382 458 Legerat
398 385 674 456 quodJob
703 387 753 440 in
783 395 1027 440 stercore
1048 384 1458 455 sedenspmnia
1481 398 1599 452 quae
1625 383 1761 438 ami-

154 489 317 547 serat,
355 480 708 549 recuperavit
749 476 890 549 (Job.
920 478 1105 549 xxtv).
1137 477 1369 548 Legerat
1398 476 1760 548 prophetante

154 572 339 638 David,
381 571 540 643 quod
583 570 725 626 Deus
773 570 844 626 de
891 580 1034 625 terra
1058 570 1288 625 suscitat
1323 569 1563 639 inopem,
1597 576 1655 624 et
1691 566 1759 624 de

150 674 392 720 stercore
414 663 586 734 erigit
608 677 910 735 pauperem
938 662 957 733 (
989 660 1140 716 Psal.
1170 675 1301 726 exn,
1332 659 1411 732 7).

214 762 270 813 5.
312 758 385 813 Et
409 772 518 813 nos
562 772 690 830 ergo
712 766 736 794 ³
767 771 873 812 non
901 756 1293 812 erubescamus
1330 756 1487 812 fateri
1526 755 1759 811 Domino

145 858 362 921 peccata
396 849 628 928 nostra?
656 848 840 905 Pudor
883 855 969 903 est
1020 858 1079 903 ut
1109 849 1484 920 unusquisque
1525 847 1759 903 crimina

144 956 233 996 sua
264 940 469 1012 prodat
500 956 515 993 :
544 939 640 995 sed
669 940 762 996 ille
779 939 958 1012 pudor
983 938 1011 978 ιι
1044 955 1235 1010 agrum
1270 956 1428 995 suum
1470 949 1611 1006 arat,
1641 940 1756 1010 spi-

144 1048 238 1087 nas
259 1032 407 1088 tollit
440 1041 759 1102 perpetuas,
781 1040 970 1087 sentes
1005 1039 1274 1102 amputat,
1316 1029 1527 1086 fructus
1552 1030 1754 1095 adolet,

144 1141 276 1196 quos
306 1128 457 1181 inter
481 1133 729 1181 mortuos
759 1124 922 1198 517
952 1137 1077 1181 esse
1104 1122 1384 1180 credebat.
1418 1123 1664 1194 Sequere
1693 1124 1758 1179 il-

144 1218 249 1272 lum
275 1219 372 1289 qui
398 1217 552 1273 bene
579 1217 784 1273 arando
815 1233 1005 1289 agrum
1032 1232 1215 1284 suum,
1257 1215 1470 1272 fructus
1506 1217 1758 1287 quwsivit

144 1322 397 1369 aeternos.
423 1309 818 1378 Maledicimur,
843 1310 1046 1382 inquit,
1078 1320 1125 1366 et
1156 1310 1502 1366 benedicimus
1529 1327 1543 1365 :
1577 1326 1752 1377 perse-

144 1403 397 1458 cutionem
454 1403 711 1474 patimur,
762 1411 811 1458 et
853 1404 1166 1459 sustinemus
1196 1420 1215 1458 :
1246 1403 1681 1475 blasphemamur,
1709 1412 1757 1459 et

144 1495 470 1552 obsecramus
499 1511 521 1552 :
554 1505 818 1569 tamquam
841 1507 1185 1571 purgamenta
1222 1496 1381 1570 hujus
1407 1497 1590 1552 mundi
1630 1499 1757 1570 facti

144 1607 315 1646 sumus
343 1592 405 1665 (l
437 1590 678 1663 Cor._tv,
714 1592 806 1659 12,
836 1594 905 1648 15
936 1594 978 1664 ).
1004 1591 1065 1649 Si
1093 1602 1150 1649 et
1179 1602 1235 1648 tu
1266 1595 1346 1649 sic
1375 1593 1642 1659 araveris,
1671 1607 1756 1647 se-

1858 387 2197 441 contrarium
2228 397 2335 453 est,
2359 401 2419 442 se
2448 386 2621 458 ipsum
2654 387 2935 456 impugnat
2968 404 2982 441 :
3011 385 3158 456 quod
3183 385 3463 443 diversum

1861 488 1967 547 est,
2024 480 2343 535 distinctam
2392 481 2535 536 solet
2582 478 2787 535 habere
2826 479 3121 534 rationem.
3146 477 3227 532 Ita
3281 488 3466 533 autem

1858 570 2192 626 contrarium
2237 587 2347 627 non
2376 581 2498 639 est,
2531 579 2589 626 ut
2630 571 2861 626 alterum
2899 569 3232 641 suffragetur
3275 570 3463 626 alteri.

1860 663 2075 720 Etenim
2123 665 2247 736 quia
2279 665 2350 721 de
2400 664 2725 721 remittenda
2757 662 3075 736 praedicavit
3117 664 3464 735 paenitentia,

1858 757 2051 814 debuit
2076 767 2132 815 et
2172 759 2237 815 tle
2286 760 2352 815 iis
2393 758 2487 830 qui
2539 758 2846 814 iterandum
2879 766 3070 830 putant
3110 757 3462 829 baptismum,

1859 866 1969 906 non
2018 851 2181 907 silere
2224 868 2237 904 :
2283 861 2339 907 et
2388 851 2542 921 prius
2589 849 3014 906 sollicitudinem
3058 849 3220 905 nobis
3260 849 3467 905 auferri

1857 945 2119 1015 oportuit,
2156 953 2212 1000 ut
2235 945 2502 1000 sciremus
2547 945 2712 1000 etiam
2753 953 2876 1015 post
2905 941 3260 1014 baptismum,
3289 942 3336 998 si
3366 942 3459 1013 qui

1859 1048 2170 1109 pact-arent,
2202 1037 2397 1094 donari
2425 1040 2508 1095 eis
2534 1053 2695 1110 posse
2716 1049 3030 1110 peccatum;
3061 1052 3131 1094 ne
3159 1052 3256 1110 spe
3288 1037 3464 1094 veniae

1856 1127 2153 1196 dgeStitutos
2181 1128 2419 1184 iterandi
2440 1128 2783 1199 baptismatis
2805 1129 2994 1199 opinio
3018 1143 3156 1184 vana
3188 1137 3466 1199 perverte-

1858 1227 1943 1274 ret
1970 1235 1983 1272 :
2012 1218 2215 1275 deinde
2241 1218 2548 1275 iterandum
2600 1235 2710 1275 non
2755 1234 2882 1276 esse
2927 1217 3194 1289 baptisma
3224 1223 3470 1276 rationa-

1857 1309 1949 1366 bili
1980 1310 2349 1380 disputatione
2378 1309 2713 1366 suadendum
2748 1310 2866 1365 fuit.

1927 1403 1983 1459 8.
2029 1403 2103 1459 De
2133 1403 2463 1474 baptismate
2488 1412 2671 1460 autem
2696 1403 2901 1459 dictum
2931 1404 3099 1460 verba
3128 1403 3244 1476 ipsa
3272 1403 3461 1461 decla-

1854 1505 2000 1566 rant,
2033 1498 2232 1568 quibus
2262 1498 2590 1570 signiticavit
2618 1498 2955 1569 impossibile
2997 1514 3122 1556 esse
3159 1501 3342 1571 lapsos
3369 1516 3461 1557 re-

1855 1593 2044 1648 novari
2068 1593 2120 1648 in
2143 1591 2555 1664 paenitentiam;
2590 1608 2688 1662 per
2730 1592 3010 1648 lavacrum
3041 1593 3185 1648 enim
3226 1607 3465 1649 renova-

143 1686 373 1742 minabis
404 1685 709 1756 spiritalia.
740 1684 874 1753 Ara,
914 1696 974 1740 ut
1008 1695 1292 1756 peccatum
1331 1684 1572 1750 auferas,
1607 1683 1753 1739 fruc-
1781 1679 1828 1740 Β
1856 1700 2001 1751 mur,
2032 1700 2130 1756 per
2156 1684 2300 1757 quod
2321 1686 2685 1753 renascimur,
2713 1686 2860 1741 sicut
2906 1685 3026 1756 ipse
3052 1684 3258 1742 Paulus
3282 1685 3415 1742 dicit
3444 1702 3458 1738 :

143 1790 248 1835 tum
287 1782 573 1851 acquiras.
622 1779 716 1834 Ille
755 1780 956 1847 aravit,
1013 1788 1074 1835 ut
1121 1779 1494 1850 persecutoris
1526 1789 1550 1818 ο
1585 1779 1637 1834 in
1687 1795 1750 1836 se

143 1873 441 1929 eradicaret
462 1872 747 1928 allectum.
779 1872 920 1941 Quid
965 1873 1085 1944 plus
1118 1873 1292 1945 potuit
1312 1873 1470 1929 nobis
1499 1873 1751 1929 conferre

145 1965 383 2023 Christus
402 1966 475 2023 ad
498 1966 744 2023 studium
769 1969 1149 2034 correctionis,
1180 1984 1339 2038 quam
1370 1978 1431 2024 ut
1466 1979 1749 2025 converte.

147 2070 244 2129 ret,
261 2070 316 2118 et
342 2062 502 2119 daret
529 2062 694 2117 nobis
715 2078 782 2119 ex
814 2072 1168 2134 persecutore
1195 2062 1514 2119 doctorem?

775 2173 1005 2232 CAPUT
1050 2173 1114 2230 ll.

147 2291 494 2362 Apostolicups
543 2293 723 2349 locum
768 2292 833 2346 ab
868 2291 1124 2347 Itwreticis
1173 2298 1358 2345 contra
1402 2287 1751 2359 pmnitentiam

210 2385 462 2458 objectum
486 2386 670 2451 solvit,
697 2401 910 2454 eumque
938 2385 1002 2439 de
1025 2382 1349 2455 baptismatis
1380 2380 1652 2435 iteratione
1670 2381 1752 2434 in-

210 2477 545 2550 telligendum
576 2492 697 2532 cum
726 2477 1053 2548 singularum
1093 2475 1238 2531 illius
1285 2474 1512 2545 partium
1539 2474 1749 2543 exposi-

212 2571 364 2636 tione,
418 2581 529 2626 tum
562 2570 835 2641 prtemissa
880 2568 1069 2627 ibidem
1096 2567 1342 2643 legalium
1382 2566 1752 2643 baptismatum

214 2667 463 2721 mentione
488 2665 752 2731 ostendit;
790 2666 1021 2736 quamvis
1050 2640 1332 2737 subiungat
1361 2677 1419 2716 eo
1446 2640 1641 2731 quoque
1686 2659 1752 2713 il-

213 2758 313 2812 lum
340 2774 493 2829 posse
514 2757 732 2828 referri,
755 2767 812 2810 ut
841 2756 979 2825 quod
1004 2756 1323 2827 impossibile
1350 2756 1417 2811 sit
1436 2753 1749 2820 hominibus,

218 2846 319 2904 Deo
341 2848 676 2922 impossibile
700 2865 1021 2920 nequaquam
1050 2847 1319 2903 habeatur.

211 2984 261 3040 6.
301 2986 433 3041 Cum
466 2985 645 3057 igitur
669 2993 777 3040 tam
816 2985 1056 3041 evidenti
1095 2994 1151 3040 et
1200 2984 1371 3052 ipsius
1394 2983 1662 3051 Apostoli,
1695 2994 1752 3040 et

1853 1776 2153 1848 Consepulti
2206 1779 2343 1833 enim
2379 1795 2556 1835 sumus
2595 1795 2712 1833 cum
2762 1779 2856 1833 illo
2910 1794 3001 1848 per
3049 1778 3360 1850 baptismum
3409 1779 3463 1834 in

1852 1881 2087 1936 mortem,
2120 1881 2175 1926 ut
2200 1871 2633 1940 quemadmodum
2678 1872 2906 1926 surrexit
2951 1870 3191 1927 Christus
3227 1887 3291 1926 ea:
3318 1886 3459 1926 mor-

1853 1966 1953 2019 tuis
1974 1981 2064 2037 per
2088 1966 2309 2037 gloriam
2366 1964 2564 2031 Patris,
2613 1965 2688 2019 ita
2743 1975 2790 2020 et
2816 1964 2985 2038 418
3036 1981 3131 2020 nos
3161 1966 3218 2020 in
3237 1966 3461 2020 novitate

1850 2060 1969 2113 vitae
2010 2058 2331 2124 ambulemus
2391 2058 2411 2130 (
2444 2058 2597 2112 Rom.
2637 2073 2712 2125 γι,
2755 2057 2790 2112 4
2818 2057 2863 2131 ).
2909 2059 2977 2113 Ει
3014 2057 3187 2114 alibi:
3226 2057 3463 2113 Renova-

1852 2153 1983 2207 mini
2002 2152 2191 2221 spiritu
2218 2152 2401 2207 mentis
2427 2161 2630 2219 vestrm,
2666 2162 2712 2206 et
2740 2151 2939 2205 induite
2963 2166 3149 2206 nouum
3176 2150 3459 2216 hominem,

1851 2244 1942 2312 qui
1966 2243 2246 2298 secundum
2273 2241 2440 2300 Deum
2485 2252 2689 2298 creatus
2713 2244 2826 2311 est(
2858 2241 3053 2313 Ephes.
3084 2257 3160 2309 tv,
3190 2243 3285 2309 25,
3314 2242 3388 2298 94
3414 2241 3457 2315 ).

1853 2336 1923 2393 Ει
1954 2336 2083 2392 alibi
2118 2353 2132 2390 :
2163 2334 2515 2391 Renovabitur
2536 2336 2667 2389 sicut
2689 2334 2877 2406 aquin
2897 2336 3145 2407 juventus
3162 2344 3251 2390 tua
3273 2334 3294 2408 (
3306 2334 3458 2390 Psat.

1853 2447 1948 2500 cn,
1979 2428 2086 2502 '5):
2131 2439 2153 2467 ι’
2183 2428 2327 2501 quod
2376 2428 2546 2485 etiam
2587 2428 2797 2499 aquila,
2830 2443 2955 2484 cum
3010 2426 3176 2483 fuerit
3218 2436 3458 2495 mortua,

1853 2538 1920 2580 ex
1949 2524 2063 2579 suis
2091 2521 2339 2593 reliquiis
2366 2521 2698 2589 renascitur,
2724 2519 2862 2576 sicut
2887 2534 2986 2592 per
3008 2519 3354 2591 baptismatis
3374 2534 3462 2576 sa-

1851 2624 2214 2684 cramentum,
2247 2630 2370 2671 cum
2399 2613 2665 2670 fuerimus
2694 2622 2921 2685 peccato
2959 2614 3184 2681 mortui,
3217 2613 3463 2669 renasci-

1854 2725 1975 2765 mur
2006 2710 2137 2775 Deo,
2170 2722 2236 2763 ac
2274 2708 2660 2764 reformamur.
2692 2705 2869 2762 Unum
2899 2720 3031 2776 ergo
3062 2705 3332 2776 baptisma
3363 2705 3459 2761 do-

1852 2810 1962 2867 cet,
1991 2799 2135 2856 sicut
2160 2800 2337 2856 alibi:
2383 2798 2500 2855 Una
2544 2799 2698 2868 ﬁdes;
2728 2815 2912 2867 unum,
2959 2797 3155 2869 inquit,
3206 2799 3461 2869 baptisma

1853 2896 1873 2965 (
1902 2891 2100 2965 Ephes.
2127 2908 2201 2959 tv,
2231 2892 2324 2963 5).

1926 2989 1981 3045 9.
2024 2987 2159 3044 Illud
2185 3001 2400 3059 quoque
2422 2985 2669 3054 evidens,
2708 2984 2854 3058 quod
2901 2985 2957 3041 in
2986 3000 3052 3042 eo
3081 2986 3172 3057 qui
3213 2984 3462 3057 baptiza-

148 3079 463 3149 scriptorum
484 3076 621 3148 ejus
646 3079 900 3147 exemplo
932 3076 1547 3147 redarguantur,tamen
1570 3075 1748 3132 adhuc
1774 3059 1820 3122 Ε
1856 3091 1963 3149 tur,
2008 3081 2344 3151 crucifigitur
2391 3078 2559 3135 Filius
2618 3079 2744 3144 Dei;
2774 3077 2902 3149 quia
2951 3092 3058 3133 non
3101 3076 3276 3148 potuit
3326 3091 3459 3133 caro

147 3170 308 3227 obniti
330 3174 560 3237 volunt,
579 3179 636 3226 ct
657 3172 1036 3227 auctoritatem
1058 3172 1211 3226 aiunt
1231 3167 1258 3207 ά
1288 3168 1616 3240 Apostolicae
1644 3169 1750 3226 sibi

149 3266 419 3340 suﬂ'ragari
435 3269 764 3336 sementim,
777 3269 1080 3340 allegantes
1097 3269 1361 3338 scriptum
1376 3267 1447 3322 ad
1463 3267 1745 3323 Hebraeos:

151 3357 464 3431 lmpossibile
496 3370 579 3417 est
624 3361 761 3415 enim
788 3362 880 3416 hos
908 3361 998 3431 qui
1023 3363 1179 3417 semel
1215 3361 1495 3416 illuminati
1525 3370 1665 3429 sunt,
1703 3370 1752 3416 et

152 3464 467 3524 gustaverunt
492 3455 695 3509 donum
714 3455 934 3521 caeleste,
967 3464 1012 3510 et
1033 3455 1314 3526 participes
1331 3455 1455 3525 facti
1479 3463 1599 3509 sunt
1627 3453 1754 3525 Spi-

152 3546 272 3601 ritus
293 3552 455 3603 saneti
481 3591 505 3616 ,
540 3559 589 3603 et
616 3547 803 3603 bonum
832 3558 1164 3620 gustaverunt
1196 3547 1294 3602 Dei
1334 3548 1563 3615 uerbum,
1591 3549 1753 3603 uirtu-

159 3647 318 3708 tesque
338 3640 515 3712 futuri
543 3639 747 3707 saeculi,
801 3641 973 3710 lapsos
1014 3643 1200 3694 iterum
1242 3639 1477 3694 renovari
1511 3639 1565 3694 in
1591 3640 1751 3710 paeni-

157 3733 374 3799 tentiam,
415 3748 615 3788 rursus
640 3731 995 3805 cruci/igentes
1023 3730 1224 3785 Filium
1265 3730 1385 3799 Dei,
1432 3743 1482 3786 et
1524 3740 1753 3787 ostenta-

158 3823 281 3881 tione
307 3825 729 3901 triumphantes(
765 3824 894 3881 Heb.
927 3842 1002 3893 vr,
1030 3825 1133 3881 iet
1167 3840 1273 3896 seq.
1298 3832 1340 3895 ).

221 3917 270 3973 7.
298 3918 580 3993 Numquid
613 3918 811 3974 Paulus
838 3918 1104 3975 adversus
1133 3918 1336 3975 factum
1368 3932 1526 3974 suum
1556 3916 1754 3987 pracdi-

161 4024 275 4070 care
304 4014 526 4085 potuit?
570 4012 799 4068 Donavit
823 4012 1112 4069 Corlntbio
1139 4024 1421 4083 peccatum
1456 3999 1552 4083 per
1585 4011 1760 4081 pteni-

164 4107 370 4161 tentiam
410 4112 429 4179 (
460 4105 511 4161 11
542 4104 661 4161 Cor.
698 4120 756 4173 ιι,
793 4105 921 4177 10);
970 4105 1247 4176 quomodo
1285 4104 1375 4159 ltic
1411 4104 1585 4175 potuit
1635 4118 1759 4157 scn-

165 4200 375 4255 tentiam
426 4213 592 4256 suam
645 4199 760 4269 ipse
806 4197 1245 4268 reprehendere?
1291 4196 1438 4268 Ergo
1472 4197 1599 4267 quia
1650 4209 1759 4251 non

168 4294 326 4359 potuit
341 4296 490 4364 quod
527 4290 889 4349 mditicaverat
932 4291 1244 4358 destruere,
1277 4306 1385 4347 non
1424 4291 1759 4349 contrarium

1855 3187 2040 3231 nostra
2092 3174 2316 3229 abolere
2364 3180 2673 3244 peccatum,
2727 3169 2832 3225 nisi
2889 3169 3150 3226 crucillsa
3204 3177 3351 3225 esset
3403 3168 3458 3225 in

1852 3267 2074 3325 Christo
2112 3267 2261 3323 Jesu.
2295 3265 2541 3337 Denique
2566 3264 2830 3335 scriptum
2859 3272 2966 3331 est,
2997 3264 3123 3335 quia
3152 3265 3461 3335 quicumque

1856 3361 2099 3433 baptizati
2129 3376 2310 3416 sumus
2359 3359 2413 3413 in
2432 3357 2639 3413 Christo
2657 3355 2691 3411 J
2697 3374 2808 3424 esu,
2832 3357 2887 3411 in
2916 3368 3129 3412 mortem
3149 3357 3313 3427 ipsius
3333 3357 3464 3426 bap-

1856 3454 1999 3510 tizati
2042 3470 2220 3508 sumus
2257 3452 2277 3525 (
2305 3450 2456 3506 Rom.
2491 3466 2567 3517 vr,
2596 3451 2630 3505 3
2653 3448 2698 3521 ).
2728 3450 2793 3504 Et
2824 3449 2960 3503 infra
3007 3466 3020 3503 :
3051 3448 3114 3503 Si
3152 3450 3289 3503 enim
3313 3464 3459 3503 com-

1858 3546 2077 3617 plantati
2128 3561 2305 3600 sumus
2345 3542 2675 3597 similitudini
2709 3542 2891 3596 mortis
2933 3544 3069 3613 ejus,
3103 3541 3258 3594 simul
3294 3550 3342 3595 et
3377 3556 3461 3594 re-

1856 3637 2190 3694 surrectionis
2247 3636 2458 3702 erimus,
2492 3634 2712 3688 scientes
2755 3633 2879 3703 quia
2906 3642 3051 3687 vetus
3090 3632 3242 3686 homo
3288 3641 3463 3686 noster

1856 3731 2012 3785 simul
2047 3728 2286 3799 conﬁxus
2323 3736 2396 3781 est
2425 3727 2568 3781 cruci
2596 3729 2617 3799 (
2644 3726 2810 3792 1bid.,
2839 3725 2896 3792 5,
2924 3724 2978 3780 6.
3006 3724 3049 3795 ).
3082 3724 3149 3779 Et
3182 3723 3248 3779 ad
3272 3724 3463 3781 Colos-

1858 3834 2049 3883 senses
2071 3828 2148 3881 ait
2174 3823 2509 3894 :Consepulti
2531 3825 2576 3879 ei
2605 3840 2696 3895 per
2719 3824 3051 3895 baptismum,
3071 3823 3123 3876 in
3144 3839 3244 3895 quo
3260 3832 3310 3879 et
3337 3840 3462 3879 con-

1859 3918 2196 3987 surrexistis(
2229 3915 2428 3973 Coloss.
2462 3934 2523 3984 tt,
2557 3917 2622 3972 12
2643 3917 2686 3988 ).
2716 3916 2871 3983 Quod
2906 3916 3027 3972 ideo
3061 3918 3325 3990 scriptum
3353 3930 3461 3988 est,

1862 4023 1920 4069 ut
1947 4011 2238 4068 credamus
2282 4009 2408 4080 quia
2440 4010 2557 4081 ipse
2577 4009 2914 4081 cruciﬁgitur
2950 4009 3004 4065 in
3043 4010 3232 4079 nobis;
3266 4022 3325 4068 ut
3367 4028 3466 4084 per

1862 4104 2014 4159 illum
2055 4110 2275 4173 peccata
2309 4109 2495 4156 nostra
2536 4099 2892 4169 mundeatur,
2942 4110 2999 4157 ut
3044 4102 3164 4173 ipse
3187 4103 3469 4174 chirogra-

1863 4197 2031 4268 phum
2057 4205 2301 4253 nostrum
2330 4196 2516 4267 affigat
2544 4199 2716 4264 cruci,
2747 4197 2835 4268 qui
2870 4197 3020 4254 solus
3054 4206 3234 4268 potest
3260 4198 3469 4255 donare

1864 4288 2085 4345 delicta.
2106 4287 2229 4360 Ipse
2248 4289 2300 4344 in
2328 4288 2483 4344 nobis
2502 4288 2844 4361 principatus
2871 4299 2925 4347 et
2954 4299 3256 4363 potestates
3275 4290 3467 4347 trium-

233 4494 257 4523 ι
294 4485 390 4543 llic
413 4487 505 4555 agi
521 4485 590 4542 de
610 4485 957 4542 confessione
980 4500 1103 4557 quae
1126 4486 1238 4542 Deo
1258 4484 1397 4553 apud
1425 4485 1765 4558 sacerdotem
1794 4490 1850 4550 1)
1877 4484 1942 4541 Et
1970 4484 2075 4558 hoc
2103 4485 2322 4556 quidem
2354 4486 2408 4542 in
2435 4501 2595 4543 causa
2628 4487 2750 4552 fuit,
2775 4501 2874 4542 cur
2897 4488 3076 4545 serius
3098 4488 3217 4545 hac
3236 4487 3467 4558 epistola

171 4553 304 4613 illius
329 4575 390 4614 ea
431 4553 487 4613 iu
542 4567 694 4628 parte
733 4553 1221 4628 vicarium'editur,
1251 4566 1589 4628 compertum
1635 4555 1764 4613 facit

171 4630 300 4693 quod
327 4632 515 4685 statim
538 4627 831 4699 sequitur:
886 4627 1069 4683 Pudor
1108 4639 1205 4693 est,
1256 4638 1363 4684 etc.
1404 4627 1578 4695 Quem
1606 4629 1760 4699 enim

176 4700 359 4772 pudeat
398 4699 545 4772 apud
580 4698 703 4755 eum
744 4699 920 4772 solum
955 4708 1172 4772 peccata
1204 4699 1358 4754 fateri
1386 4713 1505 4763 sua,
1531 4698 1617 4754 cui
1667 4714 1761 4753 ea-

174 4768 284 4842 dem
311 4768 518 4827 clarius
558 4786 718 4842 quam
749 4770 853 4824 sibi
885 4771 985 4840 ipsi
1014 4771 1228 4841 cognita
1252 4784 1378 4826 esse
1420 4779 1763 4842 perspectum

177 4838 393 4897 habeat?
431 4838 600 4897 Certe
642 4842 695 4896 in
728 4856 796 4896 eo
835 4838 978 4913 quod
1011 4838 1103 4897 illa
1131 4838 1560 4913 perpetraverit,
1594 4842 1767 4913 pudor

174 4924 286 4966 esse
312 4918 534 4983 poterit,
554 4928 662 4968 non
691 4910 871 4967 autem
906 4912 957 4967 in
986 4910 1203 4969 illorum
1231 4910 1598 4967 confessione.
1622 4910 1765 4967 Rur-

176 4995 259 5034 sus
279 4999 405 5039 vero
434 4984 579 5056 quod
614 4983 989 5056 unusquisque
1018 4983 1220 5056 dicitur
1258 4983 1495 5056 prodere
1538 4983 1767 5037 crimina

176 5064 286 5125 sua,
313 5052 624 5110 inde'satis
671 5055 991 5125 intelligitur
1032 5070 1140 5108 non
1182 5052 1273 5109 dei
1299 5052 1530 5122 publicis
1552 5063 1768 5125 tantum

176 5122 485 5183 criminibus
510 5136 566 5182 et
594 5122 1174 5196 scanilalo'conjunctis
1210 5126 1321 5195 agi,
1358 5124 1453 5181 sed
1489 5124 1652 5196 etiam
1701 5126 1767 5180 de

178 5197 396 5252 Occultis
417 5206 476 5254 et
501 5197 821 5267 reconditis,
844 5212 964 5266 quae
994 5197 1063 5251 ab
1090 5197 1276 5267 aliquo
1303 5207 1500 5266 sponte
1526 5195 1772 5267 deferan-

181 5274 262 5338 tur
285 5268 349 5322 ad
369 5269 734 5325 sacerdotem.
753 5266 992 5338 Consule
1006 5283 1128 5338 quae
1152 5266 1220 5323 de
1240 5282 1334 5323 reo
1354 5266 1580 5323 minoris
1594 5267 1769 5337 culpae

181 5333 427 5408 dicuntur
452 5339 590 5395 infra
620 5354 742 5408 cap.
765 5337 821 5403 4,
851 5354 1003 5394 num.
1026 5333 1123 5393 Ἦ.

186 5477 221 5530 Γ
250 5405 277 5444 ι’
318 5410 445 5465 Mss.
479 5405 711 5483 aliquot,
739 5426 920 5481 agrum
966 5426 1115 5464 suum
1163 5417 1434 5477 stercorat,
1473 5411 1650 5479 spinas
1677 5424 1765 5464 co-

203 5489 263 5530 u.
292 5491 398 5530 etc.

203 5489 263 5544 u,
292 5491 398 5535 etc.

258 5560 281 5619 ς
323 5550 453 5605 Mss.
483 5551 750 5619 nonnulli,
779 5553 835 5606 in
858 5567 914 5605 se
930 5548 1496 5617 eradicaretellectum.

258 5616 286 5655 δ
323 5620 638 5693 Eupalium
677 5616 857 5677 locum
885 5624 976 5693 qui
1015 5622 1412 5693 magistracy-esi
1449 5637 1563 5693 ante
1593 5629 1775 5693 patron

190 5675 357 5744 Binari
378 5675 685 5753 videretur.
708 5675 870 5761 quam
894 5675 1066 5747 istum
1089 5675 1436 5760 proferebant
1454 5675 1771 5747 “Novatian'la

1870 4557 2011 4630 apud
2039 4556 2262 4630 Latinos
2289 4558 2468 4630 babita
2496 4560 2658 4615 fuerit
2696 4573 2794 4630 pro
2814 4560 3096 4630 canonica,
3117 4556 3469 4630 quemadmo~

1868 4628 1994 4702 dum
2041 4643 2106 4683 ex
2152 4627 2387 4702 Eusebio
2442 4629 2644 4702 li_b.g_nt
2694 4629 3091 4702 Hist.gEcc_les_._
3135 4627 3260 4702 cap.
3302 4632 3357 4702 ὅ,
3410 4640 3469 4687 et

1869 4699 1963 4770 lib.
1994 4714 2046 4753 vt
2095 4714 2217 4770 cap.
2248 4699 2322 4756 20
2350 4715 2416 4754 ex
2464 4700 2777 4765 Pliilastrio,
2823 4700 2917 4756 lib.
2950 4700 3020 4756 de
3051 4699 3256 4756 litorea.
3301 4701 3367 4757 41
3397 4716 3466 4757 ex

1869 4769 2206 4842 Hieronymo
2248 4772 2412 4843 variis
2441 4771 2577 4825 locis
2616 4786 2953 4843 cognoscere
2980 4780 3083 4827 est.
3128 4771 3467 4843 Epiphanius

1869 4856 2086 4911 quoque
2142 4842 2475 4912 praecipuum
2507 4842 2870 4898 Catharorum
2902 4843 2955 4897 in
3006 4857 3074 4898 eo
3124 4842 3247 4898 loco
3286 4842 3470 4898 ﬁrma-

1871 4921 2114 4997 mentum
2146 4911 2490 4997 fuissc,‘dtt_m
2518 4914 2587 4995 de
2608 4912 2796 4967 eadem
2822 4913 3015 4997 haeresi
3049 4915 3317 4997 loquitur,
3357 4922 3469 4985 tra-

1868 4982 1967 5038 dit.
1998 4980 2271 5037 Caaterum
2315 4983 2675 5038 Ambrosiana
2708 4985 2991 5050 responsio
3027 4980 3314 5040 verissima
3358 4980 3466 5044 eat.

1868 5068 2099 5124 eamque
2126 5052 2453 5109 nobilissimi
2483 5054 2685 5124 quique
2713 5054 3007 5123 scriptores
3040 5055 3253 5110 doctori
3281 5066 3470 5112 nostro

1869 5138 2131 5197 suppares
2160 5134 2251 5179 aut
2274 5125 2611 5197 posteriores
2641 5125 3105 5197 amplexatisunt;
3137 5140 3466 5197 quamquam

1872 5194 2120 5251 nonnulli
2147 5198 2215 5251 de
2256 5194 2573 5265 paenitentia
2603 5194 2781 5252 locum
2820 5194 3189 5266 interpretati,
3204 5194 3468 5254 moralem

1874 5267 2397 5340 impossibilitatemg
2426 5267 2500 5340 ibi
2553 5268 3253 5340 significatam‘maluerunt
3292 5286 3305 5322 :
3346 5284 3469 5340 qua:

1874 5338 2161 5407 responsio
2190 5337 2353 5395 etiam
2384 5338 2439 5393 in
2463 5338 2571 5393 line
2600 5336 2795 5407 capitis
2824 5336 3112 5393 indicatur.

1951 5418 1975 5446 θ
2017 5408 2177 5465 Rom.
2202 5410 2334 5465 edit.
2376 5410 2514 5475 sola,
2545 5408 2682 5480 quod
2710 5418 2785 5464 est
2815 5426 2828 5463 :
2853 5408 2983 5463 sicut
3004 5408 3178 5478 aquila
3203 5425 3319 5463 cum
3358 5410 3473 5480 fue-

1871 5481 1961 5535 rit.
2004 5518 2021 5539 .
2066 5520 2103 5551 ,ν
2128 5521 2141 5534 .
2183 5481 2258 5536 sic
2285 5498 2375 5551 per
2405 5481 2748 5551 baptismatis,
2788 5480 3116 5551 etc.70biter
3144 5490 3329 5535 autem
3371 5483 3468 5537 ob-

1873 5550 2205 5608 servandum
2251 5550 2360 5618 est,
2391 5551 2587 5620 aquilae
2632 5550 2764 5606 illud
2796 5550 3018 5607 attribui
3048 5551 3115 5606 ab
3156 5551 3471 5620 Ambrosio,

1874 5621 2227 5695 quodbvulgo
2272 5624 2342 5677 de
2396 5620 2646 5695 phoenice
2687 5621 2904 5695 dicitur,
2937 5637 3098 5695 quem
3126 5638 3192 5677 ex
3239 5625 3473 5695 propriis

1876 5689 2152 5751 cineribus
2168 5689 2386 5748 renasci
2418 5689 2727 5746 fabulantur
2754 5691 2909 5747 multi
2931 5689 3247 5761 scriptorosl

2604 5792 2613 5799 .
3438 5788 3466 5821 ,ι
