3946 6180
465 265 586 322 49)

1841 217 2088 294 SANC'i‘l
2125 215 2451 293 AllBltDSll

3600 273 3605 280 .
3680 226 3784 281 500

469 388 638 456 pltat;
673 376 929 450 quoniam
956 372 1022 426 de
1067 371 1186 438 ipso
1214 366 1474 435 scriptum
1513 370 1595 417 est
1622 377 1634 413 :
1667 345 2000 426 Principatus
2027 362 2073 409 et
2252 351 2332 404 nis
2354 367 2461 415 reo,
2491 347 2741 418 siquidem
2765 346 2917 417 digne
2946 346 3270 416 ptenituerit,
3305 342 3783 400 reconciliationem

474 447 753 549 potestates
795 465 1064 522 ostentavit
1089 503 1106 526 ,
1163 458 1490 528 triumphans
1546 469 1632 508 eos
1679 452 1734 504 in
1793 447 2068 518 semetipso

479 570 503 641 (
538 566 727 622 (ἐρίσει.
758 576 816 627 ιι,
845 557 968 628 15)·
1003 625 1006 628 ,
1905 609 1930 641 ,ε

551 660 637 714 10.
682 657 824 724 Ergo
867 649 1012 722 quod
1050 648 1126 702 ait
1158 647 1213 702 in
1258 646 1360 700 hac
1381 641 1614 714 epistola
1641 655 1764 709 qua:
1809 634 2071 691 scribitur

474 754 545 808 ad
575 749 857 810 Hebraeos,
886 735 1226 814 impossibile
1257 751 1384 792 esse
1424 736 1595 805 lapsos
1623 730 1858 786 renovari
1883 728 1936 781 in
1965 741 2072 796 pae-

473 843 764 904 nitentiam,
805 853 984 892 rursus
1011 833 1367 902 cruciﬁgentes
1408 827 1455 882 F
1457 828 1604 882 ilium
1627 824 1746 888 Dei,
1777 832 1820 876 et
1847 827 2074 874 ostenta-

471 942 611 996 tione
641 932 1012 1003 triumphantes
1048 925 1254 996 (Hebr.
1277 938 1356 990 vt,
1381 921 1413 977 6
1442 919 1460 990 )
1492 963 1505 984 ,
1536 933 1602 974 eo
1649 923 1882 986 Spectat,
1915 909 2074 990 utde

474 1029 747 1100 baptismo
775 1025 981 1079 dictum
1005 1019 1296 1076 credamus
1315 1058 1328 1080 ,
1359 1015 1410 1070 in
1446 1027 1554 1084 quo
1575 1009 1943 1079 cruciﬁgintus
1987 1003 2076 1058 Fi-

472 1098 605 1180 lium
633 1119 726 1176 Dei
760 1119 814 1172 in
840 1116 1026 1179 nobis;
1063 1122 1120 1167 ιιι
1143 1109 1237 1183 per
1269 1109 1418 1186 illum
1450 1106 1606 1162 nobis
1635 1103 1872 1158 mundus
1897 1098 2074 1154 cruci-

474 1218 694 1288 ﬁgatur,
723 1211 816 1283 qui
843 1208 1075 1279 quadam
1135 1201 1538 1274 triumphamus
1583 1196 1786 1268 specie,
1827 1193 1956 1288 dum
1999 1191 2077 1245 si-

476 1287 838 1365 militudinem
867 1302 1060 1357 mortis
1087 1299 1207 1369 ejus
1236 1294 1588 1356 assumimus,
1615 1291 1707 1362 qui
1737 1287 2076 1359 principatus

473 1413 528 1458 et
554 1409 854 1474 potestates
893 1398 948 1452 itt
991 1410 1090 1450 sua
1129 1407 1292 1448 cruce
1333 1387 1631 1446 ostentavit
1668 1399 1732 1440 ac
1777 1381 2078 1452 triumpha-

475 1497 587 1560 vit;
617 1505 672 1548 ut
720 1493 771 1546 in
802 1489 996 1545 mortis
1019 1488 1141 1558 ejus
1181 1481 1595 1540 similitudinem
1629 1493 1730 1534 nos
1766 1490 1985 1548 quoque
2011 1474 2079 1530 de

475 1584 872 1658 principatibus
917 1595 1148 1652 quorum
1169 1579 1360 1648 jugum
1391 1575 1740 1645 deponimus,
1783 1569 2082 1640 triumphe-

474 1695 624 1736 mtts.
653 1677 833 1735 Semel
882 1683 1064 1730 autem
1111 1670 1407 1727 cruciﬁxus
1451 1677 1535 1723 est
1580 1664 1854 1728 Christus,
1908 1661 2079 1716 semel

2247 463 2349 500 non
2382 443 2766 514 denegandam.

2246 562 2332 616 15.
2367 560 2548 630 Neque
2567 559 2713 614 enim
2727 557 3024 628 Apostolus
3040 565 3230 611 contra
3248 555 3556 612 evidentem
3579 553 3784 610 Christi

2173 655 2476 709 doctrinam
2525 653 2769 718 veniret,
2823 652 2914 722 qui
2960 651 3028 705 de
3068 659 3358 717 peccatore
3401 649 3782 722 ptenitentiam

2173 756 2369 817 agente
2389 744 2850 813 comparationem
2876 740 2904 779 ἀ
2935 744 3116 813 posuit
3139 757 3206 796 eo
3232 741 3378 812 quod
3406 756 3636 812 peregre
3662 757 3787 810 pro-

2173 837 2347 893 lectus
2377 846 2652 904 acceptam
2676 851 2705 888 a
2738 844 2892 904 patre
2917 848 3136 889 omnem
3163 833 3524 887 substantiam
3556 832 3787 887 devora-

2176 931 2313 986 verit
2344 929 2577 983 vivendo
2608 927 2977 992 luxuriose,et
3007 937 3194 996 postea
3225 939 3418 994 panem
3448 924 3620 993 patris
3644 923 3788 978 desi-

2176 1022 2450 1077 deraverit
2469 1053 2485 1086 ι
2511 1035 2634 1076 cum
2661 1017 3194 1086 vesceretursiliqnis
3219 1034 3232 1071 :
3261 1028 3316 1072 et
3342 1017 3543 1070 meruit
3563 1016 3787 1082 stolam,

2175 1115 2438 1170 annulum
2463 1155 2476 1179 ,
2510 1113 2942 1168 calceamentttm
2965 1152 2980 1176 ,
3007 1111 3434 1178 immolationem
3457 1126 3674 1181 quoque
3707 1110 3785 1165 vi-

2179 1208 2312 1271 tttli,
2357 1222 2479 1276 qua:
2528 1204 2771 1275 speciem
2820 1203 2986 1258 habet
3020 1202 3292 1272 passionis
3335 1201 3663 1267 Dominicm,
3700 1216 3793 1272 per

2176 1315 2338 1372 quam
2368 1301 2589 1354 cmlesto
2616 1305 3014 1353 sacramentum
3040 1296 3197 1351 nobis
3227 1296 3461 1351 donatur
3487 1296 3506 1368 (
3533 1295 3661 1350 Luc.
3692 1311 3782 1361 xv,

2182 1395 2252 1448 15
2282 1403 2330 1448 et
2353 1394 2511 1464 seq.).

2256 1487 2345 1543 14.
2386 1487 2532 1541 Bene
2579 1485 2784 1540 dicitur
2828 1485 2954 1552 quia
2986 1499 3198 1552 peregre
3244 1486 3508 1554 profectus
3549 1491 3665 1549 est,
3698 1482 3792 1553 qui

2182 1590 2302 1636 erat
2341 1596 2370 1634 a
2398 1580 2572 1636 sacris
2611 1577 2878 1633 altaribus
2917 1587 3238 1647 separatus;
3290 1577 3395 1632 hoc
3424 1587 3510 1633 est
3547 1576 3695 1632 enim
3726 1576 3793 1631 ab

2178 1673 2485 1729 Jerusalem
2509 1672 2598 1726 illa
2626 1685 2748 1740 quae
2781 1671 2833 1724 in
2857 1669 2998 1726 caelo
3019 1677 3126 1736 est,
3156 1669 3331 1724 civico
3353 1669 3590 1738 quodam
3618 1677 3676 1724 et
3696 1668 3794 1724 do-

474 1781 703 1846 peecato
730 1777 1012 1832 mortuus;
1051 1775 1105 1822 et
1136 1763 1259 1820 ideo
1311 1777 1499 1828 unum,
1523 1773 1631 1814 non
1673 1759 1828 1829 plura
1874 1755 2080 1825 baptis-

2194 1769 2412 1822 ntestico
2435 1777 2745 1821 sanetorum
2768 1764 3009 1834 separari
3041 1763 3341 1819 domicilio.
3376 1762 3529 1820 Unde
3556 1773 3612 1818 et
3661 1778 3792 1833 apo-

475 1878 640 2016 ΠΙἲῖ
681 1957 845 2028 Quid,
885 1953 1030 2026 quod
1068 1960 1123 2007 et
1153 1963 1319 2021 supra
1337 1921 1641 2002 doctrinam
1685 1942 2080 2014 baptismorum

477 2050 775 2126 praemisit?
811 2049 878 2104 Et
916 2033 1041 2117 quia
1092 2043 1260 2099 multa
1299 2048 1459 2096 erant
1481 2037 1805 2108 baptismata
1839 2031 1890 2087 itt
1939 2032 2079 2101 lege,

475 2146 679 2203 merito
715 2137 1066 2213 reprehendit
1111 2135 1234 2191 illos
1252 2133 1342 2213 qui
1375 2130 1611 2202 perfecta
1641 2137 1667 2164 ει
1691 2126 1993 2186 dimittant.
2027 2132 2083 2178 et

477 2209 802 2310 principium
843 2209 994 2286 verbi
1038 2209 1341 2298 requirant.
1391 2222 1559 2277 Docet
1584 2234 1684 2275 nos
1729 2217 1869 2273 scire
1917 2229 2083 2284 Opor-

476 2307 594 2388 tere
614 2329 893 2384 destructa
921 2336 1042 2380 esse
1063 2315 1466 2386 universalegis
1493 2313 1840 2392 baptismata,
1863 2307 1890 2346 δ
1909 2322 2082 2363 unum

474 2421 744 2493 baptisma
770 2432 893 2473 esse
921 2418 975 2470 in
1007 2409 1267 2469 Ecclesiae
1296 2407 1676 2463 sacramentis.
1703 2404 1960 2459 Hortatur
1987 2415 2083 2454 au-

477 2529 584 2573 tem
606 2533 728 2583 nos,
751 2524 810 2568 ut
837 2512 1212 2581 relinquentes
1240 2506 1454 2561 initium
1487 2502 1662 2566 verbi,
1689 2500 1756 2556 ad
1783 2497 2081 2568 perfectum

477 2609 766 2666 tendamus
798 2623 812 2658 :
847 2603 911 2657 Et
939 2605 1036 2657 hoc
1066 2602 1339 2674 faciemus,
1364 2595 1563 2666 ittquit,
1595 2595 1639 2649 si
1659 2594 1865 2664 quidem
1890 2591 2084 2662 permi-

474 2703 596 2758 serit
623 2699 761 2754 Deus
793 2699 811 2766 (
846 2695 1006 2750 Hebr.
1041 2710 1116 2761 Vt,
1149 2694 1184 2748 5
1211 2691 1254 2762 );
1307 2704 1416 2744 non
1459 2695 1635 2758 potest
1681 2685 1826 2740 enim
1858 2686 1975 2738 sine
2006 2681 2085 2736 fa-

487 2810 621 2850 vore
651 2792 744 2846 Dei
772 2789 969 2859 aliquis
996 2802 1121 2842 esse
1151 2786 1448 2856 perfectus.

551 2887 640 2941 12.
684 2883 910 2938 Possem
940 2879 1160 2949 quidem
1204 2874 1527 2941 etiamillud
1551 2873 1734 2928 dicere
1761 2873 1834 2936 ei,
1869 2872 1955 2942 qui
1981 2863 2084 2927 hoc

481 2981 548 3032 de
575 2973 891 3045 pmniteutia
934 2970 1137 3026 dictum
1187 2977 1367 3039 putat;
1397 2969 1522 3038 quia
1555 2982 1677 3037 qua:
1725 2965 2084 3036 ittipossibilsa

481 3081 607 3128 sunt
639 3069 777 3140 apud
810 3059 1077 3132 homines,
1111 3064 1392 3136 possibilia
1435 3071 1564 3117 sunt
1595 3061 1735 3132 apud
1777 3062 1948 3116 Deum
1983 3078 1996 3115 :
2031 3069 2086 3116 et

2183 1863 2358 1919 stolus
2387 1861 2466 1915 ait
2485 1877 2498 1913 :
2519 1860 2661 1932 Ergo
2673 1862 2790 1932 jam
2823 1874 2927 1912 non
2949 1857 3070 1912 estis
3092 1858 3302 1911 advena:
3333 1866 3488 1926 atque
3507 1857 3794 1928 peregrini,

2186 1954 2278 2008 sed
2299 1955 2433 2008 cives
2457 1961 2753 2006 sanctorum
2784 1960 2828 2003 et
2857 1949 3127 2004 domestici
3151 1947 3249 2004 Dei
3277 1949 3296 2020 (
3323 1947 3516 2019 Ephes.
3543 1964 3580 2003 tt
3607 1990 3621 2010 .
3643 1949 3722 2018 9).

2259 2047 2351 2100 15.
2399 2044 2462 2097 Et
2492 2045 2847 2114 consumpsit,
2875 2041 3082 2111 inquit,
3113 2041 3452 2095 substantiam
3475 2057 3641 2094 suam.
3675 2039 3794 2094 Me-

2186 2137 2294 2192 rito
2317 2135 2656 2206 consumpsit
2679 2150 2826 2202 eam,
2860 2134 3016 2204 cujus
3045 2133 3181 2189 ﬁdes
3215 2133 3266 2186 in
3295 2131 3549 2201 operibus
3577 2131 3793 2186 claudi-

2185 2232 2344 2286 cabat
2369 2247 2382 2283 :
2411 2229 2570 2284 Fides
2597 2229 2743 2284 enim
2789 2245 2966 2282 eorum
3009 2243 3125 2297 quin
3159 2237 3461 2295 sperantur,
3503 2227 3796 2280 substantia

2186 2331 2285 2386 est,
2317 2315 2488 2374 rerum
2513 2329 2874 2391 argumentum
2903 2333 3005 2372 non
3027 2318 3396 2390 appareutt'um
3420 2315 3580 2390 (Heb.
3610 2326 3686 2386 tu,
3720 2318 3793 2388 1).

2186 2413 2251 2468 Et
2275 2413 2413 2468 bona
2467 2409 2770 2467 substantia
2819 2411 2988 2477 ﬁdes,
3033 2413 3086 2466 ln
3132 2419 3234 2483 qua
3277 2421 3301 2450 ε
3330 2413 3446 2483 spei
3479 2417 3562 2468 est
3594 2419 3798 2468 nostra}

2189 2505 2602 2577 patrimonium.

2261 2598 2346 2655 l6.
2390 2597 2499 2655 Nec
2525 2599 2722 2654 mirum
2746 2591 2790 2653 si
2825 2596 2966 2653 rame-
2991 2599 3226 2668 peribat,
3250 2596 3342 2670 qul
3361 2597 3542 2653 divino
3563 2595 3793 2653 alimen-

2189 2701 2244 2748 to
2268 2693 2492 2763 egebat;
2524 2693 2682 2763 cujus
2710 2687 2981 2767 desiderio
3009 2691 3327 2762 compulsus
3361 2709 3372 2743 :
3409 2689 3668 2762 Surgunt,
3712 2690 3796 2745 itt-

2187 2783 2324 2854 quit,
2355 2792 2400 2838 et
2420 2784 2503 2838 ibo
2526 2784 2595 2838 ad
2615 2791 2811 2856 patrem
2837 2789 3023 2848 meum,
3047 2792 3095 2837 et
3117 2781 3286 2836 dicunt
3316 2777 3395 2836 illi
3420 2799 3436 2836 :
3466 2779 3653 2849 Pater,
3685 2793 3798 2853 pee-

2187 2879 2299 2931 cavi
2344 2879 2398 2930 in
2443 2877 2650 2942 certum,
2693 2883 2744 2931 et
2773 2892 2947 2930 coram
2979 2875 3029 2929 te
3051 2869 3308 2943 (Lach,
3343 2869 3454 2945 18.)
3485 2863 3677 2929 Nonne
3707 2873 3799 2927 ad-

2189 2972 2399 3027 vertitis
2420 2971 2468 3024 id
2491 2970 2774 3025 evidenter
2796 2969 2952 3023 nobis
2972 2970 3307 3038 expositum,
3333 2967 3475 3037 quod
3514 2967 3798 3023 emerendi

2190 3063 2363 3132 gratia
2389 3061 2717 3118 sacramenti
2749 3061 2814 3114 ad
2849 3062 3180 3134 precandum
3224 3060 3590 3130 impellimur;
3616 3069 3672 3114 et
3700 3061 3799 3114 hoc

482 3175 676 3235 potens
705 3169 792 3215 est
825 3161 966 3214 Deus
992 3158 1212 3229 quando
1261 3156 1374 3210 vult
1416 3153 1624 3210 donare
1651 3155 1808 3210 nobis
1841 3163 2082 3224 peccata,
2110 3155 2155 3217 C
2189 3155 2404 3208 auferre
2456 3152 2618 3207 vultis
2644 3194 2658 3217 ,
2709 3162 2929 3223 pr0pter
2991 3153 3134 3223 quod
3203 3152 3381 3222 agitur
3440 3150 3797 3220 [)(Bltilettlitt?

481 3261 648 3315 etiam
668 3275 786 3326 qua:
815 3265 1070 3326 putamus
1098 3269 1202 3306 non
1231 3266 1390 3322 posse
1414 3251 1662 3305 concedi.
1698 3249 1762 3304 Et
1792 3248 1917 3303 ideo
1937 3247 2084 3318 quod

481 3351 640 3407 nobis
674 3345 1009 3416 impossibile
1033 3342 1199 3416 419
1248 3331 1539 3412 impetrato
1578 3341 1812 3404 videtur,
1840 3340 1956 3394 Deo
1989 3339 2085 3394 do-

482 3459 614 3500 nare
643 3439 900 3512 possibile
929 3448 1033 3494 cst.
1069 3435 1201 3491 Nam
1235 3445 1288 3490 et
1320 3433 1656 3506 impossibile
1688 3433 1997 3498 videbatur,
2025 3443 2085 3487 ut

482 3547 766 3609 peccatum
813 3533 1064 3594 ablueret
1106 3544 1242 3600 aqua
1281 3545 1294 3581 :
1346 3527 1584 3596 denique
1627 3526 1866 3581 Naaman
1915 3526 2084 3597 Syrus

483 3633 690 3700 lepram
720 3641 872 3682 suam
907 3621 1160 3678 mundari
1207 3635 1303 3690 per
1349 3634 1544 3690 aquam
1576 3633 1734 3688 posse
1766 3633 1873 3672 non
1906 3617 2083 3672 credi-

451 3723 456 3726 ’
481 3724 580 3779 dit.
614 3720 723 3780 Sed
753 3719 895 3790 quod
924 3715 1266 3787 impossibile
1295 3723 1436 3780 erat,
1473 3713 1601 3768 fecit
1632 3713 1774 3766 Deus
1801 3725 1922 3766 esse
1961 3725 2085 3782 pos-

480 3817 660 3879 sibile,
691 3812 784 3884 qui
815 3819 1020 3866 tantam
1054 3809 1214 3884 nobis
1234 3807 1458 3863 donavit
1487 3805 1720 3877 gratiam
1749 3805 1838 3874 (IV
1867 3805 1993 3878 Reg.
2029 3820 2082 3870 v,

486 3908 617 3977 11).
670 3903 930 3960 Similiter
969 3901 1309 3972 impossibile
1350 3897 1634 3954 videbatur
1683 3913 1778 3968 per
1809 3898 2082 3968 paeniten-

484 4002 614 4054 tiam
649 4005 868 4068 peccata
912 3995 1153 4051 dimitti:
1200 3991 1475 4048 concessit
1519 3991 1625 4047 hoc
1663 3991 1912 4047 Cbristus
1951 4006 2084 4060 apo-

485 4089 644 4146 stolis
671 4089 786 4144 suis
806 4130 820 4152 ,
866 4086 1011 4158 quod
1036 4086 1104 4142 ab
1129 4085 1394 4156 apostolis
1419 4082 1486 4140 ad
1514 4084 1860 4140 sacerdotum
1901 4084 2084 4139 ofﬁcia

415 4195 418 4199 '
486 4185 865 4240 transmissum
893 4195 979 4237 est
1010 4179 1210 4255 (Joan.
1237 4197 1304 4235 xx
1334 4222 1352 4247 ,
1377 4180 1451 4234 22
1473 4179 1514 4250 ).
1546 4178 1771 4235 Factum
1801 4189 1883 4233 est
1922 4178 2086 4248 igitur

481 4276 746 4348 possibile
772 4273 919 4348 quod
950 4273 1289 4344 impossibile
1316 4273 1623 4328 videbatur.
1665 4272 1774 4328 Sed
1809 4282 1990 4327 tamen
2013 4273 2086 4329 de

483 4371 758 4442 baptismo
789 4368 1031 4435 dictum,
1076 4381 1144 4422 ne
1169 4367 1292 4437 quis
1319 4353 1539 4422 iteraret
1567 4407 1582 4432 ,
1636 4379 1656 4404 ε
1692 4381 1816 4422 vera
1869 4368 2085 4426 ratione

484 4460 796 4535 persuadet.

1113 4571 1340 4630 CAPUT
1378 4572 1466 4628 lll.

486 4733 819 4807 Superiorem
840 4731 1144 4787 solutionem
1173 4723 1447 4800 conﬁrmat
1475 4713 1738 4802 proposiia
1767 4745 1830 4785 ex
1847 4730 2084 4806 Evange-

553 4827 626 4882 lio
651 4825 856 4897 prodigi
880 4809 1152 4896 parabola,
1173 4827 1324 4898 cujus
1345 4823 1579 4897 singulas
1595 4835 1768 4895 partes
1787 4842 2051 4895 exponens
2066 4869 2085 4895 ,

553 4919 761 4974 easdem
795 4927 978 4971 contra
1023 4915 1347 4973 Nosatianas
1373 4918 1678 4973 assertiones
1719 4919 1790 4972 ita
1817 4921 2084 4987 convertit,

557 5021 615 5066 tit
653 5001 780 5066 inde
809 4999 1101 5065 necessario
1123 5010 1346 5066 deducat
1375 5001 1530 5066 etiam
1570 4997 1865 5084 giavissimi
1907 5016 2086 5070 crimi-

555 5183 754 5276 °7Mss.
782 5193 1025 5276 aliqt‘tot‘.‘
1055 5194 1390 5276 dimittunt.“
1419 5195 1676 5276 principia
1721 5194 1876 5276 Verbi
1911 5200 2085 5276 requi-

485 5275 638 5336 runt;
673 5266 944 5331 nonnulli,
971 5267 1258 5332 dimittunt,
1287 5274 1338 5319 et
1375 5266 1692 5334 principalia
1727 5267 1878 5321 verba
1912 5266 2085 5340 regni.

487 5347 755 5477 r(."lI'LMsLs.
791 5401 970 5477 Aliqui
993 5416 1053 5463 et
1075 5408 1244 5473 edit.,
1281 5421 1439 5462 unum
1469 5405 1726 5474 baptisma
1755 5424 1862 5463 esse
1891 5410 1945 5464 in
1979 5410 2080 5464 Ec-

485 5479 662 5534 clesia.
692 5475 972 5542 Hortatur,
993 5491 1107 5535 etc.

562 5562 583 5590 ο
613 5547 756 5604 Edit.
780 5551 940 5604 Rom.
970 5563 1094 5606 cum
1121 5549 1336 5606 duobus
1361 5549 1585 5607 omnino
1615 5564 1777 5616 mss.,
1804 5557 1926 5606 sera
1955 5553 2091 5608 ratio

491 5619 782 5688 persuadet.
814 5619 1036 5677 Minime
1068 5622 1228 5676 male.
1262 5621 1466 5677 Verum
1509 5634 1637 5678 cum
1681 5620 1847 5676 aliam
1888 5623 2086 5676 lcetio-

493 5697 748 5765 nentvet.
768 5689 906 5765 edit.
931 5705 1053 5747 cum
1077 5694 1301 5765 reliquis
1327 5710 1460 5752 mss.
1493 5694 1672 5765 iisque
1690 5695 1860 5750 multo
1890 5694 2087 5764 proba-

493 5759 724 5814 tioribus
767 5760 1042 5830 habeant,
1068 5759 1416 5823 referendum
1449 5776 1533 5824 est
1562 5759 1784 5825 verbum
1809 5759 2081 5839 persuadet
2131 5773 2134 5776 “

2197 3245 2393 3302 fTolle
2424 3246 2778 3317 gubernatori
2831 3245 3182 3316 perveniendi
3210 3261 3391 3316 spem,
3433 3255 3488 3300 et
3516 3245 3569 3299 itt
3605 3245 3800 3301 mediis

2187 3341 2438 3396 ﬂuctibus
2476 3343 2715 3396 incertus
2757 3342 2980 3396 errabit.
3023 3341 3178 3395 Tolle
3211 3343 3466 3396 luctatori
3497 3355 3797 3404 coronant,

2188 3434 2372 3489 lentus
2393 3433 2602 3504 jacebit
2624 3435 2676 3488 in
2704 3433 2903 3488 stadio.
2933 3433 3089 3488 Tolle
3119 3433 3370 3502 piscatori
3400 3434 3656 3502 capiendi
3685 3433 3802 3487 efﬁ-

2189 3524 2639 3591 caciam,desinit
2677 3525 2884 3595 jactare
2906 3525 3062 3581 retia.
3111 3523 3396 3592 Quomodo
3440 3539 3578 3593 ergo
3627 3535 3801 3593 potest

2185 3619 2276 3687 qui
2307 3619 2481 3672 famen
2513 3617 2716 3687 patitur
2763 3619 2959 3672 anima:
2987 3634 3122 3683 sua},
3152 3618 3456 3672 studiosius
3483 3617 3656 3672 Deum
3683 3634 3799 3688 pre-

2187 3709 2326 3773 cari,
2345 3711 2386 3762 si
2416 3723 2627 3764 sacram
2654 3707 2917 3778 desperet
2945 3708 3288 3762 alimoniam?

2261 3803 2346 3856 17.
2398 3801 2636 3867 Peccavi,
2687 3803 2880 3872 inquit,
2923 3802 3253 3856 incertumst
3303 3817 3479 3856 coram
3527 3811 3601 3856 te.
3639 3802 3805 3876 5:0

2187 3895 2410 3952 Fatetur
2435 3897 2622 3966 utique
2666 3906 2950 3966 peccatum
2996 3895 3361 3961 ad-mortem,
3410 3911 3480 3950 ne
3512 3912 3682 3965 quem
3709 3913 3802 3949 vos

2184 3997 2434 4060 agentem
2463 3988 2756 4059 cujuslibet
2777 3989 3020 4045 criminis
3043 3988 3414 4058 pmnitentiam
3433 3987 3563 4056 jure
3577 3988 3792 4044 excludi

2189 4084 2483 4150 putaretis;
2531 4083 2751 4154 quando
2791 4084 2836 4139 is
2875 4084 2965 4155 qui
2998 4084 3051 4138 in
3081 4083 3279 4140 cmlum
3319 4083 3590 4154 peccavit,
3625 4084 3714 4139 vel
3748 4083 3800 4138 in

2187 4194 2412 4248 regnum
2443 4178 2687 4243 cmleste,
2717 4179 2799 4233 vel
2824 4179 2877 4233 itt
2901 4176 3137 4232 animam
3159 4192 3311 4232 suam
3331 4218 3346 4244 ,
3376 4177 3520 4246 quod
3547 4187 3635 4233 est
3672 4193 3796 4248 pec-

2188 4280 2367 4325 catum
2407 4270 2474 4326 ad
2513 4279 2776 4336 mortem;
2804 4279 2862 4325 et
2909 4270 3154 4339 peccavit
3183 4283 3367 4324 coram
3409 4269 3547 4336 Deo,
3579 4270 3668 4326 cui
3697 4270 3798 4324 soli

2187 4363 2427 4419 dicitur:
2479 4362 2598 4418 Tibi
2636 4363 2738 4418 soli
2769 4363 2971 4434 peccavi
3019 4374 3066 4418 et
3120 4363 3316 4417 malum
3369 4378 3548 4417 coram
3598 4373 3648 4418 te
3701 4363 3799 4434 feci

2187 4453 2365 4527 (Psal.
2385 4473 2441 4523 ι,
2465 4456 2539 4527 6).

2109 4557 2163 4618 D
2257 4553 2348 4609 18.
2389 4552 2522 4608 Tam
2551 4552 2664 4608 cito
2685 4553 2900 4608 veniam
2932 4559 3194 4615 meretur,
3245 4559 3304 4605 ut
3350 4551 3590 4606 venienti
3623 4560 3678 4606 et
3703 4550 3796 4604 atl-

2191 4645 2296 4700 ltuc
2351 4644 2508 4714 longe
2551 4645 2730 4714 posito
2772 4646 3025 4700 occurrat
3068 4651 3240 4714 pater,
3270 4642 3518 4697 osculum
3567 4644 3790 4711 tribuat,

2190 4741 2333 4812 quod
2363 4740 2574 4812 insigne
2603 4749 2687 4796 cst
2709 4755 2878 4812 sacrm.
2902 4739 3049 4808 pacis
3075 4755 3086 4790 :
3113 4737 3307 4792 stolam
3335 4736 3564 4806 prolerri
3585 4735 3793 4807 jubeat,

2191 4810 2314 4904 quae
2342 4810 2510 4888 vestis
2540 4841 2627 4888 est
2649 4810 2927 4902 nuptialis,
2958 4845 3120 4901 quam
3151 4829 3199 4883 si
3229 4829 3350 4899 quis
3381 4844 3491 4884 non
3517 4830 3792 4893 habuerit,

2194 4942 2223 4981 a
2249 4918 2499 4981 cenvlvio
2524 4925 2744 4996 nuptiali
2768 4923 3074 4979 excluditur
3103 4940 3115 4976 :
3147 4922 3239 4976 det
3262 4923 3520 4976 annulum
3545 4923 3598 4975 in
3632 4936 3792 4976 manu

2195 5017 2336 5092 Ejus,
2367 5019 2510 5091 quod
2539 5027 2618 5075 est
2654 5015 2779 5075 ﬁdei
2807 5019 3022 5089 pignus,
3052 5022 3106 5072 et
3135 5016 3308 5071 sancti
3348 5011 3572 5086 Spiritus
3604 5013 3790 5085 signa-

2191 5199 2300 5254 udi

2193 5209 2260 5254 ad
2287 5209 2460 5270 ipSum
2497 5209 2719 5255 Paulum
2746 5213 2761 5263 ;
2797 5209 2843 5253 ts
2862 5209 3006 5253 etttm
3043 5209 3222 5252 locum
3253 5209 3476 5251 ettatum
3505 5209 3578 5250 ita
3609 5211 3791 5267 expri-

2193 5271 2313 5353 prii,
2345 5280 2404 5353 ut
2431 5272 2580 5326 illum
2614 5285 2726 5353 non
2756 5271 2858 5353 nisi
2891 5271 2958 5325 de
2993 5267 3241 5340 baptismi
3266 5268 3598 5338 repetitione
3631 5269 3791 5323 intol-

2191 5342 2468 5414 ligettdtttn
2495 5344 2840 5411 persuadeat.
3607 5405 3615 5412 ⁸

2263 5414 2289 5449 εί
2318 5413 2479 5468 Rom.
2503 5414 2633 5466 edit.
2660 5413 2798 5473 sola.
2824 5413 2995 5482 posuit
3021 5412 3072 5464 in
3103 5426 3183 5474 eo,
3205 5410 3292 5480 qui
3312 5423 3544 5482 peregre,-
3567 5417 3678 5465 etc.

2269 5495 2292 5554 ἐ
2322 5483 2484 5538 Pauci
2515 5497 2673 5554 mss.,
2699 5484 2807 5554 spei
2827 5481 2900 5537 est
2931 5492 3114 5536 nostra:
3137 5481 3500 5554 patrocinium.

2266 5552 2569 5623 tExempla
2595 5551 2817 5623 pror's'us
2849 5556 3075 5608 istorum
3115 5551 3311 5605 similia
3344 5551 3782 5623 proponiteplst.

2187 5625 2277 5688 53,
2298 5623 2364 5678 ad
2383 5622 2606 5687 Antam,
2627 5623 2936 5696 Cyprianus
2963 5642 2976 5680 :
3003 5624 3143 5696 unde
3167 5623 3352 5696 isthth
3372 5622 3644 5696 imitatum
3667 5629 3787 5680 eSse

2194 5697 2478 5751 Ductorem
2504 5689 2750 5752 nostrum
2770 5695 2931 5754 farll‘o
2955 5694 3222 5767 quispiam
3247 5689 3598 5751 θιΙοιὶηιιΗι.

2373 5216 2460 5253 um
2496 5199 2719 5255 Paulum
2746 5213 2761 5263 ;
2797 5197 2843 5253 ls
2862 5198 3006 5253 ettim
3041 5198 3222 5252 locum
3253 5195 3476 5251 citatum
3505 5196 3578 5250 ita
3609 5197 3792 5267 expri-
