3946 6180
486 174 594 231 503

1866 171 2111 231 SANCTl
2149 173 2476 234 AMBROSII

3697 183 3800 241 5οι

558 294 655 351 23.
686 295 930 368 Denique
961 296 1141 368 (θεον.
1166 306 1247 359 αι.
1268 309 1306 358 ι,
1339 311 1389 365 q.
1418 295 1470 362 l,
1503 309 1622 364 cap.
1656 293 1884 363 Petrus)
1908 297 2100 352 Petrus
2128 299 2181 358 Α
2205 297 2491 367 dill'eraut,
2523 299 2614 371 qui
2648 314 2675 353 a
2704 298 2860 355 vobis
2890 298 3266 370 paenitentiam
3299 307 3512 370 petunt.
3546 299 3802 356 Arbitror

487 384 706 443 Simoni
732 431 747 456 ,
779 389 869 458 qui
897 389 1118 457 magica:
1147 387 1280 440 artis
1311 387 1712 442 consuetudine
1743 388 2093 458 depravatus,

487 491 736 551 putasset
761 480 902 551 quod
933 480 1162 550 gratiam
1185 479 1393 534 Christi
1425 496 1522 550 per
1553 482 1955 550 impositionem
1986 497 2097 536 ma-

484 588 612 641 nus,
643 581 806 642 atque
861 571 1192 628 inlusionem
1247 574 1488 644 Spiritus
1518 576 1698 631 sancti
1756 584 2099 645 compararet

487 665 740 736 pecunia,
770 665 845 719 ait
871 681 883 716 :
918 664 1042 719 Non
1070 677 1142 720 est
1165 666 1254 721 tibi
1276 684 1420 739 pars,
1450 685 1612 739 neque
1631 685 1741 723 sors
1761 670 1816 723 in
1837 668 1935 723 hac
1955 669 2096 738 ﬁde;

486 760 607 827 quia
635 773 723 811 cor
754 766 900 810 tuum
949 775 1051 812 non
1096 768 1169 813 est
1206 770 1398 815 rectum
1428 763 1570 828 apud
1599 758 1790 815 Deum.
1836 760 2098 815 Paeniten-

487 851 613 904 tiam
641 850 815 919 itaque
843 866 939 920 age
968 859 993 886 ἰ
1030 850 1093 904 ab
1124 852 1222 906 hac
1251 853 1478 921 nequitia
1519 862 1606 907 tua
1625 895 1639 920 ,
1672 863 1719 908 et
1747 870 1958 924 precare
1987 852 2097 908 Do-

489 942 707 1007 minum,
741 943 786 995 si
834 945 967 1012 forte
1007 944 1295 997 remittatur
1327 945 1416 997 tibi
1447 945 1556 999 hwc
1601 945 1896 999 recordatio
1927 947 2097 1002 cordis

493 1038 570 1092 tui
587 1053 602 1100 ;
618 1038 671 1090 in
696 1036 1008 1107 obligatione
1032 1038 1167 1091 enim
1181 1023 1490 1108 iniquitatis,
1511 1049 1557 1092 et
1583 1041 1932 1095 amaritudine
1960 1041 2097 1112 fellis

485 1130 637 1184 video
669 1140 716 1184 te
742 1145 850 1183 esse
882 1129 899 1198 (
929 1130 1042 1183 Act.
1071 1146 1186 1196 vm,
1209 1131 1273 1184 2i
1301 1141 1346 1184 et
1373 1147 1480 1202 seq.
1505 1136 1542 1201 ).
1579 1132 1741 1188 Vides
1774 1133 1915 1203 quod
1952 1133 2096 1189 hunc

486 1221 694 1292 magica
743 1223 988 1277 vanitate
1035 1221 1508 1294 blasphemantem
1556 1226 1608 1280 in
1650 1225 1858 1296 Spiritu
1906 1237 2099 1281 sancto

484 1316 804 1385 Apostolica
834 1315 1163 1371 auctoritate
1194 1317 1557 1384 condemnet;
1585 1328 1638 1372 ct
1661 1333 1727 1374 eo
1768 1321 1941 1390 magis
1971 1321 2093 1390 quia

484 1423 679 1478 puram
719 1410 1114 1476 conscientiam
1147 1411 1414 1482 ﬁdeiinon
1464 1411 1702 1467 habt-bat
1747 1431 1759 1467 :
1810 1423 1864 1469 et
1913 1424 2095 1469 tamen

485 1518 596 1557 non
650 1503 967 1559 interclusit
1014 1505 1063 1560 ei
1121 1519 1275 1575 spem
1305 1506 1484 1562 venia:
1507 1547 1522 1572 ,
1547 1521 1708 1578 quem
1744 1507 1991 1563 invitavit
2029 1509 2094 1564 ad

491 1597 874 1667 paenitentiam
895 1599 919 1652 ?

2200 391 2348 444 enim
2381 391 2523 460 quod
2553 392 2717 446 etiam
2746 391 2915 447 Judas
2949 393 3214 462 potuisset
3260 401 3406 446 tanta
3443 392 3538 447 Dei
3571 395 3800 448 misera-

2201 484 2348 538 tione
2378 500 2484 538 non
2518 484 2730 539 excludi
2763 501 2793 538 a
2830 485 3008 553 venia,
3035 487 3081 540 si
3113 485 3490 556 paenitentiam
3519 500 3629 541 non
3659 487 3800 557 apud

2198 572 2440 642 Judtcos,
2469 576 2562 631 sed
2596 576 2734 646 apud
2768 574 3047 631 Christum
3076 579 3296 647 egisset.
3331 575 3570 646 Peccavi,
3602 580 3800 649 inquit,

2199 669 2335 738 quod
2364 670 2671 724 tradiderim
2697 670 2999 738 sanguinem
3013 671 3215 740 justum
3241 669 3458 742 (Matth.
3490 687 3660 737 xxvii,
3687 672 3798 745 5t).

2201 761 2656 831 Responderunt:
2686 761 2828 828 Quid
2845 763 2912 816 ad
2934 780 3025 818 nos
3041 764 3066 818 ἶ)
3085 761 3166 816 Tu
3189 764 3399 819 videris.
3416 763 3549 832 Qua:
3577 778 3678 818 vox
3697 766 3799 820 alia

2199 864 2377 909 vestra
2406 865 2513 921 est,
2534 870 2656 909 cum
2687 856 2849 910 etiam
2866 857 3094 911 minoris
3124 857 3330 926 peccati
3357 871 3484 912 reus
3510 857 3669 912 vobis
3693 858 3802 913 lac-

2201 955 2315 1000 tutn
2339 947 2618 1016 proprium
2643 947 2970 1002 conﬁtetur?
2987 946 3127 1014 Quid
3152 946 3498 1016 respondetis
3513 946 3680 1014 aliud,
3700 949 3798 1003 nisi

2201 1037 2305 1093 hoc
2322 1055 2334 1090 :
2363 1038 2504 1104 Quid
2519 1039 2588 1093 ad
2606 1039 2728 1093 nos?
2756 1039 2831 1093 'l‘u
2849 1039 3056 1093 videris.
3075 1039 3232 1094 Hunc
3246 1055 3557 1096 sermonem
3579 1043 3803 1112 laqueus

2198 1131 2451 1199 sequitur
2483 1149 2496 1184 :
2531 1145 2599 1186 eo
2631 1131 2884 1186 feraliore
2914 1145 3106 1200 poena,
3149 1147 3257 1202 quo
3282 1135 3442 1202 culpa
3474 1143 3560 1189 est
3597 1135 3797 1191 minor.

2269 1221 2361 1274 28.
2403 1219 2512 1276 Sed
2545 1221 2592 1277 si
2636 1223 2726 1278 isti
2751 1237 2858 1278 non
2888 1231 3305 1288 convertuntur,
3333 1225 3422 1280 vel
3451 1239 3548 1281 vos
3570 1229 3801 1282 reverti-

2196 1311 2328 1366 mini
2355 1353 2370 1378 ,
2404 1312 2498 1383 qui
2544 1315 2699 1384 lapsu
2729 1315 2883 1369 vario
2910 1316 2980 1370 de
3007 1317 3339 1371 innocentia:
3379 1316 3616 1388 lideique
3659 1334 3801 1388 prac-

2196 1405 2346 1460 celso
2375 1403 2592 1475 faSIigio
2619 1406 2924 1462 decidistis.
2953 1408 3165 1464 Bonum
3185 1408 3466 1464 dominum
3500 1411 3764 1467 habemus
3784 1455 3800 1477 ,

2197 1498 2287 1566 qui
2320 1498 2446 1552 velit
2473 1497 2680 1554 donare
2705 1500 2959 1556 oumibus
2981 1542 2996 1566 ,
3028 1501 3122 1571 qui
3151 1510 3203 1556 te
3230 1517 3326 1571 per
3349 1502 3669 1573 prophetam
3703 1521 3802 1558 vo-

2198 1590 2340 1645 cavit
2368 1591 2560 1647 dicens
2584 1610 2596 1645 :
2625 1591 2738 1664 Ego
2765 1611 2900 1660 sum,
2928 1611 3021 1664 ego
3045 1598 3270 1667 suntqui
3296 1597 3443 1651 deleo
3473 1599 3802 1668 iniquitates;

560 1691 651 1746 24,
697 1690 1041 1760 Responsum
1073 1701 1160 1746 ρει
1204 1693 1367 1764 igitur
1402 1707 1433 1748 α
1478 1693 1709 1748 Domino
1737 1693 2092 1765 blasphemia,
2123 1684 2172 1744 B
2197 1691 2243 1736 et
2263 1698 2458 1737 mentor
2479 1700 2582 1739 non
2611 1702 2696 1740 ero
2719 1701 2738 1740 .'
2769 1697 2822 1739 tu
2843 1697 3015 1742 autent
3039 1703 3232 1742 memor
3257 1700 3384 1756 esto,
3420 1699 3467 1744 et
3504 1691 3803 1762 judicentur

481 1780 982 1846 Pharisa‘orummt
1012 1783 1137 1839 ideo
1164 1783 1268 1857 (De
1295 1783 1512 1854 Ptenit.,
1537 1786 1658 1839 dist.
1689 1801 1730 1853 t,
1753 1803 1799 1840 c.
1832 1786 1908 1841 lis
1928 1797 2097 1856 potes-

485 1873 633 1944 tatis)
675 1873 758 1930 his
788 1876 1076 1946 potestatis
1107 1891 1219 1931 sua:
1249 1879 1478 1948 gratiam
1524 1886 1686 1948 negat
1707 1918 1721 1940 ,
1769 1893 1891 1947 qua:
1923 1879 1975 1932 in
2007 1893 2098 1933 re-

489 1965 757 2023 missione
787 1975 1133 2036 peccatorum
1157 1969 1370 2038 est,qui
1394 1967 1676 2025 catlestem
1705 1968 1824 2038 ejus
1857 1977 2097 2038 potesta-

487 2069 598 2114 tem
656 2058 932 2115 diabolico
999 2058 1187 2115 fultam
1247 2059 1510 2130 sull'ragio
1571 2061 1936 2117 vindicarent.
1994 2062 2101 2116 Eos

486 2165 706 2220 quoque
749 2150 948 2206 asserit
985 2151 1257 2207 diabolico
1290 2153 1366 2206 uti
1392 2152 1588 2222 spiritu
1609 2193 1624 2220 ,
1659 2155 1751 2224 qui
1781 2163 2101 2224 separarent

485 2245 789 2300 Ecclesiam
825 2245 1077 2312 Domini;
1111 2255 1169 2301 ut
1196 2247 1438 2302 omnium
1468 2257 1774 2317 temporum
1807 2247 2098 2304 luereticos

483 2337 932 2393 etschismaticos
949 2339 1468 2408 comprehenderet,
1487 2339 1690 2410 quibus
1706 2340 2096 2410 indulgentiam

485 2439 688 2500 negat,
720 2431 866 2500 quod
899 2444 1063 2485 omne
1096 2441 1381 2500 peccatum
1414 2432 1560 2486 circa
1583 2431 1830 2502 singulos
1857 2445 1958 2494 est,
1998 2433 2098 2487 hoc

483 2522 538 2574 in
570 2523 883 2576 universos.
903 2521 1016 2576 Soli
1031 2522 1176 2576 enim
1193 2524 1426 2592 suntqui
1449 2523 1640 2577 volunt
1661 2523 1876 2578 solvere
1894 2522 2096 2578 Christi

480 2612 747 2683 gratiam,
800 2612 894 2683 qui
931 2612 1191 2668 Ecclesia:
1235 2612 1397 2684 422
1454 2614 1702 2668 membra
1742 2615 2090 2684 discerpunt,

485 2715 711 2775 propter
730 2720 893 2774 quam
913 2719 1113 2775 passus
1133 2714 1220 2760 est
1243 2706 1504 2760 Dominus
1524 2705 1684 2761 Jesus
1703 2750 1717 2772 ,
1749 2705 2096 2778 Spiritusque

490 2809 718 2854 sanctus
751 2798 911 2853 datus
932 2809 1020 2854 est
1050 2798 1227 2853 nobis.

562 2889 656 2942 25.
705 2889 948 2958 Denique
977 2897 1034 2943 ut
1063 2890 1250 2944 sciatis
1269 2890 1394 2959 quia
1425 2889 1494 2945 de
1515 2890 1924 2962 dispersoribus
1939 2894 2092 2963 dicit,

487 2981 570 3037 sic
600 2981 864 3036 habemus
896 2980 1159 3050 scriptum
1201 2999 1214 3033 :
1249 2981 1350 3048 Qui
1381 2998 1482 3036 non
1523 2994 1596 3037 est
1638 3001 1868 3052 mecum,
1912 2995 2092 3041 contra

484 3090 568 3128 me
612 3084 684 3128 est
715 3083 804 3129 :et
841 3073 928 3142 qui
957 3090 1058 3127 non
1098 3073 1295 3144 colligit
1331 3090 1561 3140 mecum,
1613 3075 1860 3148 dispergit
1893 3076 2089 3151 (Matt.
2121 3059 2167 3121 (ἶ

483 3181 584 3232 xtl,
613 3165 685 3220 50
713 3164 832 3235 ).Et
856 3173 913 3218 ut
933 3164 1206 3221 sciremus
1250 3165 1318 3220 de
1347 3165 1430 3222 his
1460 3166 1662 3221 dictum
1685 3206 1700 3233 ,
1741 3169 1923 3221 statim
1965 3169 2095 3223 sub-

481 3259 701 3331 iunxit:
729 3257 860 3312 Ideo
874 3259 989 3312 dico
1015 3258 1193 3314 vobis:
1222 3275 1371 3313 omne
1401 3269 1666 3330 peccatum
1694 3269 1740 3314 et
1772 3260 2093 3333 blasphemia

480 3356 770 3409 remittetur
801 3352 1119 3418 hominibus,
1165 3353 1395 3424 Spiritus
1432 3363 1604 3408 autem
1633 3352 1964 3424 blasphemia:
1990 3371 2092 3409 non

483 3446 773 3500 remittetur
794 3443 1090 3498 hominibus
1114 3442 1302 3515 (Ibid.,
1329 3441 1443 3515 51).
1469 3443 1604 3500 Cum
1627 3445 1762 3500 dicit
1791 3464 1802 3498 :
1829 3444 1957 3500 Ideo
1977 3447 2093 3502 dico

485 3539 630 3594 vobis
651 3557 664 3593 :
686 3554 866 3594 nonne
891 3537 1176 3594 evidenter
1199 3537 1301 3592 hoc
1323 3553 1436 3608 pra:
1452 3539 1669 3593 caeteris
1695 3554 1722 3594 a
1753 3540 1908 3595 nobis
1935 3539 2095 3594 intel-

475 3633 572 3703 ligi
597 3631 816 3686 voluit?
865 3632 1168 3702 Meritoque
1214 3631 1468 3701 adjunxit
1517 3634 1731 3690 :Arbor
1761 3633 1894 3687 bona
1933 3633 2095 3688 bonos

483 3728 684 3796 fructus
710 3723 872 3792 facit,
903 3723 1044 3777 mala
1091 3733 1263 3778 autem
1307 3725 1461 3778 arbor
1505 3726 1670 3779 malos
1722 3725 1921 3794 [ructus
1970 3727 2096 3794 facit

485 3815 706 3887 (Matth.
724 3831 821 3881 vn,
849 3814 961 3887 i7);
986 3816 1338 3888 congregatio
1360 3818 1504 3872 enim
1530 3818 1669 3872 mala
1692 3817 1890 3874 bonum
1915 3820 2094 3875 facere

482 3914 726 3968 fructum
781 3930 890 3969 non
939 3923 1137 3983 potest.
1173 3915 1352 3970 Arbor
1381 3914 1564 3985 itaque
1595 3917 1943 3987 congregatio
1975 3927 2092 3983 est,

483 4009 697 4064 fructus
728 4008 884 4064 bonae
913 4008 1125 4064 arboris
1154 4008 1248 4062 lilii
1283 4009 1542 4064 Ecclesiae
1572 4018 1718 4064 sunt.

557 4099 650 4154 26.
695 4099 761 4154 Et
791 4101 915 4155 ideo
945 4101 1283 4167 revertimini
1321 4101 1387 4156 ad
1430 4101 1731 4158 Ecclesiam
1753 4143 1767 4164 ,
1798 4102 1842 4154 si
1872 4101 1961 4172 qui
1998 4115 2094 4156 vos

480 4194 782 4264 separastis
807 4193 994 4263 impie.
1029 4195 1298 4248 Omnibus
1326 4195 1471 4250 enim
1497 4197 1784 4250 conversis
1809 4195 2094 4265 pollicetur

490 4286 741 4349 veniam;
771 4285 897 4354 quia
931 4285 1192 4353 scriptum
1232 4293 1315 4337 est
1347 4302 1358 4337 :
1404 4285 1584 4338 Omnis
1610 4287 1910 4356 quicumque
1949 4287 2095 4341 invo-

479 4377 669 4430 caverit
699 4392 882 4430 nomen
917 4375 1144 4438 Domini,
1169 4375 1341 4429 salvus
1367 4377 1462 4430 erit
1509 4375 1652 4445 (Joel
1687 4393 1744 4442 ιι,
1776 4378 1892 4447 32).
1925 4378 2092 4433 Deni-

2202 1773 2372 1847 (Esai.
2407 1793 2560 1846 χιιιι,
2585 1779 2702 1851 25).

2717 1897 2880 1970 423
2923 1899 3157 1956 CAPUT
3201 1900 3264 1955 ν.

2201 2006 2352 2073 Quod
2382 2007 2585 2062 Simoni
2613 2025 2762 2080 mago
2795 2011 2994 2064 veniam
3022 2029 3052 2065 a
3079 2011 3240 2067 Petro
3284 2014 3546 2085 afﬁrmate
3569 2017 3798 2087 promis-

2270 2117 2379 2155 sant
2410 2111 2599 2172 negant
2621 2144 2635 2167 ,
2669 2103 2897 2172 refertur
2919 2106 3084 2173 primo
3115 2123 3234 2160 eum
3275 2109 3563 2178 apostolum
3587 2120 3804 2178 propter

2272 2195 2532 2267 cognitam
2577 2198 2717 2268 magi
2747 2198 2890 2251 illius
2934 2199 3209 2267 perﬁdiam
3240 2200 3402 2254 dubia
3444 2201 3701 2255 locutione
3727 2203 3803 2256 uti

2271 2289 2500 2360 potuisse
2522 2303 2541 2342 :
2566 2289 2793 2343 secundo
2820 2299 2992 2345 autem
3029 2300 3154 2361 apte
3181 2292 3250 2344 ad
3277 2309 3489 2347 causam
3510 2310 3600 2364 per
3619 2294 3802 2347 adver-

2270 2381 2411 2434 bium
2439 2379 2580 2436 l'orte
2606 2381 3016 2451 afﬁrmationem
3046 2384 3200 2437 etiam
3226 2385 3516 2455 signiﬁcari
3546 2401 3610 2439 ex
3639 2386 3805 2456 pluri-

2273 2476 2367 2527 bus
2400 2473 2585 2527 veteris
2613 2471 2926 2527 Testamenti
2948 2475 3076 2528 locis
3098 2517 3114 2542 ,
3144 2491 3208 2529 ea:
3240 2479 3582 2546 profanorum
3623 2488 3804 2529 aucto-

2270 2579 2386 2615 rum
2414 2578 2512 2615 usu
2535 2601 2550 2624 ,
2580 2561 2799 2632 denique
2820 2579 2883 2617 ea:
2912 2563 3042 2634 ipsis
3083 2565 3410 2636 evangelistis
3436 2565 3798 2635 conﬁrmatur.

2275 2653 2477 2709 Deinde
2505 2655 2652 2708 addit
2677 2656 2939 2726 apostolos
2974 2657 3330 2728 paenitentiam
3358 2661 3510 2731 cujus
3537 2675 3568 2712 a
3608 2656 3802 2712 Dauide

2269 2751 2468 2820 fructus
2495 2739 2860 2812 ostenduntur,
2897 2749 2966 2802 ad
3001 2765 3092 2804 nos
3130 2749 3499 2805 transmisisse.
3531 2748 3800 2804 Postremo

2267 2841 2563 2909 exemplum
2610 2840 2826 2894 adducit
2858 2839 3331 2910 Ephrtentitarum,
3365 2841 3433 2895 ad
3465 2858 3685 2913 quorum
3724 2844 3798 2896 in-

2264 2944 2374 2990 star
2390 2935 2741 3003 pwnitentiam
2763 2946 2990 2990 nostram
3009 2937 3263 3010 agendam
3283 2939 3466 3005 tradit,
3482 2947 3536 2992 ut
3557 2939 3602 2993 ei
3623 2938 3798 2992 diuina

2271 3027 2625 3082 misericordia
2655 3036 2702 3080 et
2731 3039 3053 3084 sacramenta
3083 3029 3459 3085 concedantur.

2268 3162 2360 3219 29.
2396 3161 2664 3219 Referunt
2691 3174 2871 3219 tamen
2915 3165 3274 3235 qutestionem
3330 3165 3400 3222 de
3443 3166 3624 3222 verbis
3665 3181 3796 3239 apo-

2197 3257 2324 3314 stoli
2372 3256 2536 3313 Petri.
2585 3257 2724 3325 Quia
2770 3258 2941 3312 dixit:
2982 3255 3009 3296 ά
3045 3258 3130 3313 Ne
3149 3260 3456 3331 [orte(Act.
3498 3276 3621 3324 vni,
3653 3261 3801 3332 22),

2199 3362 2392 3425 putant
2427 3368 2536 3407 non
2576 3354 2932 3408 conlirmasse
2961 3355 3204 3420 Petrum,
3231 3364 3290 3410 ut
3318 3356 3497 3425 agenti
3528 3357 3804 3425 pmniten-

2200 3446 2330 3500 tiam
2357 3453 2642 3514 peccatum
2668 3447 3063 3503 remitteretur.
3088 3446 3196 3505 Sed
3226 3447 3577 3504 considerent
3602 3449 3674 3504 de
3697 3465 3804 3521 quo

2198 3537 2476 3608 loquatur,
2499 3536 2604 3592 hoc
2625 3549 2710 3593 est
2735 3579 2750 3605 ,
2777 3539 2846 3596 dc
2876 3539 3101 3596 Simone
3145 3581 3160 3607 ,
3191 3541 3283 3610 qui
3313 3554 3419 3596 non
3449 3555 3514 3596 ex
3545 3540 3650 3596 lide
3682 3556 3801 3598 cre-

2197 3631 2382 3696 deret,
2412 3632 2509 3687 sed
2532 3632 2716 3687 dolum
2749 3633 3036 3703 cogitaret.
3078 3633 3321 3704 Denique
3344 3645 3399 3689 et
3431 3634 3705 3690 Dominus
3726 3634 3804 3690 di-

2198 3727 2347 3782 eenti
2370 3726 2444 3794 ei,
2469 3729 2624 3795 cujus
2656 3742 2765 3781 non
2797 3727 3011 3796 plenam
3033 3727 3404 3783 sinceritatem
3430 3727 3676 3783 videret:
3708 3729 3803 3784 Se-

2197 3838 2330 3892 quar
2352 3831 2433 3885 te,
2476 3822 2584 3875 ait:
2632 3819 2820 3890 Vulpes
2848 3821 3023 3891 foveas
3054 3822 3242 3876 habent
3269 3821 3498 3895 (Matth.
3525 3839 3638 3888 vtn,
3669 3823 3797 3892 20).

2197 3917 2371 3983 Quem
2402 3929 2534 3985 ergo
2583 3914 2846 3969 Dominus
2873 3924 3000 3969 ante
3033 3915 3362 3986 baptismum
3387 3916 3672 3986 prohibuit
3715 3931 3798 3971 se-

2197 4008 2287 4079 qui
2308 4049 2322 4074 ,
2352 4009 2608 4078 quoniam
2638 4007 3043 4063 fraudulentum
3070 4009 3321 4074 videbat;
3354 4008 3572 4064 miraris
3597 4011 3646 4065 si
3679 4019 3800 4082 post

2201 4103 2528 4172 baptismum
2577 4101 3026 4170 praevaricantem
3069 4117 3176 4157 non
3217 4104 3453 4158 absolvit
3493 4106 3795 4174 apostolus,

2197 4209 2357 4265 quem
2388 4195 2439 4248 in
2465 4194 2800 4264 obligatione
2828 4195 3128 4265 iniquitatis
3159 4211 3382 4251 manere
3401 4196 3798 4267 pronuntiavitll

2270 4285 2358 4340 ΞΟ.
2393 4285 2499 4342 Sed
2548 4286 2649 4341 hoc
2686 4286 2797 4340 illis
2825 4301 3150 4356 restionsum
3190 4289 3279 4342 sit.
3329 4288 3442 4359 Ego
3481 4300 3668 4346 autem
3698 4307 3795 4345 nec

2199 4377 2420 4433 Petrum
2472 4377 2754 4433 dubitasse
2783 4378 2941 4447 dico,
2975 4393 3075 4435 nec
3102 4380 3252 4434 verbi
3291 4382 3451 4434 unius
3478 4381 3796 4449 praiudicio

482 4483 591 4540 que
613 4469 778 4524 etiam
809 4467 1120 4523 Judseorum
1150 4468 1379 4537 populus
1402 4469 1494 4538 qui
1525 4469 1740 4524 dicebat
1765 4471 1832 4526 dc
1857 4470 2085 4525 Domino
2114 4455 2165 4512 Ῑ)
2192 4480 2396 4525 tantam
2428 4485 2647 4526 causam
2681 4473 3124 4543 straugulandam
3155 4474 3412 4546 arbitror.
3446 4473 3582 4530 Nam
3615 4477 3663 4531 si
3697 4493 3790 4545 pu-

475 4561 606 4618 Jesu
633 4579 646 4615 :
683 4559 1006 4615 Dwmonium
1023 4560 1171 4613 habet
1193 4557 1252 4632 (Ι
1257 4577 1378 4614 οαη.
1403 4577 1519 4627 vin,
1547 4560 1642 4630 48)
1663 4577 1677 4626 ;
1701 4563 1792 4630 qui
1823 4561 2044 4616 dicebat
2070 4581 2082 4617 :

482 4654 551 4710 In
578 4653 864 4710 Beelzebub
893 4656 1034 4727 ejicit
1073 4653 1328 4709 damonia
1349 4652 1503 4724 (Luc.
1533 4669 1611 4719 ιι,
1640 4653 1764 4726 i5);
1792 4652 1820 4692 ι’
1847 4657 1936 4726 qui
1965 4670 2089 4710 cru-

483 4749 655 4804 ciiixit
688 4749 973 4803 Dominum
1005 4748 1190 4802 Jcsum
1216 4787 1233 4815 ,
1264 4746 1412 4801 Petri
1447 4746 1837 4817 praedicatione
1866 4761 2090 4804 vocatur

474 4841 540 4897 ad
563 4823 937 4910 baptismum,
968 4851 1026 4894 ut
1055 4841 1283 4895 sceleris
1316 4841 1452 4893 tanti
1489 4839 1686 4895 merita
1717 4840 1975 4911 deponat.

555 4931 646 4986 27.
691 4931 856 5001 [Alias
907 4947 1026 5000 cap.
1068 4929 1160 5003 V.]
1211 4931 1321 4987 Sed
1363 4933 1491 5003 quid
1526 4932 1722 4988 mirum
1752 4933 1854 5006 (De
1877 4933 2088 5000 Posuit,

479 5023 601 5078 dist.
634 5040 672 5090 ι,
705 5042 750 5078 c.
783 5024 859 5078 Iis
890 5026 1178 5094 potestatis,
1209 5024 1385 5097 §quid
1404 5024 1640 5096 mirum),
1671 5027 1714 5080 si
1739 5027 1968 5081 Salutem
1995 5043 2088 5082 ne-

476 5117 617 5183 gatis
652 5117 807 5181 aliis,
839 5116 932 5186 qui
976 5127 1210 5172 vestram
1245 5118 1511 5172 recusatis
1535 5158 1551 5182 ,
1598 5130 1618 5152 υ
1663 5117 1792 5172 licet
1829 5118 1907 5172 illi
1952 5117 2089 5173 nihil

553 5265 576 5288 "
605 5251 1080 5320 Clarom.cod.,ab
1105 5255 1203 5306 hac
1217 5253 1438 5306 stultitia
1455 5263 1565 5306 tua.
1591 5251 1799 5307 Rursus
1823 5269 1956 5310 vero
1985 5255 2072 5311 tibi

476 5337 666 5378 omnes
692 5338 823 5378 mss.
857 5335 909 5377 et
939 5333 1047 5378 vet.
1080 5322 1233 5391 cdit.,
1259 5325 1543 5377 recordatio
1569 5325 1740 5377 cordis
1773 5326 1881 5391 tui;
1913 5325 2072 5382 Rom.

485 5396 598 5450 sola
632 5393 832 5458 posuit,
863 5395 1104 5464 cogitatio
1134 5394 1307 5448 cordis
1334 5400 1434 5448 tui.

555 5464 582 5502 ι’
614 5465 742 5520 Mss.
791 5463 1037 5534 aliquot,
1069 5467 1157 5535 qui
1178 5466 1439 5534 cruciﬁxit
1471 5463 1747 5519 Dominum
1770 5481 1987 5523 suum...
2023 5479 2080 5524 ut

480 5536 689 5608 sceleris
720 5536 848 5587 tanti
874 5535 1091 5608 crimina
1119 5537 1362 5608 deponat.

507 5658 512 5662 .
551 5616 573 5642 ε
605 5604 810 5660 Omnes
836 5604 964 5658 edit.
993 5621 1055 5660 ac
1080 5604 1209 5679 uiss'.
1244 5623 1348 5662 non
1380 5607 1557 5679 pauci,
1587 5605 1704 5660 licet
1725 5607 1806 5679 illi
1827 5609 1959 5662 nihil
1985 5611 2078 5664 de-

479 5673 652 5739 ferant
694 5691 709 5724 :
757 5688 986 5739 quorum
1018 5677 1306 5732 verborum
1340 5673 1448 5735 non
1495 5673 1715 5735 sensum
1746 5677 1916 5734 ullum
1957 5695 2082 5736 esse

2190 4570 2306 4616 tant
2343 4561 2624 4616 dubitasse
2658 4562 2908 4627 Petrum,
2940 4564 3200 4634 numquid
3227 4575 3282 4620 et
3311 4564 3454 4620 Deus
3493 4564 3792 4622 dubitavit?

2192 4655 2283 4724 qui
2315 4655 2394 4708 ait
2423 4654 2486 4706 ad
2511 4653 2805 4709 Jeremiam
2839 4655 3166 4724 Prophetam
3189 4675 3202 4711 :
3229 4657 3326 4712 Sta
3372 4658 3423 4710 in
3445 4659 3579 4712 atrio
3608 4659 3793 4712 domus

2191 4746 2438 4813 Domini,
2471 4759 2517 4802 et
2558 4765 2862 4818 responsum
2890 4751 3037 4803 dabis
3081 4751 3222 4804 omni
3248 4749 3407 4804 Judte
3435 4792 3449 4815 ,
3481 4751 3546 4805 iis
3575 4753 3666 4822 qui
3712 4766 3790 4805 ue-

2193 4841 2344 4896 niunt
2375 4841 2598 4896 adorare
2620 4843 2674 4896 in
2701 4842 2854 4896 domo
2886 4841 3125 4907 Domini,
3153 4844 3327 4897 omnia
3353 4843 3502 4898 verba
3526 4859 3644 4912 qum
3681 4860 3793 4898 con-

2192 4935 2339 4988 stitui
2363 4934 2454 4988 tibi
2477 4933 2790 5005 respondere
2812 4935 2953 5002 illis,
2985 4936 3093 4989 noli
3129 4936 3338 5006 auferre
3367 4936 3613 4991 verbum:
3634 4937 3791 5006 [orsi-

2191 5037 2280 5080 tan
2305 5027 2551 5093 audient,
2575 5039 2623 5081 et
2647 5037 2939 5082 avertantur
2967 5027 3196 5099 (Jerent.
3227 5043 3378 5092 xxvn,
3402 5028 3459 5093 2,
3483 5028 3572 5099 3).
3601 5028 3790 5084 Dicant

2190 5137 2323 5192 ergo
2363 5131 2419 5176 et
2451 5121 2624 5178 Deum
2654 5123 2937 5192 ignorasse
2958 5123 3087 5194 quid
3115 5131 3263 5179 esset
3290 5122 3554 5178 futurum.

2180 5265 2451 5329 putamus.
2483 5255 2670 5312 Melius
2699 5272 2829 5327 ergo
2857 5258 3044 5326 reliqui
3068 5271 3272 5329 mss...,
3294 5255 3426 5312 nihil
3447 5256 3713 5325 differant,
3738 5257 3786 5310 id

2181 5328 2296 5393 est,
2347 5343 2503 5398 tuque
2549 5337 2865 5397 peccatores
2914 5329 3100 5384 haberi
3144 5328 3420 5395 debeant,
3471 5344 3536 5384 ac
3586 5338 3785 5384 vosmet

2186 5413 2447 5523 IpdeVet.
2481 5468 2636 5540 cdit.,
2675 5469 2736 5523 Si
2765 5471 2917 5540 forte,
2950 5479 2997 5524 et
3042 5480 3262 5539 putant;
3313 5468 3498 5535 Rom.,
3551 5471 3614 5526 Si
3655 5470 3788 5540 {orla

2188 5540 2488 5612 remittatur
2511 5539 2623 5606 tibi,
2654 5537 2786 5606 eth,
2821 5552 2866 5594 et
2897 5537 3118 5612 putant?
3146 5556 3276 5596 mss.
3308 5557 3438 5596 vero
3464 5537 3788 5612 cuncti.t'\'e

2186 5615 2364 5683 forte;
2396 5609 2490 5664 scd
2542 5628 2638 5677 pro
2669 5609 2906 5683 putant,'
2934 5613 3096 5680 aliqui
3141 5612 3323 5680 legunt
3371 5621 3588 5681 putent,
3623 5609 3786 5681 aliqui

2186 5680 2372 5742 etiam,
2403 5690 2455 5734 ut
2475 5680 2677 5744 putant;
2717 5682 2830 5737 Non
2868 5693 2974 5738 tam
3004 5683 3365 5737 incommode.
