3946 6180
126 211 147 259 ⁵⁸
303 228 370 289 sit

287 438 325 492 in
341 437 534 506 Scripturis
550 436 681 490 divinis
700 434 914 506 frequens
939 435 1245 504 bujustuodi
1275 434 1615 490 consuetudo

279 529 494 593 advertitur;
515 544 560 583 eo
579 529 672 598 quod
699 529 894 597 simplex
927 529 999 582 sit
1040 528 1298 584 elocutio.
1331 528 1612 598 Siquidem

272 630 310 677 ct
328 621 372 675 ad
393 619 620 675 Ezecltielem
639 620 724 673 dicit
756 619 1036 674 Dominus:
1065 617 1173 672 Fili
1205 620 1458 682 hominis,
1489 620 1612 672 mit-

264 724 335 768 tam
352 730 415 785 ego
438 725 470 767 te
487 716 534 767 ad
547 713 686 766 domum
710 711 851 765 Israel
871 753 885 777 ,
912 713 980 764 ad
1009 728 1096 766 eos
1119 713 1204 779 qui
1233 728 1313 765 me
1339 712 1612 766 exacerba-

259 817 380 861 remtt
413 807 562 877 ipsi,et
579 815 695 877 patres
720 822 880 859 eorum
908 821 1068 874 usque
1110 807 1159 858 in
1197 806 1536 870 hodiernum,
1566 816 1612 859 et

251 896 344 948 dim
363 895 412 948 ad
429 911 518 948 eos:
541 894 628 947 liae
645 895 730 948 dicit
767 893 1011 948 Dominus
1029 936 1044 959 ,
1087 895 1131 948 si
1160 895 1294 961 forte
1320 895 1534 949 audient
1564 906 1611 948 et

243 988 473 1042 tenebuntur
491 985 646 1059 (Emit.
666 986 764 1053 n.4,
781 986 867 1058 5).
893 987 1178 1043 Nesciebat
1204 1003 1337 1057 ergo
1365 1003 1462 1044 eos
1487 1004 1610 1059 pos-

232 1096 277 1136 se
296 1093 359 1136 aut
379 1099 457 1135 non
480 1096 593 1150 posse
613 1082 836 1137 converti?
859 1081 978 1136 Non
1010 1097 1142 1153 ergo
1185 1097 1404 1152 semper
1447 1082 1607 1139 dubio

230 1175 348 1228 tantis
370 1175 440 1228 ista
465 1184 524 1227 est
542 1174 725 1228 elocutio.

268 1265 334 1320 32.
349 1265 526 1334 Denique
542 1265 613 1334 ipsi
631 1266 858 1335 sapientes
879 1265 1184 1336 saeculi,qui
1208 1280 1423 1321 omnem
1445 1265 1611 1339 424

205 1360 377 1430 gloriam
416 1374 532 1415 suam
561 1369 738 1414 statuunt
783 1362 832 1414 in
873 1362 1231 1430 cxpressione
1277 1363 1566 1416 verborum
1590 1404 1604 1427 ,

196 1458 306 1528 quod
331 1458 477 1513 Latine
497 1460 599 1529 forte
618 1458 833 1523 dicimus,
861 1457 1053 1513 Gra'ce
1090 1460 1240 1528 τάχα
1272 1474 1378 1512 non
1407 1458 1607 1528 ubique

185 1567 265 1620 pro
286 1550 545 1606 dubitatione
565 1561 817 1619 posuerunt.
849 1551 1014 1604 Aiunt
1046 1551 1228 1618 itaque
1252 1550 1458 1605 dixisse
1490 1551 1604 1619 pri-

178 1658 296 1697 mum
319 1657 490 1697 suorum
512 1651 677 1713 poetam
697 1641 745 1698 Ἦ
763 1647 905 1714 τάχα
928 1648 1073 1720 χήρα
1099 1643 1448 1718 ἔσομαι,‹ιιιο(1
1477 1653 1560 1699 est
1585 1661 1599 1697 :

134 693 146 720 Ι

1242 226 1328 283 DE
1367 223 1817 284 HENITENTIA
1862 228 1993 285 LIB.
2035 227 2100 284 ll.

339 342 395 395 5t.
416 339 483 396 Sed
511 354 580 396 non
616 339 830 410 ignorantia
857 354 923 395 eo
951 340 1119 409 verbo
1149 341 1491 412 exprimitur,
1521 342 1615 396 sed
1648 349 1692 404 Α
1722 343 1912 398 dicens
1942 361 1955 397 :
1987 340 2138 398 Beati
2165 360 2379 415 quorum
2408 345 2635 401 remisste
2653 353 2770 400 sunt
2792 344 3108 413 iniquitates,
3132 353 3178 399 et
3196 360 3323 415 quo-

3212 226 3318 283 506

1717 452 1833 490 rum
1867 448 1997 492 tecta
2034 447 2151 490 sunt
2190 449 2418 507 peccata.
2450 437 2641 493 Beatus
2675 440 2754 492 vir
2788 439 2872 491 cui
2911 456 3012 492 non
3052 437 3322 507 imputavit

1717 525 1970 582 Dominus
2010 540 2276 600 peccatum
2329 530 2502 602 (Psal.
2550 547 2718 596 χιιι,
2765 531 2814 596 1,
2848 529 2930 600 2).
2961 525 2988 566 ἀ
3021 528 3322 600 Utrumque

1714 620 1860 674 enim"
1891 620 2108 675 beatum
2136 621 2272 676 dixit
2298 664 2314 687 ,
2347 631 2402 677 et
2433 622 2585 692 cujus
2617 623 2870 693 iniquitas
2902 623 3193 678 remittitur
3224 638 3322 694 per

1715 712 2011 777 lavacrum,
2044 723 2098 768 et
2126 715 2280 784 cujus
2310 727 2587 784 peccatum
2622 716 2822 785 tegitur
2851 716 3108 785 operibus
3137 715 3315 770 bouis.

1712 805 1816 872 Qui
1837 805 1984 861 enim
2007 806 2116 878 agit
2144 807 2539 878 ptenitcntiam,
2566 825 2675 864 non
2703 809 2880 864 solum
2906 809 3116 864 diluere
3145 811 3316 880 lacry-

1714 898 1815 952 mis
1844 898 2007 953 debet
2036 909 2316 968 peccatum
2359 916 2515 955 suum
2537 943 2551 966 ,
2590 900 2686 956 sed
2729 901 2895 956 etiam
2930 911 2953 938 θ
2985 903 3318 958 eniendatio-

1711 991 1866 1046 ribus
1911 992 2069 1047 factis
2117 994 2336 1063 operire
2383 1004 2436 1048 et
2477 1002 2660 1064 tegere
2695 993 2896 1049 delicta
2926 995 3227 1063 superiora,
3261 1004 3317 1048 ut

1712 1101 1819 1140 non
1851 1085 1899 1140 ei
1932 1085 2234 1154 imputetur
2262 1097 2546 1158 peccatum
2577 1085 2681 1154 (De
2707 1085 2920 1154 Paenit.,
2947 1088 3064 1140 dist.
3096 1102 3132 1152 ι,
3165 1104 3213 1142 c.
3240 1085 3316 1142 lis

1711 1177 1996 1247 potestatis,
2026 1176 2054 1248 §
2087 1177 2190 1245 Qui
2220 1178 2376 1251 agit).

1781 1271 1870 1325 36.
1919 1271 2058 1340 Ergo
2113 1279 2358 1341 tegarnus
2415 1272 2596 1342 lapsus
2649 1282 2869 1329 nostros
2917 1274 3314 1344 posterioribus

1710 1362 1889 1430 factis,
1942 1364 2269 1418 mundemus
2313 1364 2559 1430 ﬂetibus;
2596 1377 2653 1420 ut
2698 1369 2881 1422 audiat
2927 1383 3027 1423 nos
3050 1368 3313 1423 Dominus

1711 1454 1851 1508 Deus
1882 1465 2068 1510 noster
2099 1455 2518 1524 iugemiscentes
2538 1498 2552 1522 ,
2585 1458 2726 1511 sicut
2765 1458 2969 1512 audivit
3010 1459 3310 1530 laeryman-

1710 1559 1816 1603 lem
1848 1547 2100 1618 Ephrqu
2119 1591 2134 1613 ,
2161 1549 2619 1620 quemadmodum
2648 1551 2910 1620 scriptum
2943 1562 3029 1606 est
3053 1594 3068 1618 ,
3097 1553 3312 1608 dicente

1708 1641 1821 1696 Deo
1855 1661 1867 1695 :
1911 1643 2140 1696 Audiens
2178 1643 2357 1697 audivi
2401 1642 2645 1714 Ephrarm
2683 1645 3052 1714 Iacrymantem
3091 1643 3305 1713 (Jerem.

169 1734 265 1790 Cito
288 1736 412 1790 vidua
447 1751 538 1791 ero.
566 1735 617 1790 Ει
637 1735 734 1790 alibi
760 1755 771 1790 :
794 1739 941 1807 τάχα
965 1739 1065 1812 γάρ
1088 1757 1145 1791 σε
1175 1739 1604 1792 κατακτανέουσιν
1635 1738 1682 1796 Β
1709 1751 1727 1788 1

1753 1751 1866 1802 ut,
1897 1735 2007 1807 l8).
2052 1737 2116 1790 Et
2163 1737 2276 1806 ipsa
2315 1737 2480 1791 verba
2527 1735 2778 1807 Ephrzrm
2827 1737 3176 1792 lamentantis
3219 1751 3311 1790 ex-

161 1833 321 1900 Ἀχαιοὶ
350 1832 500 1892 πάντες
533 1831 822 1906 ἐφορμηθέντες
869 1827 1110 1898 (Homer.
1144 1828 1230 1882 lib.
1286 1844 1343 1882 ιιι
1389 1829 1601 1899 Iliad.).

148 1920 244 1975 Non
264 1922 381 1975 enim
408 1921 627 1975 dubitaret
651 1924 692 1973 in
715 1920 958 1975 omnibus
984 1919 1145 1974 simul
1180 1919 1600 1990 insurgentibus,

141 2029 278 2067 unum
306 2012 436 2068 facile
454 2014 510 2066 ab
536 2013 755 2068 universis
781 2029 940 2083 posse
973 2014 1268 2083 prosterni.

186 2107 260 2161 53.
295 2106 386 2162 Sed
412 2121 497 2162 nos
519 2108 686 2162 uestris
720 2108 886 2178 magis
931 2123 1093 2178 quam
1137 2108 1332 2163 alienis
1364 2116 1596 2162 utamur.

125 2199 326 2269 Denique
349 2199 491 2254 babes
522 2200 566 2253 in
598 2200 862 2270 Evangelio
893 2201 1014 2271 quia
1050 2203 1164 2271 ipse
1195 2201 1362 2256 Filius
1403 2202 1472 2255 de
1502 2199 1602 2253 Pa-

127 2312 179 2348 re
204 2295 271 2348 ait
305 2295 428 2364 (cum
468 2295 674 2349 misisset
707 2302 896 2348 servos’
916 2295 979 2348 ad
1029 2296 1242 2349 vineam
1275 2309 1450 2359 suam,
1500 2303 1523 2329 δ
1547 2302 1601 2348 et

125 2387 401 2458 ccidissent)
439 2387 618 2442 dixiSse
654 2387 853 2442 Patrem
885 2405 898 2441 :
942 2387 1147 2441 Mittam
1188 2386 1386 2440 Filium
1433 2403 1597 2439 meum

125 2481 450 2546 ilectissimum,
475 2480 672 2551 forsitan
706 2480 869 2549 ipsum
901 2480 1208 2532 verebuntur
1229 2477 1445 2550 (Matth.
1483 2492 1596 2540 xxi,

125 2575 178 2643 ’).
212 2574 271 2628 Et
310 2575 426 2629 alibi
465 2591 524 2628 cx
561 2589 646 2629 sua
692 2589 917 2644 persona
957 2573 1129 2628 Filius
1159 2575 1233 2627 ait
1263 2591 1275 2624 :
1310 2572 1490 2641 Neque
1519 2588 1597 2625 me

126 2669 204 2731 tis,
233 2684 382 2736 neque
403 2667 593 2722 Patrem
615 2684 788 2720 meum.
816 2667 880 2721 Si
901 2668 1038 2720 enim
1067 2683 1144 2720 me
1168 2667 1386 2732 sciretis,
1413 2677 1458 2720 et
1490 2663 1596 2718 Pa-

126 2777 165 2810 w
189 2775 340 2812 meum
368 2759 571 2828 forsitan
593 2759 778 2811 sciretis
837 2756 1016 2828 (loan.
1049 2773 1164 2823 vui,
1196 2757 1307 2826 19).

126 2851 186 2902 4.5.
226 2851 280 2906 Si
325 2865 452 2920 ergo
495 2851 574 2904 bis
620 2850 793 2906 verbis
834 2866 963 2905 usus
1011 2862 1093 2904 est
1133 2850 1349 2914 Petrus,
1397 2850 1594 2920 quibus

133 2962 160 2997 s
189 2959 309 2998 usus
352 2953 434 3000 θμι
472 2945 589 3000 sine
620 2953 646 2994 ιι
677 2945 988 3015 przejudicio
1033 2945 1276 2999 scientize
1323 2961 1467 3007 sum;
1497 2960 1594 3000 cur

161 3037 484 3106 accipiamus
529 3047 584 3092 et
633 3038 849 3091 Petrum
912 3037 996 3092 bis
1045 3053 1198 3090 usum
1246 3039 1593 3092 sermonibus

1711 1830 1907 1898 pressit
1935 1829 2126 1884 dicens
2150 1847 2164 1884 :
2191 1829 2472 1900 Castigain
2496 1847 2600 1896 me,
2632 1841 2679 1884 et
2706 1830 2987 1900 castigatus
3014 1846 3146 1894 smn,
3179 1833 3310 1883 sicut

1707 1921 1901 1975 situlus
1928 1939 2028 1976 non
2059 1939 2171 1976 sitm
2203 1923 2409 1977 edoctus
2433 1921 2648 1994 (Ibid).
2679 1923 2892 1977 Vitulus
2911 1923 3056 1978 enim
3081 1921 3310 1987 ludit,et

1708 2015 2279 2083 pr:esepiadeserit;et
2302 2015 2423 2069 ideo
2450 2015 2704 2085 liphrtem
2729 2016 2870 2071 sicut
2892 2015 3209 2069 vitulusnon
3223 2024 3309 2070 est

1706 2105 1953 2172 edoctus,
1981 2107 2138 2176 longe
2171 2110 2380 2177 positus
2407 2124 2435 2162 a
2461 2111 2688 2178 pru‘sepi
2714 2151 2729 2174 ,
2759 2109 2882 2179 quia
2925 2125 3173 2190 praesepe
3199 2109 3308 2162 Do-

1706 2197 1837 2253 miui
1865 2199 2139 2264 deseruit,
2165 2199 2328 2273 425
2357 2210 2413 2256 et
2451 2201 2742 2258 Jeroboam
2801 2213 3054 2269 secutus,
3103 2203 3306 2256 vitulos

1703 2293 1950 2347 adoravit
1980 2292 2132 2364 (Tob.
2162 2296 2296 2366 1,5),
2324 2295 2466 2365 quod
2496 2297 2779 2366 prepbetia
2813 2297 3053 2351 futurum
3081 2312 3176 2366 per
3199 2300 3304 2351 Aa-

1705 2403 1802 2442 rou
1839 2387 2192 2455 indicaverat,
2234 2390 2312 2444 sic
2339 2390 2617 2459 lapsurum
2663 2392 2918 2462 populum
2959 2389 3296 2446 Judzcorum.

1706 2478 1937 2548 Ideoque
1962 2495 2128 2548 agens
2154 2482 2528 2550 pmnitentiam
2547 2483 2678 2536 dicit
2697 2500 2707 2536 :
2726 2481 2974 2536 Converte
2998 2499 3098 2549 me,
3115 2492 3162 2536 et
3179 2498 3300 2536 con-

1702 2583 1896 2635 vertar;
1913 2576 2035 2643 quia
2051 2586 2101 2627 tu
2124 2592 2176 2628 es
2194 2575 2441 2629 Dominus
2465 2574 2604 2630 Deus
2626 2593 2789 2631 meus.
2810 2577 2944 2643 Quia
2961 2578 3010 2630 in
3027 2579 3300 2632 novissimo

1701 2667 2014 2735 captivitatis
2036 2685 2162 2722 mete
2189 2669 2535 2736 panitentiam
2558 2671 2638 2740 egi
2661 2686 2678 2724 :
2700 2681 2746 2724 et
2775 2681 3043 2741 postquam
3064 2671 3298 2740 cognovi,

1700 2759 1929 2832 ingemui
1942 2778 2099 2831 super
2117 2762 2224 2816 dies
2237 2763 2581 2832 confusionis,
2600 2772 2645 2816 et
2659 2763 2920 2836 subjectus
2931 2779 3042 2817 sum
3056 2763 3300 2832 libi;quia

1697 2857 1872 2926 accepi
1893 2857 2248 2928 opprobrium,
2273 2866 2320 2910 et
2342 2858 2686 2911 demonstravi
2708 2857 2984 2927 te(lerem.
3011 2873 3157 2921 xui,
3187 2856 3296 2925 l9).

1768 2947 1857 3002 57.
1903 2947 2074 3020 [Alias
2100 2965 2218 3016 cap.
2252 2947 2370 3020 VL]
2402 2949 2748 3003 Advenimus
2784 2948 3057 3011 quomodo
3091 2947 3296 3017 agenda

1697 3041 1768 3096 sit
1798 3042 2150 3111 paenitentia,
2182 3042 2378 3112 quibus
2419 3043 2796 3107 sermonibus,
2825 3041 3020 3113 quibus
3052 3039 3296 3105 fletibus;

153 3146 265 3183 stuc
295 3131 420 3184 fidei
465 3129 818 3201 pra-judicio?
847 3129 1036 3200 Neque
1065 3133 1208 3184 enim
1243 3141 1454 3200 poterat
1495 3131 1592 3185 du-
1618 3131 1663 3192 C
1698 3144 1755 3188 ut
1785 3134 1991 3202 peccati
2022 3135 2172 3200 dies,
2217 3134 2332 3189 dies
2385 3134 2720 3190 confusionis
2779 3135 3111 3204 appelletur;
3170 3148 3298 3189 con—

129 3237 152 3275 c
182 3223 249 3276 de
277 3220 485 3276 Christi
521 3238 774 3286 munere,
805 3222 894 3293 qui
921 3223 1022 3277 sibi
1049 3223 1436 3277 Solvendorutu
1471 3239 1592 3292 pec-

129 3331 212 3368 um
245 3315 479 3371 dederat
513 3326 844 3386 potestatem
877 3317 1095 3385 (.lfattli.
1130 3333 1214 3370 xvt
1237 3358 1252 3383 ,
1293 3317 1414 3388 19);
1449 3333 1590 3387 prze-

130 3427 144 3462 l
185 3421 313 3464 eam
348 3412 616 3464 versutiis
651 3410 1035 3464 hu'rcticorum
1073 3410 1252 3466 locum
1286 3427 1393 3465 non
1426 3411 1594 3466 debe-

127 3501 408 3573 linquere,
431 3502 528 3573 qui
559 3502 692 3557 ideo
720 3503 908 3556 volunt
938 3516 958 3538 ετ
983 3517 1132 3572 spem
1164 3503 1444 3556 hominum
1496 3503 1592 3558 de-

130 3611 184 3661 e,
235 3606 296 3650 ut
350 3595 602 3650 iterandi
651 3596 1004 3666 baptismatis
1047 3596 1188 3666 apud
1234 3596 1589 3666 desperantes

126 3705 137 3739 ί
169 3688 456 3743 inducant
486 3691 948 3758 persuasionem.

125 3781 240 3836 Sed
272 3783 538 3853 apostoli
579 3782 696 3835 hoc
728 3782 1017 3845 habentes,
1049 3781 1348 3837 secundum
1383 3783 1588 3838 Christi

126 3875 296 3929 rium
331 3874 764 3945 paenitentiam
811 3875 1147 3939 docuerunt;
1178 3876 1589 3944 spoponderunt

164 3969 416 4038 culpam
453 3968 915 4033 relaxaverunt,
948 3968 1085 4024 sicut
1109 3977 1166 4023 et
1199 3969 1383 4023 docuit
1419 3969 1584 4024 Da‘vid

127 4124 222 4164 res
261 4107 419 4164 edit.
456 4117 520 4162 et
543 4107 692 4162 cod.
729 4107 902 4174 Tell.,
927 4120 973 4161 et
996 4108 1368 4172 occisiessent;
1391 4107 1588 4178 reliqui

125 4193 140 4231 t
194 4181 610 4246 occidissem;
650 4180 877 4243 Albim,
917 4190 964 4232 et
991 4196 1078 4233 eos
1118 4180 1442 4232 occidissent.
1473 4180 1588 4233 Non

125 4252 304 4317 dem,
338 4251 457 4305 sed
489 4261 762 4320 protzter
790 4251 1018 4304 aliorum
1053 4265 1338 4304 munerqu
1372 4260 1426 4304 et
1454 4253 1593 4304 anti-

154 4323 424 4377 vidctur
477 4321 912 4392 accipiendum
960 4323 1217 4386 verbum,
1250 4321 1590 4388 occidissent,

127 4403 327 4447 ssent.
369 4393 635 4446 Rursus
679 4403 814 4458 post
845 4409 1033 4461 pauca,
1069 4393 1275 4447 ezedetn
1300 4393 1457 4457 cdit.,
1485 4397 1593 4446 sine

125 4488 145 4517 μ
184 4464 538 4518 sententiae
575 4480 757 4526 siue;
792 4480 923 4518 mss.
957 4479 1110 4529 vero,
1144 4504 1183 4517 ..
1215 4464 1442 4516 scientia:
1461 4480 1586 4518 sua.

149 4552 282 4606 per
312 4552 391 4591 se
419 4538 691 4589 clarum
721 4546 836 4589 est.
866 4535 1014 4590 Unus
1036 4545 1310 4601 tameu,...
1334 4537 1590 4590 conscien-

191 4676 616 4748 prazindicio
667 4678 959 4732 sententia:
994 4691 1134 4742 sum;
1164 4676 1382 4747 quidam
1430 4692 1590 4744 mss.,

128 4768 142 4798 ,'
182 4765 359 4803 suae.

127 4823 374 4890 liquot
408 4820 741 4892 antiqua:
792 4834 1010 4886 manus,
1041 4834 1182 4889 spem
1210 4817 1475 4873 hominum
1508 4821 1591 4874 de-

126 4978 202 5016 ca
276 4961 448 5018 ha’c
486 4963 718 5016 verba
755 4962 935 5018 semel
965 4976 1029 5017 ac
1066 4962 1262 5017 iterum
1310 4964 1591 5032 superiore

129 5037 260 5088 ﬁta
330 5035 696 5102 reperire
751 5042 865 5096 est,
911 5033 1124 5089 scilicet
1171 5033 1269 5088 lib.
1300 5033 1369 5088 de
1394 5033 1508 5089 Noe
1538 5045 1592 5089 et

151 5108 282 5172 31,
354 5121 582 5159 num.
660 5104 816 5169 117,
859 5114 913 5159 et
955 5105 1117 5173 Apol.
1153 5104 1322 5159 David
1368 5120 1489 5173 cap.
1532 5105 1588 5172 9,

147 5179 358 5230 silius
393 5177 469 5229 in
514 5176 714 5230 locis
753 5176 1089 5244 baptismum
1121 5191 1186 5230 ac
1216 5179 1590 5243 paenitentiam

192 5247 636 5316 signiﬁcari
707 5248 888 5301 docet
928 5259 1152 5302 sanctus
1185 5249 1403 5301 Doctor.
1435 5247 1504 5302 At
1537 5251 1588 5303 in

162 5321 438 5385 ignium
489 5333 648 5372 non
703 5327 808 5372 est
837 5319 980 5383 quod
1025 5319 1349 5372 observetur
1370 5318 1438 5374 ab
1463 5319 1588 5374 Am-

182 5405 430 5460 opera
475 5389 762 5459 quibus
797 5388 1006 5444 crimen
1030 5390 1198 5457 {suum
1234 5389 1400 5443 David
1431 5399 1589 5444 texe-

181 5478 208 5516 ι
289 5475 474 5529 quae
546 5461 826 5529 lapsum
873 5461 1121 5531 ejusdem
1167 5471 1588 5530 praecesserunt,

200 5531 413 5586 unde
462 5532 594 5585 illa
645 5531 1066 5600 theologoium
1099 5533 1282 5602 opinio
1312 5546 1416 5600 qua
1450 5532 1588 5588 bona

213 5623 230 5653 ι
269 5602 655 5672 quopiam
708 5603 912 5657 letltali
941 5601 1265 5657 mortificata
1291 5618 1388 5672 per
1418 5606 1589 5670 poeni-

217 5677 518 5740 ἤθρει-ο,
581 5683 957 5741 autsunaut,
990 5688 1097 5741 non
1139 5676 1418 5741 minimum
1445 5677 1590 5741 capit

225 5741 332 5799 lic
361 5738 561 5799 Vero
587 5738 723 5800 ubi
749 5752 946 5800 contra
969 5740 1302 5800 Novatlanos
1325 5738 1584 5810 disputat,

1694 3225 1836 3282 fusio
1863 3233 1946 3282 est
1969 3229 2138 3292 enim,
2165 3227 2382 3298 quando
2413 3225 2665 3282 Christus
2693 3237 2937 3297 negatur.

1760 3321 1853 3376 58.
1901 3320 1970 3375 Et
2017 3321 2141 3375 ideo
2179 3321 2530 3388 subjiciamus
2561 3336 2662 3375 nos
2691 3320 2832 3386 Deo,
2864 3330 2920 3375 et
2951 3335 3056 3374 non
3097 3319 3299 3374 subditi

1694 3412 1863 3467 simus
1895 3421 2157 3481 peccato:
2191 3421 2246 3467 et
2268 3412 2593 3468 delictorum
2627 3424 2943 3468 nostrorum
2979 3414 3294 3467 memoriam

1693 3515 2065 3570 recensentes,
2093 3515 2364 3572 tamquam
2383 3507 2736 3576 Opprobrium
2759 3507 3166 3572 erubescamus;
3191 3523 3296 3560 non

1696 3598 1840 3654 velut
1888 3597 2178 3668 quamdam
2208 3599 2435 3667 gloriam
2485 3599 2876 3668 prmdicemus,
2908 3600 3050 3651 sicut
3077 3598 3294 3667 quidam

1696 3702 2000 3761 expugnata
2032 3691 2312 3760 pudicitia,
2343 3701 2396 3744 et
2426 3705 2682 3758 oppressa
2703 3691 2914 3759 justitia
2946 3689 3248 3758 gloriantur
3281 3707 3292 3742 :

1696 3795 1751 3841 et
1782 3794 1926 3840 tanta
1959 3787 2050 3839 liat
2078 3786 2386 3849 conversio,
2420 3796 2476 3838 ut
2503 3787 2592 3854 qui
2621 3786 2794 3840 Deum
2825 3802 2930 3838 non
2963 3784 3294 3853 agnosceba-

1699 3894 1847 3943 mus,
1880 3878 1982 3946 ipsi
2021 3893 2143 3932 eum
2171 3880 2283 3947 jam
2323 3878 2442 3932 aliis
2479 3879 2917 3932 demonstremus
2947 3894 2959 3930 :
2994 3887 3172 3932 motus
3201 3893 3298 3931 au-

1694 3979 1801 4025 tem
1834 3970 2094 4025 Dominus
2135 3969 2226 4024 tali
2265 3972 2624 4026 conversione
2665 3979 2884 4034 nostra.
2927 3971 3292 4040 respondeat:

1700 4123 1813 4162 rem
1843 4108 2115 4162 examinat
2155 4108 2484 4163 accuratius.
2528 4106 2712 4176 Itaque
2739 4105 2846 4160 duo
2874 4106 2930 4159 in
2979 4108 3292 4176 poenitentia

1697 4179 1995 4243 distinguit,
2033 4194 2229 4248 nempe
2256 4178 2458 4233 diluere
2489 4179 2729 4250 lacrymis
2753 4189 3045 4250 peccatum,
3080 4189 3128 4232 et
3162 4179 3291 4233 illud

1699 4251 2130 4304 emendatioribus
2161 4252 2311 4320 factis
2352 4252 2573 4320 aperire,
2617 4265 2852 4320 quorum
2885 4249 3102 4320 quidem
3145 4252 3296 4320 prius

1700 4321 1766 4373 ad
1799 4324 2186 4377 contritioncm
2213 4365 2226 4384 ,
2261 4323 2531 4391 posterius
2561 4333 2741 4376 autem
2775 4323 2840 4375 ad
2872 4321 3296 4376 satisfactionem

1702 4392 1892 4446 referri
1924 4392 2082 4448 facile
2112 4395 2362 4448 catholici
2394 4410 2587 4449 OllllleS
2633 4397 3021 4448 assentientur.
3057 4392 3125 4447 Et
3151 4401 3300 4444 certe

1619 4429 1672 4489 Ι)
1696 4463 1764 4517 de
1836 4429 2456 4533 primB'WnEZ'uéttmiis
2503 4429 2619 4535 ipse
2670 4429 2764 4520 tio.
2800 4429 2888 4519 ’γ’ἶὶ
2958 4465 3032 4518 De
3057 4429 3292 4518 ’³Ραεηίι.

1695 4545 1752 4590 et
1782 4535 2044 4590 satisfact.
2095 4552 2215 4606 cap.
2243 4538 2296 4601 8,
2353 4553 2380 4591 a
2432 4539 2590 4591 nobis
2629 4536 2876 4592 dissidet.
2931 4536 3005 4590 De
3053 4535 3298 4589 secundo

1694 4617 1874 4661 autem
1922 4608 2122 4662 ibidem
2171 4619 2359 4662 contra
2409 4609 2561 4662 card.
2606 4607 2920 4663 Bellarmin.
2971 4606 3294 4674 disputans,

1694 4678 1978 4732 contendit
2025 4689 2275 4734 sanctum
2317 4679 2610 4733 Przesulcm
2660 4681 2763 4733 hoe
2811 4693 2974 4732 sensu
3027 4677 3206 4745 loqui,
3241 4686 3300 4731 ut

1696 4750 1823 4803 velit
1857 4760 2196 4817 peceatorem
2238 4753 2507 4804 scelerum
2548 4749 2660 4818 jam
2719 4753 3077 4805 remissurum
3126 4748 3297 4802 inhae-

1695 4829 1878 4874 rcutes
1908 4820 2085 4875 adhuc
2114 4820 2392 4875 cicatrices
2434 4821 2590 4874 bonis
2621 4823 2878 4890 operibus
2917 4820 3072 4889 quasi
3125 4818 3297 4874 lituris

1695 4903 1748 4945 et
1776 4893 2007 4946 tectorio
2031 4891 2265 4960 quodam
2294 4891 2624 4945 obumbrare
2652 4904 2816 4962 atque
2845 4901 3156 4959 contegere.
3186 4890 3293 4945 Sed

1694 4963 2029 5016 contrarium
2063 4963 2328 5014 orationis
2376 4962 2550 5016 series
2593 4977 2781 5030 aperte
2821 4971 3107 5016 monstrat.
3145 4963 3291 5016 lllam

1695 5032 1943 5103 expende
1964 5047 2028 5088 ac
2054 5033 2322 5102 praecipue
2337 5032 2639 5100 subjectum
2658 5033 2966 5101 exemplum
2997 5032 3298 5103 Eprlimmi-

1696 5115 1898 5170 tarum,
1929 5119 1994 5158 ac
2024 5119 2118 5172 per
2142 5113 2192 5156 te
2218 5105 2450 5172 ipsemet
2472 5103 2741 5172 intelliges
2762 5106 2830 5159 de
2856 5102 3113 5172 lacrymis
3133 5114 3294 5173 atque

1694 5175 1949 5244 operibus
1975 5175 2198 5230 omnino
2227 5189 2540 5229 sermonem
2574 5177 2780 5230 institui
2805 5217 2817 5238 ,
2850 5191 2968 5242 qum
2995 5190 3100 5228 non
3131 5175 3294 5229 modo

1695 5248 1932 5316 peccatis
1953 5247 2066 5316 jam
2097 5247 2419 5300 condonatis
2462 5249 2748 5300 tectorium
2780 5247 3068 5308 inducant,
3103 5261 3290 5300 verum

1694 5319 1856 5372 etiam
1897 5333 2018 5387 quae
2049 5317 2286 5372 divinam
2332 5319 2708 5387 peccatoribus
2743 5317 3036 5386 prepitient
3076 5317 3291 5372 miseri-

1694 5390 1933 5443 cordiam
1963 5431 1978 5454 ,
2023 5397 2082 5444 ut
2129 5391 2546 5444 commissorum
2599 5390 2807 5442 veniam
2863 5397 3268 5459 consequantur

1693 5460 1847 5528 Quod
1923 5475 2052 5514 vero
2109 5461 2173 5514 ad
2242 5461 2468 5528 primam
2515 5469 2720 5527 partem
2761 5459 3076 5514 ευτιιῐιιόοιιι
3139 5461 3290 5516 citati

1693 5532 1888 5601 psalmi
1939 5531 2000 5586 5i
2055 5545 2360 5601 versuum,
2412 5545 2572 5600 quam
2624 5531 2692 5584 de
2739 5530 3013 5597 baptismo
3065 5534 3291 5600 exposuit

1692 5600 2032 5666 Ambrosius,
2058 5602 2127 5656 ita
2151 5619 2269 5656 eam
2295 5600 2455 5654 etiam
2477 5601 2798 5669 interpretes
2818 5602 2992 5666 Pauli,
3016 5618 3044 5654 a
3070 5617 3179 5671 quo
3201 5619 3290 5657 ea-

1691 5675 1814 5729 dem
1835 5675 2173 5743 verballom.
2196 5689 2268 5737 tv,
2294 5673 2346 5735 7·,
2375 5683 2773 5743 proponuntur,
2802 5672 2960 5742 vulgo
2990 5677 3282 5743 accipiunt;

1769 5753 1790 5778 ο
1831 5736 2086 5800 Νοηηυιιί
2113 5736 2269 5808 mss.,
2296 5736 2733 5798 snt'endationibus
2761 5736 3147 5811 facta'opertré.
