3946 6180
523 120 628 180 3H
1880 117 2128 176 SANCTI
2167 117 2494 176 AMBROSII
3747 112 3843 172 6ίὲ

520 232 682 288 veni?
732 235 844 292 lloc
898 242 1013 300 est,
1060 233 1241 289 veniat
1270 240 1612 304 peccatorum
1644 229 1917 296 remissio,
1950 230 2130 284 veniat
2158 238 2210 294 Α
2235 247 2338 302 qua
2362 230 2452 285 illc
2481 229 2571 298 qui
2601 228 2780 284 fuerat
2811 237 3079 297 mortuus,
3113 243 3253 285 unus
3279 225 3844 284 interdiscumbentes

531 326 919 385 defunctorum
950 328 1056 382 vita
1078 369 1093 392 ,
1125 337 1458 382 mortuorum
1497 327 1850 391 resurrectio,
1874 325 2056 380 veniat
2082 333 2136 379 et
2237 341 2360 380 cum
2391 325 2610 380 Christo
2639 325 2937 379 invenitur.

535 424 590 479 in
638 419 785 475 hunc
815 429 1154 490 peccatorem
1181 434 1408 488 regnum
1443 429 1617 474 tuum.
2311 420 2402 474 61.
2428 417 2581 473 Tunc
2624 419 2893 473 mirantur
2918 432 3109 473 omnes
3149 417 3242 487 qui
3280 416 3467 472 vident
3497 431 3640 487 puro
3663 416 3844 486 utique

609 515 703 571 56.
745 512 960 575 Veniet,
989 518 1045 565 et
1083 511 1253 566 levari
1294 512 1527 581 lapidem
1550 510 1791 582 jubebit,
1823 524 1984 580 quem
2031 523 2143 564 cer-
2241 510 2432 566 obtutu
2465 511 2687 577 mentis,
2719 511 2811 580 qui
2840 509 3210 565 inviderenon
3252 518 3490 573 norunt;
3519 509 3666 563 tales
3707 509 3842 564 enim

535 604 747 660 vicibus
787 604 1084 674 peccatoris
1126 604 1311 674 lapsus
1339 605 1616 674 imposuit.
1648 602 1830 658 Potuit
1858 616 2143 658 removere
2243 603 2484 659 Ecclesia
2516 603 2655 657 filios
2698 603 2880 658 habet.
2917 603 3201 669 Mirantur,
3228 602 3417 657 utdixi
3449 600 3735 672 quomodo
3763 601 3846 656 ille

537 697 773 767 lapidem
822 696 1052 766 imperio
1100 698 1413 762 sermonis;
1459 696 1674 767 jubenti
1729 696 1875 751 enim
1923 694 2144 750 Christo
2245 699 2332 768 qui
2361 698 2579 767 jacebat
2602 698 2653 752 in
2677 697 2888 752 tumulo
2917 697 3031 752 heri
3059 695 3529 751 etnudiustertius
3555 691 3844 765 (lbid.,5),

540 789 705 844 etiam
758 786 1095 843 insensibilis
1145 788 1286 842 solet
1342 799 1535 844 natura
1598 788 1872 844 obedire:
1933 798 2147 858 poterat
2249 806 2388 845 unus
2414 791 2580 845 sitde
2606 790 3077 846 discumbentibus
3109 805 3232 844 cum
3265 789 3497 843 Domino
3518 788 3678 843 .Iesu.

541 883 706 937 tacita
735 881 784 935 vi
815 880 1155 952 operationis
1181 883 1410 937 occulta:
1432 884 1730 937 transferre
1748 897 1936 936 saxum
1965 883 2149 950 sepul-
2320 883 2410 937 62.
2454 883 2571 952 Ipsa
2597 883 2765 938 Maria
2795 883 2962 936 mittit
2999 892 3330 953 unguentum
3360 884 3414 936 in
3447 882 3616 951 pedes
3648 881 3846 935 Domini

546 975 627 1029 cri
680 975 732 1028 in
765 974 924 1045 cujus
961 976 1216 1043 passione
1269 977 1498 1031 remotis
1524 975 1689 1048 429
1716 977 1900 1032 subito
1953 977 2148 1048 lapidi-

548 1067 680 1134 bus,
722 1066 956 1137 plurima
985 1066 1363 1122 defunctorum
1408 1071 1661 1138 sepulcra
1689 1077 1982 1139 patuerunt
2010 1084 2023 1122 :
2052 1067 2148 1124 sed

549 1159 862 1216 hominibus
881 1161 1046 1229 jussit
1069 1173 1124 1214 ut
1154 1173 1495 1217 removerent
1535 1161 1809 1232 lapidem;
1839 1162 1892 1217 in
1924 1163 2152 1218 veritate

546 1251 768 1322 quidem
799 1294 814 1316 ,
863 1261 922 1307 ut
954 1252 1218 1308 increduli
1275 1253 1568 1309 crederent
1595 1253 1739 1325 quod
1781 1255 2070 1318 videbant,
2100 1262 2155 1308 et

548 1344 860 1414 aspicerent
909 1356 1289 1416 resurgentem
1333 1357 1650 1402 mortuum:
1685 1349 1736 1401 in
1781 1356 1908 1417 typo
1946 1357 2148 1411 autem,

546 1437 692 1507 quod
726 1437 886 1491 nobis
932 1438 1160 1493 donaret
1187 1448 1244 1492 ut
1275 1439 1580 1495 levaremus
1610 1440 1934 1495 delictorum
1961 1457 2152 1508 onera,

553 1531 725 1585 moles
749 1531 1010 1601 quasdam
1043 1546 1283 1586 reorum.
1339 1532 1596 1588 Nostrqu
1629 1544 1715 1587 est
1757 1549 1924 1590 onera
1975 1547 2153 1588 remo-

2249 977 2393 1034 Jesii.
2421 977 2546 1032 Ideo
2563 977 2771 1032 fortein
2800 978 3127 1046 pedes,quia
3155 992 3296 1030 unus
3315 975 3383 1031 de
3415 976 3622 1030 infimis
3641 983 3850 1044 ereptus

2251 1081 2335 1125 est
2359 1072 2556 1135 morti;
2590 1085 2780 1124 omnes
2811 1071 2959 1124 enim
2999 1084 3198 1138 corpus
3239 1068 3442 1124 Christi
3493 1084 3719 1134 sumus,
3765 1065 3847 1122 sed

2253 1161 2344 1216 alii
2396 1161 2536 1216 forte
2579 1161 2864 1232 superiora
2897 1161 3136 1216 membra
3166 1169 3292 1214 sunt
3315 1160 3369 1230 (1
3399 1157 3519 1215 Cor.
3553 1175 3614 1226 χ,
3651 1160 3762 1230 Π).
3786 1159 3850 1214 Os

2254 1263 2373 1309 erat
2408 1253 2613 1308 Clu-isti
2657 1253 2982 1323 Apostolus,
3011 1254 3101 1322 qui
3148 1253 3367 1308 dicebat
3394 1267 3410 1305 :
3441 1251 3850 1321 Experimenlum

2254 1349 2481 1416 qmt‘ritis
2497 1350 2632 1419 ejus,
2661 1348 2748 1415 qui
2771 1348 2826 1400 in
2849 1363 2927 1400 me
2955 1345 3182 1417 loquitur
3205 1345 3444 1400 Christus
3467 1346 3485 1418 (
3510 1345 3551 1399 11
3581 1343 3706 1399 Cor.
3733 1360 3850 1409 xm,

2257 1439 2337 1508 5).
2364 1438 2531 1510 430
2568 1440 2640 1494 Os
2677 1440 2796 1508 ejus
2845 1438 3124 1508 prophetat
3148 1480 3164 1505 ,
3203 1453 3304 1509 per
3346 1453 3486 1509 quos
3529 1437 3851 1509 loquebatur

2260 1530 2438 1586 futura
2466 1550 2477 1584 :
2510 1534 2714 1586 utinam
2740 1541 2792 1586 et
2822 1546 2925 1602 ego
2958 1545 3053 1601 pes
3079 1532 3197 1600 ejus
3225 1546 3348 1588 esse
3385 1545 3626 1596 merear,
3655 1540 3710 1585 et
3735 1533 3852 1584 mit-

554 1637 705 1688 vere;
739 1623 885 1678 illius
913 1631 998 1678 est
1025 1625 1374 1693 resuscitare,
1407 1625 1549 1681 illius
1576 1625 1810 1683 educere
1856 1627 1923 1682 de
1973 1625 2155 1696 sepul-
2186 1624 2232 1682 B
2260 1633 2336 1679 tat
2378 1625 2428 1679 in
2471 1640 2577 1695 "me
2629 1625 2795 1679 Maria
2841 1635 3174 1695 unguentum
3224 1639 3382 1679 suum
3442 1623 3773 1694 pretiosum,
3805 1631 3853 1677 et

553 1716 664 1771 cris
687 1725 713 1752 α
742 1725 934 1772 exutos
959 1716 1216 1774 vinculis.

603 1813 722 1882 .57.
767 1813 968 1869 Videus
1005 1815 1189 1885 itaque
1216 1829 1385 1886 grave
1415 1830 1553 1871 onus
1577 1815 1903 1887 peccatoris,
1937 1815 2159 1885 illacry-

559 1916 672 1961 mat
704 1908 962 1963 Dominus
993 1907 1184 1974 Jesus;
1223 1911 1394 1965 solam
1442 1911 1586 1965 enim
1633 1909 1767 1966 flere
1806 1925 1914 1965 non
1957 1911 2160 1979 patitur

556 2000 878 2058 Ecclesiam.
910 2002 1255 2072 Cumpatitur
1280 2004 1497 2060 dilecta:
1527 2020 1640 2060 sua:
1661 2044 1678 2072 ,
1709 2015 1764 2060 et
1809 2004 1944 2059 dicit
1967 2004 2161 2059 defun-

555 2100 646 2146 cto
675 2108 689 2146 :
729 2091 856 2146 Veni
883 2096 1027 2163 foras
1053 2091 1251 2162 (Joan.
1286 2110 1362 2161 ιι,
1394 2095 1512 2164 45),
1545 2095 1646 2150 hoc
1672 2105 1758 2150 est
1785 2113 1799 2149 :
1833 2094 1859 2133 δ
1883 2095 1984 2162 Qui
2009 2095 2160 2166 jaces

555 2186 613 2239 in
634 2185 877 2240 tenebris
901 2189 1282 2255 conscientiae,
1315 2198 1374 2244 et
1401 2189 1729 2245 delictorum
1752 2200 1964 2245 tuorum
1989 2190 2163 2246 sordi-

556 2278 693 2345 bus,
736 2280 970 2349 quodam
1003 2297 1220 2337 reorum
1246 2297 1502 2350 carcere,
1552 2284 1636 2339 exi
1689 2284 1858 2351 foras,
1906 2283 2160 2339 delictum

557 2365 840 2439 proprium
871 2369 1072 2440 prode,
1111 2384 1169 2428 ut
1193 2373 1549 2443 justiflceris:
1597 2373 1701 2430 Ore
1739 2376 1874 2430 enim
1909 2376 2165 2446 confessio

555 2459 614 2529 fit
635 2461 704 2514 ad
730 2461 948 2516 salutent
975 2463 1154 2532 (Rom.
1188 2481 1243 2531 Χ,
1285 2467 1394 2534 l0).

629 2552 719 2606 58.
766 2565 787 2590 ο
819 2553 874 2609 Si
896 2554 1182 2611 confessus
1204 2556 1402 2624 fueris,
1432 2573 1462 2612 a
1491 2557 1710 2614 Christo
1735 2567 1984 2625 vocatus,
2017 2558 2163 2612 elau-

554 2653 667 2698 stra
697 2655 1052 2713 rumpantur,
1085 2658 1140 2701 et
1167 2650 1349 2703 omnia
1402 2649 1686 2704 solventur
1725 2649 1958 2716 vincula,
1999 2650 2162 2704 etiam

557 2736 605 2789 si
627 2738 955 2806 corruptelae
983 2753 1265 2809 corporeae
1295 2741 1432 2795 fetor
1461 2742 1642 2810 gravis
1682 2741 1772 2796 sit.
1803 2741 2161 2808 Quatriduum

561 2825 707 2881 enim
738 2827 970 2883 habebat
1001 2828 1116 2894 ille,
1141 2830 1298 2899 cujus
1335 2831 1531 2886 fetebat
1556 2831 1609 2885 in
1635 2833 1841 2888 tumulo
1871 2847 1998 2887 caro
2025 2851 2036 2886 :
2071 2850 2166 2888 cu-

551 2918 642 2987 jus
672 2927 854 2972 autem
893 2933 1021 2973 caro
1057 2932 1163 2973 nou
1200 2919 1333 2974 vidit
1369 2922 1812 2990 corruptionem,
1855 2923 2034 2978 triduo
2065 2923 2166 2978 fuit

2264 1727 2448 1789 ungat,
2478 1727 2533 1772 et
2559 1725 2836 1787 peccatum
2860 1719 3144 1788 extergat!

2334 1811 2421 1866 65.
2457 1810 2625 1883 [Alias
2653 1827 2770 1883 cap.
2807 1809 2965 1883 Vlll.]
2991 1809 3150 1878 Quod
3175 1811 3338 1881 igitur
3383 1809 3452 1866 de
3486 1809 3696 1865 Lazaro
3735 1807 3856 1878 legi-

2262 1917 2416 1966 mus,
2475 1905 2528 1958 in
2577 1906 2910 1974 unoquoque.
2950 1904 3211 1958 debemus
3255 1917 3525 1957 converso
3584 1910 3851 1972 peccatore

2261 1995 2520 2052 credere:
2578 1997 2671 2066 qui
2723 1996 2850 2050 licet
2896 1993 3124 2051 fetorem
3169 1995 3415 2060 habeat,
3461 2001 3646 2047 tamen
3684 1989 3708 2028 ἀ
3743 1989 3852 2045 tidei

2264 2090 2505 2158 pretioso
2548 2088 2879 2143 cmundatur
2906 2096 3218 2158 unguento:
3248 2097 3458 2142 tantum
3484 2087 3629 2141 enim
3679 2085 3851 2156 gratia:

2264 2183 2400 2238 tides
2430 2184 2614 2248 habet,
2639 2194 2694 2238 ut
2735 2182 2827 2236 ubi
2857 2191 2983 2237 aute
3015 2183 3159 2236 diem
3195 2181 3397 2237 fetebat
3441 2187 3716 2245 mortuus,
3749 2175 3849 2231 illic

2263 2276 2408 2331 bono
2436 2275 2604 2332 odore
2632 2285 2740 2331 tota
2773 2275 3054 2346 repleatur
3081 2275 3298 2330 domus.

2334 2369 2425 2424 64.
2469 2369 2694 2425 Fetehat
2742 2369 3018 2424 Corinthia
3068 2368 3299 2433 domus,
3351 2367 3576 2439 quando
3608 2365 3848 2434 scriptum

2264 2472 2345 2517 est
2372 2461 2439 2518 de
2465 2478 2528 2516 ea
2557 2483 2566 2513 :
2599 2462 2820 2515 Auditur
2844 2463 2976 2515 inter
3002 2477 3089 2515 vos
3121 2461 3400 2530 fornicatio
3423 2501 3436 2524 ,
3461 2469 3511 2513 et
3557 2457 3678 2512 talis
3705 2455 3846 2526 [orni—

2263 2559 2418 2623 catio,
2449 2557 2615 2628 qualis
2646 2573 2734 2610 nec
2759 2558 2889 2610 inter
2919 2565 3088 2627 gentes
3117 2555 3157 2623 (l
3186 2553 3308 2609 Cor.
3343 2570 3401 2621 v,
3432 2551 3512 2624 Ι).
3542 2552 3701 2608 Fetor
3727 2555 3845 2610 erat,

2265 2653 2387 2722 quia
2418 2652 2687 2707 modicum
2721 2651 3046 2706 fermentum
3081 2658 3246 2703 totam
3275 2661 3516 2702 massam
3534 2651 3844 2713 corruperat.

2265 2742 2445 2812 Carpit
2472 2744 2610 2798 bene
2638 2741 2808 2809 olere,
2831 2757 2957 2796 cum
2991 2740 3227 2795 dicitur:
3260 2738 3322 2792 Si
3347 2739 3427 2792 cui
3450 2737 3579 2806 quid
3623 2733 3844 2790 donastis,

2266 2845 2312 2889 et
2328 2851 2443 2904 ego.
2484 2833 2532 2890 Ν
2537 2851 2618 2887 am
2641 2843 2686 2888 et
2710 2850 2802 2905 ego
2819 2834 2956 2903 quod
2978 2832 3198 2896 donavi,
3237 2839 3445 2902 prapter
3473 2846 3565 2884 vos
3586 2829 3636 2882 in
3656 2839 3844 2898 persona

2267 2927 2462 2982 Clu-isti
2511 2929 2580 3001 (ll
2610 2927 2728 2982 Cor.
2765 2944 2824 2994 ll,
2857 2926 2968 2999 10).
3000 2927 3219 2997 Itaque,
3277 2925 3513 2980 liberato
3556 2929 3843 2995 peccatore,

562 3007 614 3062 in
647 3009 917 3077 sepulcro;
947 3013 1131 3065 carnis
1160 3012 1307 3066 enim
1350 3012 1476 3066 vitia
1507 3012 1758 3080 nescivit,
1782 3029 1904 3084 quae
1942 3031 2011 3070 ex
2040 3030 2170 3085 qua-
2198 3013 2241 3074 C
2274 3022 2474 3078 factum
2521 3031 2604 3077 est
2642 3022 2694 3076 in
2723 3038 2786 3076 ea
2817 3021 3075 3091 gaudium
3106 3035 3381 3090 magnum,
3415 3031 3469 3074 et
3503 3016 3732 3073 redoluit
3768 3011 3845 3065 do-

562 3108 683 3155 tuor
727 3112 941 3157 constat
987 3104 1383 3159 elementorum
1416 3105 1756 3160 substantiis.
1789 3107 2170 3174 Quantuslihet

561 3209 693 3265 ergo
730 3193 836 3267 (De
884 3195 1103 3262 Ρωηὶι..
1135 3199 1258 3253 dist.
1294 3216 1330 3264 ι,
1355 3216 1472 3269 cap.
1507 3200 1900 3272 Quantuslihet)
1973 3201 2167 3256 mortui

563 3289 706 3345 fetor
749 3291 837 3358 sit,
899 3292 1147 3348 aboletur
1181 3293 1391 3359 omnis,
1443 3295 1530 3349 ubi
1582 3311 1794 3350 sacrum
1842 3296 2171 3352 redoleverit

561 3393 896 3455 unguentum
923 3402 936 3438 :
962 3395 1018 3441 et
1047 3389 1288 3458 resurgit
1315 3386 1632 3455 defunctus,
1667 3398 1722 3444 ct
1751 3390 1892 3444 solvi
1912 3390 2170 3459 iubentur

563 3477 686 3546 ejus
717 3477 951 3544 vincula,
983 3481 1074 3549 qui
1101 3479 1281 3535 adhuc
1304 3481 1358 3535 in
1383 3492 1607 3551 peccato
1631 3491 1718 3537 est
1744 3500 1758 3537 :
1792 3481 2000 3538 tollitur
2027 3484 2171 3539 vela-

563 3585 688 3625 men
720 3569 788 3625 de
811 3573 948 3626 facie
975 3573 1116 3641 ejus,
1141 3574 1286 3644 quod
1311 3575 1594 3630 veritatem
1620 3576 1811 3646 gratia:
1831 3592 1990 3646 quam
2017 3593 2174 3633 accc-

567 3672 757 3734 perat,
787 3663 1167 3720 obumbrabat.
1226 3666 1334 3723 Sed
1381 3669 1507 3738 quia
1549 3671 1703 3724 venia
1754 3668 1988 3724 donatus
2049 3678 2170 3734 est,

565 3755 814 3810 revelare
847 3755 1064 3824 faciem,
1096 3761 1312 3829 aperire
1345 3760 1555 3814 vultum
1581 3763 1846 3830 jubctur:
1878 3777 1986 3816 non
2013 3760 2173 3816 habet

565 3851 711 3904 enim
767 3853 912 3921 quod
951 3854 1275 3920 erubescat,
1305 3857 1393 3909 cui
1429 3866 1712 3925 peccatum
1747 3857 2038 3913 remissum
2066 3865 2170 3910 est.

639 3941 731 3997 59.
773 3942 829 3998 In
863 3953 1012 4000 tanta
1052 3962 1182 4002 vero
1226 3947 1441 4002 Domini
1472 3950 1667 4018 gratia,
1699 3959 1961 4019 tantoque
2006 3949 2174 4005 divini

567 4034 810 4090 muneris
849 4037 1135 4103 miraculo,
1168 4053 1290 4093 cum
1338 4051 1616 4110 oporteret
1647 4041 1931 4097 univerSos
1980 4041 2175 4108 la-tari,

565 4129 1054 4185 commovebantur
1085 4131 1263 4201 impii,
1292 4143 1348 4187 et
1381 4134 1643 4188 adversus
1672 4133 1952 4189 Christum
1994 4136 2178 4190 conci-

2270 3131 2391 3170 mus
2441 3123 2553 3169 tota
2610 3117 2879 3170 suavitate
2936 3116 3146 3184 gratiae.
3212 3113 3371 3169 Unde
3428 3112 3570 3167 bene
3626 3107 3847 3165 conscius

2269 3208 2569 3278 Apostolus
2610 3208 2752 3278 quod
2785 3223 2976 3262 omnes
3007 3206 3334 3277 Apostolica:
3373 3204 3708 3261 remissionis
3749 3212 3850 3270 per-

2269 3300 2501 3355 fudissvt
2529 3310 2828 3371 unguento,
2856 3301 2933 3355 ait
2959 3319 2972 3354 :
3007 3299 3200 3355 Christi
3223 3299 3382 3354 bonus
3408 3297 3542 3352 odor
3564 3309 3730 3351 smnus
3761 3290 3848 3344 Deo

2269 3393 2324 3445 in
2344 3392 2445 3455 Itis,
2477 3393 2560 3460 qui
2583 3393 2709 3446 salvi
2733 3393 2862 3461 ﬁunt
2888 3390 3080 3464 (Ibid.,
3118 3391 3231 3461 15).

2345 3482 2435 3538 65.
2476 3483 2646 3553 llujus
2694 3483 2859 3552 igitur
2888 3483 3151 3538 effusione
3184 3480 3439 3552 unguenti
3469 3481 3718 3536 laetantur
3750 3487 3846 3525 om-

2273 3591 2391 3643 nes,
2435 3577 2583 3630 solus
2603 3575 2771 3630 Judas
2811 3575 3139 3630 contradicit
3174 3573 3358 3646 (Joan.
3392 3589 3493 3638 xu,
3520 3572 3597 3641 4).
3631 3569 3762 3638 Ergo
3800 3573 3843 3617 et

2275 3685 2418 3725 nunc
2445 3669 2537 3740 qui
2569 3671 2956 3738 prasvaricator
2982 3675 3086 3733 est,
3123 3665 3474 3730 contradicit;
3507 3656 3846 3735 reprehendit.

2273 3763 2362 3832 qui
2406 3761 2651 3831 proditor
2684 3779 2696 3814 :
2733 3761 2826 3816 sed
2869 3777 2898 3814 a
2927 3758 3146 3816 Christo
3176 3761 3291 3829 ipse
3321 3756 3751 3829 reprehenditur,
3776 3747 3846 3816 qui

2275 3854 2574 3910 Dominica:
2594 3854 2897 3909 remedium
2925 3853 3116 3908 u'tortis
3144 3853 3376 3923 ignorat,
3411 3859 3470 3906 et
3492 3859 3652 3905 tantm
3677 3851 3847 3914 myste—

2275 3949 2415 4003 rium
2441 3949 2736 4018 sepultura:
2768 3964 2875 4002 non
2900 3947 3170 4018 intelligit.
3205 3947 3330 4001 ldeo
3353 3947 3501 4000 enim
3525 3955 3578 3999 et
3609 3950 3782 4013 passus
3806 3942 3847 3986 et

2274 4051 2524 4094 mortuus
2590 4049 2671 4093 est
2725 4039 2984 4094 Dominus
3009 4078 3024 4104 ,
3071 4049 3126 4091 ut
3164 4053 3262 4092 nos
3293 4037 3585 4092 redimeret
3621 4051 3648 4086 a
3679 4033 3845 4085 morlr.

2277 4133 2393 4189 Hoc
2433 4133 2945 4190 excellentissimum
2987 4131 3186 4187 indicat
3219 4131 3451 4200 pretium
3501 4142 3611 4184 sua:
3657 4117 3844 4178 mortis,

569 4219 702 4274 lium
766 4223 1171 4291 congregabaut
1205 4241 1217 4277 :
1266 4223 1532 4279 Lazarum
1588 4240 1808 4296 quoque
1865 4227 2180 4283 interficere
2277 4242 2386 4297 quo
2409 4236 2662 4297 peccator
2694 4224 3014 4288 absolvitur,
3045 4231 3100 4278 et
3131 4224 3183 4278 in
3210 4237 3405 4277 novam
3433 4218 3717 4276 assumitur
3742 4222 3844 4281 κη’

571 4312 832 4368 volebant
858 4311 1042 4382 (Joan.
1076 4330 1151 4380 ιι,
1179 4315 1296 4384 47).
1343 4314 1534 4370 Nonne
1582 4318 1778 4371 merito
1807 4331 1998 4372 eorum
2049 4331 2176 4373 suc-

2279 4319 2408 4372 tiam
2435 4333 2449 4382 ;
2488 4324 2546 4370 ut
2578 4314 2798 4370 veniant
2841 4324 2896 4369 et
2926 4315 3192 4368 mirentur
3217 4327 3408 4367 omnes
3435 4305 3698 4383 quomodo
3745 4310 3848 4354 cum

569 4420 824 4462 cessores
857 4423 950 4461 vos
971 4407 1087 4464 fore
1119 4410 1473 4478 cognoscitis,
1502 4425 1736 4479 quorum
1758 4410 1977 4466 duritia:
2007 4411 2178 4468 haerc-
2205 4393 2258 4452 Ῐ)
2281 4409 2501 4462 Christo
2532 4406 2838 4472 recumbat,
2869 4414 2924 4460 et
2949 4404 3234 4460 laudantes
3264 4405 3456 4470 Deum,
3479 4403 3690 4458 dicant:
3721 4389 3848 4445 Man-

567 4497 666 4554 des
693 4501 828 4555 estis
856 4499 1039 4571 (Joan.
1074 4517 1170 4567 xu,
1206 4502 1336 4573 l0)?
1382 4502 1514 4558 Nam
1561 4514 1615 4559 et
1655 4519 1772 4577 vos
1796 4504 2176 4575 indignamini,

569 4602 625 4646 et
641 4605 831 4650 contra
851 4593 1156 4650 Ecclesiam
1174 4597 1527 4666 congregatis
1546 4597 1866 4662 concilium;
1887 4597 2011 4668 quia
2035 4600 2185 4654 vide—

572 4685 642 4739 tis
669 4697 913 4743 mortuos
955 4688 1008 4742 in
1043 4688 1286 4745 Ecclesia
1335 4689 1697 4754 reviviscere.
1740 4699 1794 4746 et
1831 4704 2178 4760 peccatorqu

573 4777 784 4834 indulta
819 4781 977 4836 venia
1008 4782 1342 4838 resuscitari.
1380 4783 1565 4854 Itaque
1602 4782 1748 4853 quod
1793 4784 1846 4838 in
1889 4784 2046 4840 vobis
2075 4795 2181 4852 est,

575 4889 672 4943 per
705 4875 962 4930 invidiam
994 4891 1185 4931 rursus
1215 4877 1376 4932 vultis
1405 4878 1718 4933 interficere
1740 4881 2050 4934 suscitatus.

650 4967 739 5023 60.
775 4967 881 5024 Sed
913 4969 1072 5025 Jesus
1095 4987 1202 5025 nou
1222 4981 1440 5026 revocat
1464 4971 1753 5036 beneficia,
1773 4971 1937 5027 immo
1955 4973 2180 5027 cumulo

584 5060 929 5116 liberalitatis
976 5061 1310 5132 amplificat:
1370 5064 1563 5119 revisit
1611 5064 1846 5119 sollicite
1883 5067 2182 5120 resuscita-

578 5161 728 5219 tum,
776 5163 832 5210 et
885 5156 1177 5211 celebratte
1224 5157 1644 5211 resurrectionis
1689 5157 1862 5227 gratia
1919 5158 2072 5212 la-tus
2113 5157 2180 5213 ad

579 5259 792 5301 caenam
837 5249 1018 5315 venit,
1048 5263 1209 5318 quam
1242 5249 1291 5304 ei
1321 5263 1416 5302 sua
1451 5250 1780 5319 praeparavit
1827 5251 2091 5316 Ecclesia,
2127 5251 2178 5305 in

653 5415 679 5477 ἐι
722 5406 852 5461 Mss.
884 5407 1116 5477 aliquot,
1140 5416 1322 5462 exutos
1344 5404 1589 5476 pondere.

650 5476 678 5515 ι)
720 5479 794 5530 lta
847 5474 992 5531 mss.
1025 5480 1092 5532 ad
1135 5474 1352 5541 unum;
1391 5491 1582 5530 omnes
1628 5474 1762 5530 edit.
1807 5489 1838 5530 e
1879 5477 2181 5530 contrario.

583 5548 725 5671 auiti
781 5549 939 5612 iaces.
1098 5550 1324 5616 quodam
1369 5560 1572 5604 reorum
1623 5547 1868 5602 carcere?
1892 5545 1992 5600 Exi
2018 5547 2180 5617 foras.

643 5615 809 5671 iulmc
841 5613 1008 5671 etiam
1034 5617 1192 5671 male.

643 5615 809 5689 iuquc
841 5613 1008 5673 etiam
1034 5613 1192 5673 male;

2279 4499 2522 4552 ducemus
2552 4507 2598 4551 et
2619 4497 2906 4566 epulemur;
2930 4497 3050 4566 quia
3070 4496 3154 4550 hic
3180 4507 3414 4550 mortuus
3441 4503 3570 4558 erat,
3593 4500 3637 4544 et
3658 4479 3816 4539 revixit
3832 4489 3848 4528 ἔ

2282 4592 2530 4660 perierat,
2563 4599 2610 4643 et
2639 4590 2876 4643 inventus
2911 4599 2985 4643 est
3016 4585 3167 4657 (Luc.
3206 4603 3296 4651 xv,
3327 4586 3455 4659 24).
3476 4587 3530 4639 Si
3554 4581 3668 4652 quis
3692 4579 3845 4628 autent

2283 4682 2522 4737 inlidelis
2557 4679 2852 4749 ubjecerit,
2883 4696 3052 4750 quare
3078 4694 3201 4735 cum
3233 4678 3530 4750 publicanis
3560 4681 3613 4729 et
3635 4669 3848 4760 peccato-

2282 4773 2432 4828 ribus
2458 4772 2768 4839 mauducat;
2805 4772 3168 4842 respondetur
3195 4771 3243 4826 ci
3270 4788 3283 4824 :
3322 4769 3444 4824 Non
3473 4783 3598 4839 opus
3636 4770 3702 4816 est
3729 4764 3846 4810 sums

2284 4865 2531 4934 medicus,
2561 4865 2650 4919 sed
2691 4864 2772 4918 his
2792 4865 2881 4934 qui
2908 4865 3042 4919 ntale
3073 4863 3257 4918 habent
3285 4861 3499 4933 (Matth.
3530 4874 3604 4924 tx,
3624 4852 3728 4920 12).

2881 5020 3109 5078 CAPUT
3141 5020 3272 5076 VIII.

2287 5160 2368 5215 Ad
2414 5159 2784 5230 confessionem
2827 5165 2875 5213 et
2913 5157 3167 5227 laerymas
3219 5168 3404 5226 urgere
3454 5157 3674 5236 P"9‘"‘_
3698 5134 3776 5236 9d,
3806 5139 3848 5236 “_

2359 5253 2602 5306 convertit
2643 5251 2949 5305 orationem.
2997 5248 3060 5302 Et
3103 5247 3187 5302 ubi
3217 5243 3524 5317 signiﬁcavit
3569 5230 3847 5289 desiderium

2368 5418 2390 5445 ο
2433 5404 2692 5460 Nonnulli
2723 5419 2883 5470 mss.,
2918 5406 2978 5461 Si
3007 5417 3278 5458 conversus
3305 5399 3510 5473 fueris.‘
3535 5459 3547 5473 Α
3584 5461 3594 5473 _
3681 5448 3848 5473 dum,

2361 5476 2388 5514 ά
2955 5457 3084 5531 mss.
3145 5457 3425 5545 tttttttttllli,

2290 5523 2911 5615 emendatur"
2938 5523 3522 5614 :"elegavtttiusttm'teri
3562 5523 3683 5586 ηυξ.
3711 5527 3761 5574 ut
3802 5523 3842 5564 Ill

2290 5627 2464 5675 texto.
