3952 6178
89 271 182 328 5ίὸ
1265 271 1353 328 DE
1392 261 1718 328 ΡυΕΝΙΤΕδ

1823 269 1850 325 λ
1893 268 2021 324 LIB.
2063 267 2125 324 ll.
3253 269 3358 326 5M

148 387 566 441 t-muntlandorttm
625 388 838 441 Domini
893 387 1082 460 pedum
1137 389 1300 442 instar
1349 387 1655 458 evangelica:
1683 389 1733 450 Α
1763 386 2021 440 Dominus
2049 385 2209 440 Jesus
2234 402 2246 438 :
2275 383 2548 438 Osculetur
2571 399 2649 438 me
2672 385 2736 438 ab
2758 385 2935 438 osculo
2953 386 3058 438 oris
3084 385 3165 438 sui
3185 386 3361 457 (Cant.

147 481 376 546 mulieris,
408 480 463 534 in
495 482 642 552 cujus
685 482 887 534 actione
913 479 1160 534 traditam
1193 479 1507 548 poenitentiae
1547 483 1652 549 for-
1758 495 1807 545 ι,
1843 479 1913 551 l).
1939 479 2132 549 Capilli
2171 479 2300 548 quid
2332 477 2682 550 signiﬁcant,
2721 488 2741 515 ο
2771 477 2880 532 nisi
2905 487 2963 533 ιιι
2991 479 3241 543 noveris,
3287 479 3369 534 in-

145 589 263 626 mani
289 572 434 637 dicit;
460 572 632 640 siquis
655 581 822 627 tamen
848 572 1006 644 hujus
1039 572 1354 634 exemplaris
1381 557 1658 643 perfectio-
1756 573 1960 627 clinata
1984 572 2134 626 omni
2169 572 2458 626 iulularum
2503 571 2771 643 dignitate
2800 571 3169 638 smcularium,
3200 572 3368 629 obse-

146 680 245 718 nent
299 680 399 718 non
458 675 798 734 assequatur,
867 663 1207 718 nihilominus
1261 662 1524 718 Christum
1587 663 1656 716 ad
1755 665 2017 722 crandam
2063 664 2498 734 indulgentiam;
2530 675 2587 718 ut
2622 662 2689 718 ad
2733 671 2936 719 terram
2978 663 3116 720 [lens
3157 673 3211 719 te
3251 665 3368 734 ipse

143 755 412 826 sepulcrum
434 756 577 810 illius
607 772 954 810 accessurum.
991 755 1120 809 Eum
1161 765 1214 809 ut
1241 757 1368 810 sein
1403 771 1498 810 suo
1520 756 1657 810 invi-
1758 765 2101 826 prosternas,
2144 765 2202 810 ut
2242 755 2391 810 bumi
2419 754 2611 825 jacens
2641 769 2864 810 moveas
2892 755 3368 812 miscricordiam?

145 858 212 901 sat
238 863 295 901 ac
320 849 587 902 resuscitet
614 849 981 903 demississimo
1002 849 1178 902 animo
1204 859 1389 918 rogat;
1437 850 1659 904 maxime
1755 847 1813 904 In
1842 859 2120 918 unguento
2146 863 2362 919 quoque
2391 845 2418 884 ά
2448 847 2606 903 bonae
2633 849 3014 904 conversionis
3037 850 3367 920 exprimitur

144 956 244 993 mo
273 951 325 993 ut
353 940 437 994 det
482 939 753 995 condolere
799 941 1155 1010 peccatoribus
1176 981 1190 1002 ,
1220 957 1440 1008 quorum
1466 941 1660 996 delicta
1757 940 1914 995 odor.
1946 940 2067 996 Rex
2095 923 2292 1009 nempe
2318 949 2436 996 erat
2459 940 2650 1005 David,
2674 949 2730 996 et
2753 940 2973 996 dicebat
2998 959 3012 996 :
3037 940 3247 997 Lavabo
3277 959 3369 1014 per

143 1037 233 1090 suis
257 1036 414 1105 ipsius
441 1037 634 1090 leviora
662 1053 773 1090 esse
821 1052 1126 1106 persuasum
1153 1035 1326 1090 habet.
1366 1034 1490 1090 Non
1536 1051 1658 1107 ergo
1757 1033 1989 1105 singulas
2029 1043 2205 1089 noctes
2250 1034 2440 1088 lectum
2479 1050 2650 1088 meum
2675 1073 2690 1099 ,
2723 1035 2966 1105 Iacrymis
2994 1036 3120 1090 meis
3145 1046 3365 1093 stratum

144 1127 481 1182 insultantium
511 1129 574 1182 iis
611 1146 705 1200 pro
734 1128 922 1199 quibus
965 1137 1198 1182 mortuus
1228 1138 1303 1182 est
1334 1125 1592 1191 Christus,
1625 1143 1659 1180 a
1758 1144 1926 1182 meum
1955 1129 2134 1198 rigabo
2162 1127 2338 1201 (Psal.
2386 1144 2460 1192 v1,
2495 1126 2571 1198 7).
2606 1127 2676 1182 Et
2719 1128 2842 1183 ideo
2885 1136 3090 1184 tantam
3130 1133 3362 1201 gratiam

141 1239 227 1287 quo
254 1223 382 1276 inter
405 1222 624 1291 stipulas
650 1237 778 1292 quas
815 1237 920 1276 non
950 1221 1183 1292 negligit,
1213 1236 1267 1274 se
1305 1236 1506 1289 quoque
1551 1220 1659 1274 col-
1760 1223 1979 1286 meruit,
2005 1230 2064 1275 ut
2089 1237 2156 1275 ex
2193 1221 2310 1290 ejus
2338 1219 2542 1275 familia
2569 1220 2720 1290 virgo
2747 1220 3067 1291 eligeretur,
3112 1238 3236 1292 qua:
3267 1238 3365 1279 no-

144 1314 223 1385 ltgi
240 1312 518 1370 desiderat.
1758 1313 1844 1368 bis
1888 1325 2046 1384 partu
2081 1316 2303 1385 proprio
2331 1315 2610 1370 Christum
2649 1316 2863 1372 ederet.
2894 1316 3023 1372 ideo
3067 1327 3124 1374 et
3165 1320 3268 1375 ista
3309 1320 3366 1376 in

1761 1406 2061 1476 Evangelio
2088 1407 2415 1475 praedicatur
2445 1408 2660 1463 mulier.

1834 1497 1922 1552 70.
1972 1496 2178 1551 Tamen
2225 1497 2272 1552 si
2319 1498 2460 1552 hanc
2500 1513 2721 1568 sequare
2755 1513 2864 1555 non
2907 1486 3236 1571 posstimus,
3265 1506 3374 1562 scit

87 1591 252 1658 possis.
283 1589 393 1645 Etsi
419 1604 532 1645 non
566 1590 980 1653 monstraveris,
1010 1590 1160 1644 novit
1191 1607 1203 1641 :
1229 1589 1325 1643 sed
1355 1603 1383 1641 a
1415 1597 1465 1644 te
1490 1604 1657 1660 expe-
1765 1590 2027 1645 Dominus
2069 1588 2231 1646 Jesus
2259 1599 2316 1645 et
2362 1590 2594 1646 inﬁrmis
2635 1592 2926 1648 subvenire
2951 1635 2966 1660 ,
3013 1595 3102 1651 ubi
3137 1612 3246 1652 non
3289 1607 3375 1654 est

89 1681 328 1737 titaudire
355 1695 552 1736 vocem
591 1691 759 1735 tuam.
795 1681 1060 1751 Absterge
1090 1679 1343 1750 Iacrymis
1373 1677 1660 1732 cicatrices
1761 1699 1884 1752 qua:
1915 1683 2088 1750 possit
2111 1697 2305 1752 parare
2347 1683 2675 1748 convivium,
2707 1699 2829 1752 qua:
2869 1685 3088 1742 deferre
3130 1703 3374 1760 unguen-

89 1785 203 1826 ntas.
230 1773 314 1828 Sic
342 1784 630 1844 peccatum
676 1772 876 1828 mulier
898 1772 991 1826 illa
1023 1773 1074 1826 in
1100 1770 1400 1841 Evangelio
1437 1769 1658 1840 (Matth.
1693 1795 1743 1855 B
1769 1782 1880 1830 tum
1931 1772 2110 1848 (Joan.
2158 1791 2254 1842 xu,
2306 1773 2384 1847 7),
2418 1790 2540 1845 qua:
2587 1774 2795 1832 fontem
2840 1792 2997 1849 aqua;
3026 1779 3164 1834 viva;
3188 1795 3372 1838 secum

93 1881 151 1926 ts,
180 1866 285 1937 ἐξ),
315 1867 661 1938 letoremque
687 1867 769 1921 sui
793 1866 1000 1921 erroris
1031 1864 1320 1932 abstersit,
1349 1863 1427 1918 sic
1446 1863 1662 1933 culpam
1767 1880 2012 1940 portare.
2048 1869 2208 1924 Venit
2235 1869 2350 1939 ipse
2376 1869 2443 1924 ad
2470 1869 2802 1939 sepulcrum.

89 1960 240 2025 diluit;
266 1977 384 2016 cum
412 1961 549 2017 Jesu
576 1959 741 2030 pedes
764 1960 1021 2030 Iacrymis
1046 1959 1208 2014 lavat.
1837 1962 1929 2016 7i.
1971 1961 2187 2017 Utinam
2219 1975 2350 2031 ergo
2391 1961 2456 2016 ad
2491 1960 2596 2016 hoc
2634 1974 3045 2020 monumentum
3080 1982 3258 2024 meum
3293 1969 3375 2024 di-

148 2052 224 2106 (37.
265 2051 476 2107 Utinam
518 2051 654 2106 mihi
696 2065 917 2121 quoque
961 2049 1162 2119 pedum
1205 2057 1415 2104 tuorum
1470 2047 1664 2114 lutum,
1768 2056 1954 2124 gueris
1981 2053 2248 2109 accedere
2271 2052 2452 2124 (Joan.
2481 2069 2556 2120 ιιι,
2581 2053 2697 2126 54),
2724 2056 2949 2113 Domine
2977 2059 3129 2128 Jesu,
3159 2062 3266 2117 tuis
3289 2077 3378 2118 me

93 2143 223 2217 531
249 2145 394 2213 Jesu,
427 2161 707 2211 reserves,
741 2159 877 2216 quos
903 2145 1032 2199 dum
1067 2152 1092 2180 ⁸
1117 2143 1169 2198 in
1211 2159 1296 2197 me
1325 2128 1668 2206 dcambttlas,

1823 2148 2028 2218 crymis
2060 2147 2239 2212 laves;
2271 2141 2530 2217 quoniam
2567 2148 2883 2204 duridribus
2913 2153 3090 2206 oculis
3132 2169 3238 2208 non
3278 2154 3379 2210 ha-

92 2237 372 2307 inquinasti?
403 2239 628 2296 Utinam
653 2238 844 2293 sordes
870 2235 1222 2307 vestigiorum
1255 2243 1470 2289 tuorum
1487 2233 1670 2288 deter-
1771 2240 1874 2295 beo
1907 2247 2086 2293 tantas
2115 2238 2390 2309 lacrymas
2410 2278 2424 2303 ,
2449 2248 2509 2293 ut
2541 2239 2747 2309 possim
2789 2255 2909 2296 mea
2939 2243 3128 2298 lavare
3155 2243 3376 2300 delicta!

93 2319 271 2398 Βεηάίιέ
293 2331 416 2386 mihi
446 2332 652 2386 Oneras
673 2372 686 2396 ›
717 2345 850 2399 (111³5
897 2343 997 2399 980
1023 2337 1149 2384 ³οω
1200 2341 1326 2382 ιιιθο
1377 2326 1484 2379 illis
1521 2322 1671 2378 afﬁxi
1770 2331 1826 2386 Si
1857 2331 2283 2402 illacrymaveris
2311 2344 2415 2400 pro
2443 2345 2549 2397 me,
2582 2330 2767 2386 salvus
2795 2347 2893 2387 ero
2921 2351 2934 2387 :
2963 2335 3006 2387 si
3039 2335 3234 2405 dignus
3265 2336 3384 2391 lue-

99 2425 340 2492 gressibus
365 2427 378 2480 !
411 2425 519 2482 Sed
558 2423 703 2479 unde
730 2423 862 2478 mihi
885 2437 1020 2494 aqua
1045 2423 1188 2486 viva,
1217 2435 1324 2491 qua
1352 2418 1519 2489 pedes
1553 2427 1673 2472 tuos
1773 2437 1836 2477 ro
1863 2421 2120 2491 Iacrymis
2151 2421 2278 2487 tuis,
2310 2430 2333 2459 θ
2355 2419 2587 2476 fetorem
2617 2421 2878 2493 absterge
2903 2423 3235 2480 delictorum
3266 2441 3386 2481 om-

95 2520 268 2584 possitn
322 2520 544 2575 lavare?
575 2519 633 2575 Si
675 2533 872 2588 aquam
925 2533 1032 2572 non
1064 2516 1260 2581 habeo,
1294 2514 1470 2570 habeo
1498 2513 1678 2584 lacry-
1773 2514 1922 2570 nium
1948 2531 1961 2566 :
1991 2513 2037 2568 si
2069 2511 2228 2568 fuero
2247 2512 2446 2583 dignus
2476 2521 2532 2567 ut
2564 2513 2844 2583 paulisper
2870 2515 3203 2588 illacrymes,
3224 2533 3385 2574 voca-

98 2624 210 2674 mas,
241 2612 430 2680 quibus
457 2613 596 2668 dum
627 2611 794 2681 pedes
819 2619 944 2666 tuos
971 2610 1114 2677 lavo,
1151 2609 1352 2663 utinam
1383 2622 1470 2662 me
1496 2607 1673 2677 ipsum
1777 2608 1860 2663 bis
1891 2621 1978 2662 me
2000 2606 2069 2661 de
2097 2616 2454 2661 monumento
2481 2605 2644 2676 hujus
2675 2607 2948 2678 corporis,
2977 2620 3033 2662 et
3062 2609 3249 2666 dices:
3284 2610 3388 2667 Exi

98 2701 299 2758 diluam!
332 2704 481 2761 Unde
516 2704 680 2771 mihi,
717 2713 777 2759 ut
819 2703 888 2760 de
928 2719 1014 2759 me
1053 2702 1202 2758 dicas
1231 2720 1244 2756 :
1281 2701 1507 2756 Dimisso
1560 2707 1680 2756 sunt
1775 2699 1923 2754 foras
1953 2696 2254 2769 (Ibid.,d5)
2285 2738 2300 2765 ,
2326 2704 2387 2751 ut
2415 2711 2522 2753 non
2551 2698 2694 2752 intra
2721 2700 2972 2768 corporis
3003 2699 3167 2771 hujus
3189 2716 3391 2774 angus-

99 2796 191 2863 ejus
216 2807 412 2864 peccata
442 2797 636 2863 multa,
664 2797 913 2866 quoniam
941 2795 1126 2850 dilexit
1154 2794 1375 2848 multum
1400 2793 1552 2865 (Luc.
1580 2810 1675 2859 vn,
1779 2792 1883 2847 tias
1931 2791 2155 2845 inclusae
2184 2797 2473 2844 teneantur
2511 2790 2872 2860 cogitationes
2902 2807 3037 2848 mea:
3063 2812 3077 2847 :
3108 2794 3204 2850 sed
3234 2811 3391 2865 egre-

100 2891 207 2957 47)?
229 2890 344 2946 Plus
373 2890 635 2946 debuisse
666 2903 752 2944 me
779 2887 984 2952 lateor,
1011 2893 1068 2942 et
1090 2885 1210 2956 plus
1239 2885 1522 2941 dimissum
1545 2884 1676 2940 mihi
1779 2886 1999 2940 diantur
2038 2883 2107 2938 ad
2151 2883 2427 2939 Christum
2451 2923 2466 2950 ,
2500 2883 2554 2939 in
2585 2884 2792 2940 lumine
2838 2896 3161 2954 versentur;
3191 2900 3248 2944 ut
3281 2903 3392 2946 non

102 2980 176 3048 qui
195 2981 257 3035 de
283 2981 584 3037 forensium
626 2979 858 3049 strepitu
903 2977 1211 3048 jurgiorum
1242 3018 1256 3042 ,
1290 2985 1346 3032 et
1391 2993 1417 3029 a
1451 2976 1680 3046 publica:
1780 2979 2012 3050 cogitem
2055 2992 2222 3047 Opera
2267 2976 2615 3032 tenebrarum
2643 3016 2658 3042 ,
2691 2975 2856 3050 [‘32
2885 2978 2982 3033 sed
3024 2994 3190 3049 opera
3233 2980 3393 3037 lucis.

102 3079 281 3129 terrore
343 3070 845 3130 administrationis
898 3071 967 3126 ad
1030 3069 1401 3126 sacerdotium
1456 3077 1680 3124 vocatus
1783 3070 1883 3136 Qui
1909 3069 2053 3124 enim
2087 3078 2368 3139 peceatum
2389 3069 2614 3140 cogitat,
2642 3069 2781 3124 intra
2810 3086 2966 3126 suam
2997 3073 3394 3130 conscientiam

103 3179 231 3230 sum;
255 3177 307 3223 et
337 3169 458 3224 ideo
481 3182 688 3224 vereor
717 3181 788 3221 ne
817 3167 1064 3235 ingratus
1095 3165 1362 3231 inveniar,
1417 3165 1462 3220 si
1504 3165 1682 3219 minus
1708 3174 1753 3237 ί]
1785 3163 1965 3221 studet
1995 3179 2054 3219 se
2077 3164 2195 3234 ipse
2222 3162 2524 3218 includere.

103 3255 318 3330 diligam,
340 3263 423 3316 cui
448 3262 576 3331 plus
605 3259 890 3315 dimissum
915 3267 1001 3313 est
1021 3257 1213 3329 (Ibid.,
1247 3257 1366 3326 44).
1861 3258 1948 3311 7'2.
1980 3257 2124 3311 Voca
2165 3271 2296 3326 ergo
2327 3255 2474 3311 foras
2506 3271 2725 3312 servum
2766 3266 2940 3313 tuum.
2973 3260 3239 3328 Quamvis
3268 3263 3401 3336 liga-

163 3349 245 3405 08.
273 3353 376 3407 Sed
403 3352 429 3390 δ
461 3368 575 3407 non
605 3366 797 3408 omnes
819 3351 1104 3407 mulierem
1134 3352 1294 3406 istam
1322 3366 1541 3422 requare
1564 3366 1687 3421 pos-
1789 3361 1874 3406 tus
1889 3349 2116 3404 vinculis
2146 3359 2495 3419 peccatorum
2523 3365 2793 3416 meorum,
2814 3351 3028 3408 vinctos
3050 3353 3280 3411 habeam
3305 3369 3401 3426 pe-

103 3453 238 3510 sunt,
268 3460 383 3514 qua:
403 3447 574 3503 etiam
605 3446 841 3513 Simoni,
874 3446 964 3516 qui
997 3445 1286 3516 prandium
1327 3445 1558 3500 Domino
1587 3447 1686 3500 da-
1791 3444 1910 3508 des,
1959 3443 2192 3498 innexas
2221 3457 2450 3508 manus,
2499 3453 2555 3499 et
2592 3445 3011 3515 COgitationibus
3042 3456 3097 3502 et
3140 3450 3401 3518 operibus

108 3533 206 3601 bat,
246 3539 436 3594 merito
479 3537 708 3609 prtelata
755 3545 877 3592 est:
911 3553 1032 3607 qua:
1073 3538 1327 3601 munibus
1366 3537 1458 3608 qui
1505 3537 1697 3592 volunt
1794 3537 2025 3593 mortuis
2048 3535 2159 3606 jam
2193 3536 2460 3604 sepultus;
2496 3544 2550 3592 te
2579 3547 2828 3602 vocante,
2865 3538 3003 3594 liber
3028 3542 3303 3610 egrediar,
3345 3552 3403 3599 et

109 3631 301 3684 veniam
333 3631 668 3701 promereri,
698 3631 1073 3701 magisterium
1113 3629 1366 3700 praestitit
1395 3629 1698 3684 osculando
1797 3630 2044 3686 inveniar
2073 3644 2214 3684 unus
2243 3629 2312 3685 de
2337 3630 2814 3686 discumbentibus
2843 3631 2896 3685 itt
2925 3633 3184 3687 convivio
3214 3643 3330 3700 tuo,
3354 3645 3412 3692 et

111 3719 256 3787 pedes
280 3720 500 3790 Christi,
538 3722 804 3793 Iacrymis
831 3720 1084 3788 lavando,
1125 3720 1388 3791 tergendo
1427 3720 1694 3789 crinibus,
1795 3722 1992 3778 domus
2015 3731 2103 3776 tua
2121 3723 2367 3792 pretioso
2388 3720 2689 3790 replebitur
2710 3725 3306 3795 unguento;siquidem
3325 3741 3414 3782 re-

115 3814 341 3883 ungendo
364 3824 674 3887 unguento.
1797 3814 2010 3871 dimere
2038 3813 2292 3884 dignatus
2322 3828 2404 3879 es,
2424 3812 2770 3869 custodieris.
2806 3814 3028 3870 Dicetur
3048 3817 3194 3873 enim
3222 3836 3236 3872 :
3268 3819 3413 3878 Ecce

174 3905 254 3962 69.
282 3908 340 3965 lu
368 3909 565 3965 osculo
601 3909 815 3980 insigne
852 3907 1137 3964 charitatis
1165 3917 1287 3974 est;
1331 3917 1384 3964 et
1413 3907 1536 3964 ideo
1565 3907 1697 3964 dicit
1797 3908 1891 3964 ille
1924 3905 1943 3944 τ
1982 3921 2090 3960 non
2119 3906 2171 3961 in
2211 3905 2474 3962 Ecclesia:
2502 3907 2736 3963 nutritus
2766 3909 2913 3975 sinu,
2941 3924 3047 3964 non
3080 3912 3352 3973 edomitus
3381 3932 3413 3973 a

142 1498 220 1552 liti.
244 1495 479 1552 Ostende
508 1496 676 1567 igitur
709 1495 920 1554 medico
946 1496 1144 1551 vulnus
1177 1507 1359 1560 tuum,
1397 1505 1451 1550 ut
1475 1497 1658 1553 sanari

179 4051 202 4079 ⁸
227 4042 436 4101 Ultima:
461 4046 599 4102 edit.
633 4043 832 4108 Paris,
867 4043 990 4096 dum
1019 4043 1072 4096 in
1105 4051 1242 4097 terra
1270 4042 1506 4097 ambulas
1533 4058 1552 4096 :
1579 4057 1703 4112 pes-

123 4111 241 4169 sime
266 4125 322 4170 ut
346 4118 551 4173 durent
586 4116 895 4186 sequentia,
931 4113 1143 4170 Utinam
1173 4115 1349 4169 sordes
1381 4154 1393 4166 .
1431 4153 1443 4166 .
1479 4152 1492 4167 .
1529 4151 1542 4166 .
1575 4129 1704 4183 quas

125 4199 203 4257 ego
225 4195 332 4257 actu
359 4205 470 4242 meo
497 4188 627 4252 tuis,
659 4198 766 4242 etc.

1810 4050 2037 4100 trarum,
2072 4047 2168 4092 aut
2197 4037 2251 4092 in
2286 4037 2668 4094 haereticorum
2697 4039 3240 4104 schismaticorumve
3265 4061 3413 4107 cmtu

1809 4108 2311 4183 vixissel‘ateatur.
2333 4110 2469 4183 Illud
2497 4111 2658 4183 enim
2697 4120 2902 4167 tantum
2932 4115 3126 4183 innuit,
3172 4132 3232 4174 se
3272 4121 3415 4177 inter

1809 4181 2026 4259 eos_qui
2059 4181 2314 4259 destinati
2360 4181 2425 4259 ad
2457 4182 2648 4238 altaris
2690 4185 3052 4259 ministerium
3101 4181 3131 4240 a
3182 4193 3413 4259 pueritia

183 4254 206 4294 δ
229 4256 310 4313 Sic
333 4274 528 4314 omnes
559 4251 690 4313 edit.
738 4272 802 4311 ac
846 4272 978 4312 mss.
1023 4256 1232 4325 aliquot
1259 4273 1271 4308 :
1324 4254 1517 4323 reliqui
1548 4269 1705 4319 vero,
1810 4253 1864 4308 in
1901 4251 2146 4309 Ecclesia
2179 4251 2602 4308 inStituebantur
2623 4295 2638 4319 ,
2669 4270 2778 4310 non
2810 4257 2975 4312 luisse
3017 4251 3309 4316 nutritum.
3340 4263 3419 4318 De

127 4341 213 4379 non
243 4330 510 4397 omnibus;
543 4346 704 4393 unus,
739 4345 842 4382 non
873 4329 926 4382 in
961 4327 1220 4393 omnibus,
1248 4327 1512 4380 mulierem
1553 4325 1707 4397 istam
1816 4325 1918 4380 hac
1971 4339 2150 4397 porro
2177 4339 2468 4397 puerorum
2512 4326 2887 4382 ecclesiastica
2944 4329 3284 4387 institutione
3329 4334 3420 4389 adi

128 4412 306 4466 requare
331 4395 565 4485 possunt.
599 4399 750 4489 Haud
782 4400 1001 4482 quidem
1033 4399 1202 4480 male;
1235 4398 1314 4452 sic
1340 4397 1486 4489 enim
1519 4411 1548 4450 a
1579 4395 1708 4478 Yiro
1738 4429 1792 4489 D
1817 4397 1980 4466 epist.
2006 4397 2071 4489 ‘in
2099 4395 2297 4489 Sirpicii.
2321 4410 2442 4466 cap.
2477 4397 2512 4452 5
2555 4407 2612 4478 et
2656 4397 2719 4462 9;
2756 4399 2904 4489 item)
2933 4415 3092 4457 conc.
3122 4402 3420 4489 Cart'ha‘ut

129 4482 292 4524 sancto
329 4467 578 4528 instituta
626 4471 694 4526 de
722 4486 781 4526 se
802 4467 928 4537 ipso
970 4469 1145 4524 oratio
1192 4483 1296 4522 non
1344 4467 1706 4539 abrumpitur,
1738 4467 1941 4524 "can.
2003 4468 2093 4532 l9,
2149 4467 2436 4522 Paulinum
2495 4468 2814 4539 episcopum
2871 4471 2943 4527 de
2995 4484 3187 4528 saneto
3240 4475 3424 4531 Felice

130 4552 234 4615 qua:
257 4541 386 4596 inira
411 4558 636 4615 quoque
658 4541 904 4612 pluribus
924 4541 1107 4596 verbis
1130 4555 1226 4611 per
1248 4553 1515 4594 summam
1537 4537 1716 4593 humi-
1815 4554 1985 4615 carm.
2019 4539 2070 4601 si,
2099 4539 2380 4615 Paulinum
2412 4537 2702 4615 diaconum
2739 4541 2793 4615 in
2819 4542 3094 4615 Ambrosii
3120 4545 3236 4615 Yita
3265 4545 3334 4601 de
3361 4561 3424 4601 se

130 4606 313 4665 litatem
340 4606 713 4669 continuatur.

197 4693 214 4717 ε’
253 4682 452 4740 Omnes
483 4686 646 4750 cdit.,
675 4683 851 4738 nisiut
881 4682 1129 4737 movearis
1161 4719 1175 4734 .
1208 4720 1222 4734 .
1255 4719 1270 4734 .
1304 4721 1318 4735 .
1345 4681 1416 4734 ad
1447 4681 1718 4736 obsecran-

135 4749 238 4804 dam
259 4749 668 4827 indulgentiam:
698 4773 728 4811 e
751 4756 1029 4810 contrario
1056 4768 1249 4808 omnes
1279 4767 1411 4807 mss.
1445 4761 1502 4807 ut
1532 4767 1634 4808 nos
1661 4751 1716 4807 in

134 4830 287 4876 testu.

196 4891 220 4929 ἀ
244 4895 382 4952 Edit.
408 4913 602 4954 omnes
623 4912 688 4952 ac
713 4911 843 4951 mss.
870 4897 1096 4966 aliquot,
1128 4895 1724 4966 bontecottttersationis:

134 4967 300 5040 cgeleri
327 4969 414 5038 qui
447 4979 506 5024 et
521 4971 782 5040 potiores,
804 4967 948 5022 bona:
963 4964 1338 5040 conuersionis.
1363 4964 1532 5040 Magis
1553 4979 1722 5040 appo-

133 5035 248 5099 site,
279 5035 659 5110 ut'subjeétum
691 5039 1008 5110 paenitentis
1038 5037 1258 5091 Davidis
1283 5035 1592 5105 exemplum
1618 5037 1718 5090 do—

137 5113 236 5161 cet.

204 5186 225 5214 θ
255 5175 330 5235 Ita
359 5191 571 5236 cuncta:
599 5181 732 5237 edit.
769 5195 832 5234 ac
862 5180 1049 5250 plures
1071 5193 1204 5234 mss.
1237 5178 1310 5232 Ex
1336 5177 1563 5250 reliquis
1593 5193 1724 5233 vero

138 5246 238 5322 duo
283 5251 492 5320 legunt,
540 5253 836 5322 absterges;
864 5246 1014 5313 _duo,
1069 5251 1336 5320 absterge;
1385 5249 1726 5322 alii‘quoque

139 5315 259 5393 duo,
283 5315 623 5393 aib'stergebis;
653 5315 901 5393 totidem,
930 5315 1540 5393 absterggatnfquomodo
1559 5315 1724 5393 etiam

139 5385 416 5464 legendum
450 5385 684 5464 coitjicit
711 5385 978 5464 Latinius.
1020 5385 1472 5464 At'l'orte'neque
1497 5389 1604 5464 Ahic
1635 5406 1729 5444 ne-

142 5471 240 5527 que
282 5463 374 5517 alii
418 5479 446 5515 a
507 5460 702 5534 quibus
753 5463 1444 5534 hujusmodigmutationcs
1495 5460 1730 5515 inducta:

141 5542 260 5601 sunt
287 5575 301 5598 ,
345 5535 480 5588 satis
523 5531 877 5590 adverterunt
905 5533 1037 5587 nihil
1069 5531 1411 5601 frequentius
1440 5545 1731 5587 occurrere

143 5599 194 5654 in
221 5605 554 5675 auctoribus,
579 5620 740 5675 quam
775 5604 1064 5675 praesentia
1084 5599 1338 5675 teti'tpora
1385 5618 1481 5669 pro
1506 5601 1727 5675 futuris.

217 5670 235 5710 ⁸
262 5675 412 5740 Quod
441 5676 517 5727 ait
537 5670 860 5731 Arnbrmius
888 5691 900 5727 :
928 5674 1047 5727 Non
1075 5671 1322 5726 Ecclesite
1346 5675 1568 5727 nutritus
1591 5673 1731 5737 sinu,

144 5755 276 5802 cave
301 5743 380 5802 sic
400 5745 696 5819 intelligas,
725 5745 880 5815 quasi
910 5762 969 5803 se
995 5745 1406 5816 aliqu-audeant
1424 5744 1476 5800 iu
1506 5743 1737 5800 idolola-

1818 4611 2163 4685 loqucntem;
2194 4609 2540 4685 Ambrosium
2573 4611 2749 4685 ipsum
2780 4612 2834 4685 in
2864 4613 3318 4685 Exltort.Virgin.
3352 4617 3423 4672 de

1817 4681 2133 4752 Laurentio,
2175 4689 2340 4752 atque
2378 4681 2531 4747 alibi;
2563 4681 2926 4752 Augustinum
2965 4684 3064 4738 lib.
3101 4686 3125 4738 l
3157 4681 3231 4741 de
3257 4687 3422 4743 Mori-

1819 4752 1924 4807 bus
1954 4751 2167 4806 Eccles.
2197 4751 2355 4805 Cath.
2385 4766 2505 4820 cap.
2540 4752 2632 4817 55,
2660 4751 2723 4807 et
2747 4755 2904 4808 alios.
2929 4753 3096 4810 Addit
3128 4757 3292 4811 etiam
3319 4758 3423 4815 hoc

1820 4823 1923 4878 loci
1974 4822 2297 4876 Ambrosius
2332 4831 2556 4892 noster,
2599 4823 2913 4892 sediraptus
2961 4842 2993 4878 a
3035 4826 3377 4884 tribunalibus
3403 4847 3425 4881 :

1821 4895 2020 4964 quibus
2064 4890 2435 4968 verbis‘etiam
2493 4892 2588 4968 lib.
2639 4890 2852 4950 tOl’li'c.
2902 4910 3024 4968 cap.
3075 4898 3128 4960 1.
3177 4915 3327 4954 num.
3365 4901 3424 4968 4,

1823 4962 1952 5040 usus
1982 4964 2272 5040 reperitur.
2306 4962 2545 5040 Opponit
2573 4978 2791 5034 quoque
2823 4980 2931 5020 non
2963 4962 3186 5040 illepide
3213 4962 3427 5040 prmco;

1825 5035 1938 5113 nis,
1959 5034 2052 5113 qui
2081 5033 2370 5113 tumultum
2397 5033 2888 5113 reprimere’atque
2909 5033 3238 5113 audientiam
3263 5057 3427 5113 para-

1825 5123 1885 5162 re
1927 5108 1980 5160 in
2028 5103 2145 5158 foro
2175 5104 2336 5168 solet,
2369 5104 2723 5178 clamoribus,
2775 5103 3070 5176 psalmistae
3099 5103 3345 5178 cantum,
3375 5113 3430 5169 id

1826 5185 1930 5242 est,
1980 5187 2266 5230 cantorum
2315 5174 2820 5232 ecclesiasticarum
2861 5178 3076 5233 modos.
3113 5181 3253 5237 Infra
3299 5174 3432 5240 vero

1829 5249 1920 5303 ubi
1954 5262 2012 5300 se
2040 5262 2140 5317 pro
2171 5246 2413 5320 Ecclesia
2437 5248 2745 5320 suscepisse
2771 5248 3036 5320 quosdam
3065 5251 3282 5309 labores
3322 5264 3434 5312 tes-

1829 5321 2062 5375 tiﬁcatur
2089 5359 2103 5380 ,
2151 5317 2429 5386 probabile
2471 5327 2558 5372 est
2604 5319 2741 5374 nihil
2784 5317 2936 5375 aliud
2985 5320 3088 5376 nisi
3133 5327 3434 5382 certamina

1828 5400 2018 5463 contra
2058 5389 2445 5463 Symmachum
2486 5389 2886 5463 aut_Justinam
2929 5392 3333 5463 imperatricem
3368 5399 3438 5453 ab

1830 5461 2026 5543 eodem
2062 5459 2190 5543 inita
2232 5459 2528 5543 designari.
2563 5460 2696 5543 Quae
2723 5461 2942 5543 quidem
2985 5459 3166 5543 omnia
3210 5467 3351 5543 sicut
3382 5479 3440 5524 et

1833 5532 2066 5587 subinde
2088 5531 2340 5600 inspersa
2365 5531 2572 5585 intima:
2603 5531 2953 5588 demissionis
2984 5537 3293 5593 testimonia
3328 5549 3437 5595 tam

1835 5603 1981 5656 clare
1999 5611 2277 5657 auctoer
2308 5602 2603 5670 loquuntur
2628 5602 2974 5660 Ambrosium
2995 5648 3008 5670 ,
3040 5615 3100 5662 ut
3134 5611 3330 5664 mirum
3360 5611 3442 5666 vi-

1835 5673 2048 5748 deatur,
2077 5674 2202 5748 quiti
2231 5673 2332 5748 sibi
2365 5672 2594 5726 voluerit
2623 5672 2808 5748 Stilus,
2836 5675 2965 5748 dum
2992 5678 3062 5734 οι)
3084 5681 3275 5740 eadem
3297 5681 3442 5748 Prte-

1837 5747 1942 5802 suli
1971 5754 2161 5801 nostro
2187 5745 2287 5799 hoc
2320 5743 2496 5814 ipsum
2521 5759 2659 5816 opus
2693 5745 3038 5819 abjudicavit.
