3952 6178
545 260 648 318 519

1901 253 2148 311 ΒΑΝΟΤΙ
2187 253 2513 314 AMBROSII

3758 248 3846 308 520

539 374 743 431 homini
785 374 1221 430 satisfaciendum
1264 374 1374 439 sit,
1415 373 1613 427 multos
1655 386 1879 428 necesse
1916 382 1999 426 est
2026 387 2139 426 am-
2168 378 2220 435 Α
2246 371 2472 441 perabat
2513 369 2688 440 (Psal.
2719 384 2806 434 Cl,
2845 367 2971 439 10);
3019 366 3142 422 ideo
3184 379 3331 420 nunc
3369 363 3609 435 amplius
3643 361 3842 433 gaudet,

539 467 693 535 bias,
733 468 1022 532 ohsccrcs,
1059 477 1109 521 ut
1138 466 1430 536 dignentur
1458 467 1824 530 intervenire;
1869 466 1934 519 ad
1973 481 2148 535 genua

494 602 496 604 -
537 569 591 616 te
630 561 747 630 ipse
794 569 1142 630 prosternas,
1185 558 1452 614 osculeris
1479 557 1748 628 vestigia,
1781 558 1922 612 ﬁlios
1951 556 2149 611 offeras

537 651 711 720 culpaa
747 648 926 703 adhuc
965 648 1183 718 ignaros
1211 691 1226 714 ,
1266 657 1508 718 paterna:
1547 649 1710 704 etiam
1751 647 1922 703 venire
1963 661 2152 717 preca-

539 742 730 797 tores?
765 739 931 813 536
967 740 1082 796 lloc
1106 756 1238 810 ergo
1270 743 1320 794 in
1358 740 1602 796 Ecclesia
1633 739 1811 795 facere
1837 738 2066 803 fastidis,
2095 746 2154 792 ut

538 835 654 891 Deo
677 834 951 904 supplices
975 875 991 900 ,
1031 843 1089 888 ut
1122 834 1480 904 patrocinium
1515 832 1611 888 tibi
1642 832 1709 886 ad
1751 821 2150 887 obsecrandum

537 938 741 984 sanctae
782 926 958 998 plebis
994 927 1279 997 requiras;
1330 925 1422 980 uhi
1467 924 1599 979 nihil
1646 933 1732 980 est
1766 923 1911 994 quod
1953 921 2152 994 pudori

539 1036 663 1078 esse
688 1019 884 1075 debeat
913 1061 928 1086 ,
963 1017 1068 1074 nisi
1100 1034 1208 1073 non
1240 1018 1417 1085 fateri,
1449 1032 1572 1074 cum
1602 1030 1793 1072 omnes
1823 1016 1994 1070 simus
2028 1029 2156 1084 pec-

539 1125 754 1168 catores
805 1128 819 1166 :
869 1111 958 1166 ubi
1012 1111 1105 1167 ille
1161 1110 1525 1177 laudabilior,
1573 1111 1665 1180 qui
1719 1109 2011 1176 humilior;
2063 1109 2154 1164 ille

537 1206 758 1276 justior,
791 1206 881 1276 qui
908 1204 1013 1261 sibi
1043 1204 1330 1274 abjectior.

613 1299 707 1356 92.
753 1298 904 1354 Fleat
939 1313 1037 1368 pro
1076 1306 1130 1354 te
1165 1297 1290 1370 (De
1323 1297 1514 1353 Paenit.
1543 1339 1557 1363 ,
1600 1298 1724 1352 dist.
1756 1313 1796 1365 ι,
1829 1313 1944 1366 cap.
1982 1295 2155 1365 Fleat)

541 1400 716 1447 mater
740 1389 1003 1456 Ecclesia,
1026 1397 1082 1445 et
1104 1388 1320 1460 culpam
1343 1398 1488 1445 tuam
1511 1389 1767 1461 lacrymis
1790 1389 1950 1456 lavet,
1974 1385 2160 1442 videat

541 1493 595 1541 te
617 1483 868 1541 Christus
895 1490 1219 1539 maerentem
1239 1523 1256 1548 ,
1305 1491 1362 1537 ut
1391 1481 1537 1536 dicat
1576 1498 1589 1534 :
1623 1480 1777 1536 Beati
1807 1482 1999 1548 tristes,
2034 1479 2159 1550 quia

538 1576 829 1649 gaudebitis
855 1574 1010 1650 (Luc.
1050 1591 1126 1640 v1,
1165 1573 1284 1644 21).
1333 1576 1490 1628 Amat
1518 1581 1578 1628 ut
1607 1587 1705 1642 pro
1736 1587 1843 1627 uno
1883 1571 2036 1644 multi
2071 1583 2160 1625 ro-

539 1682 689 1743 gent.
744 1669 984 1740 Denique
1027 1669 1079 1722 in
1110 1667 1411 1737 Evangelio
1442 1677 1621 1722 motus
1662 1665 1842 1722 viduae
1879 1665 2154 1736 lacrymis,

2250 464 2376 535 quia
2419 463 2652 532 amplius
2695 462 2845 517 ﬂevit
2877 477 2891 515 :
2925 459 3032 516 Per
3077 460 3247 514 exitus
3287 473 3547 528 aquarum
3584 459 3842 512 descende-

2252 562 2391 619 runt,
2421 553 2617 624 inquit,
2651 554 2791 608 oculi
2816 552 2918 606 mei
2957 550 3130 623 (Psal.
3169 565 3375 614 cxvut,
3416 548 3573 621 156).

2325 647 2413 702 94.
2457 646 2700 702 Joannes
2727 645 2956 700 multum
2983 644 3242 713 ploravit,
3265 652 3322 697 et
3342 642 3586 707 revelata
3610 641 3711 695 sibi
3735 641 3845 696 dicit

2252 737 2454 794 Christi
2476 738 2735 809 mysteria
2755 737 2941 810 (Apoc.
2969 751 3026 801 ν,
3044 733 3123 806 4).
3147 735 3218 790 At
3238 748 3368 789 vero
3389 733 3482 788 illa
3506 733 3724 799 mulier,
3745 733 3844 804 qua:

2253 846 2376 886 cum
2403 840 2552 885 esset
2597 830 2650 885 in
2692 829 2949 900 peccatis,
2977 837 3032 882 et
3051 826 3278 882 deberet
3302 827 3457 891 flere,
3489 825 3773 896 gaudebat,
3801 833 3847 879 et

2254 932 2406 979 veste
2446 937 2716 993 purpurea
2756 933 2920 991 atque
2955 920 3208 975 coccinea
3241 917 3598 989 operiebatur
3619 958 3633 981 ,
3660 927 3713 972 et
3734 931 3844 971 auro

2254 1029 2312 1071 se
2343 1016 2514 1070 multo
2541 1023 2597 1072 et
2625 1013 2876 1085 pretiosis
2905 1013 3176 1082 lapidibus
3205 1010 3456 1075 ornabat,
3487 1009 3682 1064 aeterni
3709 1008 3843 1063 ﬂetus

2259 1121 2402 1162 nunc
2431 1107 2578 1178 luget
2610 1119 2910 1161 aerumnam
2945 1104 3131 1175 (Apoc.
3165 1117 3296 1169 xvn,
3329 1100 3407 1172 4).

2328 1197 2417 1254 95.
2461 1198 2488 1236 ι)
2510 1198 2704 1254 Merito
2744 1195 3220 1268 reprehenduntur
3258 1193 3364 1264 (De
3396 1192 3592 1248 I’aenit.
3613 1233 3628 1257 ,
3658 1193 3770 1247 dist.
3798 1192 3842 1258 5,

2256 1306 2304 1344 c.
2354 1288 2743 1361 Reperiuntur)
2785 1289 2873 1360 qui
2927 1287 3126 1356 szrpius
3175 1285 3440 1356 agendam
3496 1283 3844 1354 pmnitentiani

2258 1390 2486 1452 putant;
2534 1382 2656 1452 quia
2703 1381 3049 1436 luxuriantur
3089 1379 3144 1434 in
3181 1377 3423 1439 Christo.
3471 1376 3610 1432 Nam
3655 1377 3699 1431 si
3735 1392 3844 1430 vere

2260 1485 2489 1547 agerent
2531 1474 2904 1544 poenitentiam
2933 1515 2948 1538 ,
2993 1471 3293 1528 iterandam
3337 1481 3534 1540 postea
3575 1485 3680 1525 non
3709 1482 3844 1540 putao

2261 1581 2413 1636 rent;
2450 1569 2574 1639 quia
2600 1567 2740 1623 sicut
2769 1582 2940 1622 unum
2972 1565 3262 1635 baptisma,
3293 1567 3364 1619 ita
3388 1579 3496 1619 una
3528 1562 3844 1635 poenitentia,

2262 1679 2383 1734 quae
2411 1671 2589 1718 tamen
2617 1659 2832 1730 publice
2858 1659 3067 1730 agitur;
3107 1673 3230 1713 nam
3254 1656 3562 1729 quotidiani
3591 1672 3687 1712 nos
3707 1655 3847 1710 debet

539 1767 664 1837 quia
691 1764 912 1836 plurimi
945 1777 1042 1833 pro
1071 1777 1133 1818 ea
1163 1762 1372 1817 ﬂebant
1392 1802 1406 1828 ,
1437 1761 1607 1816 [ilium
1659 1761 1776 1831 ejus
1815 1759 2159 1816 resuscitavit
2188 1764 2233 1824 Β
2265 1754 2529 1824 paenitere
2565 1751 2771 1822 peccati
2800 1769 2812 1806 :
2838 1749 2934 1806 sed
2963 1749 3080 1805 hazc
3103 1749 3428 1806 delictorum
3462 1749 3746 1815 leviorum,
3766 1746 3842 1802 illa

539 1857 698 1932 (Luc.
719 1873 814 1923 vit,
836 1855 948 1927 15).
973 1854 1098 1910 Ideo
1122 1855 1282 1910 citius
1303 1853 1586 1909 exaudivit
1606 1853 1850 1920 Petrum,
1870 1863 1928 1908 ut
1953 1853 2156 1910 Dorcas

539 1961 853 2025 resurgeret
878 1951 1020 2023 (Act.
1049 1967 1126 2018 ιι,
1155 1948 1249 2020 56)
1273 1965 1288 2015 ;
1320 1950 1446 2020 quia
1480 1964 1748 2021 pauperes
1774 1958 2006 2006 mortem
2036 1965 2157 2005 mu-

539 2046 691 2102 lieris
719 2043 1170 2116 ingemiscebant.
1210 2043 1340 2098 ldeo
1369 2043 1469 2113 ipsi
1499 2043 1660 2098 Petro
1699 2042 1880 2098 statim
1917 2041 2151 2110 remisit,

542 2141 668 2212 quia
709 2138 1049 2195 amarissime
1095 2137 1261 2194 ﬂevit.
1306 2137 1378 2193 Et
1422 2145 1477 2192 tu
1523 2138 1570 2192 si
1614 2137 1954 2193 amarissime
1999 2137 2153 2203 ﬂeas,

540 2233 794 2291 Christus
809 2231 878 2288 ad
897 2241 950 2288 te
967 2232 1244 2304 respiciet,
1259 2231 1419 2301 culpa
1435 2230 1685 2287 discedet
1699 2229 1854 2303 (Luc.
1875 2245 2007 2297 χιιι,
2033 2229 2152 2300 62).

543 2336 571 2365 ει
603 2326 742 2384 Usus
779 2326 924 2382 enim
955 2324 1161 2380 doloris
1199 2324 1414 2396 ablegat
1444 2324 1723 2381 luxuriam
1753 2325 2034 2390 criminis,
2067 2339 2154 2381 er-

539 2420 683 2477 roris
707 2418 953 2475 delicias.
985 2417 1061 2473 lta
1089 2417 1219 2473 dum
1244 2417 1493 2473 dolemus
1522 2417 1786 2483 admissa,
1819 2417 2150 2474 admittenda

539 2515 906 2580 excludimus,
933 2524 990 2569 et
1014 2513 1076 2569 ﬁt
1103 2511 1348 2584 quaedam
1387 2511 1455 2568 de
1495 2512 1950 2569 condemnatione
1979 2511 2152 2582 culpa:

454 2675 461 2681 υ
538 2608 826 2679 disciplina
853 2605 1205 2661 innocentiae.

541 2706 572 2768 έΔ
613 2700 705 2756 95.
748 2698 891 2753 Nihil
936 2713 1068 2768 ergo
1118 2705 1172 2752 te
1201 2705 1419 2752 revocet
1447 2710 1479 2750 a
1513 2695 1834 2765 poenitentia
1859 2734 1873 2759 ,
1908 2693 2026 2750 tunc
2057 2695 2151 2751 tibi

540 2788 848 2848 communis
868 2803 990 2843 cum
1013 2787 1217 2843 sanctis
1238 2797 1321 2842 est
1346 2804 1359 2840 :
1385 2786 1700 2857 utinamque
1723 2787 1979 2843 imitanda
2005 2787 2149 2855 talis,

541 2884 725 2957 qualis
745 2893 1059 2938 sanctorum
1082 2881 1409 2952 deploratio.
1435 2880 1603 2935 David
1626 2880 1989 2937 manducabat
2009 2882 2148 2938 sicut

542 2993 735 3051 panem
764 2977 1004 3032 cinerem
1026 3017 1040 3045 ,
1071 2984 1127 3031 et
1158 2983 1346 3045 potum
1384 2988 1540 3029 suum
1569 2987 1692 3028 cum
1722 2973 1983 3046 lacrymis
2015 2984 2150 3030 tem-

539 3110 636 3165 per
661 3092 781 3165 ejus
807 3091 1107 3165 exteriores
1130 3099 1284 3165 actus
1315 3089 1618 3165 prodebant
1652 3103 1777 3165 esse
1805 3103 1865 3144 se
1896 3103 2147 3165 peccato-
2176 3093 2221 3154 C

541 3159 630 3222 res
671 3159 796 3217 {3°
838 3161 1223 3217 satisfactionis
1278 3169 1334 3216 et
1389 3159 1746 3216 confessionis
1806 3159 2146 3216 manifestum

541 3235 831 3292 discrimen
880 3233 1240 3304 exprimitur;
1299 3232 1461 3287 verba
1498 3232 1654 3304 enim
1698 3235 1953 3304 proxime
1986 3234 2148 3288 citata

542 3306 818 3380 pertinent
853 3304 919 3360 ad
955 3301 1403 3380 confessionem,
1441 3303 1511 3380 ad
1553 3301 1975 3380 satisfactionem
2020 3319 2150 3361 vero

538 3373 823 3449 sequentia
857 3395 870 3430 ε
910 3393 1025 3430 cum
1053 3376 1098 3430 si
1125 3374 1322 3429 homini
1353 3373 1783 3445 satisfaciendum
1805 3375 1871 3428 sit
1891 3415 1905 3438 ,
1933 3383 2040 3430 etc.

618 3460 644 3487 ιι
684 3448 810 3502 Mss.
863 3447 1109 3502 alinuot.
1151 3445 1289 3501 Usus
1327 3446 1500 3502 enim:
1539 3446 1718 3502 Clar..
1759 3444 1962 3500 Vulnus
1985 3447 2072 3501 eui

737 3463 810 3501 SS.
863 3462 1109 3501 allﬂlIOI.
1151 3462 1289 3501 υειιδ
1327 3462 1500 3501 enim:
1539 3462 1685 3501 mar.

618 3460 644 3487 ιι
684 3456 810 3502 Mss.
863 3456 1109 3518 aliquot,
1151 3456 1289 3501 Usus
1327 3456 1500 3511 enim;
1539 3456 1718 3510 Clar.,
1764 3456 1962 3500 Vulnus
1985 3456 2147 3515 enim,

540 3520 737 3576 doloris
764 3520 1024 3590 abnegat;
1055 3517 1272 3590 quidam
1305 3517 1520 3590 obligat,
1547 3517 1829 3590 luxuriant,
1861 3528 1966 3572 ctc.

612 3593 639 3632 ι)
678 3591 794 3647 Non
821 3587 997 3661 pauci,
1025 3604 1127 3646 nec
1147 3587 1448 3661 deteriores
1477 3604 1633 3661 mss.,
1653 3587 1858 3661 Merito
1879 3591 2149 3660 reperiun-

541 3673 648 3732 tur;
689 3660 848 3734 paulo
877 3663 1070 3719 melius
1099 3662 1191 3732 qui
1216 3675 1341 3715 cum
1362 3660 1513 3716 Grat.
1530 3660 1912 3734 distinguunt,
1943 3662 2147 3734 merito.

543 3730 1166 3812 ﬂepeﬁunturtquibus‘
1193 3740 1385 3812 tamen
1409 3730 1730 3812 prteferendi
1767 3731 1880 3794 alii,
1921 3741 1974 3812 et
2014 3732 2147 3787 edit.

541 3802 714 3865 Po'rro
745 3822 855 3864 non
891 3802 1123 3861 obscure
1155 3802 1242 3858 hic
1267 3803 1579 3858 declaratur
1603 3803 1732 3858 olim
1771 3804 1938 3858 semel
1972 3812 2148 3858 actam

539 3879 758 3952 publice
788 3877 1166 3952 paenitentiam
1188 3892 1313 3952 ⁸ιιοιι
1345 3875 1515 3952 magis
1547 3875 1729 3952 iterari
1771 3875 2146 3952 consuevisse,

540 3946 1292 4020 quam.haptismttm._ldetn
1335 3947 1499 4002 etiam
1540 3946 1641 4002 sub
1667 3946 1829 4020 linem
1854 3946 2150 4020 sequentis

539 4016 663 4091 cap.
695 4016 1046 4092 significatur.
1091 4018 1242 4074 Hanc
1269 4027 1449 4072 autem
1479 4019 1802 4092 sententiam
1837 4016 2150 4072 Ambrosia-

540 4088 664 4149 nain
704 4088 825 4146 aliis
857 4091 1107 4146 Patribus
1134 4103 1478 4144 communem
1508 4088 1677 4144 fuisse
1708 4102 2040 4149 cognoscere
2068 4097 2152 4142 cst

542 4179 610 4221 ex
654 4163 886 4220 Tertull.
933 4162 1002 4218 de
1043 4159 1242 4216 Pmuit.
1287 4175 1407 4230 cap.
1454 4160 1510 4223 7,
1551 4160 1748 4215 Siricio
1787 4157 1944 4213 Pont.
1985 4157 2146 4214 Rom.

539 4237 700 4306 epist.
731 4251 750 4290 ι
780 4233 1085 4306 adllimer.
1111 4247 1234 4285 can.
1263 4230 1332 4295 4,
1378 4230 1606 4306 August.
1651 4231 1810 4306 epist.
1853 4230 1957 4306 157
1996 4244 2148 4306 nova:

539 4299 698 4373 edin,
726 4316 782 4361 et
808 4304 950 4359 aliis.
995 4304 1164 4358 lmmo
1203 4316 1331 4373 vero
1370 4301 1746 4373 non‘aliterhi
1778 4299 1886 4373 loci
1917 4301 2150 4373 Ambro-

540 4370 692 4436 siani’
730 4374 1070 4445 accipiuntur
1104 4387 1134 4425 a
1169 4372 1424 4440 Magistro
1462 4371 1639 4445 Sent._
1662 4371 1716 4424 in
1751 4387 1804 4426 ιν
1835 4370 2144 4445 dis_lin._lf;

539 4466 570 4506 a
605 4450 742 4504 Divo
775 4441 984 4500 ΤΙιόιιιιι
1024 4459 1082 4498 ιιι
1122 4450 1274 4510 parte
1297 4483 1310 4506 ,
1351 4449 1547 4512 quaest.
1579 4442 1684 4512 80,
1721 4449 1824 4496 art.
1867 4441 1954 4512 lo,
1985 4441 2050 4512 ad
2088 4441 2146 4506 2,

538 4531 701 4591 atque
731 4519 798 4572 ab
829 4517 950 4591 aliis
982 4522 1104 4584 post
1127 4514 1275 4591 ipsos
1309 4511 1597 4591 theologis.
1639 4511 1980 4591 Verum__hac
2007 4511 2059 4565 in
2091 4527 2148 4591 rc

532 4583 628 4649 illi
643 4589 854 4660 decepti
887 4583 1034 4660 sunt,
1060 4584 1203 4656 quod
1235 4599 1332 4640 eos
1361 4586 1448 4655 qui
1486 4593 1698 4660 peracta
1722 4583 1936 4660 publica
1969 4583 2145 4652 pwni-

540 4663 711 4718 tentia
733 4654 919 4715 rursus
940 4659 993 4713 in
1017 4654 1296 4724 peccatum
1323 4654 1504 4710 essent
1527 4654 1760 4724 delapsi,
1785 4654 1850 4708 ad
1879 4665 2144 4709 secretam

540 4674 711 4718 tentia
733 4674 919 4715 rursus
941 4675 993 4713 In
1052 4674 1296 4712 eccatum
1323 4674 1504 4710 essent
1527 4674 1760 4724 uetapsu,
1785 4674 1850 4708 au
1879 4674 2144 4709 secretam

540 4732 912 4807 pmnitentiani
962 4674 1234 4807 atiiuissos
1285 4726 1883 4807 putaverint..litenim
1938 4725 2029 4807 qui
2079 4725 2145 4780 ad

540 4797 769 4876 pristina
799 4803 1003 4876 scelera
1034 4799 1386 4876 quasi__canes_
1409 4797 1477 4852 ad
1507 4799 1766 4876 vomitum
1798 4797 2148 4852 reverteban-

539 4869 629 4933 tur
650 4918 663 4940 ,
699 4875 810 4946 jam
848 4871 952 4946 sibi
985 4869 1086 4946 ipsi
1116 4869 1597 4946 relinquebantur,
1632 4879 1700 4946 ut_
1725 4870 1892 4924 Deum
1920 4883 2023 4938 qua
2050 4883 2147 4946 po-

538 4938 663 5004 tiori
699 4938 797 5000 'via
840 4938 1020 4998 visum
1056 4938 1292 5007 fuisset,
1321 4941 1638 5011 placarent;
1690 4942 1760 4994 ita
1792 4949 1969 5011 tamen
2003 4949 2060 4994 ut
2091 4938 2144 4994 in

537 5020 686 5077 exitu
717 5018 842 5072 vita:
871 5029 968 5084 per
1000 5010 1406 5084 absolutionem
1429 5012 1773 5084 reconciliati
1807 5010 2148 5084 munirentur

536 5105 697 5147 sacro
717 5082 911 5142 viatico
931 5085 1352 5140 communionis.
1380 5082 1496 5150 Qua
1518 5083 1585 5138 de
1613 5098 1671 5137 re
1693 5082 1856 5137 adisis
1882 5082 2143 5136 Morinum

537 5161 610 5217 de
639 5159 930 5216 Administ.
973 5155 1171 5212 Potuit.
1205 5155 1301 5211 lib.
1336 5170 1416 5220 Ix,
1452 5170 1502 5208 c.
1534 5153 1605 5208 29
1631 5195 1646 5219 ,
1687 5164 1738 5207 et
1777 5153 2141 5208 Alexandrum

535 5233 675 5288 Sate.
725 5247 781 5285 ιιι
841 5227 980 5284 Hist.
1028 5227 1172 5282 Eccl.
1200 5266 1216 5290 ,
1272 5226 1495 5280 dissert.
1522 5225 1609 5279 10.
1645 5223 1916 5280 Οιιτιει-ιιηι
1947 5232 2146 5293 praeter

534 5302 685 5359 illam
721 5299 1349 5374 graviorumcriminum
1381 5296 1756 5374 paenitentiam
1785 5296 2145 5374 aliaﬂuoque

536 5383 656 5430 erat
687 5365 786 5444 pio
826 5371 1002 5440 culpis
1046 5369 1334 5444 levioribus
1357 5365 1463 5434 {et
1500 5367 1848 5444 quotidianis.
1904 5365 2144 5444 Tametsi

537 5459 670 5500 vero
688 5437 1002 5513 'utrumq'ue
1042 5440 1249 5512 peccati
1293 5454 1465 5509 genus
1511 5449 1635 5513 apte
1664 5438 2039 5513 distinguatur
2073 5437 2143 5492 ab

538 5515 852 5579 Ambrosio,
877 5509 1001 5567 cum
1025 5509 1204 5567 tamen
1228 5512 1274 5566 is
1299 5527 1419 5580 quae
1440 5526 1540 5581 pro
1573 5509 1805 5569 levibus,
1833 5522 2023 5575 quaeve
2047 5523 2142 5575 pro

535 5587 790 5658 gravibus
815 5583 1003 5658 haberi
1032 5582 1420 5658 debeant,_nnn
1451 5582 1740 5658 etlisserat,
1771 5581 2029 5658 lectorem
2057 5593 2143 5658 rc-

532 5648 804 5711 fnittimus
834 5654 897 5706 ad
939 5654 1226 5708 Auctorem
1256 5654 1374 5722 ejus
1401 5651 1669 5707 sermonis
1692 5690 1706 5713 ,
1747 5648 1836 5719 qui
1878 5650 2017 5704 inter
2045 5649 2144 5704 du-

536 5725 660 5787 bios
696 5729 923 5799 August.
958 5725 1138 5780 editus
1170 5735 1254 5782 est
1284 5723 1424 5792 552,
1465 5739 1614 5779 nutu.
1657 5722 1710 5776 7.

2175 4480 2226 4539 1)

2255 1848 2590 1918 graviorum.

2329 1960 2422 2015 96.
2462 1959 2700 2016 Facilius
2727 1970 2908 2016 autem
2940 1957 3045 2031 (De
3066 1957 3281 2024 Paenit.,
3305 1960 3430 2012 dist.
3457 1975 3497 2019 ι.
3524 1975 3574 2013 c.
3601 1958 3729 2014 Sunt
3745 1957 3836 2026 qui,

2260 2051 2288 2122 ἓ
2317 2050 2570 2123 Facilius)
2599 2053 2774 2108 inveni
2799 2052 2889 2122 qui
2917 2051 3282 2107 innocentiam
3314 2051 3676 2116 servaverint,
3701 2063 3840 2118 quant

2256 2145 2346 2216 qui
2379 2159 2618 2215 congrue
2638 2145 2849 2216 egerint
2879 2145 3276 2214 paenitentiam.
3306 2145 3386 2199 An
3417 2146 3698 2214 quisquam
3715 2143 3840 2197 illam

2260 2234 2630 2307 paenitentiam
2652 2244 2826 2304 putat,
2846 2237 2936 2291 ubi
2954 2236 3300 2306 acquirendm
3320 2237 3552 2292 ambitio
3571 2235 3840 2306 dignitatis,

2258 2327 2349 2384 ubi
2377 2328 2484 2382 vini
2512 2327 2674 2400 437
2703 2329 2923 2397 eﬂ'usio,
2946 2329 3038 2384 ubi
3073 2329 3244 2400 ipsius
3277 2339 3299 2368 ο
3327 2330 3545 2399 copula:
3571 2329 3842 2399 conjugalis

2258 2421 2426 2476 usus?
2470 2420 2911 2477 llenuntiandum
2946 2421 3148 2476 saeculo
3177 2430 3262 2477 est
3292 2438 3305 2474 :
3335 2437 3535 2478 somno
3564 2422 3662 2492 ipsi
3691 2419 3842 2475 minus

2255 2515 2682 2587 indulgendum,
2715 2532 2877 2586 quam
2908 2525 3099 2570 natura
3131 2515 3408 2586 postulat;
3445 2513 3840 2586 interpellandus

2255 2618 2340 2665 est
2378 2609 2672 2678 gemitibus
2693 2649 2709 2674 ,
2742 2606 3221 2677 interrumpendus
3247 2615 3332 2663 est
3357 2609 3643 2677 suSpiriis,
3676 2620 3840 2675 seque-

2255 2701 2512 2757 strandus
2548 2701 2886 2757 orationibus
2924 2700 3254 2756 :vivendum
3296 2701 3367 2756 ita
3394 2743 3410 2767 ,
3453 2711 3513 2756 ut
3554 2700 3694 2756 vitali
3736 2697 3840 2753 huic

2256 2795 2553 2850 moriamur
2577 2795 2717 2860 usui,
2745 2809 2804 2849 se
2827 2795 3003 2862 ipsum
3034 2793 3138 2848 sibi
3170 2792 3332 2849 homo
3358 2793 3614 2865 abneget,
3641 2802 3693 2848 et
3718 2799 3840 2845 totus

2260 2896 2540 2944 mutetur:
2566 2887 2710 2943 sicut
2729 2886 3014 2958 quemdam
3037 2886 3446 2943 adolescentem
3474 2886 3666 2942 fabula:
3688 2884 3840 2939 ferunt

2255 2977 2280 3016 ά
2315 2992 2538 3052 pr0pter
2569 2995 2784 3036 amores
2815 2978 3153 3036 meretricios
3183 2994 3414 3051 peregre
3446 2980 3736 3051 profectum
3758 3018 3772 3044 ,
3795 2983 3840 3031 et

2330 3105 2352 3134 ο
2395 3094 2559 3151 Pauci
2598 3094 2934 3167 mss.rculpte
2957 3094 3274 3167 conjugalis.
3317 3093 3474 3167 Haud
3513 3096 3646 3150 satis
3674 3098 3834 3167 recte;

2255 3183 2362 3223 non
2403 3168 2548 3222 enim
2585 3166 2653 3221 de
2691 3161 2992 3231 adulterio,
3029 3161 3173 3234 quod
3216 3165 3418 3221 nemini
3453 3167 3583 3222 licet
3621 3183 3634 3218 :
3671 3163 3754 3218 sed
3782 3161 3837 3213 de

2253 3236 2524 3308 conjugali
2551 3251 2882 3307 congressu,
2915 3252 3094 3308 aquo
3128 3236 3229 3308 soli
3258 3236 3586 3305 ptenitentes
3609 3237 3836 3305 jubentur

2253 3307 2563 3381 abstinere,
2583 3308 2670 3381 hic
2708 3309 2901 3381 agitur.
2935 3307 3131 3381 Verum
3170 3307 3405 3381 fortasse
3447 3308 3725 3364 miraberis
3755 3317 3834 3359 cur

2256 3379 2567 3451 bujusmodi
2611 3379 2996 3434 abstinentiam
3025 3380 3206 3451 exigat
3234 3379 3579 3444 Ambrosius,
3609 3393 3726 3433 cum
3757 3389 3834 3451 ea-

2253 3445 2376 3507 dem
2410 3451 2500 3505 illa
2531 3466 2636 3504 non
2671 3459 3008 3506 memoretur
3033 3449 3086 3505 iu
3119 3445 3182 3505 iis
3209 3451 3475 3520 operibus
3495 3490 3510 3514 ,
3543 3465 3660 3521 qute
3689 3445 3835 3518 pomi-

2256 3522 2497 3578 tentibus
2533 3521 2875 3576 observanda
2910 3523 3180 3591 imperant
3220 3521 3314 3575 alii
3358 3522 3568 3577 Patres.
3611 3522 3834 3591 Attamen

2253 3609 2378 3649 eum
2425 3593 2776 3648 continentia:
2817 3589 3327 3648 usum'obtinuisse
3377 3593 3487 3647 illis
3531 3589 3835 3660 temporibus

2256 3665 2500 3720 videmur
2539 3665 2664 3718 hinc
2710 3675 2870 3732 posse
2911 3664 3204 3734 colligere,
3253 3663 3402 3733 quod
3455 3664 3680 3720 Siricius
3719 3675 3832 3734 papa

2253 3737 2414 3806 epist.
2458 3735 2524 3790 ad
2558 3735 2762 3789 lliiuer.
2808 3751 2957 3789 num.
3001 3732 3170 3806 5_eos
3195 3732 3290 3806 qui
3341 3735 3606 3806 publicam
3650 3732 3834 3802 egerint

2257 3808 2632 3876 paenitentiam
2653 3847 2667 3870 ,
2692 3806 2736 3859 si
2767 3821 2963 3859 novum
2990 3805 3299 3876 conjugium
3333 3815 3522 3874 postea
3551 3805 3782 3867 inierint,
3807 3816 3831 3854 a

2254 3878 2638 3933 communione
2657 3887 3018 3947 prmterquam
3044 3877 3098 3931 in
3116 3878 3312 3932 mortis
3333 3877 3565 3932 articulo
3582 3886 3798 3947 removet
3819 3889 3828 3922 :

2253 3944 2711 4020 quemadmodum
2735 3944 3080 4020 etiamiconc.
3111 3947 3319 4004 Arelat.
3347 3963 3408 4011 ιι,
3440 3963 3565 4002 can.
3587 3948 3672 4011 2-1,
3697 3944 3831 4020 cujus

2256 4016 2481 4088 insuper
2525 4035 2648 4075 can.
2691 4019 2762 4073 22
2801 4019 3155 4089 prohibetur,
3191 4034 3259 4075 ne
3293 4019 3610 4087 paenitentia
3645 4016 3829 4086 publica

2253 4093 2492 4161 cuipiam
2515 4091 2804 4161 conjugato
2827 4091 2942 4144 sine
2963 4090 3206 4161 conjugis
3228 4105 3505 4146 consensu
3529 4089 3826 4161 imponatur.

2254 4158 2510 4218 His—adde
2532 4158 2942 4234 quodvideatur
2963 4158 3202 4234 mitigata
3230 4161 3318 4217 illa
3339 4162 3613 4234 severitas
3625 4158 3829 4234 a_Leonc

2257 4245 2407 4302 pnnt.
2436 4230 2596 4304 epist.
2628 4233 2695 4288 ad
2723 4232 3003 4304 Rusticum
3036 4230 3276 4287 Narbou.
3310 4249 3339 4286 a
3373 4248 3530 4288 conc.
3573 4230 3825 4304 Tolct.-vt,

2252 4300 2374 4359 can.
2411 4300 2484 4370 8,
2514 4319 2613 4359 nec
2659 4319 2762 4358 non
2805 4319 2834 4356 a
2871 4303 3094 4358 Tullen.
3132 4319 3204 4369 ιι,
3241 4318 3272 4357 a
3302 4304 3500 4373 quibus
3524 4300 3827 4373 permittitur

2255 4376 2485 4445 publicis
2511 4375 2918 4444 pcenitentibus,
2942 4384 3001 4428 ut
3020 4375 3064 4429 si
3092 4370 3376 4430 continere
3398 4391 3460 4430 se
3487 4370 3587 4429 non
3614 4370 3825 4445 valeant.

2253 4437 2796 4516 copulam-legitima:
2832 4437 3018 4516 uxoris
3057 4455 3336 4515 appetant,
3375 4461 3442 4500 ue
3479 4437 3825 4516 fornicationis

2256 4511 2499 4586 periculo
2524 4511 2892 4586 exponentur.
2927 4515 3038 4571 Nec
3061 4511 3194 4571 sane
3219 4517 3415 4571 mirum
3445 4516 3489 4571 si
3519 4511 3823 4586 continentia

2257 4581 2635 4658 imponebatur
2673 4589 2726 4642 in
2767 4586 2980 4660 publica
3015 4588 3331 4660 pteuitentia
3354 4587 3613 4660 ,rquaudo
3653 4581 3821 4660 eadem

2253 4660 2320 4713 ab
2334 4653 2724 4714 innocentibus
2749 4653 2911 4714 etiam
2944 4659 2996 4712 in
3016 4653 3225 4729 jejunio
3254 4653 3688 4729 quadragesima“
3714 4653 3821 4729 exi-

2253 4732 2476 4801 gebatur
2507 4747 2520 4783 :
2554 4746 2656 4801 qua
2691 4729 2762 4786 de
2791 4745 2851 4784 re
2878 4721 3220 4801 videas'licet
3252 4721 3821 4801 erutlit."Thaumassi-

2253 4795 2402 4856 num.
2435 4795 2590 4870 Quod
2618 4812 2801 4856 autem
2832 4809 3041 4870 spectat
3078 4800 3182 4854 alia
3210 4800 3554 4868 publicorum
3584 4795 3822 4867 paeniten-

2253 4873 2384 4927 tittm
2423 4886 2618 4942 opera,
2649 4888 2770 4940 qua:
2809 4873 2876 4925 ab
2905 4871 3196 4926 Ambrosio
3230 4872 3315 4925 hic
3342 4870 3742 4942 describuntur;
3766 4877 3817 4916 ea

2249 4935 2554 5014 quoque'ex
2566 4935 2737 5014 posita
2762 4942 3166 5014 reperiesapud
3190 4943 3323 5014 alios
3346 4941 3450 4996 PP.
3477 4950 3533 5014 ut
3562 4949 3679 5014 puta
3703 4935 3818 5013 Ter-

2253 5003 2474 5071 t'ul|.'de
2499 5003 2696 5084 Ptianit.
2726 5003 2848 5082 cap'.
2876 5012 2932 5076 9,
2961 5003 3143 5077 10,θ11
3173 5022 3229 5069 et
3246 5013 3344 5084 ης
3369 5003 3618 5084 Cyprian.
3649 5009 3696 5061 in
3717 5003 3813 5084 suis

2250 5100 2312 5140 ac
2338 5085 2496 5140 Rom.
2529 5083 2674 5140 Cleri
2696 5074 2853 5155 epist.
2885 5074 2953 5139 de
2982 5074 3192 5155 Lapsis,
3225 5074 3386 5154 Greg.
3413 5074 3573 5155 Nyss.
3600 5081 3732 5155 hom.
3757 5074 3814 5127 de

2247 5156 2471 5282 gustui”...
2497 5147 2783 5211 Paciauuin
2805 5154 3020 5211 PaﬂBll.
3045 5147 3112 5210 ad
3136 5147 3658 5220 PtBnit.,C:L-sarium
3680 5147 3808 5201 hom.

2288 5242 2338 5282 .e
2392 5243 2421 5280 a
2451 5242 2550 5281 tos.

2288 5237 2362 5294 ,et
2392 5229 2550 5281 alios.
3779 5284 3788 5294 .

2320 5295 2348 5335 ἀ
2391 5297 2507 5352 Vet.
2539 5296 2671 5353 edit.
2705 5312 2768 5352 ac
2799 5312 2929 5352 mss.
2963 5297 3184 5367 aliquot,
3225 5305 3342 5366 post
3379 5312 3574 5351 amores
3610 5294 3810 5345 meretri—

2249 5369 2400 5435 cios;
2445 5367 2602 5422 Rom.
2645 5367 2777 5441 edit.
2809 5379 2863 5424 et
2892 5369 2983 5423 alii
3012 5383 3145 5441 quos
3177 5368 3264 5422 hic
3298 5370 3590 5437 sequimur,
3626 5367 3810 5441 propter

2247 5434 2446 5492 amores
2498 5439 2855 5505 meretricios;
2900 5434 3165 5505 nonnulli,
3198 5434 3420 5493 amarent
3475 5434 3802 5505 meretricium.

2250 5511 2452 5564 llursus
2482 5508 2614 5563 edit.
2644 5523 2709 5565 ac
2739 5502 2893 5579 pauci
2923 5525 3051 5566 mss.
3077 5552 3092 5577 ,
3123 5502 3280 5565 veteri
3305 5509 3586 5564 occurrisse
3611 5502 3804 5579 dilecttv,

2247 5596 2361 5650 qum
2404 5579 2489 5632 ubi
2539 5595 2643 5631 non
2681 5571 3102 5648 inlerpellntam}
3140 5581 3296 5636 Rom.
3325 5622 3336 5640 ,
3367 5597 3466 5635 non
3492 5571 3805 5650 interpella”.

2248 5648 2434 5704 niirutu
2468 5653 2718 5715 putaverit
2753 5669 2770 5705 :
2803 5653 3018 5722 quidam
3053 5668 3206 5715 lllSS.,
3250 5662 3425 5718 postea
3448 5664 3560 5705 vero
3579 5648 3620 5700 ei
3647 5653 3810 5722 occurr

2246 5722 2374 5780 rissc
2401 5723 2664 5792 dilectam,
2703 5714 2834 5795 qute'
2858 5723 2946 5780 ubi
2975 5739 3027 5779 se
3068 5739 3169 5779 non
3197 5714 3580 5793 interpellatam
3616 5714 3807 5780 mirata,
