3952 6178
157 200 244 261 521

1353 201 1444 258 DE
1482 195 1942 258 ΡίΕΝΙΤΕΝΤΙΑ
1981 189 2110 252 LIB.
2152 193 2215 251 ll.

3323 185 3433 253 829

147 315 337 373 abolito
373 327 563 371 amore
597 326 940 387 regressum,
987 320 1175 383 postea
1219 314 1387 370 veteri
1427 314 1732 371 occurrisse
1759 317 1809 376 Α
1836 317 1888 363 et
1909 308 2182 364 dicentem
2209 322 2222 359 :
2249 303 2420 361 Filius
2449 320 2591 361 meus
2611 304 2916 374 Abessalon,
2946 303 3088 375 ﬁlius
3115 320 3256 363 meus
3282 305 3444 364 Abes-

146 411 373 474 dilectze,
410 425 533 481 quae
571 406 662 464 ubi
688 422 749 464 se
789 421 895 464 non
924 405 1321 479 interpellavit,
1352 407 1543 462 mirata
1582 415 1735 478 puta-

147 508 274 563 vcrit
295 521 401 562 non
428 504 786 576 recognitam,
810 518 1004 560 rursus
1024 517 1321 560 occurrens
1346 502 1545 559 dixerit
1573 520 1586 556 :
1619 502 1734 573 Ego

145 616 286 665 sum;
317 597 660 670 responderit
691 598 782 654 ille
813 615 826 652 :
860 597 968 655 Sed
995 613 1098 669 ego
1123 613 1228 652 non
1257 612 1376 652 sum
1406 612 1529 668 ego.

205 692 288 748 97.
326 690 485 749 Unde
520 692 658 748 bene
684 691 948 747 Dominus
977 690 1054 746 ait
1093 708 1106 743 :
1140 690 1240 758 Qui
1267 691 1376 745 uult
1401 699 1516 762 post
1542 705 1623 744 me
1653 706 1732 744 vc-

143 787 268 850 nire,
302 785 513 862 abneget
536 786 866 856 semetipsum
893 783 1027 852 sibi,
1056 792 1106 838 et
1132 783 1280 838 tollat
1309 799 1512 838 crucem
1560 799 1727 850 suam,

140 888 181 934 et
206 888 440 950 sequatur
467 894 548 933 me
585 877 806 951 (Matth.
834 893 949 943 xvr,
975 876 1093 946 24).
1145 875 1361 932 Etenim
1399 876 1491 948 qui
1531 876 1728 932 mortui

138 979 185 1027 et
209 970 399 1042 sepulti
442 971 498 1026 in
535 969 754 1026 Christo
783 980 942 1034 sunt,
981 984 1089 1024 non
1120 967 1322 1026 debent
1347 969 1544 1024 iterum
1579 968 1733 1023 velut

137 1063 364 1120 viventes
392 1063 463 1119 de
492 1062 598 1118 hoc
623 1061 825 1118 mundo
851 1061 1173 1118 decernere.
1199 1060 1286 1116 Ne
1311 1061 1578 1132 tetigeritis
1599 1102 1614 1127 ,
1646 1061 1728 1115 in-

133 1157 265 1226 quit,
297 1173 388 1211 nec
414 1155 842 1211 attaminaveritis
867 1171 982 1226 quia
1013 1163 1132 1209 sunt
1162 1153 1336 1208 omnia
1358 1153 1427 1207 ad
1457 1161 1726 1223 corrupte-

132 1245 223 1301 lam
254 1247 364 1318 ipso
389 1263 488 1302 usu
521 1245 748 1320 (Coloss.
775 1261 835 1312 ιι,
864 1244 982 1316 20),
1013 1261 1078 1303 eo
1099 1244 1244 1317 quod
1275 1245 1395 1318 ipse
1415 1243 1577 1316 hujus
1606 1244 1730 1300 vita:

133 1353 251 1395 usus
273 1337 588 1411 corruptela
613 1338 686 1394 sit
713 1337 1064 1410 integritatis.

729 1450 962 1540 CAPUT
1003 1450 1099 1507 x1.

137 1567 223 1626 Ubi
259 1569 507 1639 prtermisit
542 1569 820 1640 quominus
861 1567 931 1620 ad
979 1574 1196 1628 mortem
1239 1581 1398 1637 usque
1445 1567 1728 1638 baptismus

193 1661 446 1731 rejiciatur
465 1701 480 1728 ,
514 1661 573 1714 in
603 1675 761 1714 causa
796 1675 904 1715 esse
939 1658 1326 1730 pamitentiam;
1366 1674 1452 1714 eos
1483 1677 1517 1714 a
1544 1661 1729 1730 quibus

195 1754 301 1822 ipsa
348 1753 769 1825 procrastinatur
793 1791 809 1818 ,
859 1751 1034 1806 allatis
1087 1750 1379 1822 Scriptura:
1427 1753 1729 1807 testimoniis

196 1853 347 1918 urget.
376 1843 667 1917 Subjungit
691 1853 861 1898 tamen
889 1854 996 1898 tum
1019 1840 1276 1913 agendam
1297 1843 1444 1898 illam
1466 1860 1569 1899 non
1595 1860 1727 1910 esse,

200 1953 305 1992 cum
331 1937 507 1992 adhuc
529 1940 726 2009 favent
752 1935 1065 2006 cupiditates
1088 1975 1102 2001 ,
1132 1944 1186 1988 at
1225 1935 1394 2005 quoad
1423 1935 1616 1991 eaedem
1642 1951 1727 1992 re-

201 2031 444 2099 sederint,
473 2029 908 2102 exspectandum.

203 2145 286 2204 98.
347 2147 499 2203 Bona
555 2161 689 2216 ergo
733 2144 1050 2216 pmnitentia
1078 2187 1093 2214 ,
1136 2160 1259 2216 quae
1313 2146 1360 2202 si
1402 2159 1510 2202 non
1557 2154 1724 2214 esset,

139 2251 307 2296 omnes
337 2239 404 2296 ad
445 2247 794 2297 senectutem
826 2237 1110 2294 ditl‘errent
1141 2237 1439 2296 ablutionis
1476 2239 1728 2310 gratiam.

139 2331 324 2399 Quibus
349 2333 483 2389 satis
511 2333 769 2404 responsi
796 2341 880 2388 est
906 2332 1046 2400 quia’
1064 2332 1259 2389 melius
1291 2341 1375 2388 est
1403 2341 1464 2388 ut
1501 2331 1731 2389 habeam

142 2425 268 2492 quod
295 2427 550 2493 sarciam,
578 2441 740 2498 quam
773 2439 884 2481 non
910 2425 1140 2482 habeam
1181 2425 1325 2496 quod
1356 2425 1557 2482 vestiar
1594 2443 1607 2481 :
1635 2426 1732 2483 sed

142 2519 262 2576 sicut
282 2521 447 2578 semel
467 2529 658 2577 assuta
681 2519 1143 2592 redintegrantur,
1172 2521 1245 2575 ita
1272 2519 1591 2592 frequenter
1611 2530 1732 2578 suta

143 2610 426 2669 solvuntur.

217 2703 297 2759 99.
336 2705 444 2760 Eos
481 2713 670 2760 autem
711 2703 803 2776 qui
845 2704 1221 2775 paenitentiam
1266 2703 1562 2772 differunt,
1606 2705 1740 2762 satis

147 2794 250 2866 ipse
283 2798 550 2854 Dominus
588 2797 869 2853 admonuit
893 2797 1080 2854 dicens
1121 2814 1135 2850 :
1169 2795 1531 2854 Paenitentiam
1557 2799 1733 2871 agite;

146 2894 563 2964 appropinquavit
595 2893 732 2948 enim
756 2909 969 2964 regnum
991 2893 1234 2948 caelorum
1262 2891 1476 2966 (Matth.
1511 2907 1586 2960 tv,
1619 2891 1732 2963 17).

146 2981 406 3042 Nescimus
443 2999 582 3058 ergo
627 2999 733 3056 qua
783 2983 919 3040 hora
956 2983 1045 3040 fur
1082 2983 1333 3052 venerit,
1365 2985 1637 3039 nescimus
1664 2998 1735 3038 an

1837 403 1985 456 salon
2017 400 2083 470 (ll
2114 399 2249 471 Reg.
2279 414 2412 455 xvnt
2431 440 2446 465 ,
2474 398 2588 468 33).
2617 397 2721 466 Qui
2748 396 2894 453 enim
2922 398 3142 468 penitus
3181 407 3265 455 est
3291 415 3442 456 mor—

1836 501 1986 559 tuus,
2017 492 2134 548 sine
2159 491 2266 546 ulla
2295 491 2614 561 exceptione
2639 489 2891 546 deﬂetur.

1907 585 2031 641 101.
2074 585 2154 639 De
2185 583 2269 638 bis
2302 592 2482 639 autem
2512 583 2607 655 qui
2631 582 2851 639 exsules
2873 591 3037 654 atque
3065 583 3338 656 peregrini
3367 585 3434 640 li-

1833 675 2026 732 mitum
2057 686 2431 746 paternorum,
2455 690 2592 747 quos
2617 675 2707 732 lex
2740 672 2908 748 Moysi
2938 685 3128 732 sancta
3155 678 3441 748 praescrip-

1833 769 1926 836 sit,
1958 766 2245 824 mundanis
2273 765 2691 838 implicabuntur
2719 766 3018 835 erroribus,
3046 767 3201 823 audis
3229 784 3439 827 canen-

1833 871 1942 918 tem
1968 877 1984 914 :
2009 862 2181 932 Super
2199 862 2415 933 ﬂumina
2436 859 2721 932 Babylonis
2740 861 2854 916 illic
2873 862 3097 918 sedimus
3118 872 3165 919 et
3181 865 3441 934 ﬂeuimus,

1833 953 1957 1008 dum
2001 955 2395 1009 recordaremur
2439 952 2570 1008 Sion
2617 951 2791 1024 (Psal.
2835 969 3064 1019 cxxxvt,
3104 955 3180 1022 1).
3227 955 3439 1014 lnducit

1833 1048 1977 1102 enim
2008 1058 2034 1085 ει
2060 1048 2334 1119 lapsorum
2361 1047 2616 1119 gemitus,
2643 1047 2694 1100 in
2723 1047 2841 1117 ipso
2865 1059 3166 1120 temporum
3191 1065 3436 1119 prasen-

1832 1139 1965 1194 tium
1998 1149 2053 1195 et
2083 1154 2265 1194 rerum
2295 1139 2595 1194 labentium
2619 1137 2798 1194 adhuc
2828 1139 3036 1210 positos
3065 1149 3209 1195 statu
3238 1141 3440 1198 debere

1830 1230 2195 1302 resipiscere;
2233 1247 2422 1287 eorum
2459 1232 2711 1288 videlicet
2755 1233 3007 1302 exemplo
3032 1275 3046 1299 ,
3088 1234 3178 1304 qui
3215 1243 3440 1306 propter

1828 1323 2036 1394 peccati
2068 1322 2300 1394 pretium
2340 1321 2560 1380 deducti
2585 1333 2744 1379 erant
2787 1324 2838 1379 in
2878 1325 3206 1396 captivitatis
3243 1341 3439 1383 rerum-

1831 1431 1977 1472 nam.

1902 1507 2030 1563 102.
2072 1506 2220 1563 Nihil
2252 1515 2338 1563 est
2361 1515 2542 1563 autem
2591 1507 2696 1579 (De
2729 1507 2956 1577 Prenit.,
3001 1509 3124 1578 dist,
3157 1526 3198 1578 ι,
3227 1527 3275 1565 c.
3306 1511 3443 1568 Sunt

1829 1600 1940 1669 qui,
1973 1598 2002 1670 §
2034 1597 2186 1654 Nihil
2211 1595 2312 1670 est)
2353 1599 2499 1668 quod
2530 1607 2639 1654 tam
2686 1613 2900 1654 summo
2932 1598 3109 1656 dolori
3137 1601 3239 1664 sit,
3276 1617 3440 1674 quam

1758 1712 1806 1773 Β
1831 1700 1892 1747 ιιι
1918 1692 2286 1763 unusquisque
2339 1692 2547 1762 positus
2593 1691 2695 1747 sub
2736 1692 3055 1762 captivitate
3086 1695 3319 1765 peccati,
3351 1711 3442 1752 re-

1830 1785 2093 1842 cordetur
2122 1785 2264 1841 unde
2292 1784 2475 1856 lapsus
2499 1785 2602 1854 sit,
2631 1794 2795 1856 atque
2835 1785 2982 1843 unde
3016 1786 3286 1845 deciderit
3311 1807 3326 1857 ;
3373 1805 3444 1848 eo

1829 1876 1974 1948 quod
2013 1875 2079 1932 ad
2111 1891 2375 1948 corporea
2403 1888 2570 1949 atque
2600 1886 2814 1934 terrena
2844 1877 2913 1934 ab
2952 1879 3043 1934 illa
3087 1881 3335 1951 speciosa
3377 1897 3443 1938 ac

1831 1970 2060 2040 pulchra
2086 1969 2115 2008 1ο
2142 1970 2342 2026 divina:
2370 1971 2698 2042 cognitionis
2732 1971 3038 2028 intentione
3066 1973 3368 2031 deﬂexerit.

1905 2062 2030 2118 105.
2073 2061 2167 2117 Sic
2187 2060 2358 2117 babes
2383 2060 2556 2117 Adam
2588 2061 3011 2118 abscondentem
3039 2077 3123 2131 se,
3149 2064 3241 2121 ubi
3269 2065 3439 2122 Deum

1832 2154 2086 2227 cognovit
2099 2169 2223 2211 esse
2245 2163 2595 2225 praesentem,
2612 2163 2666 2210 et
2680 2157 2965 2225 quaesitum
2989 2156 3158 2214 latere
3180 2160 3440 2227 voluisse,

1832 2257 1888 2304 et
1906 2256 2158 2303 vocatum
2184 2261 2216 2300 a
2245 2246 2478 2301 Domino
2514 2261 2577 2301 ea
2603 2261 2738 2301 voce
2767 2262 2890 2317 qua:
2915 2247 3134 2304 latentis
3163 2250 3441 2307 morderet

1832 2339 2121 2408 aﬂectum,
2144 2339 2261 2396 hoc
2289 2347 2373 2396 est
2411 2354 2425 2392 :
2459 2339 2658 2404 Adam,
2688 2339 2776 2393 ubi
2801 2355 2853 2395 es
2883 2338 3038 2411 (Gen.
3070 2356 3152 2406 ιιι,
3181 2341 3284 2413 9)?
3326 2342 3440 2399 lloc

1833 2441 1954 2497 est,
1995 2445 2093 2487 cur
2142 2441 2194 2486 te
2237 2429 2569 2486 abscondis?
2616 2445 2713 2486 cur
2763 2431 2936 2486 lates?
2972 2445 3071 2487 cur
3113 2431 3254 2503 fugis
3289 2447 3438 2502 eum,

1832 2537 1994 2594 quem
2023 2520 2208 2577 videre
2248 2519 2638 2577 desiderabas?
2683 2520 2759 2576 Ita
2795 2521 2976 2593 gravis
3007 2522 3168 2593 culpa
3197 2532 3282 2580 est
3308 2539 3442 2580 con-

1832 2613 2109 2679 scientiae,
2148 2620 2208 2668 ut
2235 2612 2357 2669 sine
2378 2611 2566 2684 judice
2597 2613 2714 2684 ipsa
2753 2628 2813 2668 se
2847 2614 3055 2684 puniat,
3087 2623 3142 2670 et
3169 2614 3357 2673 velare
3382 2632 3444 2674 se

1833 2708 2056 2778 cupiat;
2088 2717 2142 2763 et
2169 2715 2352 2763 tamen
2381 2705 2524 2777 apud
2550 2706 2721 2763 Deum
2749 2706 2892 2762 nuda
2919 2708 3008 2762 sit.

1908 2799 2033 2856 104.
2066 2799 2138 2854 Et
2163 2799 2286 2855 ideo
2309 2813 2472 2855 nemo
2495 2798 2548 2854 in
2572 2807 2796 2870 peccato
2823 2801 3037 2869 positus
3057 2814 3321 2872 arrogare
3342 2802 3447 2860 sibi

1835 2894 1998 2951 debet
2026 2894 2406 2950 auctoritatem
2428 2903 2522 2949 aut
2543 2894 2951 2964 usurpationem
2979 2906 3443 2953 sacramentorum

1839 2985 1958 3060 (De
1998 2985 2188 3042 Paruit.
2215 3027 2230 3053 ,
2282 2986 2403 3040 dist.
2439 3002 2488 3054 ι,
2528 3003 2575 3041 c.
2619 2985 2754 3041 Sunt
2800 2987 2921 3056 qui,
2956 2986 2984 3058 ᾗ
3029 2985 3274 3060 Nemo);
3317 2989 3445 3059 quia

146 3079 367 3146 proxima
412 3088 580 3136 nocte
625 3092 657 3133 a
704 3077 868 3135 nobis
923 3085 1109 3134 nostra
1158 3085 1479 3148 reposcatur
1529 3076 1730 3131 anima.
1760 3088 1807 3152 ρ
1839 3080 2100 3150 scriptum
2122 3087 2207 3135 est
2237 3096 2248 3131 :
2283 3088 2305 3117 ο
2339 3076 2594 3144 Peccasti,
2623 3080 2825 3148 quiesce
2852 3077 3007 3149 (Gen.
3041 3080 3254 3153 ιν,,10).
3287 3081 3441 3148 Quod

147 3171 302 3227 Adam
333 3172 434 3245 (De
460 3171 688 3240 Paenit.,
718 3171 842 3228 dist.
873 3187 914 3238 ι,
941 3188 988 3226 c.
1014 3168 1204 3242 Adam)
1235 3177 1358 3240 post
1381 3169 1597 3238 culpam
1627 3175 1739 3224 sta-

143 3267 228 3322 tim
253 3267 317 3324 de
339 3266 602 3338 paradiso
623 3267 766 3321 Deus
792 3265 979 3336 ejecit,
1006 3280 1116 3320 non
1144 3263 1354 3319 distulit
1386 3279 1399 3317 :
1431 3261 1528 3318 sed
1554 3261 1736 3318 statim

143 3359 400 3429 separavit
432 3375 462 3415 a
515 3357 750 3425 deliciis,
784 3366 846 3413 ut
872 3365 1058 3428 ageret
1096 3355 1470 3426 paenitentiam
1504 3371 1517 3408 :
1550 3354 1736 3409 statim

146 3452 366 3508 tunicam
386 3451 615 3509 vestivit
631 3450 935 3522 pelliceam,
959 3465 1068 3505 non
1089 3448 1319 3504 sericam
1350 3445 1504 3517 (Gen.
1522 3461 1602 3512 ιιι,
1617 3445 1736 3517 21).

209 3544 328 3600 100.
367 3544 516 3613 Quid
545 3544 706 3606 enim
752 3553 837 3598 est
871 3541 1016 3614 quod
1065 3539 1326 3597 din‘eras?
1365 3541 1448 3594 An
1487 3547 1544 3593 ut
1579 3538 1734 3608 plura

147 3649 351 3708 peccata
393 3636 755 3695 committas?
801 3635 944 3706 Ergo
989 3635 1114 3706 quia
1164 3633 1308 3688 Deus
1347 3631 1513 3704 538
1559 3630 1736 3686 bonus

149 3740 253 3798 est,
282 3732 401 3803 ideo
431 3744 490 3788 tu
520 3731 698 3787 malus
722 3773 738 3798 ,
776 3739 833 3787 et
858 3730 1075 3785 divitias
1113 3728 1373 3785 bonitatis
1402 3727 1522 3797 ejus
1548 3735 1604 3782 et
1637 3741 1732 3796 pa-

149 3822 334 3879 tientiae
358 3821 671 3880 contemnis
696 3821 876 3895 (Rom.
909 3837 983 3888 ιι,
1009 3819 1104 3890 4)ἳ
1144 3819 1253 3877 Sed
1276 3819 1493 3876 bonitas
1520 3816 1737 3873 Domini

153 3917 305 3987 magis
340 3917 408 3974 ad
449 3915 830 3989 paenitentiam
873 3922 926 3970 te
964 3896 1127 3970 debet
1169 3912 1460 3969 adducere.
1507 3909 1634 3966 Ideo
1668 3908 1738 3965 ad

153 4021 324 4066 omnes
352 4018 580 4066 sanctus
612 4007 780 4064 David
803 4006 930 4064 dicit
961 4024 974 4060 :
1007 4006 1188 4062 Venite
1212 4007 1510 4070 adoremus,
1541 4012 1590 4059 et
1618 4019 1738 4074 pro-

156 4099 368 4157 cidamus
388 4113 510 4157 ante
527 4117 670 4170 eum,
693 4108 740 4154 et
759 4099 1021 4171 ploremus
1039 4108 1159 4155 ante
1176 4097 1459 4154 Dominum
1479 4105 1734 4163 nostrum,

155 4195 230 4261 qui
250 4196 358 4267 fecit
381 4212 479 4251 nos
509 4192 687 4266 (Psal.
718 4209 864 4260 χειν,
891 4191 969 4266 6).
1003 4192 1082 4248 De
1107 4201 1393 4264 peccatore
1417 4197 1599 4247 autem
1621 4190 1740 4246 sine

157 4287 454 4353 paenitentia
499 4294 754 4352 mortuo,
805 4284 934 4357 quia
975 4282 1109 4339 nihil
1154 4283 1299 4340 aliud
1348 4290 1600 4354 superest
1638 4281 1743 4337 nisi

159 4383 372 4448 graviter
400 4397 667 4450 mmrere,
698 4381 803 4438 nisi
831 4379 996 4446 ﬂere,
1026 4379 1194 4436 habes
1222 4380 1529 4450 plorantem
1560 4377 1741 4449 ipsum

1843 3173 1898 3228 in
1946 3171 2204 3243 praesenti
2242 3170 2453 3241 psalmo
2491 3170 2659 3226 David
2703 3170 2837 3226 dicit
2879 3188 2892 3225 :
2936 3169 3004 3225 In
3041 3173 3289 3228 salicibus
3333 3171 3450 3242 (De

1845 3263 2068 3330 Poenit.,
2099 3265 2220 3319 dist.
2247 3265 2316 3332 5,
2346 3281 2392 3317 c.
2425 3262 2492 3318 In
2521 3263 2810 3336 salicibus),
2842 3263 3040 3335 inquit,
3064 3266 3121 3320 in
3139 3265 3309 3320 medio
3329 3267 3446 3337 ejus

1844 3359 2208 3432 suspendimus
2235 3375 2433 3432 organa
2461 3368 2672 3425 nostra;
2711 3365 2769 3414 et
2799 3357 2936 3414 infra
2972 3376 2984 3412 :
3019 3359 3291 3424 Quomodo
3321 3376 3446 3414 can-

1845 3451 2063 3505 tabimus
2087 3450 2346 3504 canticum
2367 3448 2574 3504 Domini
2596 3449 2649 3503 in
2676 3457 2811 3503 terra
2830 3449 2999 3504 aliena
3025 3448 3198 3520 (Psal.
3224 3465 3443 3520 cxxxvr,

1845 3543 1898 3610 1,
1921 3541 2020 3614 2)?
2049 3542 2106 3600 Si
2142 3543 2289 3599 enim
2323 3556 2451 3599 caro
2479 3542 2644 3598 menti
2674 3551 2958 3612 repugnat,
2991 3557 3096 3597 nec
3120 3543 3332 3598 subdita
3363 3552 3449 3601 est

1841 3636 2010 3692 animi
2034 3636 2422 3708 gubernaculo,
2443 3644 2499 3690 et
2519 3634 2715 3689 mentis
2735 3635 2984 3704 imperio,
3009 3634 3185 3690 aliena
3202 3644 3286 3690 est
3303 3644 3448 3691 terra

1843 3743 1966 3799 qua:
2014 3744 2120 3784 non
2172 3729 2424 3783 domatur
2466 3724 2731 3780 exercitio
2775 3725 3027 3791 cultoris,
3070 3733 3126 3780 et
3169 3724 3294 3780 ideo
3336 3740 3448 3781 non

1844 3827 2026 3890 potest
2047 3819 2259 3873 fructus
2295 3815 2596 3881 cbaritatis,
2627 3813 2929 3884 patientiae,
2958 3827 3023 3869 ac
3051 3813 3200 3885 pacis
3229 3814 3448 3874 all'erre.

1845 3911 2038 3967 Melius
2063 3908 2228 3982 539
2247 3918 2331 3966 est
2362 3921 2494 3978 ergo
2525 3916 2652 3962 tunc
2671 3907 2974 3978 quiescere,
2997 3902 3024 3944 ά
3046 3921 3171 3963 cum
3191 3924 3451 3966 exercere

1843 4019 1952 4061 non
1983 4018 2150 4075 queas
2180 4017 2342 4074 opera
2368 4001 2738 4072 poenitentiae;
2778 4015 2848 4056 ne
2888 4000 2943 4056 in
2982 4001 3098 4070 ipsa
3130 4001 3446 4072 pwnitentia

1847 4098 1959 4167 ﬁat,
1990 4096 2135 4169 quod
2172 4104 2361 4167 postea
2393 4093 2632 4166 indigeat
2665 4093 3004 4166 paenitentia.
3041 4093 3176 4162 Quae
3204 4095 3250 4150 si
3277 4097 3451 4154 semel

1841 4188 2004 4245 fuerit
2047 4195 2345 4258 usurpata,
2407 4199 2506 4241 nec
2552 4186 2677 4256 jure
2726 4185 3036 4255 celebrata,
3095 4201 3197 4245 nec
3252 4187 3451 4258 prioris

1843 4279 2080 4336 fructum
2128 4277 2380 4347 obtinet,
2413 4286 2470 4334 et
2511 4276 2722 4333 auferet
2766 4292 2923 4334 usum
2964 4279 3287 4350 posterioris
3325 4279 3346 4351 (
3369 4279 3447 4335 De

1847 4371 2039 4430 Pcenit.
2063 4413 2078 4439 ,
2111 4371 2238 4428 dist.
2268 4387 2345 4437 ιιι,
2378 4387 2425 4426 c.
2460 4368 2524 4426 Si
2550 4371 2663 4442 quis
2690 4411 2706 4437 ,
2738 4369 2766 4442 ᾗ
2801 4367 3157 4445 Pienitentia).

167 4539 268 4595 hinc
292 4543 519 4610 putavit;
564 4539 772 4611 aliqui,
804 4538 1062 4594 admirata
1096 4537 1199 4604 sit,
1230 4534 1487 4607 putauerit
1509 4551 1528 4598 ;
1554 4533 1742 4590 casteri
1768 4535 1823 4598 D
1849 4529 1954 4586 tius
1974 4527 2474 4611 procrastinandam
2497 4527 2742 4611 impellat
2762 4536 3088 4611 urgeatque;
3119 4537 3443 4611 cumtamen

164 4611 246 4680 qui
271 4619 324 4666 et
348 4614 590 4681 potiores
613 4653 629 4673 .
659 4618 720 4664 ut
748 4611 1006 4681 in_textu.

228 4691 250 4717 ⁸
280 4676 500 4738 Amerb.
524 4691 580 4738 et
601 4681 780 4748 Eras.,
802 4678 1016 4734 Inducit
1041 4679 1304 4748 lapsorum
1323 4676 1626 4749 getnitus_in_
1637 4676 1750 4746 ipso

167 4761 372 4822 tempore
398 4753 726 4822 prmentium
762 4746 810 4806 et
840 4767 1013 4806 rerum
1043 4746 1344 4822 labentium,
1376 4755 1486 4822 etc.
1523 4746 1650 4802 Gill.
1684 4758 1748 4800 ac

165 4818 284 4877 mss.
315 4833 371 4879 ut
398 4818 499 4880 nos
527 4824 580 4880 in
614 4832 762 4879 textu
789 4863 804 4889 ,
831 4822 940 4878 nisi
965 4821 1109 4892 quod
1146 4819 1339 4892 boru_r_n
1365 4818 1606 4888 quinque
1648 4828 1748 4887 pro

164 4893 362 4962 gemitus
392 4894 592 4950 habent
623 4888 805 4967 genus,
825 4888 1057 4948 minime
1082 4891 1242 4947 male.
1271 4888 1405 4944 Nam
1431 4902 1496 4944 ea
1525 4901 1625 4943 vox
1648 4900 1748 5013 ﬁer

164 4962 407 5013 svllensin
434 4965 500 5013 ad
529 4965 856 5013 adiectivum
889 4962 1086 5013 positos
1115 4959 1311 5013 referri
1337 4966 1539 5013 potest.
1570 4964 1630 5012 ut
1697 4958 1745 5013 ic

164 4960 501 5036 syllepsingad
529 4960 856 5036 aidjéctivurn
889 4962 1086 5036 positos
1115 4960 1311 5036 referri
1337 4966 1539 5036 potest,
1570 4964 1630 5012 ut
1657 4960 1745 5013 hic

167 5030 347 5104 sensus
387 5034 497 5101 sit,
541 5030 754 5091 Inducit
794 5030 968 5104 lapsos
996 5032 1348 5104 homines..."
1378 5030 1570 5104 positos
1595 5068 1610 5095 ,
1639 5037 1746 5083 etc.

169 5101 318 5185 Rom.
355 5105 487 5163 edit.
528 5105 739 5161 lnducit
777 5101 1042 5175 lapsorum
1069 5102 1290 5174 gemitus
1320 5110 1368 5156 et
1393 5102 1447 5155 in
1475 5101 1589 5171 ipso
1616 5114 1749 5170 prte-

167 5187 374 5230 senttum
400 5185 450 5230 et
471 5193 659 5242 rerum,
689 5185 794 5233 etc.

235 5244 261 5281 ιτ
298 5245 372 5299 Ita
405 5256 510 5302 vet.
531 5247 662 5303 edit.
690 5263 754 5303 ac
781 5245 964 5316 plures
988 5258 1123 5316 mss.
1146 5249 1587 5316 quorum‘tamen
1611 5253 1750 5316 unus

171 5328 262 5383 pro
288 5316 500 5385 pulchra
537 5317 664 5387 legit
691 5310 857 5386 pur'a,
890 5325 945 5371 et
979 5315 1070 5370 alii
1105 5310 1401 5387 nongpauci
1426 5352 1442 5378 ,
1471 5310 1752 5387 deﬂuxerit

171 5378 263 5508 Ero
289 5378 671 5470 deﬂexeritJAt
691 5378 855 5443 Rom.
888 5387 1018 5442 edit.
1053 5378 1344 5455 caeterique
1366 5395 1509 5466 mss:
1527 5378 1557 5436 a
1593 5378 1750 5436 nobis

207 5469 269 5508 oc
304 5457 420 5508 solo
458 5457 750 5508 dissident-
797 5457 941 5508 nuod
980 5474 1012 5508 e
1054 5471 1188 5508 voce
1229 5463 1535 5508 coamttonts
1578 5451 1750 5508 iecere

207 5451 750 5580 ocdso'louissident,
797 5457 941 5530 quod
980 5474 1012 5514 e
1054 5471 1188 5514 voce
1229 5451 1535 5526 cognitionis
1578 5451 1755 5508 iecere

207 5540 264 5579 οιι
303 5537 497 5580 ιιιοιιιδ.

173 5537 497 5582 conditionis.

245 5606 267 5634 ε
307 5596 423 5652 Etsi
471 5598 664 5669 passim
703 5600 762 5662 in
791 5598 941 5655 hisce
967 5598 1120 5654 libris
1161 5595 1484 5669 Ambrosius
1521 5594 1753 5669 aliorum

175 5664 389 5723 Patrum
409 5664 653 5739 exemplo
675 5678 991 5741 peccatores
1011 5669 1078 5725 ad
1104 5667 1478 5742 preuitentiam
1507 5680 1616 5722 non
1637 5665 1759 5721 diu-

647 5762 920 5825 Ρηιιοι..
958 5762 1130 5826 XVI.

1853 4615 1942 4667 ea,
1975 4598 2134 4656 sicuti
2161 4598 2365 4654 dictum
2392 4605 2497 4670 est,
2527 4611 2634 4654 non
2658 4598 2980 4670 iteraretur,
3013 4598 3311 4670 prudenter
3333 4615 3450 4657 mo-

1852 4681 1947 4728 net
1971 4671 2216 4741 ejusdem
2243 4679 2456 4741 tempus
2477 4667 2551 4741 iis_
2564 4668 2876 4741 neutiquam
2897 4667 3027 4725 esse
3043 4671 3450 4741 maturandum,

1851 4741 1945 4813 qui
1973 4738 2154 4813 adhuc
2191 4738 2370 4794 aetatis
2394 4738 2862 4813 cupiditatumque
2897 4747 3037 4813 testu
3064 4740 3147 4813 sic
3173 4740 3452 4813 abripiun-

1852 4807 1939 4868 tur
1959 4853 1974 4878 ,
2006 4821 2066 4867 ut
2097 4811 2192 4880 vix
2245 4807 2578 4880 sperandum
2617 4807 2867 4864 videatur
2894 4809 3042 4880 ipsos
3082 4810 3135 4865 in
3163 4807 3451 4880 pristinam

1850 4878 2304 4939 consuetudinem
2348 4893 2458 4933 non
2504 4878 2835 4947 relapsuros.
2890 4878 2961 4934 Et
2998 4879 3115 4935 hac
3156 4878 3319 4936 causa
3351 4881 3453 4940 fuit

1849 4954 2014 5010 etiam
2045 4951 2271 5006 Monicae
2310 4949 2653 5020 baptismatis
2697 4949 2750 5004 in
2782 4947 3095 5020 Augustino
3135 4949 3250 5006 lilio
3292 4951 3451 5010 diﬂ‘e-

1854 5022 2032 5079 rendi.
2074 5020 2294 5078 Interim
2323 5017 2452 5090 quid
2484 5017 2603 5073 istis
2630 5017 2904 5090 precipue
2929 5019 3327 5077 observandum
3354 5023 3449 5090 sit,

1853 5093 2111 5166 praecipit
2145 5089 2589 5166 sanctusdoctor
2631 5109 2646 5144 :
2689 5103 2753 5144 ac
2788 5089 3022 5166 primum
3055 5103 3154 5166 eos
3185 5089 3452 5166 ‘ab_usur4

1854 5159 2071 5236 panda,
2099 5163 2204 5236 hoc
2223 5168 2338 5230 est,
2370 5159 2589 5230 indigne
2612 5159 2873 5236 sumenda
2901 5159 3450 5236 eucharistia_deter-

1854 5229 1960 5291 ret.
1993 5229 2078 5291 Ad
2099 5233 2154 5288 id
2184 5229 2414 5289 venuste
2440 5229 2820 5287 aecommodat
2847 5229 2990 5285 hunc
3019 5230 3196 5298 ipsum
3221 5231 3454 5291 Genesis

1853 5307 2032 5362 locum
2050 5347 2065 5369 ,
2094 5318 2205 5360 non
2234 5317 2394 5359 secus
2422 5316 2486 5358 ac
2515 5301 2682 5357 verbo
2705 5301 2908 5371 quiesce
2943 5298 3169 5371 Cainum
3211 5316 3242 5356 a
3282 5305 3453 5361 sacri-

1857 5377 1981 5433 ﬁcio
2029 5375 2173 5432 Deus
2221 5373 2544 5444 removisset
2575 5389 2608 5444 _;
2658 5370 3332 5444 quodgverbutnargute
3383 5375 3454 5430 ad

1857 5446 2149 5505 excusandi
2171 5459 2268 5501 seu
2290 5442 2610 5500 defendendi
2632 5441 2840 5512 peccati
2861 5440 3286 5511 prohibitionem
3307 5443 3452 5503 idem

1857 5517 2094 5576 traducit
2121 5517 2219 5573 lib.
2249 5530 2289 5570 ιι
2315 5515 2384 5570 de
2413 5514 2562 5569 Cain.
2591 5523 2646 5568 et
2670 5513 2830 5580 Abel,
2860 5525 2983 5581 cap.
3013 5512 3065 5565 7.

1931 5588 1957 5629 ἀ
1990 5589 2116 5647 Mss.
2147 5585 2419 5650 nonnulli,
2447 5597 2564 5637 cum
2589 5598 2824 5639 exercere
2851 5597 2956 5638 non
2978 5598 3199 5651 quaeras.

2697 5748 2774 5807 17
