3948 6172
481 215 589 272 5:27
1828 210 2074 269 SANCTI
2114 208 2436 269 AMBROSII
3680 201 3784 262 5'18

488 336 738 387 therum
761 346 852 386 non
871 329 1136 384 evidentius
1159 335 1229 382 est
1247 329 1307 378 ab
1334 341 1390 378 eo
1407 333 1560 379 totant
1587 327 2034 397 commentationem
2064 324 2158 377 inv
2185 326 2333 377 libros
2363 322 2513 388 fuisse
2534 321 2858 382 distributum,
2886 333 3032 385 quam
3053 318 3332 371 earumdem
3361 317 3592 397 librorum
3612 315 3791 397 sectio-

481 431 597 470 nem
635 417 687 468 in
719 414 879 479 capita
903 413 1054 476 ipsius
1089 424 1182 461 non
1214 424 1334 461 esse.
1361 411 1468 460 Hoc
1499 407 1702 471 probant
1739 395 1848 458 cunt
1880 405 2198 472 manuscripti
2234 403 2542 469 antiquiores.
2573 403 2623 454 in
2660 400 2832 468 quibus
2857 399 3083 452 continua
3118 399 3334 450 oratione
3362 396 3646 448 exhibentur
3670 395 3788 450 libri

485 502 692 568 singuli,
726 510 825 553 tum
848 500 1041 550 codices
1065 494 1354 548 recentiores
1375 503 1518 560 atque
1542 493 1796 556 editiones,
1834 492 1916 544 ubi
1944 493 2156 557 capitunt
2181 491 2448 544 summaria
2471 498 2569 542 tam
2590 489 2748 551 inepta
2771 493 2962 550 tamque
2994 482 3165 568 alienis
3193 480 3714 568 locis-positaexstant,
3738 483 3788 528 ut

484 561 590 638 non
605 561 746 637 modo
778 596 919 645 nova,
942 580 1070 645 quod
1090 580 1263 644 ubique
1281 579 1331 630 itt
1353 578 1443 630 hoc
1465 591 1610 642 opere
1644 577 1861 641 fecimus.
1889 577 2208 637 substituere;
2235 587 2401 625 verum
2421 581 2466 624 et
2489 571 2759 625 orationem
2791 569 2968 635 ipsam,
2987 567 3115 632 quod
3146 579 3263 618 raro
3284 561 3419 623 alibi,
3443 562 3522 615 hic
3547 562 3650 628 fere
3672 575 3788 612 nus-

484 683 629 735 quam
651 667 908 720 nonaliter
931 664 1230 730 distinguere
1250 676 1496 715 necessum
1517 661 1682 726 fuerit.
3000 733 3008 737 Α
3264 733 3294 737 μ
3490 730 3500 737 _
3603 736 3607 737 ί
3684 729 3695 737 _
3751 726 3761 737 _

549 752 668 802 Cum
691 759 853 801 autem
886 729 1122 814 palemica
1153 761 1304 810 Opera
1333 742 1609 809 lectoribus,
1635 745 1844 797 maxime
1867 758 1978 796 vero
2013 741 2313 808 principibus
2347 741 2593 792 insuavem
2625 737 2887 803 quamdam
2915 733 3183 788 satietatem
3217 733 3396 796 an'erre
3427 730 3635 792 soleant,
3675 729 3788 781 huic

482 830 612 883 malo
633 828 818 882 obviant
839 836 889 880 ut
910 829 1003 880 iret
1024 827 1327 889 Ambrosius,
1352 825 1720 888 disputationem
1753 841 1889 879 suam
1912 825 2044 877 intra
2067 823 2340 877 libellorum
2363 824 2570 876 duorum
2591 821 2837 886 angustias
2855 831 3030 885 cogere
3050 823 3322 870 statuerat:
3345 829 3464 881 quos
3496 814 3624 880 ipsos
3655 814 3788 866 haud

479 910 790 963 mediocriter
813 907 1109 961 exhilaravit
1131 906 1376 959 tractandi
1399 907 1690 961 dexteritate
1708 914 1850 972 atque
1873 905 2136 958 industria.
2170 909 2354 957 Verum
2377 903 2458 954 ubi
2485 902 2737 955 materiam
2759 902 2954 954 uberius
2979 899 3336 952 discutiendam
3361 898 3616 959 intellexit,
3641 899 3791 951 multo

479 995 732 1059 prospexit
771 991 1071 1058 diligentius,
1096 997 1145 1042 ut
1177 990 1414 1057 quidquid
1446 1004 1622 1053 parere
1661 998 1817 1055 posset
1853 988 2044 1054 aliquid
2084 986 2291 1053 fastidii,
2330 993 2678 1038 removeretur.
2707 989 2776 1036 Eo
2810 982 3011 1037 consilio
3043 982 3265 1036 sedulam
3299 983 3550 1036 nectendis
3581 983 3707 1036 inter
3738 995 3789 1036 se

477 1072 834 1137 probationibus
857 1072 1296 1138 objectionibusque
1318 1085 1518 1136 operam
1545 1071 1698 1132 dedit,
1739 1079 1876 1135 aptas
1907 1071 2132 1122 adhibuit
2153 1078 2296 1135 atque
2329 1068 2604 1134 ingeniosus
2629 1065 2954 1127 transitiones,
2990 1064 3299 1131 prtefationes
3334 1064 3555 1127 inseruit,
3585 1065 3790 1119 subinde

480 1155 688 1208 moralia
711 1164 973 1222 praecepta,
1008 1155 1151 1206 immo
1173 1168 1527 1220 nonnumquam
1548 1155 1695 1206 etiam
1719 1153 1948 1206 nonnulla
1970 1163 2111 1206 acute
2129 1154 2259 1206 dicta
2281 1154 2474 1206 miscuit
2497 1162 2640 1219 atque
2662 1151 2910 1217 inspersit.
2940 1152 3128 1218 Ubique
3149 1160 3309 1203 autem
3337 1150 3428 1202 hac
3449 1157 3555 1203 arte
3579 1153 3789 1218 disponit

480 1238 791 1302 objectiones,
809 1247 859 1289 ut
875 1239 1024 1290 lector
1045 1252 1138 1290 non
1157 1239 1260 1289 sine
1281 1237 1520 1303 voluptate
1539 1237 1796 1290 solutiones
1816 1253 1985 1290 earum
2000 1239 2267 1304 praevideat
2291 1252 2308 1290 :
2328 1253 2446 1303 quas
2468 1253 2582 1289 vero
2603 1239 2800 1301 ipsemet
2818 1237 3024 1303 profert,
3048 1236 3120 1288 ita
3141 1235 3281 1288 lecta:
3299 1244 3412 1290 sunt
3431 1244 3575 1304 atque
3595 1240 3784 1305 solidar,

478 1331 534 1375 ut
557 1325 846 1388 quicumque
867 1333 1030 1388 postea
1051 1326 1222 1376 eodem
1245 1323 1295 1374 in
1317 1331 1600 1389 argumento
1625 1325 1948 1387 desudarunt,
1968 1322 2127 1375 nullas
2152 1323 2278 1375 alias
2299 1323 2376 1376 his
2397 1324 2736 1388 prazferendas
2760 1321 3106 1375 existimarint.

546 1412 787 1470 Quantum
805 1408 950 1470 huius
973 1408 1137 1470 operis
1155 1405 1267 1459 libri
1291 1405 1480 1470 priores
1507 1407 1740 1457 Gratiano
1754 1405 1942 1471 accepti
1961 1405 2160 1471 fuerint,
2186 1406 2287 1469 iam
2304 1413 2415 1458 ante
2431 1422 2461 1457 α
2484 1407 2618 1459 nobis
2635 1406 2940 1458 observatum
2960 1412 3046 1458 est.
3076 1411 3256 1458 Verum
3274 1407 3598 1459 communibus
3617 1407 3790 1470 iudicii

476 1493 555 1544 sui
578 1491 856 1544 testimoniis
877 1492 1072 1542 minime
1094 1498 1358 1550 contentus,
1379 1490 1616 1543 illustrius
1636 1491 1855 1556 ejusdem
1878 1491 2115 1543 indiciunt
2143 1489 2361 1554 adiicere
2387 1490 2531 1543 voluit
2556 1491 2682 1555 (Lib.
2707 1507 2738 1552 ι,
2767 1493 2832 1543 de
2852 1491 3028 1556 Spirit.
3047 1500 3232 1556 sancto,
3260 1506 3369 1557 cap.
3397 1494 3466 1556 1),
3489 1507 3599 1545 cum
3617 1495 3789 1546 Eccle-

477 1577 602 1627 siam
623 1590 767 1638 quant
805 1574 1100 1640 sequestrari
1117 1574 1460 1626 haereticorum
1483 1574 1762 1638 improbitas
1787 1574 2076 1635 obtinuerat,
2099 1574 2346 1627 catholicis
2361 1575 2513 1639 jussit
2534 1577 2740 1635 restitui.
2765 1574 3025 1640 Pontifices
3049 1589 3183 1628 max.
3211 1575 3346 1640 (Leo.
3371 1576 3620 1643 |,Agath.,
3646 1580 3799 1643 etc.)..

476 1660 708 1710 Doctores
747 1656 1002 1720 (Hieron,
1040 1655 1319 1721 Augustin.,
1361 1656 1670 1717 Theodoret.,
1706 1657 1847 1707 Vixc.
1872 1659 2060 1721 Lyrin.,
2098 1659 2244 1720 etc.),
2283 1657 2578 1708 wcumenica
2618 1655 2824 1709 concilia
2863 1655 3138 1722 (Ephesim,
3186 1655 3500 1722 Chalcedon.,
3545 1659 3786 1712 Constant.

480 1755 553 1802 ut,
577 1739 720 1802 etc.),
745 1739 831 1791 hos
851 1738 999 1791 libros
1021 1753 1116 1790 non
1138 1737 1294 1791 solum
1315 1739 1509 1792 eximiis
1531 1739 1754 1791 laudibus
1771 1747 2092 1802 exornarunt,
2119 1743 2206 1792 sed
2231 1743 2375 1792 etiam
2394 1756 2560 1793 eorum
2582 1741 2862 1794 testimoniis
2877 1741 2954 1793 usi
2971 1749 3139 1793 contra
3160 1742 3371 1796 luereses
3393 1741 3615 1796 aetatibus
3635 1751 3786 1808 poste-

476 1825 688 1878 rioribus
712 1834 1004 1894 emergentes
1023 1840 1168 1891 quant
1190 1826 1516 1879 strenuissime
1550 1827 1882 1879 decet-larunt.
1915 1829 2234 1890 Quamobrem
2255 1828 2372 1880 satis
2395 1827 2568 1879 mirari
2590 1840 2682 1877 non
2703 1839 2953 1892 possumus
2974 1826 3183 1878 inventos
3205 1839 3310 1878 esse
3331 1834 3495 1880 nostra
3511 1834 3558 1879 et
3581 1831 3787 1882 Patrum

477 1909 728 1970 memoria,
753 1910 838 1974 qui
862 1908 1185 1962 uniuersalem
1213 1909 1353 1962 totius
1376 1909 1608 1962 Ecclesia:
1629 1925 1689 1962 ac
1723 1920 1990 1974 temporum
2009 1912 2221 1963 omnium
2257 1909 2566 1964 traditionem
2598 1909 2872 1962 divinorum
2895 1910 3118 1962 codicum
3139 1910 3426 1962 auctoritate
3449 1911 3731 1974 stabilitam,
3755 1929 3787 1966 a

478 1991 710 2045 Patribus
735 1993 784 2044 in
808 1993 1044 2045 universis
1066 1991 1285 2044 conciliis
1307 1993 1572 2057 firmatam,
1596 1995 1826 2060 sanguine
1847 2002 1914 2046 tot
1940 2002 2230 2060 martyrum,
2257 2001 2414 2058 totque
2447 1993 2773 2059 confessorunt
2793 1993 3058 2058 laboribus,
3086 2000 3136 2044 ut
3159 1993 3444 2048 Ambrosius
3466 1992 3573 2058 ipse
3589 2003 3789 2049 testatur

477 2084 604 2149 (Lib.
641 2101 709 2146 ιιι,
737 2097 780 2136 c.
809 2085 885 2143 15.
912 2099 960 2135 n.
992 2085 1121 2149 128),
1146 2092 1398 2148 assertum,
1427 2087 1681 2149 probatam
1699 2085 2042 2140 eruditissimis
2069 2095 2133 2139 tot
2168 2101 2227 2138 ac
2252 2094 2492 2139 tantorum
2515 2089 2774 2139 Doctorum
2808 2086 2966 2146 libris.
3005 2101 3099 2138 uno
3121 2088 3265 2140 verba
3287 2088 3350 2138 ab
3371 2086 3641 2140 innumeris
3671 2085 3787 2139 viris

475 2167 688 2234 ingenio,
713 2168 937 2220 doctrina
960 2175 1004 2218 et
1027 2167 1202 2232 pietate
1236 2167 1519 2220 clarissimis
1557 2174 1803 2232 receptam
1842 2171 2193 2232 proculcantes,
2233 2177 2439 2222 veterem
2464 2167 2601 2221 illam
2626 2179 2766 2235 atque
2791 2170 3028 2222 exoletam
3049 2169 3274 2222 haeresim
3311 2183 3543 2224 renovare
3567 2171 3784 2239 aggressi

470 2252 674 2317 fuerint.
698 2255 803 2305 Hoc
825 2259 985 2303 autem
1024 2253 1171 2304 etiam
1203 2254 1359 2318 magis
1381 2259 1576 2314 stupeas
1598 2252 1884 2306 temerarios
1913 2251 2023 2305 illos
2046 2252 2107 2305 iis
2125 2252 2342 2306 omnibus
2360 2253 2482 2305 nihil
2504 2267 2746 2318 opponere
2770 2259 2950 2316 praeter
2976 2253 3174 2306 easdem
3197 2253 3510 2316 objectiones,
3537 2268 3662 2320 quas
3686 2261 3784 2306 tam

474 2335 652 2387 invicte
685 2343 877 2388 sanctus
916 2339 1093 2387 Doctor
1130 2334 1218 2386 hoc
1256 2335 1307 2386 in
1347 2339 1504 2399 Opere
1541 2335 1833 2401 proﬂigavit.
1861 2338 2009 2400 Atqui
2041 2345 2092 2388 ut
2115 2344 2254 2389 testes
2277 2336 2480 2396 huiusce
2521 2337 2596 2388 rei
2631 2351 2726 2388 non
2758 2344 2912 2389 essent
2944 2334 3032 2389 alii
3066 2334 3181 2390 libri
3217 2337 3610 2401 Socinianorum,
3635 2337 3784 2403 impia

479 2417 648 2471 Crellt‘i
672 2421 1006 2473 commentatio
1031 2421 1108 2471 De
1133 2435 1230 2471 uno
1254 2421 1364 2470 Deo
1388 2421 1538 2471 Patre
1560 2418 1634 2471 vel
1657 2420 1761 2472 sola
1780 2419 2043 2485 sufficeret,
2067 2427 2119 2472 ut
2141 2420 2232 2473 hoc
2255 2418 2416 2484 ipsunt
2440 2419 2618 2472 nemini
2640 2427 2825 2473 certum
2850 2435 2942 2472 non
2963 2421 3100 2485 fieret
3114 2428 3257 2486 atque
3279 2421 3609 2485 exploratum.

836 2687 1861 2852 SANCTI
2005 2687 3382 2858 AMBROSII

1623 2950 2198 3037 MEDIOLANENSIS
2240 2953 2575 3038 EPISCOPI

484 3129 728 3255 DE
820 3125 1238 3253 FIDE
1307 3123 1556 3252 Αἷ)
1657 3120 2707 3252 GRATIANUM
2807 3133 3775 3268 AUGUSTUM

1663 3367 1968 3440 LIBRI
2045 3367 2527 3456 QUINQUE

1277 2547 1615 2556 _——————.—_—

1625 2547 1786 2556 ———.

1687 3686 2031 3771 LIBER
2103 3689 2580 3776 PRIMUS.

1912 3869 2348 3898 ‘—

988 3997 1151 4072 m
1198 3999 1580 4060 DROLocus.
2113 4008 2166 4069 A
2191 4006 2315 4109 dem
2345 4025 2520 4109 meam
2550 4016 2742 4109 audire
2789 4023 3026 4082 voluisti.
3074 4027 3181 4085 Sed
3212 4045 3320 4090 non
3352 4050 3454 4108 ego
3497 4039 3782 4109 Salomon,

498 4132 806 4189 Gratianum
836 4133 896 4188 ob
935 4134 1176 4188 ardorem
1204 4136 1464 4192 discendis
1494 4137 1616 4206 ﬁdei
1656 4140 1839 4195 laudat
1873 4142 2088 4198 Ambro-
2375 4108 2590 4210 minari?
2617 4113 2938 4210 sapientiam
2969 4135 2982 4172 ³
3007 4135 3184 4192 neque
3209 4131 3264 4180 ιιι
3289 4127 3450 4185 “nius
3470 4136 3672 4201 Βοηῑίει

568 4231 704 4298 sius,
739 4241 898 4284 semet
938 4245 1057 4283 vero
1085 4228 1345 4298 deprimit.
1381 4230 1705 4301 Quamquam
1743 4245 1912 4290 autem
1941 4237 2088 4291 illum

2222 4197 2357 4250 otius
2380 4197 2531 4305 orlbis
2556 4200 2830 4275 Augustus
2857 4207 3019 4266 iidem
3045 4211 3226 4272 libello
3243 4197 3781 4289 expritui'censu—isti:

572 4292 800 4378 humana
835 4321 1073 4375 doctrina
1100 4292 1332 4391 indigere
1356 4292 1498 4392 neget
1519 4365 1535 4388 ,
1563 4292 1756 4394 quippe
1795 4327 1879 4391 qui
1917 4343 1947 4379 a
1980 4327 2090 4382 Deo
2192 4302 2300 4402 ηοξ
2329 4292 2685 4402 -υιξδξξθθτξὶεν
2715 4299 2813 4402 ﬁed
2843 4311 2901 4358 ιιι
2927 4305 3208 4402 probares.

570 4420 688 4490 ipso
714 4416 869 4487 fuerit
895 4414 1188 4476 institutus,
1223 4413 1372 4468 addit
1397 4423 1566 4468 tanten
1603 4417 1841 4472 eumdem
1871 4418 1966 4472 hac
1995 4436 2090 4473 sua

2360 4383 2512 4490 Quid.
2527 4389 2672 4444 enim
2695 4390 2898 4490 discas,
2931 4396 3230 4468 imperator
3269 4404 3542 4478 Auguste,
3572 4409 3600 4449 δ
3628 4428 3781 4484 quam

574 4473 760 4578 pietale
785 4506 922 4559 viam
944 4503 1042 4557 sibi
1068 4505 1134 4557 ad
1164 4505 1427 4560 victoriam
1458 4507 1674 4560 munire.
1704 4505 1836 4560 Tum
1859 4508 2092 4580 difﬁcul-

2228 4473 2451 4580 lripsis
2500 4480 2840 4541 incunabulis
2894 4489 2983 4557 pio
3035 4491 3218 4550 fovisti
3275 4473 3494 4571 semper
3529 4473 3787 4562 affectu?

572 4611 673 4656 tate
716 4599 885 4669 operis
916 4597 1210 4660 insinuata,
1255 4614 1356 4651 non
1397 4609 1500 4652 tant
1528 4600 1778 4654 rationem
1804 4617 1959 4667 quant
1997 4620 2092 4656 au-

2223 4566 2508 4672 ’riusquam
2533 4584 2603 4640 te,
2628 4575 2827 4646 inquit,
2859 4581 3141 4650 formarem
3166 4589 3220 4642 in
3259 4565 3411 4646 utero
3436 4598 3617 4652 matris
3655 4607 3782 4664 tute,

566 4691 876 4755 ctoritatem,
901 4689 1122 4742 maxinte
1150 4704 1266 4742 vero
1294 4687 1494 4744 Nica'ni
1531 4690 1770 4761 concilii,
1797 4703 2092 4748 secuturum

2226 4667 2312 4761 cavi
2342 4671 2390 4716 te
2412 4679 2432 4716 .°
2460 4674 2506 4718 et
2537 4667 2835 4736 priusquam
2879 4675 3047 4730 exire:
3082 4677 3148 4732 de
3183 4681 3356 4749 vulva,
3388 4687 3711 4756 sancti/icavi
3740 4700 3785 4742 te

572 4801 627 4839 ,ε
658 4751 944 4854 μνομιειξη,
1755 4751 1769 4761 ’
2199 4751 2415 4854 ςλςνεηξ)
2449 4775 2500 4824 ι,
2547 4760 2626 4830 5).
2668 4762 3037 4826 Sanctiﬁcatio
3066 4785 3198 4843 ergo
3242 4789 3349 4832 non
3396 4751 3659 4848 traditur,
3691 4779 3783 4836 sed

783 4923 860 4940 ,Δ
906 4921 1076 4940 LM;
1105 4920 1246 4940 Mm,‘
1286 4921 1402 4940 ην
1447 4937 1462 4940 Α
1501 4937 1544 4940 __
1843 4925 1875 4940 η
1921 4925 1932 4940 ,
2197 4845 2534 4917 ίηίηηάίίυτῖ
2562 4863 2618 4909 οι
2650 4855 2773 4912 ideo
2800 4857 2978 4915 ("Vina
3016 4862 3156 4918 dona
3187 4869 3419 4924 custodi.
3458 4871 3613 4940 Quod
3641 4845 3782 4929 έηίιη

576 4924 626 4976 ίο
667 4921 1078 5020 Βθβίηῇᾉυδξτί
1105 4921 1253 4976 venit
1281 4921 1468 5020 διξάῖιξθ
1496 4923 1814 5020 δθυίίῗη-ιίξυυ
1843 4925 2090 4981 5³101110-
2199 4954 2359 4996 nemo
2389 4951 2441 4997 te
2470 4943 2687 5011 docuit,
2716 4949 2897 5020 utique
2934 4953 3076 5009 Deus
3100 4921 3538 5018 auctor

503 5019 617 5086 nis,
652 5027 709 5072 ut
746 5018 796 5070 in
829 5017 968 5071 libro
998 5015 1306 5086 Regnorum
1340 5016 1568 5087 legimus
1599 5018 1692 5088 (lll
1725 5018 1854 5091 Reg.
1897 5037 1951 5086 χ,
1987 5021 2012 5076 1
2041 5037 2062 5075 e

2221 5122 2240 5126 _
2266 5033 2349 5126 ἒς.-
2366 5033 2514 5090 Petis
2540 5052 2570 5091 a
2613 5053 2702 5095 me
2741 5015 2867 5097 ﬁdei
2914 5043 3187 5123 libellum,
3237 5015 3425 5108 sancte
3447 5015 3780 5126 imperator,

499 5110 650 5180 “(H-
703 5108 889 5164 Πίτειιη
937 5123 1152 5204 ‘1"0‘1‘19
1181 5123 1276 5204 [εἰ
1320 5108 1386 5165 ad
1434 5108 1779 5204 Sfflogmlmm
1830 5113 1999 5180 πιίείῑ»
2034 5124 2092 5169 υι
2197 5122 2730 5196 “profecturus
2771 5132 2838 5187 ad
2871 5120 3146 5204 pnelium;
3173 5108 3318 5196 nosti
3347 5108 3783 5204 enitnlird—e—ma:

497 5207 1008 5304 cognoscentetint
1041 5199 1132 5304 (Ill
1176 5200 1314 5304 Reg.
1352 5215 1405 5301 v,
1449 5200 1640 5304 1.).."I‘u
1680 5219 1925 5304 quoque,
1964 5219 2090 5304 san-
2198 5212 2280 5283 gis
2325 5217 2671 5286 imperatoris
2707 5199 2887 5292 quamv
2909 5226 3104 5284 virtute
3132 5199 3378 5288 militum
3407 5199 3783 5304 queri—solem

501 5299 587 5346 cte
613 5292 906 5360 imperator
927 5289 1204 5356 Gratiane,
1232 5289 1435 5344 veteris
1466 5291 1705 5346 imitator
1735 5293 2002 5364 historiae,
2036 5297 2060 5352 ί]

2221 5305 2507 5364 victoriam.
2539 5311 2672 5368 Nam
2699 5323 2754 5370 et
2780 5316 3052 5377 Abraham
3076 5331 3350 5381 trecentos
3375 5289 3566 5386 decem
3587 5340 3642 5388 et
3662 5339 3780 5386 octo

495 5447 1456 5590 rioareg‘fszliiungnlliis'ciriilti?r3226?“'
1487 5464 1574 5504 Μ’
1606 5452 1730 5518 377’
1765 5461 1876 5509 "es
1905 5466 2088 5524 posm‘
2351 5464 2616 5590 031:3?!“
2636 5470 2724 5538 pio
2747 5473 2920 5542 fuisti,
2945 5484 3050 5534 etc.
3080 5477 3397 5551 Elegantius
3425 5485 3619 5558 reliqui
3650 5500 3774 5542 mss.

565 5589 595 5628 ι
635 5588 783 5645 Edit.
813 5601 1005 5641 omnes
1031 5602 1153 5642 cum
1183 5589 1395 5648 duobus
1417 5589 1640 5646 omnino
1666 5607 1832 5658 mss.,
1870 5613 1986 5653 cum
2024 5603 2086 5656 ab
