3952 6178
187 266 294 320 529

1581 268 1671 325 DE
1710 269 1869 326 FIDE
1912 271 2040 328 LIB.
2083 273 2124 327 Ι.

3395 284 3504 340 550

180 379 340 434 duxit
366 379 438 434 ad
476 378 702 446 bellum,
754 391 812 436 et
849 395 912 435 ex
947 380 1248 437 innumeris
1298 393 1501 452 tropaea
1548 380 1796 440 hostibus
1821 389 1876 451 Α
1903 399 2056 441 mero
2084 384 2138 440 in
2168 387 2417 454 conciliis
2463 389 2586 445 ﬁdei
2630 391 2895 448 habemus
2934 393 3239 463 oraculum,
3288 411 3397 470 quo
3442 400 3499 456 in

179 475 522 544 reportavit;
558 484 582 512 ι
621 475 884 546 signoque
924 475 1222 532 Dominicte
1242 477 1420 533 crucis
1447 486 1502 532 et
1532 478 1790 547 nominis,

175 566 423 636 quinque
453 581 645 637 regum
677 567 1087 638 vietricinmque
1120 575 1422 623 turmarum
1450 568 1680 624 subacto
1703 585 1792 624 ro-

176 657 332 723 bore,
365 666 426 713 et
455 660 605 713 ultus
629 670 710 714 est
743 660 1074 729 proximum,
1099 670 1154 715 et
1183 659 1366 715 fratris
1393 661 1561 716 filium
1592 662 1792 717 meruit

173 751 592 822 ettriumphum
612 751 766 824 (Gen.
790 768 900 818 xw,
921 753 988 808 14
1005 761 1053 806 et
1068 751 1221 823 τεῳ).
1235 753 1393 808 Jesus
1411 767 1628 824 quoque
1644 753 1790 809 filius

171 843 319 900 Nave
387 845 585 900 hostes
648 859 786 916 quos
845 845 1009 900 totius
1066 844 1336 900 exercitus
1392 860 1554 900 manu
1612 845 1788 900 valida

171 951 440 1007 superare
475 952 586 991 non
629 945 869 1007 pOterat,
917 943 1126 1006 septem
1173 936 1424 992 tubarum
1472 937 1786 992 sacerdota-

171 1028 300 1083 lium
330 1042 479 1083 sono
513 1027 659 1093 vicit,
692 1028 781 1083 ubi
811 1027 1006 1082 ducem
1048 1027 1254 1083 militiae
1284 1029 1535 1084 caelestis
1565 1031 1788 1099 agnovit

170 1119 306 1189 flos.
339 1134 422 1184 vt,
474 1117 513 1174 6
544 1129 591 1174 et
629 1118 788 1191 seq.).
838 1118 984 1188 Ergo
1028 1128 1084 1175 et
1112 1129 1166 1175 tu
1195 1123 1419 1176 vincere
1469 1136 1650 1192 paras,
1694 1121 1788 1192 qui

167 1212 452 1269 Christum
483 1213 683 1269 adoras
713 1231 727 1268 :
759 1217 980 1270 vincere
1003 1229 1181 1286 paras,
1206 1216 1298 1286 qui
1325 1214 1486 1271 fidem
1514 1215 1782 1284 vindicas,

167 1307 326 1378 cujus
356 1321 388 1361 a
423 1322 520 1362 me
549 1307 791 1364 libellum
830 1309 1032 1379 petisti.

234 1398 292 1454 4.
335 1398 568 1454 Mallem
595 1399 813 1468 quidem
842 1401 1168 1456 cohortandi
1195 1400 1261 1456 ad
1290 1400 1453 1457 fidem
1483 1402 1670 1458 subire
1700 1401 1786 1457 of-

168 1492 372 1560 ficium,
408 1507 578 1562 quam
609 1493 678 1547 de
708 1492 816 1548 fide
842 1492 1210 1564 disceptandi;
1237 1495 1290 1549 in
1322 1494 1495 1550 altero
1521 1495 1667 1550 enim
1697 1510 1784 1550 re-

155 1584 358 1655 ligiosa
385 1583 676 1640 confessio
705 1597 811 1651 est,
840 1584 895 1639 in
933 1584 1106 1641 altero
1141 1586 1353 1640 incauta
1387 1587 1736 1657 praesumptio
1767 1605 1779 1641 :

168 1680 262 1736 sed
301 1681 578 1752 quoniam
621 1693 796 1751 neque
827 1690 883 1734 tu
909 1679 1286 1735 cohortatione
1317 1679 1563 1751 indiges,
1605 1695 1781 1751 neque

1897 476 2121 534 historia
2149 480 2366 551 pietatis
2394 484 2730 555 exemplum.

2304 620 2464 694 445
2504 623 2734 681 CAPUT
2773 625 3063 684 PRIMUM.

1894 728 2214 786 Catholicam
2235 735 2441 803 [idema
2467 738 2755 806 gentilium,
2786 739 3116 807 Judworum,
3146 759 3209 798 ac
3230 745 3500 803 haeretico-

1965 840 2076 877 rum
2101 827 2362 881 erroribus
2403 828 2712 900 distinguit:
2735 832 3070 903 expositoque
3100 849 3282 889 uocum
3317 836 3418 892 Dei
3448 849 3498 895 et

1965 917 2176 972 Domini
2195 921 2490 992 signiﬁcatu
2513 964 2526 987 ,
2559 939 2897 992 personarum
2928 926 3236 996 discrimen,
3267 939 3316 983 et
3342 943 3494 986 natu-

1961 1024 2036 1064 ra:
2059 1013 2305 1065 unitatem
2327 1015 2646 1068 demonstrat
2677 1031 2697 1070 .°
2725 1033 2880 1085 quam
2907 1017 3032 1072 dum
3062 1032 3310 1091 separant
3341 1023 3496 1078 Aria-

1963 1103 2046 1170 ni,
2075 1119 2177 1157 non
2224 1115 2326 1159 tres
2356 1103 2493 1161 Deos
2537 1117 2736 1162 tantum
2767 1110 3042 1176 inducunt,
3075 1113 3164 1166 sed
3194 1115 3347 1169 etiam
3377 1115 3494 1170 Tri-

1961 1199 2138 1252 nitatis
2167 1216 2382 1270 regnum
2413 1201 2703 1258 destruunt.

1961 1318 2014 1374 6.
2060 1321 2303 1374 Assertio
2345 1330 2526 1376 autem
2556 1331 2758 1378 nostra:
2787 1324 2914 1381 fidei
2941 1326 3059 1382 haec
3099 1338 3203 1395 εει,
3241 1338 3299 1384 ιιι
3326 1345 3491 1386 unum

1887 1410 2056 1464 Deum
2083 1424 2206 1466 esse
2229 1410 2476 1468 dicamus
2505 1431 2517 1465 :
2559 1429 2762 1485 neque,
2789 1425 2849 1471 ut
2873 1427 3080 1487 gentes,
3108 1418 3304 1476 Filium
3334 1437 3492 1492 sepa-

1888 1517 2111 1558 remus:
2158 1518 2336 1574 neque
2365 1516 2423 1558 ut
2449 1504 2646 1574 Judaei,
2676 1519 2860 1563 natum
2906 1524 2972 1564 ex
3007 1511 3166 1567 Patre
3195 1523 3321 1570 ante
3356 1523 3494 1570 tem-

1888 1609 2045 1665 pora,
2077 1605 2131 1650 et
2157 1611 2225 1651 ex
2252 1594 2476 1667 Virgine
2508 1608 2695 1667 postea
2728 1599 2936 1654 editum
2978 1601 3310 1673 denegemus
3343 1623 3356 1658 :
3391 1623 3491 1660 nc-

1886 1700 1990 1755 qne
2013 1695 2071 1739 ut
2101 1683 2126 1720 δ
2160 1685 2450 1754 Sabellius,
2477 1688 2692 1745 Patrem
2723 1691 3120 1749 confundamus
3139 1703 3195 1750 et
3218 1694 3485 1762 Verbum;

166 1788 264 1844 ego
287 1771 603 1828 excusandi
632 1772 793 1840 liber,
828 1771 919 1827 ubi
950 1772 1164 1842 pietatis
1201 1772 1440 1828 officium
1469 1783 1574 1840 est,
1603 1773 1776 1829 audax
1808 1793 1856 1852 Β
1885 1786 1943 1834 ιιι
1969 1779 2218 1836 eumdem
2259 1780 2476 1837 Patrem
2518 1797 2829 1840 asseramus
2852 1796 2906 1841 et
2938 1785 3134 1843 Filium
3168 1808 3180 1842 :
3223 1805 3402 1861 neque
3429 1803 3491 1848 ut

169 1866 448 1937 negotium
480 1862 514 1902 δ
545 1864 852 1922 verecunda
901 1866 1190 1922 occasione
1235 1866 1566 1937 suscipiam;
1615 1877 1670 1922 ut
1713 1868 1781 1923 de

170 1957 268 2014 fide
314 1972 494 2029 pauca
547 1957 884 2030 disceptem,
936 1957 1006 2015 de
1061 1960 1390 2017 testimoniis
1437 1961 1594 2032 plura
1651 1976 1783 2018 eon-

168 2063 341 2108 texam
350 2093 365 2106 .

231 2146 286 2200 ii.
325 2146 405 2202 De
436 2145 697 2202 conciliis
725 2145 779 2202 id
807 2147 1152 2218 potissimum
1180 2162 1400 2218 sequar,
1429 2146 1575 2220 quod
1608 2159 1630 2187 ο
1670 2158 1778 2204 tre-

166 2231 302 2294 centi
329 2237 529 2295 decem
581 2248 636 2295 et
665 2246 791 2294 octo
837 2239 1171 2309 sacerdotes,
1220 2249 1493 2311 tamquam
1540 2241 1778 2297 Abrahze

169 2329 322 2386 electi
363 2330 619 2401 judicio,
664 2344 905 2386 consona
935 2330 1062 2387 fidei
1098 2332 1298 2387 virtute
1325 2335 1592 2399 victores,
1631 2332 1778 2388 velut

171 2431 456 2494 tropaeum,
501 2431 625 2480 toto
673 2425 806 2480 orbe
851 2425 1090 2481 subactis
1135 2425 1376 2496 perfidis,
1423 2425 1768 2494 extulerunt;

169 2523 224 2569 ut
253 2517 382 2573 mihi
408 2516 672 2574 videatur
699 2519 802 2575 hoc
821 2533 943 2575 esse
971 2517 1241 2587 divinum,
1272 2518 1416 2590 quod
1445 2518 1638 2576 eodem
1674 2536 1773 2576 nu-

238 2665 261 2693 ⁸
299 2654 534 2726 Signum
568 2655 750 2710 erucis
779 2655 1066 2723 poniturin
1096 2656 1278 2711 littera
1310 2655 1384 2720 T,
1409 2671 1568 2726 quam
1599 2656 1652 2710 in
1679 2671 1776 2710 an-

173 2727 330 2793 tiquis
363 2725 730 2782 Hebrmorum
760 2725 1171 2782 characteribus
1191 2728 1330 2781 hanc
1352 2725 1522 2795 ipsam
1547 2726 1774 2796 figuram

171 2798 416 2869 habuisse
447 2798 822 2869 Hieronymus
864 2805 988 2865 post
1025 2799 1315 2869 Origenem
1359 2807 1550 2852 auctor
1594 2806 1678 2869 est
1720 2799 1772 2852 in

172 2868 364 2924 Ezech.
405 2885 458 2924 is
486 2911 503 2933 ,
543 2871 604 2936 Δ,
638 2867 792 2938 cujus
829 2869 1142 2937 opinionem
1181 2867 1402 2924 Grotius
1426 2869 1492 2922 ad
1521 2868 1776 2923 eumdem

172 2939 339 2996 locum
369 2950 574 2996 contra
615 2939 951 3007 Scaligerum
993 2938 1256 2994 defendit.
1301 2939 1456 3005 Quod
1494 2949 1676 2994 autem
1709 2938 1774 2992 ad

173 3025 450 3066 numerum
478 3009 618 3076 5l8,
653 3009 703 3064 is
722 3010 863 3079 apud
891 3009 1113 3066 Graecos
1136 3010 1483 3065 arithmetice
1513 3009 1773 3065 effereba—

1885 1869 2169 1939 Photinus,
2204 1873 2416 1928 initium
2459 1873 2579 1929 Filii
2610 1891 2676 1932 ex
2720 1876 2940 1947 Virgine
2969 1879 3350 1950 disputemus:
3391 1900 3490 1941 ne-

1885 1978 1990 2033 que
2014 1973 2073 2018 ut
2099 1965 2284 2033 Arius,
2328 1965 2513 2036 plures
2537 1968 2811 2025 credendo
2841 1981 2895 2026 et
2922 1971 3221 2030 dissimiles
3249 1986 3491 2047 potesta-

1889 2062 1990 2121 tes,
2025 2054 2208 2125 plures
2243 2055 2374 2112 deos
2412 2058 2602 2127 gentili
2627 2073 2820 2116 errore
2864 2062 3155 2132 faciamus,
3185 2069 3310 2138 quia
3351 2072 3490 2126 scri-

1889 2156 2039 2219 ptum
2063 2159 2147 2203 est
2167 2167 2182 2204 :
2206 2150 2363 2216 Audi,
2391 2149 2581 2216 Israel,
2599 2151 2854 2209 Dominus
2872 2154 3013 2210 Deus
3028 2168 3170 2226 tuus,
3191 2159 3334 2216 Deus
3354 2179 3490 2219 unus

1882 2248 1958 2294 est
1987 2239 2168 2310 (Deut.
2198 2256 2286 2307 vt,
2311 2240 2393 2309 4).

1954 2336 2005 2388 7.
2052 2334 2196 2390 Deus
2235 2335 2381 2390 enim
2416 2345 2472 2392 et
2499 2337 2764 2395 Dominus
2791 2355 2987 2398 nomen
3037 2348 3484 2419 magnificentia},

1881 2441 2078 2481 nomen
2107 2437 2191 2482 est
2224 2429 2531 2496 potestatis,
2580 2431 2721 2485 sicut
2773 2433 2889 2503 ipse
2934 2433 3063 2491 dicit
3102 2456 3116 2492 ;
3152 2448 3175 2473 ο
3227 2438 3486 2498 Dominus

1878 2537 2062 2576 nomen
2092 2533 2166 2578 est
2192 2523 2342 2577 mihi.
2371 2523 2437 2578 Et
2459 2524 2600 2580 sicut
2627 2525 2754 2582 alibi
2795 2527 3069 2599 Propheta
3097 2535 3293 2590 asserit
3319 2553 3333 2590 :
3367 2534 3482 2592 Do-

1887 2657 2129 2740 tapoleos
2154 2658 2375 2740 circiter
2404 2675 2604 2716 annum
2635 2663 2741 2719 257
2777 2681 3033 2736 spargere
3073 2671 3258 2740 empit.
3308 2673 3482 2732 Doce-
3541 2685 3544 2687 ‘

1885 2728 1978 2810 bat
2006 2739 2185 2810 autem
2213 2731 2265 2783 in
2287 2731 2422 2810 _Deo
2453 2747 2614 2810 unam
2645 2728 2850 2791 tantum
2891 2728 3012 2810 esse
3045 2728 3352 2810 personam,
3374 2728 3481 2803 sed

1886 2799 2079 2877 tribus__
2100 2800 2334 2877 diversis
2378 2804 2688 2877 nominibus
2722 2820 2839 2860 eam
2883 2799 3087 2877 efferri,
3133 2822 3191 2867 ut
3229 2799 3481 2874 auciores

1885 2870 2604 2953 suntEpiphanius-Haeresi
2634 2876 2746 2941 ea,
2771 2876 3003 2953 Basilius
3032 2870 3194 2953 epist.
3225 2870 3325 2950 st;
3355 2870 3482 2942 phil

1886 2940 2125 3014 lustrius,
2163 2943 2498 3011 Augustinus
2519 2988 2533 3010 ,
2569 2940 2868 3014 atquealii.
2897 2940 3156 3007 Photinus
3184 2970 3249 3010 ex
3272 2940 3481 3014 Galatia

1885 3013 2163 3096 provincia
2211 3025 2370 3096 natus
2423 3013 2770 3096 Sirmieensis
2817 3020 2991 3096 factus
3048 3033 3134 3078 est
3189 3029 3480 3096 episc0pus

173 3090 254 3156 tur
281 3083 475 3156 litteris
500 3074 626 3156 'r_ei
656 3103 724 3156 tu,
746 3074 973 3156 quarum
1005 3081 1340 3156 posteriores
1367 3081 1488 3156 duae
1507 3079 1776 3156 suavissi-
1804 3074 1850 3136 C
1882 3074 2337 3156 quemadmodum
2363 3100 2391 3138 a
2423 3088 2578 3140 nobis
2601 3088 2651 3142 in
2679 3090 2773 3144 lib.
2802 3107 2836 3145 v
2857 3074 3164 3150 Comment.

174 3153 241 3207 mi
271 3153 510 3208 nominis
538 3151 670 3207 Jesu
704 3152 942 3207 initiales
973 3161 1118 3206 sunt.
1140 3152 1210 3206 Et
1254 3152 1379 3205 hinc
1401 3151 1775 3206 Ambrosianus

175 3224 448 3280 allusionis
473 3225 623 3279 ratio
645 3231 809 3292 patet.
835 3223 986 3278 Illam
1011 3235 1194 3278 autem
1221 3221 1326 3277 hoc
1352 3223 1470 3292 ipso
1494 3222 1630 3275 libro
1650 3236 1771 3290 cap.

177 3294 242 3348 18
268 3310 449 3365 rursus
478 3295 766 3365 proponit,
800 3309 906 3348 non
935 3309 1094 3348 secus
1124 3310 1188 3348 ac
1219 3294 1312 3346 lib.
1345 3308 1361 3347 ι
1388 3292 1456 3347 de
1476 3292 1770 3365 Abraham,

177 3378 294 3431 cap.
335 3364 520 3432 9,jam
553 3375 923 3433 expresserat.
959 3365 1146 3434 Neque
1186 3379 1316 3419 vero
1342 3379 1404 3419 ea
1445 3364 1663 3434 propria
1691 3372 1776 3417 est

179 3445 360 3490 sancto
387 3436 655 3502 Prmsuli;
699 3437 947 3492 eamdem
993 3433 1136 3491 enim
1181 3436 1342 3489 etiam
1384 3433 1604 3489 exhibet
1633 3434 1774 3488 lib.t

177 3505 242 3562 de
269 3506 472 3576 Spiritu
495 3507 590 3572 S.,
608 3521 728 3576 cap.
747 3523 784 3572 ι,
817 3507 1138 3562 Paschasius
1156 3507 1420 3561 diaconus
1437 3505 1659 3576 Gelasio
1681 3519 1776 3574 pa-

179 3591 254 3650 pge
280 3581 633 3650 synchront‘ts
665 3575 690 3631 τί
714 3580 852 3650 sicut
877 3587 933 3650 et
967 3577 1284 3632 Prudentius
1312 3577 1370 3650 in
1398 3576 1615 3650 Prazfat.
1643 3575 1776 3646 Psy-

178 3647 378 3712 choni.,
405 3651 502 3706 sed
536 3648 846 3705 obscurius.
881 3648 974 3703 His
1010 3659 1188 3703 autem
1209 3647 1458 3702 omnibus
1493 3648 1776 3716 praeiverat

179 3717 342 3774 Clem.
371 3719 816 3788 Alexandrinus,
850 3722 938 3787 qui
971 3719 1218 3774 eamdem
1267 3718 1772 3788 interpretationem

181 3791 325 3858 quasi
353 3793 423 3847 ab
453 3790 700 3860 antiquis
737 3790 1001 3861 theologis
1026 3801 1300 3861 acceptam
1343 3789 1647 3861 luculenter
1677 3803 1774 3840 ex-

184 3861 336 3932 plicat
369 3863 468 3918 lib.
515 3877 573 3916 vt
604 3859 941 3928 Stromaton,
972 3878 1022 3931 p.
1055 3859 1180 3916 656‘.
1236 3859 1389 3917 Unde
1429 3860 1772 3929 perspicuum

185 3943 259 4003 est
283 3934 479 4003 priscis
507 3933 622 3988 illis
651 3947 967 4002 persuasum
1014 3934 1327 4001 neutiquam
1377 3932 1543 4003 fuisse
1573 3937 1775 3996 myste-

183 4001 255 4075 ria
283 4001 571 4075 religionis
604 4001 674 4058 ita
706 4005 896 4058 litteris
933 4003 1210 4075 Hebraicis
1238 4003 1405 4075 Deum
1437 4001 1650 4070 alligata
1681 4015 1776 4052 vo-

187 4072 356 4138 lnisse,
389 4072 596 4131 utnon
646 4075 807 4130 etiam
851 4077 906 4130 in
957 4074 1160 4131 Grmcis
1218 4073 1604 4132 iudicarentur,
1638 4084 1774 4139 que-

187 4145 524 4215 madmodum
547 4146 760 4200 Domini
781 4162 993 4201 crucem
1012 4161 1107 4215 per
1120 4146 1449 4199 elementum
1468 4142 1715 4215 Graecum
1735 4154 1773 4196 T

187 4214 247 4268 ab
285 4215 580 4273 Ezechiele
629 4219 898 4287 designari
948 4214 1148 4272 asSerit
1199 4215 1564 4269 Tertullianns
1589 4214 1683 4268 lib.
1717 4227 1772 4266 ιιι

187 4297 360 4358 contra
392 4288 748 4355 Marcionem,
777 4303 896 4358 cap.
933 4289 1024 4342 22.

248 4354 276 4393 ι’
315 4357 442 4413 Mss.
473 4361 707 4428 aliquot,
736 4354 1024 4414 uerecunda
1047 4359 1375 4413 excusatione
1398 4356 1698 4428 suscipiam.

1883 3169 2032 3238 num.
2125 3165 2367 3238 notatum
2406 3157 2530 3238 fuit,
2559 3159 2607 3212 ls
2650 3174 2772 3214 cum
2803 3163 3104 3219 doctrinam
3131 3176 3188 3222 et
3216 3152 3480 3238 eloqui—eiii;

1883 3226 2012 3311 tiam
2061 3226 2388 3295 singularem
2431 3228 2531 3283 sibi
2582 3244 2981 3311 comparasset,
3037 3252 3172 3311 nova
3226 3226 3477 3311 dogmata

1883 3294 2433 3382 vulgaraaggressue
2477 3311 2562 3382 est
2608 3294 2752 3382 anno
2807 3294 3028 3382 circiter
3066 3307 3191 3365 545.
3237 3294 3482 3382 Νεᾜέίὺπὶ

1881 3379 2060 3452 porro.
2081 3364 2354 3449 Christum
2382 3369 2547 3452 Maria
2581 3372 2820 3452 priorem
2849 3378 3147 3452 exstitisse,
3179 3364 3247 3436 ex
3286 3364 3480 3452 q‘iia—et

1879 3435 2117 3507 Josepho
2146 3438 2320 3515 ipsum
2363 3435 2631 3515 conjugali
2673 3458 2990 3515 congressu,
3022 3458 3082 3502 ut
3112 3435 3479 3509 Marius'bfer;

1879 3517 2033 3583 cator
2070 3509 2325 3583 prodidit,
2361 3509 2549 3565 natuni
2576 3509 3004 3583 hlaSphémabat.
3052 3518 3206 3575 Unde
3231 3537 3353 3578 eum
3387 3526 3475 3582 hic

1879 3578 2018 3650 apud
2053 3579 2396 3650 Ambrosium
2431 3578 2710 3638 Photinus
2738 3585 2974 3641 refertur
3019 3588 3204 3646 dicere
3251 3593 3341 3648 Dei
3389 3578 3476 3650 Fi;

1881 3647 2019 3734 lium.
2041 3665 2105 3734 ea:
2137 3648 2350 3734 Virgine
2377 3660 2554 3734 ortum
2582 3656 2811 3716 cepisse,
2850 3667 2943 3734 aut
2967 3675 3042 3734 ea:_
3059 3658 3231 3713 Maria
3263 3647 3478 3734 Virgine

1879 3719 2436 3792 apudEpiphanium,
2483 3721 2536 3775 id
2569 3737 2666 3792 per
2694 3727 2982 3792 quamdam
3031 3729 3298 3783 licentiam
3330 3719 3477 3788 acci-

1880 3789 2137 3870 pieudum
2186 3799 2302 3853 est,
2351 3800 2410 3844 ut
2455 3789 2584 3844 cuin
2621 3789 2876 3870 Virgilius
2923 3797 3038 3851 Ecl.
3089 3799 3124 3854 6
3169 3798 3476 3870 Pasiphaen

1881 3861 2041 3911 trium
2071 3859 2360 3934 liberorum
2385 3871 2666 3934 parentem
2697 3859 2957 3933 virginem
2973 3880 3153 3934 vocat,
3186 3859 3478 3931 autverius

1879 3943 1976 4016 per
1999 3932 2452 4016 aittt‘inoniasia‘m,
2479 3944 2544 4016 ut
2562 3933 2702 4016 soliti
2733 3932 2968 4016 nominis
2995 3932 3201 4016 honore
3229 3959 3333 3999 non
3368 3947 3479 4016 pri-

1880 4009 2058 4056 vetur.
2091 4002 2256 4056 Addit
2293 4009 2471 4054 autem
2504 4001 2837 4072 Epiphanius
2873 4006 3186 4073 Photinum,
3218 4027 3340 4068 cum
3368 4001 3472 4072 ἰιι--

1877 4081 2122 4150 geretur,
2147 4073 2621 4150 dicere_s_olitutn:
2655 4073 2868 4150 Er_at_in_
2906 4076 3069 4134 Patre
3107 4081 3350 4150 Verbum,
3383 4089 3474 4141 sed

1879 4140 2107 4220 nondum
2138 4155 2267 4220 erat‘
2292 4140 2730 4220 Filius..._.__q_uod
2759 4143 2931 4201 Filius
2959 4165 3060 4203 non
3085 4140 3351 4220 existeret,
3385 4140 3476 4211 sed

1876 4215 1932 4288 id
1976 4215 2147 4288 ipsum
2188 4213 2485 4288 solum,_cui
2525 4213 2652 4283 Filii
2693 4233 2876 4288 nomen
2925 4232 3034 4273 erat
3075 4213 3354 4288 aliquando
3383 4229 3477 4280 tri-

1877 4284 2169 4347 buendum,
2205 4293 2311 4339 etc.
2353 4284 2560 4352 Quibus
2581 4286 2798 4356 quidem
2825 4289 3033 4345 videtur
3066 4284 3226 4348 Verbi
3257 4297 3474 4351 aeterni-

1878 4364 2042 4429 tatem
2069 4356 2515 4429 divinitatemque
2558 4375 2676 4429 non
2712 4374 2930 4429 negare.
2976 4361 3106 4418 Inde
3134 4376 3212 4418 est
3238 4363 3472 4423 fortasse

256 4439 277 4465 ο
317 4428 472 4508 Hune
491 4424 849 4508 _Nic:e_nerum
873 4430 980 4508 PP.
1004 4445 1288 4508 numerum
1317 4443 1505 4508 rursus
1534 4424 1654 4508 iihri
1683 4424 1776 4508 hu-
1801 4447 1853 4508 Ι)
1879 4428 2023 4508 quod
2055 4429 2388 4508 Anugnstinus
2419 4427 2630 4508 Hieresi-
2653 4428 2723 4508 d4
2763 4424 2884 4508 cum
2912 4432 3144 4508 dixisset
3183 4435 3475 4508 Photinum

183 4496 265 4568 ius
299 4515 418 4568 cap.
449 4503 522 4557 18
553 4502 739 4555 scribit
772 4501 1108 4556 Ambrosius.
1143 4502 1196 4553 lu
1241 4515 1349 4568 quo
1375 4499 1539 4552 etiam
1579 4499 1626 4551 ei
1651 4495 1773 4568 suf-

188 4565 458 4640 fragantur
487 4585 597 4626 neu
635 4573 795 4626 modo
829 4571 1059 4626 Hilarius
1081 4565 1271 4625 contra
1293 4567 1577 4624 Constant.
1598 4608 1612 4630 ,
1649 4566 1776 4621 Hie-

190 4653 441 4712 ronymus
473 4644 532 4697 in
560 4642 817 4698 Chronic.
842 4685 856 4708 ,
889 4642 1116 4696 Rufinus
1155 4650 1208 4694 et
1236 4640 1367 4704 alii;
1410 4654 1605 4712 verum
1619 4648 1680 4712 et
1711 4641 1776 4691 A-

192 4709 458 4784 thanasius
508 4715 624 4784 ipse
653 4715 705 4768 iu
737 4716 898 4784 epist.
929 4713 993 4766 ad
1035 4712 1248 4784 Jovian.
1293 4710 1630 4784 Quare_nihil
1661 4717 1781 4763 erat

191 4793 280 4835 cur
301 4780 550 4839 Valesius
576 4786 628 4839 in
659 4780 950 4840 Eusebium
981 4785 1074 4839 lib.
1106 4798 1164 4837 ιιι
1198 4782 1267 4836 de
1300 4781 1416 4835 Vita
1455 4780 1774 4845 Constant.,

194 4865 304 4921 cap.
330 4853 387 4920 8,
414 4864 674 4911 constare
702 4865 920 4926 negaret
941 4864 1071 4924 quot
1100 4862 1282 4926 essent
1305 4852 1468 4926 iidem
1496 4851 1774 4926 episcopi;

195 4936 307 4977 cum
355 4928 536 4993 potius
573 4921 864 4982 Eusebiani
911 4921 1013 4981 loci
1061 4924 1275 4980 nonnisi
1316 4921 1424 4976 250
1453 4923 1778 4991 assignautis

195 4995 620 5065 corruptionem,
661 4997 730 5052 de
758 5013 862 5068 qua
886 4998 996 5067 jam
1029 4999 1199 5068 vulgo,
1209 4996 1566 5068 conveniunt,
1600 4993 1777 5061 ipsum

195 5063 398 5139 quoque
425 5083 741 5139 agnoscere
776 5063 1144 5139 oportuisset:
1184 5066 1295 5139 Hoc
1322 5063 1587 5139 _Soera_t_es
1618 5074 1780 5134 atque

201 5132 512 5210 Eustathius
534 5140 751 5210 planum
786 5132 1010 5203 faciunt,
1041 5138 1289 5191 eumdem
1320 5135 1538 5190 Eusebii
1576 5132 1780 5210 textum

202 5204 694 5278 allegantesfalter
741 5211 1096 5278 enim‘posuit
1128 5215 1400 5262 trecentos
1440 5216 1494 5260 et
1523 5206 1778 5278 amplius,

202 5276 328 5349 alter
347 5285 621 5336 trecentos
645 5281 729 5336 vel
761 5276 1000 5344 circiter,
1033 5279 1175 5349 quod
1209 5292 1546 5348 nequaquam
1583 5278 1648 5330 ad
1675 5276 1782 5349 25f)

207 5343 434 5418 Vulgata:
472 5351 720 5406 lectionis
755 5343 1098 5416 Eusebiana},
1131 5351 1226 5405 sed
1265 5343 1542 5418 aptissime
1581 5348 1648 5402 ad
1675 5348 1782 5401 '5l8

205 5416 383 5491 referri
412 5429 592 5491 potest
620 5424 747 5479 :ubi
781 5431 958 5476 tamen
992 5436 1191 5489 paucos
1212 5416 1464 5485 Arianos,
1492 5419 1583 5489 qui
1622 5433 1784 5489 syno-

205 5485 608 5561 do_itrterfuere,
643 5508 748 5548 non
785 5485 1317 5561 comprehendimus.

271 5556 299 5595 ά
336 5556 733 5633 Praecipitarum
762 5556 1028 5617 haeresnm
1047 5563 1102 5616 in
1123 5562 1445 5633 Trinitatem
1467 5560 1788 5633 divitiasque

214 5641 460 5700 personas
483 5631 735 5689 auctores
777 5643 1043 5688 memorat
1089 5632 1433 5694 Ambrosius,
1463 5631 1783 5700 Sabellium,

216 5695 486 5774 Pliorinum
512 5715 676 5774 atque
720 5706 927 5760 Arium.
963 5703 1205 5774 Primus,
1253 5702 1487 5774 Eusebio
1525 5695 1783 5774 te‘ste_lib'.

218 5781 303 5818 sn.
326 5769 543 5841 Iliatom,
579 5768 702 5842 cap.
727 5787 811 5834 vi,
850 5768 1478 5843 errores_Ptolettinidein
1502 5770 1636 5823 urbe
1658 5769 1788 5825 Pen»

1882 4498 2051 4575 Paulo
2077 4499 2289 4575 Samos.
2313 4513 2368 4575 Α
2411 4513 2518 4568 quo
2550 4499 2767 4575 initium
2799 4503 3014 4558 Christo
3044 4520 3113 4561 ex
3146 4505 3352 4575 virgine
3381 4508 3476 4563 tri-

1883 4569 2169 4633 buebatur,
2208 4568 2398 4622 similia
2437 4569 2744 4634 credidisse,
2774 4575 3032 4629 continuo
3060 4577 3208 4631 addit
3231 4568 3477 4633 YSecun-

1883 4640 2003 4710 dum
2031 4640 2226 4710 aliquid
2253 4650 2420 4692 tamen
2442 4639 2742 4695 adversatus
2767 4643 2813 4695 ei
2834 4645 3045 4699 dicitur.
3085 4647 3153 4700 Et
3184 4649 3284 4702 hac
3310 4649 3477 4705 ratio-

1884 4725 1952 4787 ne
1972 4709 2226 4787 Carnerii
2262 4711 2572 4787 conjectura
2607 4715 2919 4787 confirmari
2950 4731 3056 4787 non
3085 4717 3227 4773 male
3254 4729 3473 4787 posset,

1883 4782 1985 4834 nisi
2013 4783 2336 4836 asseruisset
2388 4781 2676 4835 Photinnm
2705 4782 2948 4845 ὁμουσίου
2980 4785 3138 4841 fidem
3164 4781 3479 4845 constanter

1883 4852 2142 4905 tenuisse.
2175 4852 2264 4906 Sic
2307 4849 2466 4923 etiam
2516 4851 2618 4906 loci
2669 4849 2773 4906 PP.
2805 4857 2894 4923 qui
2943 4857 3171 4911 invicem
3216 4861 3477 4918 contrarii

1883 4933 2164 5000 apparent,
2193 4921 2919 5000 educiliabuntur.‘Namque
2945 4927 3032 4980 ubi
3063 4927 3290 5000 traditur
3311 4945 3479 5000 nega-

1882 4990 1994 5045 tnm
2029 4993 2097 5046 ab
2123 5008 2190 5045 eo
2220 4990 2458 5046 Verbum
2488 4990 2948 5050 consubstantiale
2977 5011 3119 5060 esse.
3160 4998 3260 5054 hoc
3289 5001 3356 5055 ad
3381 4990 3480 5057 ve-

1885 5079 1997 5116 ram
2031 5063 2201 5133 ipsius
2221 5062 2532 5129 Opinionem
2565 5065 2665 5116 erit
2705 5063 3081 5132 referendum;
3113 5069 3204 5124 ubi
3245 5086 3372 5125 vero
3395 5072 3477 5126 ei-

1883 5133 2004 5188 dem
2038 5131 2257 5210 attribui
2303 5134 2608 5210 oppositnm
2660 5134 2890 5198 videtur.
2945 5137 3078 5192 illud
3128 5139 3353 5210 intelligi
3404 5141 3478 5197 de

1884 5205 2122 5281 secunda
2158 5203 2514 5281 reSpnnsione
2543 5207 2609 5257 ad
2639 5219 2798 5281 quam
2826 5214 3067 5281 _coactu_s
3107 5203 3478 5281 confugiebat,

1885 5277 2102 5344 p0terit.
2156 5275 2473 5344 Cousulesis
2517 5277 2766 5330 eumdem
2817 5275 3140 5333 Garnerinm
3187 5275 3411 5337 Dissert.
3455 5275 3478 5338 ι

1884 5343 1952 5402 de
1984 5347 2192 5401 Haeres.
2214 5357 2270 5401 et
2301 5345 2393 5399 lib.
2422 5343 2692 5400 Nestorii:
2724 5354 2800 5410 et,
2831 5358 2886 5400 ut
2914 5363 3210 5416 cognoscas
3238 5367 3358 5416 quze
3387 5367 3481 5407 ra-

1887 5420 2060 5474 tiones
2079 5427 2264 5472 contra
2288 5430 2415 5489 eum
2444 5416 2664 5489 faciunt,
2697 5417 3083 5489 Alexandrum.
3116 5416 3269 5489 Quod
3295 5433 3483 5481 autem

1886 5489 2254 5564 superioribus
2292 5487 2503 5564 duobus
2549 5486 3056 5564 haireticisﬁrium
3107 5486 3302 5564 jungit.
3355 5509 3483 5551 cum

1887 5556 2002 5616 toio
2045 5559 2152 5616 huc
2193 5573 2358 5635 opere
2406 5556 2754 5635 impugnetur
2805 5559 2922 5629 ejus
2964 5556 3234 5632 haeresis;
3253 5563 3322 5619 de
3360 5565 3483 5635 ipso

1889 5644 2066 5688 actum
2091 5644 2177 5685 est
2206 5633 2255 5684 in
2288 5627 2633 5683 Przefatione.

1963 5713 1986 5738 θ
2029 5703 2161 5776 Huic
2174 5709 2244 5776 et
2290 5699 2538 5776 sequenti
2584 5696 2904 5776 §cripturaeg
2933 5704 3102 5772 textui
3149 5714 3266 5776 post
3293 5721 3488 5767 vocem

1895 5771 2147 5826 Dominus
2174 5770 2328 5822 Rom.
2363 5767 2489 5821 editi
2535 5767 2830 5842 adiecerat;
2870 5769 3027 5839 Deus,
3060 5767 3181 5844 qua:
3213 5779 3265 5833 in
3289 5779 3411 5836 aliis
3444 5775 3474 5830 ιι
