3952 6178
177 208 278 302 δὲδ

1532 224 1623 297 DE
1660 215 1817 297 ἰδιῧὲ
1854 220 1986 299 Lib.
2026 222 2068 298 i.

3359 236 3464 301 551

81 392 87 399 η
175 362 330 444 tricis,
352 342 579 444 vii-tutis
612 336 841 427 indicia;
875 369 957 416 est
978 338 1127 441 ἐπὶῐῶ
1152 342 1438 444 ρίθιιῑῖὶιᾶῥ
1463 342 1767 416 divinilatis
1793 342 1845 420 Α
1875 336 2054 415 tamen
2089 352 2196 415 ἤδη
2247 354 2356 416 otio
2389 344 2491 427 Dil,
2517 358 2611 418 sed
2639 348 2780 418 auiis
2810 343 2951 418 titius
2975 357 3128 419 tam.
3166 353 3471 444 utrubique

172 450 222 511 iu
244 435 426 519 unus,
445 464 531 509 est
551 448 827 524 plenitudo
848 435 1146 507 divinitatis
1164 435 1217 507 iu
1243 436 1405 517 riiio,
1424 435 1532 507 lion
1551 444 1761 507 discre-

169 560 324 618 pans,
360 546 463 601 sed
492 560 599 599 una
634 542 902 599 divinitas.
933 532 1043 600 Nec
1069 530 1378 611 confusum,
1411 530 1557 616 quod
1594 532 1763 600 suum

168 650 245 695 est
275 656 290 692 :
334 654 439 694 nec
473 638 788 708 multiplex,
821 637 963 706 quod
992 620 1332 694 iildiﬂerens.

232 723 321 790 18.
355 728 582 789 Etenim
610 732 655 788 si
685 732 925 787 omnium
950 730 1312 797 credentium;
1335 732 1475 787 sicut
1500 732 1761 803 scriptum

164 830 239 885 est
288 828 429 899 (Act.
476 814 559 893 ii,
598 820 713 897 32),
747 832 868 881 erat
910 825 1092 881 anima
1119 825 1221 881 tina
1255 827 1310 881 et
1338 838 1434 881 cor
1469 832 1634 881 unum
1670 840 1683 881 :
1716 826 1762 881 si

163 920 334 977 omnis
380 916 473 992 qui
531 914 771 975 adhairet
819 916 1083 985 Domino,
1115 918 1253 975 uitiis
1298 914 1522 990 spiritus
1560 925 1674 985 est,
1705 926 1763 975 ιιι

163 1005 460 1081 Ᾱνόὲῑοιυὲ
506 1007 643 1068 diiit
685 1006 731 1082 (l
781 1004 902 1066 Cor.
948 1024 1022 1082 vr;
1066 1010 1203 1084 27):
1251 1011 1296 1067 ει
1340 1011 1426 1067 vir
1458 1021 1514 1067 et
1540 1012 1759 1067 usorin

162 1122 317 1164 carne
349 1122 455 1162 una
490 1114 658 1161 sunt:
692 1106 738 1163 si
760 1120 950 1162 omnes
980 1105 1251 1173 homines,
1279 1115 1541 1178 quantum
1565 1106 1633 1161 ad
1660 1122 1758 1161 na-

163 1208 332 1255 turam
381 1199 646 1269 pertinet,
681 1199 842 1255 unius
868 1199 1191 1255 substantia:
1218 1213 1406 1255 sumus
1437 1217 1450 1252 :
1484 1199 1529 1254 si
1559 1199 1661 1255 hoc
1692 1199 1761 1255 de

160 1292 408 1349 humanis
433 1292 716 1363 Scriptura
744 1291 901 1360 dicit,
926 1292 1052 1364 quia
1076 1291 1232 1347 multi
1258 1308 1422 1346 unum
1445 1302 1595 1358 sunt,
1618 1307 1757 1363 quo-

158 1400 269 1440 rum
294 1385 444 1447 nulla
467 1393 654 1455 potest
675 1398 799 1441 esse
819 1399 941 1441 cum
958 1385 1157 1440 divinis
1170 1384 1508 1454 comparatio
1523 1401 1537 1450 ;
1555 1393 1757 1459 quanto

157 1470 320 1542 magis
371 1471 541 1525 Pater
567 1481 622 1525 et
649 1470 819 1525 Filius
850 1469 1135 1525 divinitate
1165 1485 1331 1547 unum
1354 1478 1500 1537 sunt,
1537 1470 1623 1525 ubi
1654 1485 1757 1526 nec

156 1564 471 1621 substantiae
500 1580 607 1619 nec
632 1564 924 1619 voluntatis
950 1564 1058 1618 ulla
1089 1572 1171 1618 est
1198 1562 1540 1644 differentia?

223 1657 307 1712 l9.
332 1656 588 1728 Namque
615 1657 773 1712 aliter
795 1655 1070 1727 quomodo
1093 1672 1256 1712 unum
1281 1646 1451 1714 Deum
1473 1657 1752 1713 dicemus?

1869 452 2032 523 igitur
2074 448 2251 509 unitas
2284 452 2619 524 opei'a'tio'nis
2656 444 2903 512 servatur
2941 454 2997 511 ét
3031 439 3287 511 utillillii§l
3326 452 3461 512 nam

1868 543 2054 615 utique
2099 544 2223 602 cuiu
2268 539 2516 619 legiiiiiis,
2551 536 2695 604 Deus
2734 552 2804 604 cit
2852 530 2986 617 beo,
3030 532 3137 606 utsii
3164 536 3301 606 auos
3329 534 3464 607 διὲδέ

1865 634 2117 694 dicitﬁtis.
2392 706 2403 719 δ’
2690 716 2695 720 ,

1865 775 1868 779 .
1936 729 2029 785 24.
2048 726 2291 817 Denique
2307 730 2475 817 habes
2496 732 2549 817 lii
2572 718 3229 817 Pssimoqtiadragesiiiib'
3243 728 3459 806 doa‘rto,

1865 823 2011 894 quod
2040 820 2094 879 ει
2126 810 2293 879 Dedin
2322 806 2535 881 narrent
2568 804 2753 881 zunxit
2776 804 3073 899 Probh'etii,
3098 822 3154 883 él
3180 804 3347 884 neum'
3373 822 3463 884 ri."

1865 915 2000 970 lium
2032 912 2366 985 declaravit,
2411 912 2601 974 dicens
2635 935 2649 973 :
2695 916 2858 975 Sedés
2899 916 3017 986 tua,
3061 912 3233 988 Delii,
3276 922 3329 976 in
3364 902 3461 978 iiii

1863 1007 2037 1063 culum
2066 1008 2279 1075 saeculi;
2307 1010 2363 1066 et
2392 1008 2531 1066 infra
2565 1018 2577 1066 ξ
2615 1010 2778 1067 auxit
2806 1010 2854 1068 ie‘
2880 1013 3021 1068 D'eus
3040 1000 3182 1070 Dea;
3202 1024 3321 1070 tuus
3347 1010 3459 1069 sub

1864 1100 2059 1155 (milia:
2088 1088 2196 1171 prie
2230 1102 2553 1158 consortiblis‘
2594 1098 2694 1158 luis
2731 1102 2885 1175 (Ps'al
2914 1116 3061 1175 thv,
3097 1104 3151 1174 7,
3201 1103 3281 1177 8).
3317 1092 3462 1162 Deus

1862 1201 1946 1247 est
1973 1194 2064 1264 qui
2086 1198 2267 1265 ungit,
2292 1206 2349 1251 et
2375 1195 2519 1252 Deus
2546 1198 2637 1268 qui
2667 1198 2964 1253 secundum
2993 1213 3210 1254 carnem
3240 1196 3461 1269 ungitu'i-

1862 1283 1955 1339 Dei
2000 1284 2190 1340 Filius.
2231 1286 2473 1357 Denique
2508 1270 2644 1358 quos
2672 1276 2837 1345 liabet
2864 1289 3138 1346 unctionis
3164 1306 3277 1346 sua:
3300 1290 3459 1346 Chri-

1861 1384 1978 1431 stus
2010 1377 2112 1432 nisi
2160 1378 2213 1433 iti
2245 1380 2412 1434 ca‘rne
2444 1380 2765 1436 ciinsti'rteS?
2794 1380 2957 1437 Vides
2979 1366 3142 1453 igitur
3171 1382 3295 1452 quia
3318 1366 3461 1438 naui.

1860 1484 1891 1523 a
1933 1469 2044 1525 Deo
2090 1479 2329 1527 unctus:
2376 1470 2472 1527 sed
2512 1472 2567 1526 in
2603 1460 2975 1542 assumptione
3027 1484 3234 1529 natura:
3264 1475 3458 1528 unctus

1860 1563 2106 1619 humana:
2129 1560 2227 1619 Dei
2261 1563 2432 1620 Filius
2454 1564 2789 1636 designatur,
2819 1568 2919 1621 nec
2950 1560 3109 1637 Legis
3141 1553 3310 1621 forma
3338 1556 3456 1622 vio—

1802 1734 1811 1743 1
1855 1654 2017 1711 latur.

159 1751 449 1807 Diversitas
479 1751 665 1821 plures
699 1750 852 1819 facit,
888 1751 1068 1807 unitas
1090 1752 1377 1821 potestatis
1399 1752 1757 1808 cxcluditnu-
1930 1751 2020 1805 25.
2054 1750 2119 1806 Et
2169 1751 2256 1807 hic
2304 1752 2435 1823 ergo‘
2474 1767 2598 1807 cum
2631 1742 2831 1807 dicitur
2864 1766 2878 1805 :
2923 1738 3073 1806 Plult
3121 1742 3379 1805 Domitius
3422 1767 3455 1804 a

157 1845 283 1899 meri
307 1845 711 1915 quantitatem;
734 1845 860 1915 quia
892 1844 1074 1900 unitas
1107 1842 1366 1928 numerus
1393 1858 1499 1900 non
1528 1856 1631 1912 est,
1656 1846 1753 1901 sed

155 1936 265 1993 inec
286 1937 537 1993 omnium
574 1937 688 2008 ipsa
715 1937 1045 2009 principium
1074 1946 1179 1994 est.

765 2028 996 2086 CAPUT
1034 2029 1124 2085 lll.
1392 2104 1395 2109 p

161 2122 322 2178 Patris
351 2139 412 2178 ac
448 2122 590 2177 Filii
617 2124 863 2177 unitatem
895 2122 1186 2194 Scriptqu
1212 2121 1515 2177 testimoniis
1545 2123 1750 2195 probat,

220 2226 264 2269 et
291 2217 458 2288 primo
482 2214 665 2270 Esaiw
692 2214 858 2269 locum
881 2216 1104 2287 aliorum
1131 2218 1514 2287 comparatione
1531 2216 1606 2271 ita
1628 2216 1753 2269 illit-

220 2318 374 2377 strat,
412 2320 472 2363 ut
500 2309 707 2363 nullam
733 2324 765 2362 a
793 2306 976 2364 Patris
1011 2317 1195 2363 natura
1220 2309 1273 2362 in
1293 2306 1437 2379 Eilio
1457 2309 1622 2362 inesse
1646 2308 1751 2380 dif-

219 2402 483 2471 ferentiam
536 2410 742 2456 astruat
766 2442 781 2467 ,
832 2401 932 2456 nisi
976 2410 1224 2472 quantum
1267 2400 1337 2454 ad
1386 2382 1592 2479 carnem
1616 2440 1631 2465 ,
1688 2415 1750 2453 ac

219 2493 427 2562 proinde
454 2510 623 2547 unam
648 2493 916 2564 utriusque
938 2491 1176 2547 deitatem
1198 2507 1325 2545 esse.
1350 2489 1504 2561 Quod
1537 2489 1618 2544 ubi
1654 2506 1751 2543 au-

219 2588 443 2641 ctoritate
484 2585 705 2641 Βατείεὴ
748 2585 1104 2659 conﬁrmatum
1145 2592 1250 2651 est,
1279 2582 1435 2652 ﬁdem
1484 2580 1749 2653 prophetis

220 2678 311 2735 hac
333 2680 384 2734 in
405 2696 461 2734 re
487 2677 786 2733 habendam
812 2676 992 2732 tradit.

218 2770 302 2827 20.
330 2752 606 2839 Quantam
637 2784 775 2825 vero
808 2768 1088 2839 Scriptura
1121 2767 1302 2823 divina
1343 2765 1519 2820 Patris
1544 2775 1594 2819 et
1621 2762 1743 2849 Etlii

158 2863 436 2919 secundum
469 2862 819 2918 divinitatem
845 2864 1177 2931 expresserit
1200 2859 1480 2926 unitatem,
1507 2856 1743 2928 prophe-

159 2955 249 3010 tica
291 2964 566 3033 testantur
611 2953 853 3031 oracula.
903 2950 994 3008 Sic
1018 2951 1162 3006 enim
1194 2949 1323 3005 dicit
1368 2948 1627 3003 Dominus
1658 2963 1744 3033 sa-

156 3042 332 3099 haoth:
360 3024 648 3127 laboravit
865 3040 1153 3114 Egyptus,
1176 3050 1222 3096 et
1244 3050 1497 3093 mercatus
1525 3032 1599 3093 1E
1607 3024 1741 3093 llth-

1858 1841 2122 1910 Domino,
2165 1844 2429 1901 unitatem
2476 1844 2780 1901 divinitatis
2826 1858 3078 1916 agnosce.
3110 1830 3456 1915 Operaiiotiis
3526 1904 3535 1913 ,

1856 1936 2001 1990 enim
2050 1936 2227 1991 unitas
2269 1951 2375 1992 non
2415 1935 2545 1992 facit
2590 1937 2856 2011 pluralem
2908 1936 3282 2003 divinitatem,
3311 1937 3455 1992 sicut

1856 2030 1973 2100 ipse
2015 2030 2279 2085 Dominus
2321 2030 2582 2104 pstendit,
2630 2030 2816 2085 dicens
2850 2047 2864 2087 :
2895 2022 3101 2084 Credite
3129 2014 3292 2107 mihi,
3334 2030 3453 2102 quia

1855 2136 1947 2192 ego
1967 2121 2021 2175 in
2043 2119 2224 2187 Patre,
2244 2129 2288 2195 et
2306 2118 2471 2197 Pater
2490 2122 2543 2175 in
2568 2137 2647 2175 me
2672 2138 2692 2176 ε
2716 2123 2946 2194 alioquin
2964 2122 3044 2176 vel
3063 2131 3273 2199 propter
3297 2108 3455 2192 operti

1855 2214 1969 2287 ipsa
2019 2214 2210 2270 credite
2245 2213 2446 2286 (Joau.
2480 2231 2535 2279 χ,
2568 2214 2682 2287 58).
2713 2215 2783 2279 Ει
2813 2214 2902 2293 hic
2931 2214 3269 2293 advertimus
3311 2210 3455 2286 quod

1857 2306 2119 2361 unitatem
2159 2304 2463 2360 divinitatis
2499 2321 2595 2376 per
2630 2290 2897 2361 unitatem
2930 2290 3162 2376 operum
3192 2290 3451 2378 designa-

1853 2396 2012 2451 verit.
2406 2462 2415 2475 ι
2578 2472 2587 2477 μ
2708 2470 2713 2475 Ι
2788 2450 2815 2475 ι,
2952 2466 2961 2479 δ
3032 2472 3041 2479 ῃ
3148 2450 3153 2455 ,

1878 2558 1883 2567 ί
1923 2488 2015 2543 26.
2052 2487 2121 2543 Ut
2149 2495 2331 2543 autem
2357 2502 2466 2561 una
2497 2484 2674 2567 deitas
2701 2495 2756 2541 et
2779 2487 2960 2542 Patris
2990 2496 3044 2542 et
3071 2487 3220 2567 Filii,
3251 2497 3308 2543 et
3339 2503 3446 2553 una

1852 2562 2155 2634 dominatio
2189 2578 2549 2650 probaretur;
2594 2562 2663 2635 ne
2698 2579 2918 2661 gentilis
2947 2588 3040 2659 aut
3078 2562 3319 2661 ludaicaf
3348 2581 3451 2659 im-

1851 2673 2072 2744 pietatis
2122 2658 2537 2745 incurreremus
2575 2656 3181 2753 erroremtprovidens
3213 2656 3451 2757 Apostof

1849 2768 1971 2833 lus,
2018 2767 2148 2839 quid
2198 2767 2355 2838 sequi
2401 2767 2733 2824 deberemus
2765 2765 3263 2847 ostenditdicens:
3302 2764 3449 2843 Unus

1845 2861 1990 2918 Deus
2042 2861 2223 2930 Pater,
2265 2878 2328 2917 ex
2367 2879 2469 2934 quo
2506 2856 2701 2930 omnia,
2739 2872 2785 2916 et
2812 2860 2904 2916 nos
2933 2862 2988 2915 in
3022 2863 3134 2932 ipso
3168 2877 3203 2939 .jd
3232 2870 3280 2915 et
3309 2877 3444 2939 unus

1850 2952 2105 3008 Dominus
2131 2951 2287 3008 Jcsus
2316 2952 2570 3021 Christus,
2606 2970 2698 3025 per
2727 2969 2878 3023 quem
2916 2948 3121 3019 omnia,
3161 2963 3206 3007 et
3232 2968 3325 3008 nos
3352 2970 3445 3024 per

1846 3047 2015 3117 ipsum
2034 3046 2075 3118 (Ι
2105 3045 2225 3100 Cor.
2248 3062 2359 3113 νηί,
2385 3044 2464 3120 6).
2483 3048 2639 3102 Sicut
2663 3047 2806 3102 enim
2828 3062 2990 3101 unum
3012 3038 3246 3102 dicendo
3263 3046 3448 3101 Domi-

155 3151 263 3204 pum
307 3147 352 3192 et
399 3137 619 3217 Sebaim
650 3152 669 3191 :
717 3136 813 3190 viri
841 3136 1029 3190 excelsi
1068 3134 1137 3188 ad
1163 3143 1209 3187 te
1235 3131 1557 3197 transibunt,
1591 3142 1638 3185 et
1668 3130 1740 3185 tui

1858 3155 1977 3194 num
2005 3130 2191 3195 Jesum
2223 3139 2522 3213 Christum,
2556 3139 2775 3194 Patrem
2814 3140 3099 3194 Dominum
3130 3154 3238 3195 non
3270 3155 3441 3211 nega-

155 3240 287 3283 erunt
314 3230 481 3313 serui,
533 3239 588 3284 et
627 3239 743 3302 post
792 3239 840 3283 te
877 3239 1150 3298 sequentur
1189 3227 1391 3299 alligati
1424 3226 1658 3292 vinculis,
1692 3234 1739 3281 et

156 3304 426 3376 adorabunt
474 3332 526 3393 te
554 3363 570 3389 ,
624 3329 671 3375 et
712 3323 766 3374 in
798 3330 845 3374 te
872 3319 1280 3391 deprecabuntur
1298 3335 1317 3384 ;
1338 3318 1581 3388 quoniam
1609 3319 1660 3393 in
1691 3327 1740 3372 te

157 3422 227 3467 est
256 3400 406 3481 Dens,
428 3402 472 3469 et
512 3402 725 3483 nonest
756 3400 895 3467 Deus
926 3421 1110 3484 praeter
1139 3422 1206 3466 te.
1239 3410 1320 3466 Tu
1340 3412 1473 3465 enim
1500 3427 1551 3465 es
1575 3386 1735 3475 Deus,

155 3518 197 3561 et
219 3509 585 3575 nesciebamus,
611 3488 752 3563 Deus
780 3506 947 3562 Israel
971 3506 1125 3579 (Esa.
1154 3522 1277 3572 XLV,
1296 3504 1412 3578 14).

174 3669 183 3674 _
217 3599 300 3656 2i.
342 3602 480 3659 Audi
525 3601 902 3673 propheticum
952 3616 1137 3656 vocem
1175 3619 1188 3656 :
1240 3599 1307 3655 In
1334 3610 1401 3668 te,
1437 3601 1632 3672 inquit,
1664 3611 1736 3655 est

157 3692 305 3763 Deus,
333 3708 495 3754 etnon
524 3709 603 3755 est
631 3695 769 3751 Deus
799 3707 984 3769 prteter
1004 3676 1387 3766 te..Quomodo
1418 3698 1522 3753 hoc
1544 3712 1738 3753 secun-

156 3787 269 3871 dum
310 3774 543 3849 Arianos
574 3791 867 3847 comenit?
897 3791 1131 3847 Necesse
1170 3803 1251 3847 est
1279 3804 1479 3863 negent
1518 3798 1610 3846 aut
1640 3791 1739 3845 Pa-

159 3878 248 3936 tris?
280 3872 368 3941 5nt
411 3887 539 3942 Filii
588 3885 948 3952 divinitatem,
992 3885 1097 3942 nisi
1151 3884 1392 3955 ejusdem
1436 3884 1738 3939 divinitatis

158 3964 472 4035 crediderint
503 3980 796 4036 unitatem.
1085 4006 1089 4010 ·
1406 4048 1411 4055 ,
1568 4040 1576 4053 .

219 4068 304 4124 22.
329 4070 394 4124 In
412 4081 479 4139 te,
511 4071 709 4141 inquit,
737 4082 810 4125 est
833 4068 1008 4135 Deus;
1032 4070 1287 4142 quoniam
1314 4070 1366 4125 in
1395 4068 1534 4125 Filio
1554 4069 1732 4126 Pater.

161 4156 413 4231 Scriptum
457 4174 543 4220 est
576 4148 723 4217 enim
758 4180 770 4216 :
803 4159 964 4217 Pater
997 4163 1086 4231 qui
1113 4163 1165 4216 in
1197 4178 1276 4216 me
1303 4171 1492 4227 manet,
1520 4162 1629 4241 ipse
1660 4162 1739 4216 lo-

162 4253 347 4321 quitur;
385 4266 441 4311 et
492 4275 505 4310 :
547 4255 721 4325 Opera
750 4271 865 4324 qua:
886 4272 977 4328 ego
1003 4256 1159 4327 facio,
1188 4264 1232 4309 et
1262 4255 1373 4318 ipse
1402 4255 1527 4326 facit
1552 4254 1733 4323 (Joan.

163 4357 209 4410 ν,
228 4345 303 4414 5).
329 4348 433 4404 Sed
461 4359 522 4406 et
544 4348 675 4404 alibi
709 4350 759 4403 in
793 4349 954 4405 Patre
981 4349 1150 4405 Filius
1177 4334 1281 4416 est,
1308 4351 1396 4420 qui
1430 4350 1595 4405 dicit:
1627 4349 1738 4423 Ego

164 4437 210 4491 in
230 4436 399 4507 Patre,
419 4451 471 4497 et
494 4440 655 4496 Pater
671 4442 723 4496 in
746 4457 824 4495 me
840 4451 912 4496 est
936 4440 1117 4515 (Joan.
1141 4458 1249 4509 nr,
1273 4439 1383 4512 10).
1405 4441 1738 4507 Dissolvant,

1849 3231 1959 3295 vit;
2005 3231 2077 3284 ita
2101 3245 2265 3285 unum
2298 3230 2530 3287 dicendo
2563 3232 2733 3286 Deum
2755 3230 2996 3299 Patrem,
3029 3246 3183 3304 irque
3206 3248 3237 3286 a
3265 3231 3442 3291 deita-

1841 3322 1909 3376 tis
1939 3321 2168 3378 veritate
2198 3337 2300 3378 nec
2329 3321 2528 3377 Filium
2556 3322 2852 3393 separavit.
2887 3321 3046 3379 Unde
3086 3337 3188 3378 nec
3216 3324 3441 3394 plurali-

1846 3423 2008 3471 tatem
2054 3415 2379 3481 divinitatis,
2408 3416 2504 3472 sed
2550 3416 2813 3472 unitatem
2840 3416 3132 3486 pateslatis
3158 3416 3439 3484 ostendit;

1842 3511 1967 3581 quia
1998 3520 2053 3566 et
2080 3511 2135 3567 in
2164 3510 2534 3568 dominatione
2562 3511 2843 3589 divinitas,
2868 3520 2926 3567 et
2947 3512 3001 3566 iu
3025 3511 3317 3568 divinitate
3345 3512 3444 3568 do-

1841 3602 2076 3658 minatus
2129 3613 2251 3669 est;
2301 3605 2442 3659 sicut
2485 3606 2748 3674 scriptum
2789 3614 2874 3661 est
2906 3622 2919 3658 :
2953 3604 3151 3659 Scitote
3189 3606 3439 3674 quoniam

1841 3695 2007 3770 M9
2040 3697 2293 3753 Dominus
2326 3699 2436 3768 ipse
2470 3707 2543 3751 est
2569 3696 2749 3764 Deus;
2780 3698 2890 3768 ipse
2927 3696 3048 3766 fecit
3089 3712 3217 3763 nos,
3256 3706 3302 3749 et
3337 3712 3438 3751 non

1841 3793 1939 3860 ipsi
1962 3808 2055 3847 nos
2085 3790 2258 3861 (Psal.
2284 3806 2431 3857 xcvi,
2456 3791 2536 3860 5).

1911 3880 2006 3936 27.
2037 3879 2105 3935 In
2149 3891 2195 3935 te
2237 3880 2402 3951 igitur
2443 3891 2518 3935 est
2546 3880 2687 3937 Deus
2708 3921 2721 3947 ,
2755 3895 2854 3951 per
2879 3879 3145 3935 unitatem
3175 3889 3385 3936 natura:
3418 3898 3433 3936 :

1841 3983 1891 4028 et
1920 3990 2023 4028 non
2049 3983 2123 4028 est
2162 3973 2301 4028 Deus
2328 3982 2514 4044 praeter
2539 3982 2609 4039 te,
2643 3988 2738 4043 per
2769 3973 3161 4043 proprietatem
3185 3974 3439 4030 substano

1843 4070 1955 4136 tim,
1984 4069 2200 4140 repulsa
2223 4068 2554 4124 differentia.

1915 4164 2009 4219 28.
2048 4164 2106 4218 ln
2151 4162 2439 4219 Hieremiae
2475 4178 2695 4233 quoque
2736 4162 2881 4218 libro
2908 4176 3075 4216 unum
3109 4162 3275 4217 Deum
3302 4162 3444 4217 Scri-

1842 4265 1999 4327 ptura
2028 4256 2186 4321 dicit,
2211 4266 2268 4312 et
2288 4264 2472 4311 tamen
2499 4265 2553 4312 et
2576 4255 2795 4312 Patrem
2824 4265 2881 4311 et
2906 4254 3104 4311 Filium
3129 4253 3443 4329 conﬁtetur.

1840 4350 2027 4422 Itaque
2070 4351 2152 4406 sic
2192 4349 2400 4405 habes:
2438 4348 2540 4404 Hic
2580 4348 2721 4404 Deus
2758 4358 2951 4416 noster,
2976 4359 3022 4403 et
3048 4365 3153 4403 non
3176 4346 3441 4417 reputabi-

1844 4454 1926 4498 tur
1967 4442 2102 4497 alius
2144 4442 2212 4496 ad
2252 4458 2385 4497 eum.
2431 4441 2535 4497 Hic
2567 4440 2834 4496 adinvem‘t
2869 4454 3070 4496 omnem
3107 4440 3245 4494 uiam
3285 4438 3436 4493 disci-

166 4527 206 4581 Si
225 4543 459 4602 possunt,
496 4533 637 4589 lianc
661 4544 869 4589 natura:
898 4536 1306 4605 proprietatem,
1335 4544 1390 4589 et
1415 4534 1597 4601 operis
1617 4535 1735 4588 uni-
1763 4535 1813 4595 D
1841 4538 2017 4610 plinae,
2045 4547 2089 4591 et
2119 4537 2260 4592 dedit
2287 4552 2399 4591 eam
2425 4535 2588 4592 Iacob
2620 4543 2779 4607 puero
2806 4538 3019 4623 inope!
3040 4534 3216 4623 'l'srael
3233 4516 3439 4623 “duello

169 4629 336 4680 tatem.

224 4690 308 4774 23.
337 4719 669 4793 Deusqigit'ur
698 4721 751 4775 in
785 4720 894 4775 Deo
923 4731 1026 4785 est,
1061 4718 1155 4774 sed
1190 4734 1296 4776 non
1322 4718 1432 4774 duo
1461 4717 1533 4775 dii
1558 4735 1572 4785 ;
1607 4700 1740 4774 scri-

168 4818 301 4876 ptum
343 4824 425 4868 est
464 4816 645 4881 enim,
689 4813 812 4884 quia
859 4829 991 4866 unus
1029 4811 1169 4866 Deus
1211 4809 1390 4879 (Dent.
1428 4826 1505 4877 Vi,
1549 4809 1610 4880 4)
1641 4828 1655 4864 :
1686 4818 1742 4865 et

172 4900 413 4961 Dominus
435 4907 489 4962 in
512 4906 762 4971 Domino,
787 4905 880 4960 sed
902 4908 1011 4961 non
1033 4906 1139 4959 duo
1158 4904 1402 4969 Domini;
1433 4903 1554 4973 quia
1586 4914 1742 4974 aeque

170 4984 410 5067 scriptum
441 5004 523 5071 est
558 5017 570 5053 :
605 4994 782 5054 Nolite
805 4984 1004 5054 duobus
1034 4990 1255 5052 dominis
1284 4998 1470 5051 servire
1517 4993 1736 5065 (Matth.

171 5089 361 5161 ".24).
380 5092 448 5147 Et
475 5094 558 5149 lex
589 5084 925 5160 dicitzAudi,
954 5090 1142 5156 Israel,
1172 5089 1428 5145 Dominus
1457 5088 1596 5143 Deus
1622 5097 1739 5143 tuus

173 5175 299 5235 Deus
320 5196 458 5239 unus
480 5194 556 5239 est
587 5180 767 5258 (Deut.
804 5201 877 5251 vi,
908 5185 982 5256 4).
1021 5184 1085 5239 Et
1119 5184 1304 5254 utique
1343 5184 1395 5258 inn
1433 5182 1626 5237 eodem
1657 5190 1742 5236 est

173 5262 540 5331 Testamenio':
570 5246 717 5330 Dluit
752 5246 1006 5331 Dominus
1023 5292 1051 5328 a
1076 5246 1465 5346 Dominodu'en.
1486 5289 1600 5337 xui,
1622 5271 1737 5340 24).

175 5354 440 5435 Dominus,
483 5356 680 5440 inquit,
708 5386 739 5423 a
778 5367 1005 5423 Domino
1047 5360 1199 5439 pluit.
1248 5368 1337 5425 Sic
1376 5378 1430 5423 et
1459 5369 1509 5422 in
1541 5365 1742 5422 Genesi

174 5449 329 5510 habes
351 5475 365 5512 :
389 5456 456 5511 Et
477 5460 605 5515 dixit
639 5459 800 5525 Deus,
830 5470 877 5513 et
908 5460 1029 5531 fecit
1049 5458 1295 5526 Deus;et
1320 5457 1461 5513 infra
1487 5473 1505 5510 τ
1534 5456 1600 5511 Ει
1623 5457 1744 5527 fecit

178 5540 307 5602 Deus
348 5546 597 5608 hominem
624 5553 697 5606 ad
721 5546 996 5625 imaginem
1022 5549 1123 5606 Dei
1148 5548 1302 5623 (Gen.
1336 5568 1373 5616 ι,
1403 5552 1458 5618 3,
1487 5547 1583 5621 26)
1607 5566 1620 5615 ;
1647 5548 1742 5604 sed

1843 4646 1955 4684 suo.
1998 4626 2126 4684 Post
2174 4630 2283 4683 Itwc
2317 4620 2371 4699 in
2409 4620 2558 4683 terris
2609 4626 2746 4697 visus
2786 4614 2888 4692 cit,
2925 4608 2975 4681 el
3001 4608 3115 4681 cum
3150 4610 3445 4680 nominibus

1843 4729 2172 4776 conversatus
2213 4728 2284 4775 est
2317 4706 2531 4789 (Barac.
2565 4736 2645 4785 ιιι,
2679 4718 2772 4784 56,
2801 4718 2914 4788 '57).

1913 4811 2005 4866 29.
2041 4812 2117 4865 De
2154 4809 2297 4864 Filio
2338 4810 2510 4863 dicit:
2541 4808 2663 4878 Ipse
2690 4809 2837 4863 enim
2879 4808 2962 4862 est
3003 4821 3118 4860 cum
3149 4804 3445 4861 hominibus

1845 4912 2212 4966 conversatus;
2258 4911 2311 4956 et
2361 4900 2531 4955 dicit:
2571 4899 2669 4953 Hic
2707 4895 2849 4953 Deus
2877 4894 3077 4961 noster,
3112 4882 3161 4951 el
3186 4914 3286 4967 non
3306 4899 3446 4952 tosti-

1845 4994 2069 5049 mabitur
2110 4990 2244 5047 alius
2281 4992 2349 5045 ad
2377 5008 2511 5045 eum.
2540 4974 3029 5061 Quid_discutimus
3059 4968 3204 5052 eum,
3238 4984 3307 5062 de
3333 4972 3449 5059 ιιὐό

1848 5097 2029 5143 tantus
2056 5087 2184 5141 dicit
2215 5084 2512 5156 propheta,
2547 5084 2688 5155 quod
2716 5079 2781 5137 a’d
2811 5098 2935 5139 eum
2966 5097 3071 5138 non
3104 5084 3279 5154 possit
3306 5084 3445 5139 alius

1848 5179 2147 5237 icStimari?
2180 5179 2312 5248 Quin
2342 5180 2484 5266 eqim
2513 5174 2703 5250 potest"
2721 5166 2842 5232 esse
2879 5174 2984 5231 alia
3017 5174 3326 5265 mstim'atio,
3352 5174 3442 5259 ubi

1847 5274 2066 5331 deitatis
2115 5276 2295 5330 unitas
2338 5250 2460 5330 es't?
2490 5260 2856 5330 Conﬁtebatur
2877 5270 2981 5326 ho'c
3012 5250 3244 5344 populus
3266 5272 3317 5327 in
3351 5254 3443 5342 pe-

1847 5369 2036 5426 riculis
2078 5368 2406 5424 constitutus
2441 5386 2453 5422 :
2487 5365 2765 5423 nesciebat
2786 5378 2971 5420 serere
2998 5366 3329 5436 quaestiones
3351 5366 3445 5437 qui

1846 5462 2162 5547 religionem
2196 5462 2443 5519 timebat.
2578 5536 2583 5545 Ι
2658 5536 2695 5547 Δ*
2752 5532 2781 5547 η
3018 5536 3022 5543 ἢ
3090 5532 3093 5545 ἦ

1920 5532 2009 5610 5D.
2059 5556 2284 5622 Adesto,
2312 5561 2502 5609 sancte
2544 5532 2817 5622 Spiritus,
2858 5532 3140 5623 prophetis
3171 5550 3300 5619 tuis,
3328 5549 3446 5621 qui-

248 5754 271 5783 ι
297 5745 406 5805 Non
428 5752 585 5823 pauci
607 5726 766 5825 mss.,
797 5754 928 5813 dixit
969 5752 1256 5825 PrOpheta,
1288 5769 1381 5810 nec
1417 5751 1615 5809 Filium
1658 5753 1921 5827 denegavit
1944 5749 2144 5808 dicens.
