3948 6172
461 216 565 275 555

1807 203 2054 262 SANCTI
2097 195 2425 257 AMBROSII

3660 185 3778 243 556

453 331 558 387 bus
581 338 608 366 ι
638 330 820 386 inesse
840 327 1350 398 consuesti,quibus
1380 323 1678 380 credimus.
1696 319 1756 376 Si
1783 318 2065 391 praphetis
2094 327 2147 385 Α
2171 311 2332 379 tatis,
2366 309 2530 364 unius
2561 314 2708 363 esset
2741 305 2759 342 ί
2794 301 3034 360 laudatio
3058 301 3377 398 potestatis.
3403 298 3784 357 Benediceba-

460 437 569 478 non
612 423 920 489 credimus,
967 419 1310 489 sapientibus
1351 417 1569 475 credam
1626 415 1786 486 hujus
1836 411 2061 469 mundi?

459 516 569 574 Sed
601 515 694 570 ubi
720 515 958 586 sapiens,
987 513 1082 570 ubi
1108 512 1329 570 scriba?
1359 511 1386 551 δ
1418 511 1676 568 Rusticus
1719 520 1906 566 noster
1938 522 2062 563 cum

465 606 602 662 ﬁcus
644 607 936 674 insereret,
964 605 1171 661 invenit
1208 605 1351 676 quod
1381 603 1739 675 phil050phus
1770 603 2060 673 ignoravit.

464 698 599 768 Quae
642 696 807 752 stulta
837 705 966 752 sunt
995 697 1138 752 enim
1169 697 1329 768 hujus
1372 696 1581 764 mundi,
1611 695 1777 766 elegit
1806 694 1969 761 Deus,
2006 703 2065 749 ut

463 787 758 845 confundat
801 803 922 858 quas
960 798 1089 844 sunt
1133 789 1290 844 fortia
1331 787 1376 862 (1
1408 788 1526 843 Cor.
1557 804 1598 855 ι,
1628 786 1745 858 27).
1777 785 2063 842 Credimus

467 881 708 949 Iudaeis,
750 881 879 952 quia
906 891 1070 937 notus
1097 882 1388 954 aliquando
1418 882 1474 936 in
1498 880 1683 936 Judara
1717 881 1860 935 Deus
1888 877 2062 949 (Psal.

463 991 631 1042 Lxxv,
673 970 773 1047 ‘2)?
802 975 908 1031 Sed
940 976 1046 1032 hoc
1084 976 1263 1047 ipsum
1295 986 1496 1048 negant
1525 984 1749 1046 propter
1773 973 1917 1044 quod
1947 988 2066 1028 cre-

463 1070 648 1126 dimus
671 1110 688 1137 ,
721 1071 848 1140 quia
881 1083 988 1126 non
1025 1079 1226 1126 norunt
1254 1070 1494 1138 Patrem,
1526 1070 1617 1140 qui
1656 1068 1853 1124 Filium
1903 1082 2065 1138 nega-

467 1173 681 1218 verunt.

1099 1232 1330 1292 CAPUT
1368 1232 1460 1288 IV.

465 1347 794 1419 Argumentis
830 1346 1024 1416 aliquot
1048 1347 1116 1401 ad
1144 1346 1466 1417 probandam
1501 1345 1600 1401 Dei
1632 1347 1881 1400 unitatem
1912 1346 2066 1400 colle—

539 1441 658 1494 ctim
713 1441 1030 1511 propositis,
1087 1441 1143 1494 in
1199 1440 1361 1494 tribus
1433 1455 1703 1510 magorum
1771 1439 2065 1493 muneribus

545 1532 740 1588 Christi
807 1532 1127 1589 divinitatem
1194 1532 1664 1603 humanitatemque
1733 1532 2066 1586 adumbratas

539 1627 796 1694 ostendit;
829 1642 930 1680 non
961 1642 1104 1680 secus
1141 1642 1203 1679 ac
1229 1626 1282 1679 in
1322 1627 1504 1696 angelo
1546 1643 1663 1680 cum
1691 1625 1853 1680 tribus
1893 1627 2065 1694 pueris

538 1724 672 1775 inter
698 1721 937 1790 ﬂammas
967 1719 1358 1786 deambulante,
1397 1719 1680 1774 divinitatis
1726 1735 1786 1772 ac
1818 1718 2064 1773 trinitatis
2097 1710 2144 1770 B

537 1813 824 1867 veritatem.

534 1950 623 2004 51.
685 1959 705 1987 ο
752 1947 933 2004 Unum
979 1948 1146 2004 Deum
1193 1949 1505 2003 communis
1555 1956 1743 2002 natura
1791 1956 2062 2012 testatur,

463 2041 587 2113 quia
619 2055 758 2096 unus
787 2049 874 2096 est
902 2039 1171 2096 mundus.
1192 2039 1367 2096 Unum
1403 2040 1570 2095 Deum
1598 2039 1734 2094 fides
1761 2038 2059 2109 significat,

463 2134 586 2205 quia
639 2149 741 2189 una
791 2133 927 2190 fides
977 2133 1105 2188 novi
1153 2143 1208 2188 et
1257 2133 1464 2189 veteris
1493 2132 1853 2189 Testamenti.
1889 2132 2064 2189 Unum

460 2225 724 2297 Spiritum
768 2233 1019 2282 sanetum
1069 2227 1393 2281 testiﬁcatur
1448 2227 1625 2297 gratia
1655 2267 1670 2292 ,
1719 2226 1845 2297 quia
1901 2242 2065 2282 unum

465 2319 733 2389 baptisma
761 2320 812 2374 in
842 2319 1062 2376 nomine
1080 2319 1363 2375 Trinitatis
1387 2330 1490 2375 est.
1522 2318 1704 2376 Unum
1730 2320 1899 2375 Deum
1928 2320 2066 2375 Pro-

469 2410 648 2482 phetas
692 2411 909 2478 dicunt,
949 2411 1196 2482 Apostoli
1227 2412 1474 2468 audiunt.
1514 2412 1692 2469 Unum
1733 2413 1901 2469 Deum
1929 2413 2066 2482 Magi

464 2504 853 2571 crediderunt,
893 2515 948 2560 et
986 2521 1212 2573 aurum,
1244 2505 1369 2562 thus
1399 2515 1454 2562 et
1482 2507 1759 2578 myrrham
1789 2507 2068 2578 supplices

466 2598 533 2654 ad
555 2597 760 2654 Christi
785 2598 1051 2654 cunabula
1077 2600 1414 2666 detulerunt,
1435 2614 1568 2655 auro
1593 2615 1778 2670 regem
1808 2600 2065 2668 fatentes,

469 2699 530 2744 ut
576 2689 747 2746 Deum
798 2691 959 2746 thure
994 2699 1342 2746 venerantes.
1375 2691 1694 2746 Thesaurus
1720 2691 1865 2745 enim
1892 2694 2067 2764 regni,

473 2782 804 2837 sacritlcium
839 2784 954 2846 Dei,
983 2783 1203 2854 myrrha
1232 2793 1315 2838 est
1341 2783 1663 2852 sepultum.

545 2873 635 2928 52.
685 2873 827 2941 Quid
870 2875 1032 2945 igitur
1077 2876 1364 2930 voluerunt
1415 2875 1516 2930 sibi
1565 2876 1789 2947 mystica
1845 2892 2067 2933 munera

474 2967 617 3019 inter
662 2964 879 3034 objecta
932 2966 1240 3036 prmsepia.
1287 2965 1393 3020 nisi
1438 2974 1499 3020 ut
1528 2967 1956 3037 intelligeremns
2015 2971 2068 3024 in

2144 402 2259 461 'tur
2304 403 2470 468 Deus,
2502 399 2790 456 videbatur
2832 399 2886 453 in
2919 393 3113 466 angelo
3157 393 3253 450 Dei
3279 391 3472 460 Filius,
3502 403 3698 450 sancta
3723 401 3786 449 et

2168 498 2432 572 spiritalis
2463 497 2518 552 in
2548 494 2736 566 pueris
2759 492 2934 565 gratia
2966 487 3313 561 loquebatur.

2799 604 3028 663 CAPUT
3070 604 3134 660 γ.

2169 709 2482 762 Arianorum
2538 702 2707 769 uarin
2753 700 2807 754 in
2852 696 3114 752 Christum
3166 695 3497 765 blasphemia:
3540 696 3786 762 referun-

2239 811 2342 863 tur,
2362 796 2542 868 quibus
2568 804 2839 864 antequam
2861 789 3254 861 respondeatur,
3281 795 3554 841 monentur
3578 786 3782 839 Catho-

2240 893 2327 947 lici
2367 898 2576 945 caveant
2613 905 2646 942 a
2672 883 3006 958 sophismatis
3033 879 3505 950 philosOphorum;
3545 893 3606 932 eo
3634 879 3783 946 quod

2238 984 2431 1039 scilicet
2481 983 2536 1036 in
2580 979 2685 1034 illis
2741 975 2965 1032 hteretici
3013 988 3154 1045 spent
3196 971 3507 1043 prwcipuam
3549 970 3782 1026 colloca-

2217 1065 2220 1068 ’
2239 1090 2372 1134 rent.

2241 1213 2331 1268 54.
2385 1210 2556 1283 [Alias
2614 1224 2730 1280 cap.
2774 1204 2890 1277 [IL]
2950 1203 3106 1259 Nunc
3163 1200 3577 1257 consideremus
3632 1214 3779 1270 quas

2170 1305 2359 1361 Ariani
2390 1305 2459 1359 de
2489 1303 2584 1357 Dei
2613 1300 2750 1356 Filio
2778 1299 3014 1354 inferant
3045 1296 3402 1367 quaestiones.

2241 1396 2330 1453 55.
2364 1393 2692 1450 Dissimilem
2720 1388 2866 1446 Patri
2909 1389 3099 1444 dicunt
3122 1401 3246 1443 esse
3273 1386 3369 1443 Dei
3405 1384 3625 1441 Filium.
3659 1382 3778 1440 Hoc

2169 1490 2216 1545 si
2245 1488 2452 1544 homini
2480 1485 2797 1556 obiiciatur,
2824 1482 3021 1551 injuria
3055 1489 3157 1535 est.

2239 1581 2333 1638 56.
2386 1580 2466 1635 Ex
2495 1587 2741 1649 tempore
2767 1576 3002 1646 coepisse
3039 1573 3231 1628 dicunt
3261 1571 3354 1627 Dei
3385 1569 3616 1635 Filium;
3649 1585 3776 1625 cum

2168 1675 2420 1732 conditor
2451 1673 2572 1744 ipse
2597 1671 2671 1728 sit
2691 1681 3015 1742 temporum.
3044 1666 3305 1722 Homines
3326 1679 3537 1732 sumus,
3570 1673 3627 1720 et
3650 1679 3776 1720 esse

2171 1769 2422 1824 nolumus
2472 1765 2823 1837 temporales.
2874 1762 2950 1817 Ex
2982 1770 3232 1830 tempore
3259 1759 3547 1828 coepimus,
3574 1767 3631 1813 et
3657 1757 3776 1814 sine

2171 1873 2424 1931 tempore
2453 1859 2666 1916 futuros
2696 1872 2820 1912 esse
2860 1871 2962 1912 nos
2993 1855 3288 1910 credimus.
3321 1853 3463 1909 Fieri
3492 1867 3591 1908 nos
3615 1863 3772 1924 opta-

2171 1970 2290 2009 mus
2319 1962 2573 2018 acternos,
2598 1960 2655 2006 et
2694 1948 2968 2020 quomodo
3010 1961 3210 2018 negare
3241 1960 3529 2016 possumus
3558 1945 3655 2001 Dei
3685 1945 3775 2001 Fi-

2171 2047 2300 2102 lium
2336 2044 2754 2115 sempiternum,
2785 2057 2947 2112 quem
2979 2041 3370 2110 sempiternum
3417 2038 3579 2094 docet
3609 2047 3774 2110 atque

2169 2138 2510 2193 demonstrat
2541 2143 2755 2198 natura,
2789 2147 2896 2188 non
2923 2131 3140 2202 gratia?

2243 2230 2333 2284 '57.
2378 2227 2634 2283 Creatum
2667 2225 2877 2280 dicunt.
2925 2223 3062 2290 Quis
3104 2231 3386 2278 auctorem
3433 2222 3575 2277 inter
3609 2235 3778 2293 Opera

2171 2339 2267 2381 sua
2299 2323 2547 2393 deputet.
2581 2329 2644 2376 ut
2668 2319 2918 2375 videatur
2957 2318 3006 2372 id
3030 2332 3155 2373 esse
3185 2315 3329 2388 quod
3355 2316 3524 2372 fecit?

2241 2418 2331 2473 58.
2366 2417 2573 2472 Bonum
2607 2421 2830 2486 negant.
2861 2413 3143 2482 Sacrilega
3173 2425 3280 2467 vox
3307 2411 3422 2482 ipsa
3445 2424 3506 2467 se
3526 2409 3778 2477 damnat,

2173 2519 2230 2564 ut
2260 2507 2653 2579 indulgentiam
2685 2519 2914 2576 sperare
2941 2519 3047 2559 non
3079 2501 3272 2574 possit.

2243 2601 2332 2658 59.
2365 2600 2580 2670 Negant
2611 2613 2799 2654 verum
2832 2597 2931 2652 Dei
2957 2595 3176 2662 Filium,
3211 2603 3410 2666 negant
3431 2597 3781 2666 omnipoten-

2174 2703 2280 2749 tem
2308 2711 2323 2760 ;
2365 2708 2488 2748 cum
2520 2692 2803 2747 fateantur
2828 2689 3011 2745 omnia
3047 2689 3183 2744 facta
3214 2703 3314 2758 per
3340 2687 3563 2755 Filium,
3597 2691 3781 2745 omnia

2171 2795 2351 2842 creata
2383 2801 2482 2856 per
2520 2785 2614 2840 Dei
2653 2800 2774 2840 esse
2803 2784 3085 2839 virtutem.
3114 2782 3256 2851 Quid
3282 2792 3367 2839 est
3403 2785 3550 2838 enim
3582 2785 3776 2851 virtus,

2173 2881 2276 2936 nisi
2312 2879 2549 2950 perfecta
2582 2878 2819 2933 natura?

2243 2973 2335 3028 40.
2365 2972 2574 3042 Negant
2599 2970 2766 3026 etiam
2788 2969 3074 3025 divinitate
3098 2984 3264 3024 unum
3293 2983 3416 3024 esse
3437 2984 3562 3025 cum
3592 2969 3776 3026 Patre.

472 3054 692 3111 Christo
739 3054 1102 3112 differentiam
1147 3056 1442 3113 divinitatis
1471 3067 1527 3112 et
1551 3060 1781 3114 carnis?
1808 3059 1974 3132 550
1999 3061 2070 3118 Ut
2099 3088 2144 3151 ρ
2176 3065 2404 3121 Delcant
2443 3079 2576 3135 ergo
2618 3063 2975 3133 Evangelium
3001 3103 3015 3129 ,
3065 3062 3285 3118 deleant
3319 3062 3524 3118 Christi
3565 3077 3776 3120 vocem.

475 3147 642 3200 homo
689 3147 952 3212 cernitur,
987 3157 1046 3200 ut
1093 3147 1353 3203 Dominus
1395 3148 1705 3205 adoratur:
1752 3147 1779 3186 ά
1822 3152 1968 3220 jacet
2015 3153 2069 3208 in

475 3236 670 3307 pannis
697 3279 711 3303 ,
758 3237 855 3292 sed
885 3235 1057 3307 fulget
1084 3237 1138 3292 in
1168 3239 1340 3294 stellis
1365 3257 1377 3292 :
1404 3254 1558 3294 eunte
1587 3252 1904 3298 nascentem
1933 3243 2075 3297 iudi-

475 3337 626 3394 cant,
656 3337 712 3383 et
755 3327 930 3384 stella:
974 3328 1344 3384 dominantem
1378 3350 1390 3383 :
1422 3345 1551 3386 caro
1580 3341 1664 3388 est
1693 3349 1813 3403 quae
1845 3334 2074 3389 involvi-

475 3431 564 3474 tur
596 3436 610 3472 :
643 3419 932 3486 divinitas,
975 3421 1064 3475 cui
1101 3421 1170 3475 ab
1199 3421 1411 3492 angelis
1449 3423 1809 3479 ministratur.
1853 3426 1928 3480 lta
1974 3442 2074 3482 nec

476 3510 716 3581 dignitas
746 3511 1012 3577 naturalis
1039 3512 1343 3582 majestatis
1379 3515 1669 3584 amittitur,
1701 3527 1756 3573 et
1779 3530 2073 3590 assumpta:

476 3606 663 3661 carnis
693 3605 894 3660 xeritas
922 3606 1334 3676 comprobatur.
1585 3613 1591 3618 '

545 3698 634 3753 55.
691 3697 819 3753 Ηωο
863 3707 948 3753 est
997 3697 1132 3754 fides
1164 3707 1372 3755 nostra.
1421 3700 1512 3756 Sic
1540 3717 1600 3757 se
1633 3703 1776 3760 Deus
1817 3708 2073 3776 cognosci

473 3788 643 3844 voluit
687 3788 758 3843 ab
802 3789 1080 3860 omnibus,
1110 3790 1187 3846 sic
1237 3799 1348 3848 tres
1378 3795 1530 3863 pueri
1562 3795 1938 3866 crediderunt,
1973 3815 2074 3854 nec

475 3881 726 3937 incendia
759 3881 1110 3952 circumjecta
1139 3897 1468 3953 senserunt;
1497 3903 1620 3943 cum
1653 3890 1850 3947 infidos
1880 3895 2075 3950 noxius

477 3971 618 4040 ignis
669 3979 942 4038 exureret,
973 3980 1030 4028 et
1057 3972 1306 4030 fidelibus
1333 3976 1556 4034 innoxia
1583 3979 1798 4036 ﬂamma
1837 3997 2070 4053 roraret,

476 4063 673 4134 quibus
701 4063 933 4118 aliorum
965 4065 1216 4122 incendia
1246 4068 1650 4141 relrigerahant
1675 4092 1688 4140 ;
1717 4078 1844 4146 quia
1875 4080 2075 4135 merito

479 4154 604 4210 fidei
656 4156 970 4226 perdiderat
1010 4171 1164 4212 suam
1208 4175 1367 4229 pmna
1395 4176 1665 4221 naturam.
1699 4169 1904 4225 Aderat
1928 4173 2074 4226 enim

476 4251 529 4305 in
577 4251 761 4320 specie
799 4248 974 4320 angeli
1001 4258 1023 4283 ε’
1069 4251 1159 4319 qui
1189 4254 1446 4310 monebat
1473 4267 1528 4312 ttt
1558 4258 1612 4312 iu
1640 4274 1870 4316 numero
1895 4263 2078 4321 Trini-

2174 3161 2294 3231 lpse
2337 3160 2482 3216 enim
2523 3160 2699 3214 dixit:
2753 3155 2867 3230 Ego
2911 3167 2957 3211 et
2999 3155 3160 3209 Pater
3198 3172 3362 3210 unum
3392 3173 3569 3210 sumus
3595 3155 3778 3229 (Joan.

2171 3268 2226 3318 ι,
2270 3251 2388 3320 50).
2422 3250 2540 3305 Νοη
2573 3265 2674 3320 ego
2705 3251 2807 3304 hoc
2839 3249 2998 3314 dico,
3023 3246 3277 3304 Christus
3306 3247 3467 3304 dixit.
3502 3247 3780 3320 Numquid

2175 3345 2370 3410 fallax,
2406 3356 2474 3418 .ut
2525 3341 2887 3398 mentiretur?
2937 3340 3211 3411 Numquid
3252 3342 3490 3412 impius,
3535 3353 3592 3397 ut
3633 3345 3781 3414 quod

2177 3451 2284 3493 non
2327 3447 2447 3492 erat
2476 3436 2802 3508 usurparet?
2837 3435 2943 3492 Sed
2976 3436 3185 3506 singula
3227 3437 3344 3492 suis
3387 3437 3525 3493 locis
3564 3437 3784 3508 plenius

2183 3531 2519 3601 digerentur.

2252 3623 2344 3678 41.
2391 3623 2543 3677 Nunc
2588 3623 2850 3693 quoniam
2889 3622 3176 3677 haereticus
3224 3621 3357 3676 dicit
3395 3637 3520 3679 esse
3544 3622 3784 3681 dissimi-

2183 3717 2313 3783 lem,
2365 3714 2528 3786 idque
2571 3716 2808 3772 versutis
2857 3714 3322 3786 disputationibus
3360 3725 3611 3772 astruere
3655 3717 3783 3772 niti-

2184 3821 2289 3876 tur,
2325 3820 2349 3857 ε
2377 3804 2668 3865 dicendum
2697 3819 2780 3866 est
2807 3810 2966 3865 nobis
2992 3809 3136 3881 quod
3165 3811 3426 3880 scriptum
3454 3819 3542 3866 est
3570 3829 3584 3867 :
3615 3810 3776 3886 $51

2184 3904 2362 3960 Cavete
2399 3921 2462 3960 ne
2497 3907 2612 3975 quis
2655 3922 2742 3964 vos
2783 3905 3105 3976 deprwdetur
3147 3923 3238 3977 per
3287 3907 3704 3979 pltilosOphiam,
3735 3921 3780 3963 et

2178 3997 2380 4050 inanem
2419 3997 2764 4051 seductionem
2801 3995 3084 4051 secundant
3121 3997 3452 4052 traditionem
3482 3999 3776 4066 hominum,

2179 4099 2224 4142 et
2259 4089 2536 4143 secundum
2578 4091 2828 4145 elementa
2865 4089 3020 4162 hujus
3049 4075 3265 4155 mundi,
3295 4101 3343 4145 et
3368 4107 3470 4144 non
3494 4093 3779 4146 secundum

2180 4177 2486 4234 Christum:
2515 4181 2638 4250 quia
2677 4181 2730 4234 in
2769 4183 2881 4250 ipso
2921 4181 3114 4235 habitat
3161 4183 3326 4236 omnis
3357 4183 3626 4252 plenitudo
3653 4185 3783 4238 diri-

2180 4271 2354 4324 nitatis
2377 4272 2713 4342 corporaliter
2741 4271 2966 4341 (Coloss.
2994 4288 3051 4339 ll,
3084 4272 3140 4339 8,
3174 4272 3253 4343 9).

550 4432 851 4519 :é'merb...
868 4433 1025 4488 Eras.
1051 4448 1114 4519 ac
1137 4435 1525 4519 mss._aliquo_t,
1541 4435 1714 4519 inesse
1738 4438 2066 4518 constituisti.
2097 4447 2153 4508 1)
2177 4443 2444 4519 Pati-ibus.
2475 4447 2583 4502 Hos
2605 4448 2746 4504 inter
2765 4459 2955 4505 auctor
2973 4451 3180 4519 Quaest.
3221 4452 3345 4508 Vet.
3378 4451 3624 4510 Testem.
3664 4456 3779 4512 lon-

549 4500 579 4541 δ
609 4503 724 4578 Non
761 4502 928 4578 alium
961 4505 1222 4578 rusticum
1253 4500 1504 4578 designat
1528 4504 1873 4578 Ambrosius,
1907 4525 2070 4578 quam

477 4573 772 4651 .leremiam
794 4591 809 4638 ;
835 4573 1027 4651 alludit
1052 4576 1196 4631 enim
1227 4577 1295 4631 ad
1327 4573 1522 4651 licuum
1551 4575 1799 4632 calathos
1820 4620 1836 4645 ,
1863 4573 2074 4651 de'qui-

479 4646 582 4700 bus
608 4645 750 4714 apud
781 4646 1056 4712 eumdem,
1088 4661 1211 4715 cap.
1238 4661 1387 4710 xxiv,
1422 4648 1448 4700 1
1483 4655 1539 4702 et
1565 4662 1682 4716 seq.

557 4727 579 4753 ε
625 4716 873 4787 Plerique
903 4731 1059 4783 mss.,
1117 4716 1290 4772 Unum
1323 4716 1602 4772 Dominum
1629 4758 1667 4771 ..
1702 4757 1716 4773 .
1768 4717 1939 4775 Unum
1971 4720 2076 4776 Do-

483 4788 679 4857 minum
711 4787 837 4854 ﬁdes
861 4789 1146 4857 signiﬁcat.

552 4855 577 4895 δ
608 4858 856 4929 Amerh.,
875 4855 1058 4926 Erras},
1081 4860 1240 4916 Rom.
1265 4859 1397 4915 edit.
1419 4874 1484 4915 ac
1508 4874 1640 4914 mss.
1668 4863 1934 4929 nonnulli,
1959 4866 2081 4919 latet

479 4931 535 5005 in
564 4929 711 5005 cunis
742 4946 754 4982 :
783 4928 915 4985 Gill.
943 4945 1065 4986 cum
1099 4945 1231 4986 mss.
1275 4932 1449 4987 multo
1479 4931 1725 5002 pluribus
1760 4949 1823 4989 ac
1855 4928 2080 5005 potiori-

484 5001 606 5067 bus,
637 5001 792 5066 iacet,
822 5011 929 5057 etc.

557 5081 580 5108 ο
608 5070 768 5146 fiom.
816 5072 946 5128 edit.
996 5086 1060 5127 ac
1109 5087 1242 5146 mss.
1293 5088 1401 5128 non
1451 5074 1629 5142 multi,
1659 5077 1746 5146 qui
1787 5078 2078 5144 muniebat;

480 5141 625 5197 haud
659 5157 826 5218 pravo
850 5157 1014 5218 sensu
1042 5160 1054 5196 :
1089 5144 1314 5218 reliqua:
1347 5155 1526 5200 tamen
1570 5141 1635 5218 ac
1666 5141 1799 5202 mss.
1835 5141 2081 5218 complul-

481 5227 592 5276 res,
623 5214 710 5290 qui
735 5214 1006 5290 monebat;
1042 5231 1146 5290 non
1188 5216 1353 5290 etiam
1397 5215 1800 5290 male.__Sensus
1829 5214 1975 5290 ergo'
1997 5231 2081 5275 est

481 5285 734 5353 angelum
765 5285 1036 5360 iudicasse
1063 5287 1114 5360 in
1149 5287 1322 5360 tribus
1347 5287 1533 5355 pueris
1553 5287 1858 5345 divinarum
1893 5285 2078 5360 perso-

484 5368 677 5426 narum
722 5355 1019 5412 trinitatem
1062 5356 1454 5426 signiﬁcatam,
1489 5372 1596 5412 non
1649 5373 1806 5415 secus
1833 5355 1907 5416 ac'
1929 5364 1983 5416 in
2021 5376 2081 5418 se

484 5425 578 5492 qui
605 5437 747 5478 unus
790 5435 912 5481 erat
964 5425 1312 5483 indicabatur
1337 5428 1519 5482 unitas
1547 5431 1833 5496 potestatis
1861 5445 1956 5486 seu
1987 5448 2084 5486 na-

485 5504 662 5567 turae;
713 5510 944 5567 namque
989 5500 1074 5552 ha:
1122 5513 1286 5553 voces
1332 5498 1643 5567 promiscue
1691 5512 1970 5566 ponuntur
2015 5503 2083 5559 ab

481 5563 1221 5646 Ambrosiojtt'hoquere.
1253 5563 1405 5637 Quod
1439 5580 1618 5623 autem
1641 5563 1868 5646 docetur
1897 5574 1947 5626 in
1980 5590 2080 5628 an-

485 5631 608 5714 gelo
648 5635 935 5714 exstitisse
975 5631 1088 5694 Dei'
1117 5631 1315 5714 Filium
1342 5657 1357 5704 ;
1390 5655 1450 5695 ea
1480 5642 1751 5696 sententia
1783 5656 1888 5698 non
1923 5646 2082 5714 unius

484 5700 759 5757 Ambrosii
787 5713 891 5770 est,
922 5721 1110 5763 verum
1152 5711 1313 5765 etiam
1345 5700 1452 5767 non
1499 5725 1796 5782 paucorum
1830 5729 1860 5770 e
1887 5700 2083 5783 priscis

2175 4517 2296 4589 g_ius
2321 4532 2658 4587 progressus;
2676 4529 2872 4589 quaest.
2892 4517 3107 4577 l8d'icit
3127 4522 3194 4577 de
3215 4523 3775 4583 Nahuchodouosore:

2181 4585 2346 4656 Regni
2369 4585 2549 4642 merito
2575 4591 2628 4643 in
2653 4585 2852 4645 camino
2877 4591 3141 4647 Christum
3160 4596 3305 4649 vidit.
3329 4594 3463 4652 Huic
3489 4604 3671 4653 tamen
3702 4599 3780 4652 vi-

2181 4658 2340 4735 detur
2369 4659 2644 4729 prmivisse
2673 4661 2728 4716 S.
2764 4673 2951 4735 noster
2981 4664 3117 4719 intra
3149 4679 3269 4735 cap.
3300 4667 3385 4732 15,
3414 4683 3562 4721 num.
3589 4668 3779 4724 80.νί-

2184 4728 2252 4782 de
2291 4728 2616 4800 interpretes
2672 4735 2724 4786 itt
2771 4732 3088 4797 Danielem,
3135 4746 3191 4790 et
3217 4728 3591 4794 "scholasticos
3631 4744 3686 4794 tu
3743 4755 3777 4794 tt

2183 4800 2436 4881 Semen,
2461 4801 2597 4881 _di5t.
2625 4800 2682 4864 8.
2714 4804 2853 4881 sicut
2879 4815 2933 4881 et
2962 4807 3013 4881 in
3047 4806 3111 4860 D.
3139 4805 3369 4881 Thema:
3400 4825 3415 4862 ι
3445 4825 3522 4879 p.,
3547 4825 3604 4881 q.
3651 4810 3739 4866 51.

2264 4869 2306 4924 ί.
2337 4870 2562 4940 Quidam
2593 4889 2750 4940 mss.,
2781 4875 3012 4930 laudatio
3038 4879 3344 4940 majestatis.

2258 4951 2282 4989 ε
2326 4942 2784 5021 Hilariusquoque
2802 4987 2817 5012 ,
2849 4947 3023 5021 relato
3038 4942 3227 5021 eodem
3248 4949 3349 5004 hoc
3366 4951 3608 5021 Apostoli
3635 4951 3774 5017 loco.

2185 5025 2284 5092 nos
2305 5015 2592 5092 praemunit
2621 5017 2882 5092 adversus
2913 5019 3361 5092 philosophorum
3385 5015 3704 5092 argumenta
3725 5015 3778 5079 et

2185 5083 2460 5162 fallacias:
2497 5101 2524 5139 a
2572 5087 2768 5162 quibus
2798 5083 2962 5162 etiam
3011 5083 3309 5146 cavendum
3339 5083 3664 5162 praecipiunt
3689 5096 3778 5150 alii

2185 5152 2374 5230 Patres
2400 5198 2414 5222 ,
2461 5152 2706 5230 maxime
2750 5174 2882 5215 vero
2914 5160 3251 5230 Augustinus
3283 5152 3378 5219 lib.
3435 5152 3532 5220 xtt't
3583 5174 3770 5221 contra

2183 5223 2396 5292 Faust.,
2421 5244 2540 5297 cap.
2568 5229 2654 5283 15.
2687 5229 2794 5286 Sed
2843 5223 3175 5300 lipiplmnius
3199 5233 3512 5289 Arismtelis
3533 5235 3778 5292 dialecti-

2184 5309 2800 5372 cameXpressenotat;
2849 5304 2915 5372 ad
2943 5317 3104 5372 quam
3136 5303 3298 5357 etiam
3341 5315 3615 5372 spectasse
3647 5309 3774 5363 Am-

2187 5365 2426 5421 brosium
2462 5385 2567 5423 non
2598 5370 2747 5425 inviti
2771 5365 3338 5430 crediderimusﬂiuc
3364 5365 3504 5430 forte
3535 5385 3660 5432 nata
3693 5389 3774 5434 est

2188 5436 2276 5517 illa
2311 5436 2520 5517 fabula,
2550 5437 2618 5517 d_e
2653 5455 2760 5517 qua
2793 5443 2943 5517 card.
2968 5441 3221 5517 ‘Cusanns
3274 5446 3325 5499 in
3364 5449 3628 5517 Apologia
3678 5449 3772 5504 do-

2186 5515 2285 5587 cite
2319 5507 2634 5587 ignorantim
2659 5507 2687 5564 ί
2705 5513 2804 5587 legi
2813 5525 2922 5587 tur,
2967 5513 3161 5587 inquit.
3187 5515 3393 5587 beatiss,
3417 5507 3428 5515 ”
3450 5507 3770 5587 Ambrosium

2186 5578 2380 5659 litaniis
2405 5579 2668 5659 addidisse
2693 5597 2712 5637 :
2741 5578 2783 5637 λ
2815 5578 3095 5659 dialecticis
3119 5578 3385 5654 (quidam,
3414 5605 3445 5640 a
3481 5584 3774 5659 dialectica)

2190 5648 2496 5719 Aristotelis,
2531 5650 2689 5706 libera
2711 5670 2823 5720 nos,
2853 5654 3084 5711 Domine.
