  <div class='ocr_page' id='page_1' title='image "/cluster/home/n/w/nwhite01/storage/ocr_20150623/16/uva.x000826550/276.png"; bbox 0 0 3952 6178; ppageno 0'>
   <div class='ocr_carea' id='block_1_1' title="bbox 94 264 191 319">
    <p class='ocr_par' dir='ltr' id='par_1_1' title="bbox 94 264 191 319">
     <span class='ocr_line' id='line_1_1' title="bbox 94 264 191 319; baseline 0 -1"><span class='ocrx_word' id='word_1_1' title='bbox 94 264 191 319; x_wconf 82' lang='lat'><strong>537</strong></span> 
     </span>
    </p>
   </div>
   <div class='ocr_carea' id='block_1_2' title="bbox 1453 252 1996 310">
    <p class='ocr_par' dir='ltr' id='par_1_2' title="bbox 1453 252 1996 310">
     <span class='ocr_line' id='line_1_2' title="bbox 1453 252 1996 310; baseline -0.002 -1"><span class='ocrx_word' id='word_1_2' title='bbox 1453 253 1545 310; x_wconf 84' lang='lat' dir='ltr'><strong>DE</strong></span> <span class='ocrx_word' id='word_1_3' title='bbox 1585 252 1740 310; x_wconf 82' lang='lat' dir='ltr'><strong>FIDE</strong></span> <span class='ocrx_word' id='word_1_4' title='bbox 1780 252 1910 310; x_wconf 82' lang='lat' dir='ltr'><strong>LIB.</strong></span> <span class='ocrx_word' id='word_1_5' title='bbox 1952 254 1996 309; x_wconf 90' lang='grc'><strong>1.</strong></span> 
     </span>
    </p>
   </div>
   <div class='ocr_carea' id='block_1_3' title="bbox 3250 249 3363 306">
    <p class='ocr_par' dir='ltr' id='par_1_3' title="bbox 3250 249 3363 306">
     <span class='ocr_line' id='line_1_3' title="bbox 3250 249 3363 306; baseline 0 0"><span class='ocrx_word' id='word_1_6' title='bbox 3250 249 3363 306; x_wconf 74' lang='lat'><strong>538</strong></span> 
     </span>
    </p>
   </div>
   <div class='ocr_carea' id='block_1_4' title="bbox 151 343 3359 441">
    <p class='ocr_par' dir='ltr' id='par_1_4' title="bbox 151 343 3359 441">
     <span class='ocr_line' id='line_1_4' title="bbox 151 343 3359 441; baseline -0.002 -8"><span class='ocrx_word' id='word_1_7' title='bbox 151 378 236 434; x_wconf 77' lang='lat'><strong>42.</strong></span> <span class='ocrx_word' id='word_1_8' title='bbox 272 375 493 433; x_wconf 85' lang='lat' dir='ltr'><strong>Omnem</strong></span> <span class='ocrx_word' id='word_1_9' title='bbox 519 374 665 431; x_wconf 91' lang='lat' dir='ltr'><strong>enim</strong></span> <span class='ocrx_word' id='word_1_10' title='bbox 695 373 803 429; x_wconf 93' lang='lat' dir='ltr'><strong>vim</strong></span> <span class='ocrx_word' id='word_1_11' title='bbox 832 385 1166 430; x_wconf 88' lang='lat' dir='ltr'><strong>venenorum</strong></span> <span class='ocrx_word' id='word_1_12' title='bbox 1195 385 1415 428; x_wconf 90' lang='lat' dir='ltr'><strong>suorum</strong></span> <span class='ocrx_word' id='word_1_13' title='bbox 1446 371 1499 427; x_wconf 93' lang='lat' dir='ltr'><strong>in</strong></span> <span class='ocrx_word' id='word_1_14' title='bbox 1534 370 1653 428; x_wconf 85' lang='lat' dir='ltr'><strong>dia-</strong></span> <span class='ocrx_word' id='word_1_15' title='bbox 1681 376 1735 436; x_wconf 79' lang='grc' dir='ltr'><strong>Α</strong></span> <span class='ocrx_word' id='word_1_16' title='bbox 1758 369 1804 425; x_wconf 91' lang='lat' dir='ltr'><strong>si</strong></span> <span class='ocrx_word' id='word_1_17' title='bbox 1836 368 2005 425; x_wconf 84' lang='lat' dir='ltr'><strong>Filius</strong></span> <span class='ocrx_word' id='word_1_18' title='bbox 2035 368 2402 441; x_wconf 76' lang='lat' dir='ltr'><strong>degenerasse</strong></span> <span class='ocrx_word' id='word_1_19' title='bbox 2452 367 2633 440; x_wconf 87' lang='lat' dir='ltr'><strong>p0tius</strong></span> <span class='ocrx_word' id='word_1_20' title='bbox 2663 381 2694 424; x_wconf 90' lang='lat' dir='ltr'><strong>a</strong></span> <span class='ocrx_word' id='word_1_21' title='bbox 2719 343 2881 424; x_wconf 85' lang='lat' dir='ltr'><strong>Patre</strong></span> <span class='ocrx_word' id='word_1_22' title='bbox 2901 407 2915 434; x_wconf 91' lang='lat'><strong>,</strong></span> <span class='ocrx_word' id='word_1_23' title='bbox 2946 380 3108 439; x_wconf 88' lang='lat' dir='ltr'><strong>quam</strong></span> <span class='ocrx_word' id='word_1_24' title='bbox 3141 365 3359 425; x_wconf 90' lang='lat' dir='ltr'><strong>Patrem</strong></span> 
     </span>
    </p>
   </div>
   <div class='ocr_carea' id='block_1_5' title="bbox 88 462 1654 540">
    <p class='ocr_par' dir='ltr' id='par_1_5' title="bbox 88 462 1654 540">
     <span class='ocr_line' id='line_1_5' title="bbox 88 462 1654 540; baseline -0.006 -11"><span class='ocrx_word' id='word_1_25' title='bbox 88 472 260 529; x_wconf 79' lang='lat' dir='ltr'><strong>lectica</strong></span> <span class='ocrx_word' id='word_1_26' title='bbox 287 467 642 540; x_wconf 69' lang='lat' dir='ltr'><strong>disputatione</strong></span> <span class='ocrx_word' id='word_1_27' title='bbox 665 465 1019 534; x_wconf 90' lang='lat' dir='ltr'><strong>constituunt,</strong></span> <span class='ocrx_word' id='word_1_28' title='bbox 1050 480 1171 537; x_wconf 76' lang='lat' dir='ltr'><strong>quae</strong></span> <span class='ocrx_word' id='word_1_29' title='bbox 1209 462 1654 536; x_wconf 80' lang='lat' dir='ltr'><strong>philosOphorum</strong></span> 
     </span>
    </p>
   </div>
   <div class='ocr_carea' id='block_1_6' title="bbox 87 557 1655 625">
    <p class='ocr_par' dir='ltr' id='par_1_6' title="bbox 87 557 1655 625">
     <span class='ocr_line' id='line_1_6' title="bbox 87 557 1655 625; baseline -0.004 -5"><span class='ocrx_word' id='word_1_30' title='bbox 87 562 330 620; x_wconf 77' lang='lat' dir='ltr'><strong>sententia</strong></span> <span class='ocrx_word' id='word_1_31' title='bbox 372 560 624 618; x_wconf 80' lang='lat' dir='ltr'><strong>delinitur</strong></span> <span class='ocrx_word' id='word_1_32' title='bbox 676 575 782 614; x_wconf 93' lang='lat' dir='ltr'><strong>non</strong></span> <span class='ocrx_word' id='word_1_33' title='bbox 830 557 1105 615; x_wconf 86' lang='lat' dir='ltr'><strong>astruendi</strong></span> <span class='ocrx_word' id='word_1_34' title='bbox 1148 557 1257 613; x_wconf 87' lang='lat' dir='ltr'><strong>vim</strong></span> <span class='ocrx_word' id='word_1_35' title='bbox 1297 557 1528 625; x_wconf 90' lang='lat' dir='ltr'><strong>habere,</strong></span> <span class='ocrx_word' id='word_1_36' title='bbox 1558 557 1655 614; x_wconf 90' lang='lat' dir='ltr'><strong>sed</strong></span> 
     </span>
    </p>
   </div>
   <div class='ocr_carea' id='block_1_7' title="bbox 86 650 1655 722">
    <p class='ocr_par' dir='ltr' id='par_1_7' title="bbox 86 650 1655 722">
     <span class='ocr_line' id='line_1_7' title="bbox 86 650 1655 722; baseline -0.004 -11"><span class='ocrx_word' id='word_1_37' title='bbox 86 655 298 712; x_wconf 87' lang='lat' dir='ltr'><strong>studium</strong></span> <span class='ocrx_word' id='word_1_38' title='bbox 345 651 677 710; x_wconf 85' lang='lat' dir='ltr'><strong>destruendi.</strong></span> <span class='ocrx_word' id='word_1_39' title='bbox 704 651 812 708; x_wconf 87' lang='lat' dir='ltr'><strong>Sed</strong></span> <span class='ocrx_word' id='word_1_40' title='bbox 843 666 948 707; x_wconf 92' lang='lat' dir='ltr'><strong>non</strong></span> <span class='ocrx_word' id='word_1_41' title='bbox 992 651 1046 706; x_wconf 94' lang='lat' dir='ltr'><strong>in</strong></span> <span class='ocrx_word' id='word_1_42' title='bbox 1083 650 1361 719; x_wconf 84' lang='lat' dir='ltr'><strong>dialectica</strong></span> <span class='ocrx_word' id='word_1_43' title='bbox 1409 651 1655 722; x_wconf 89' lang='lat' dir='ltr'><strong>compla-</strong></span> 
     </span>
    </p>
   </div>
   <div class='ocr_carea' id='block_1_8' title="bbox 85 742 1657 816">
    <p class='ocr_par' dir='ltr' id='par_1_8' title="bbox 85 742 1657 816">
     <span class='ocr_line' id='line_1_8' title="bbox 85 742 1657 816; baseline -0.003 -14"><span class='ocrx_word' id='word_1_44' title='bbox 85 748 181 803; x_wconf 90' lang='lat' dir='ltr'><strong>cuit</strong></span> <span class='ocrx_word' id='word_1_45' title='bbox 202 746 304 803; x_wconf 88' lang='lat' dir='ltr'><strong>Deo</strong></span> <span class='ocrx_word' id='word_1_46' title='bbox 322 746 525 802; x_wconf 85' lang='lat' dir='ltr'><strong>salvum</strong></span> <span class='ocrx_word' id='word_1_47' title='bbox 547 745 725 801; x_wconf 89' lang='lat' dir='ltr'><strong>facere</strong></span> <span class='ocrx_word' id='word_1_48' title='bbox 753 744 1010 815; x_wconf 85' lang='lat' dir='ltr'><strong>populum</strong></span> <span class='ocrx_word' id='word_1_49' title='bbox 1037 757 1193 798; x_wconf 90' lang='lat' dir='ltr'><strong>suum</strong></span> <span class='ocrx_word' id='word_1_50' title='bbox 1224 761 1238 798; x_wconf 90' lang='lat'><strong>:</strong></span> <span class='ocrx_word' id='word_1_51' title='bbox 1270 742 1497 816; x_wconf 82' lang='lat' dir='ltr'><strong>Regnum</strong></span> <span class='ocrx_word' id='word_1_52' title='bbox 1520 745 1657 798; x_wconf 84' lang='lat' dir='ltr'><strong>enim</strong></span> 
     </span>
    </p>
   </div>
   <div class='ocr_carea' id='block_1_9' title="bbox 87 836 1657 907">
    <p class='ocr_par' dir='ltr' id='par_1_9' title="bbox 87 836 1657 907">
     <span class='ocr_line' id='line_1_9' title="bbox 87 836 1657 907; baseline -0.002 -14"><span class='ocrx_word' id='word_1_53' title='bbox 87 837 171 893; x_wconf 84' lang='lat' dir='ltr'><strong>Dei</strong></span> <span class='ocrx_word' id='word_1_54' title='bbox 210 839 259 893; x_wconf 82' lang='lat' dir='ltr'><strong>in</strong></span> <span class='ocrx_word' id='word_1_55' title='bbox 298 838 629 907; x_wconf 82' lang='lat' dir='ltr'><strong>simplicitate</strong></span> <span class='ocrx_word' id='word_1_56' title='bbox 678 836 801 907; x_wconf 73' lang='lat' dir='ltr'><strong>fidei</strong></span> <span class='ocrx_word' id='word_1_57' title='bbox 845 844 950 904; x_wconf 86' lang='lat' dir='ltr'><strong>est,</strong></span> <span class='ocrx_word' id='word_1_58' title='bbox 984 851 1086 891; x_wconf 81' lang='lat' dir='ltr'><strong>non</strong></span> <span class='ocrx_word' id='word_1_59' title='bbox 1115 836 1170 890; x_wconf 86' lang='lat' dir='ltr'><strong>in</strong></span> <span class='ocrx_word' id='word_1_60' title='bbox 1195 836 1517 892; x_wconf 79' lang='lat' dir='ltr'><strong>contentione</strong></span> <span class='ocrx_word' id='word_1_61' title='bbox 1549 851 1657 890; x_wconf 82' lang='lat' dir='ltr'><strong>ser-</strong></span> 
     </span>
    </p>
   </div>
   <div class='ocr_carea' id='block_1_10' title="bbox 86 929 689 1004">
    <p class='ocr_par' dir='ltr' id='par_1_10' title="bbox 86 929 689 1004">
     <span class='ocr_line' id='line_1_10' title="bbox 86 929 689 1004; baseline -0.003 -17"><span class='ocrx_word' id='word_1_62' title='bbox 86 932 231 987; x_wconf 83' lang='lat' dir='ltr'><strong>monis</strong></span> <span class='ocrx_word' id='word_1_63' title='bbox 254 931 297 1004; x_wconf 89' lang='grc'><strong>(1</strong></span> <span class='ocrx_word' id='word_1_64' title='bbox 319 929 441 987; x_wconf 89' lang='lat' dir='ltr'><strong>Cor.</strong></span> <span class='ocrx_word' id='word_1_65' title='bbox 469 946 543 999; x_wconf 86' lang='lat' dir='ltr'><strong>tv,</strong></span> <span class='ocrx_word' id='word_1_66' title='bbox 571 930 689 1003; x_wconf 71' lang='lat'><strong>20).</strong></span> 
     </span>
    </p>
   </div>
   <div class='ocr_carea' id='block_1_11' title="bbox 672 1042 1031 1102">
    <p class='ocr_par' dir='ltr' id='par_1_11' title="bbox 672 1042 1031 1102">
     <span class='ocr_line' id='line_1_11' title="bbox 672 1042 1031 1102; baseline -0.006 0"><span class='ocrx_word' id='word_1_67' title='bbox 672 1042 900 1102; x_wconf 85' lang='lat' dir='ltr'><strong>CAPUT</strong></span> <span class='ocrx_word' id='word_1_68' title='bbox 942 1042 1031 1100; x_wconf 83' lang='lat' dir='ltr'><strong>Vi.</strong></span> 
     </span>
    </p>
   </div>
   <div class='ocr_carea' id='block_1_12' title="bbox 83 1156 1657 1231">
    <p class='ocr_par' dir='ltr' id='par_1_12' title="bbox 83 1156 1657 1231">
     <span class='ocr_line' id='line_1_12' title="bbox 83 1156 1657 1231; baseline 0 -18"><span class='ocrx_word' id='word_1_69' title='bbox 83 1157 322 1215; x_wconf 71' lang='lat' dir='ltr'><strong>Christum</strong></span> <span class='ocrx_word' id='word_1_70' title='bbox 371 1156 524 1214; x_wconf 86' lang='lat' dir='ltr'><strong>Patri</strong></span> <span class='ocrx_word' id='word_1_71' title='bbox 551 1158 851 1215; x_wconf 71' lang='lat' dir='ltr'><strong>dissimilem</strong></span> <span class='ocrx_word' id='word_1_72' title='bbox 879 1175 984 1215; x_wconf 83' lang='lat' dir='ltr'><strong>non</strong></span> <span class='ocrx_word' id='word_1_73' title='bbox 1004 1173 1112 1214; x_wconf 85' lang='lat' dir='ltr'><strong>esse</strong></span> <span class='ocrx_word' id='word_1_74' title='bbox 1156 1158 1464 1231; x_wconf 76' lang='lat' dir='ltr'><strong>probaturus</strong></span> <span class='ocrx_word' id='word_1_75' title='bbox 1487 1199 1501 1225; x_wconf 94' lang='lat'><strong>,</strong></span> <span class='ocrx_word' id='word_1_76' title='bbox 1549 1175 1657 1213; x_wconf 82' lang='lat' dir='ltr'><strong>me-</strong></span> 
     </span>
    </p>
   </div>
   <div class='ocr_carea' id='block_1_13' title="bbox 141 1250 1653 1323">
    <p class='ocr_par' dir='ltr' id='par_1_13' title="bbox 141 1250 1653 1323">
     <span class='ocr_line' id='line_1_13' title="bbox 141 1250 1653 1323; baseline -0.001 -16"><span class='ocrx_word' id='word_1_77' title='bbox 141 1252 334 1307; x_wconf 67' lang='lat' dir='ltr'><strong>moratis</strong></span> <span class='ocrx_word' id='word_1_78' title='bbox 404 1250 766 1307; x_wconf 73' lang='lat' dir='ltr'><strong>celebrior-ibus</strong></span> <span class='ocrx_word' id='word_1_79' title='bbox 815 1252 1124 1307; x_wconf 79' lang='lat' dir='ltr'><strong>Arianorum</strong></span> <span class='ocrx_word' id='word_1_80' title='bbox 1192 1250 1446 1318; x_wconf 83' lang='lat' dir='ltr'><strong>ducibus,</strong></span> <span class='ocrx_word' id='word_1_81' title='bbox 1502 1267 1653 1323; x_wconf 86' lang='lat' dir='ltr'><strong>quam</strong></span> 
     </span>
    </p>
   </div>
   <div class='ocr_carea' id='block_1_14' title="bbox 141 1344 1651 1417">
    <p class='ocr_par' dir='ltr' id='par_1_14' title="bbox 141 1344 1651 1417">
     <span class='ocr_line' id='line_1_14' title="bbox 141 1344 1651 1417; baseline -0.001 -17"><span class='ocrx_word' id='word_1_82' title='bbox 141 1344 263 1401; x_wconf 80' lang='lat' dir='ltr'><strong>male</strong></span> <span class='ocrx_word' id='word_1_83' title='bbox 289 1345 420 1401; x_wconf 82' lang='lat' dir='ltr'><strong>inter</strong></span> <span class='ocrx_word' id='word_1_84' title='bbox 443 1361 533 1401; x_wconf 81' lang='lat' dir='ltr'><strong>eos</strong></span> <span class='ocrx_word' id='word_1_85' title='bbox 563 1346 851 1413; x_wconf 77' lang='lat' dir='ltr'><strong>conueniat,</strong></span> <span class='ocrx_word' id='word_1_86' title='bbox 879 1345 1067 1415; x_wconf 86' lang='lat' dir='ltr'><strong>aperit,</strong></span> <span class='ocrx_word' id='word_1_87' title='bbox 1096 1354 1249 1417; x_wconf 82' lang='lat' dir='ltr'><strong>atque</strong></span> <span class='ocrx_word' id='word_1_88' title='bbox 1272 1346 1521 1400; x_wconf 77' lang='lat' dir='ltr'><strong>adversus</strong></span> <span class='ocrx_word' id='word_1_89' title='bbox 1545 1361 1651 1412; x_wconf 87' lang='lat' dir='ltr'><strong>eos,</strong></span> 
     </span>
    </p>
   </div>
   <div class='ocr_carea' id='block_1_15' title="bbox 141 1436 1654 1510">
    <p class='ocr_par' dir='ltr' id='par_1_15' title="bbox 141 1436 1654 1510">
     <span class='ocr_line' id='line_1_15' title="bbox 141 1436 1654 1510; baseline -0.002 -18"><span class='ocrx_word' id='word_1_90' title='bbox 141 1446 385 1506; x_wconf 76' lang='lat' dir='ltr'><strong>tamquam</strong></span> <span class='ocrx_word' id='word_1_91' title='bbox 433 1438 489 1491; x_wconf 83' lang='lat' dir='ltr'><strong>in</strong></span> <span class='ocrx_word' id='word_1_92' title='bbox 515 1445 747 1492; x_wconf 84' lang='lat' dir='ltr'><strong>monstra</strong></span> <span class='ocrx_word' id='word_1_93' title='bbox 790 1436 1055 1510; x_wconf 77' lang='lat' dir='ltr'><strong>qutcdam,</strong></span> <span class='ocrx_word' id='word_1_94' title='bbox 1089 1436 1390 1506; x_wconf 76' lang='lat' dir='ltr'><strong>prtcsidium</strong></span> <span class='ocrx_word' id='word_1_95' title='bbox 1412 1436 1654 1507; x_wconf 85' lang='lat' dir='ltr'><strong>Scriptu-</strong></span> 
     </span>
    </p>
   </div>
   <div class='ocr_carea' id='block_1_16' title="bbox 138 1530 564 1586">
    <p class='ocr_par' dir='ltr' id='par_1_16' title="bbox 138 1530 564 1586">
     <span class='ocr_line' id='line_1_16' title="bbox 138 1530 564 1586; baseline 0.002 -1"><span class='ocrx_word' id='word_1_96' title='bbox 138 1546 300 1586; x_wconf 83' lang='lat' dir='ltr'><strong>rarum</strong></span> <span class='ocrx_word' id='word_1_97' title='bbox 325 1530 564 1586; x_wconf 80' lang='lat' dir='ltr'><strong>ostendit.</strong></span> 
     </span>
    </p>
   </div>
   <div class='ocr_carea' id='block_1_17' title="bbox 138 1666 1649 1741">
    <p class='ocr_par' dir='ltr' id='par_1_17' title="bbox 138 1666 1649 1741">
     <span class='ocr_line' id='line_1_17' title="bbox 138 1666 1649 1741; baseline -0.003 -17"><span class='ocrx_word' id='word_1_98' title='bbox 138 1668 217 1724; x_wconf 69' lang='lat' dir='ltr'><strong>t3.</strong></span> <span class='ocrx_word' id='word_1_99' title='bbox 246 1668 409 1741; x_wconf 77' lang='lat' dir='ltr'><strong>[Alias</strong></span> <span class='ocrx_word' id='word_1_100' title='bbox 441 1684 563 1739; x_wconf 86' lang='lat' dir='ltr'><strong>cap.</strong></span> <span class='ocrx_word' id='word_1_101' title='bbox 586 1666 706 1741; x_wconf 79' lang='lat' dir='ltr'><strong>lV.]</strong></span> <span class='ocrx_word' id='word_1_102' title='bbox 740 1667 1067 1724; x_wconf 88' lang='lat' dir='ltr'><strong>Dissimilem</strong></span> <span class='ocrx_word' id='word_1_103' title='bbox 1096 1668 1259 1739; x_wconf 77' lang='lat' dir='ltr'><strong>igitur</strong></span> <span class='ocrx_word' id='word_1_104' title='bbox 1278 1666 1465 1725; x_wconf 90' lang='lat' dir='ltr'><strong>dicunt</strong></span> <span class='ocrx_word' id='word_1_105' title='bbox 1488 1680 1649 1723; x_wconf 90' lang='lat' dir='ltr'><strong>esse:</strong></span> 
     </span>
    </p>
   </div>
   <div class='ocr_carea' id='block_1_18' title="bbox 1758 462 2303 534">
    <p class='ocr_par' dir='ltr' id='par_1_18' title="bbox 1758 462 2303 534">
     <span class='ocr_line' id='line_1_18' title="bbox 1758 462 2303 534; baseline 0 -16"><span class='ocrx_word' id='word_1_106' title='bbox 1758 477 2002 534; x_wconf 62' lang='lat' dir='ltr'><strong>aequasse</strong></span> <span class='ocrx_word' id='word_1_107' title='bbox 2028 462 2303 519; x_wconf 87' lang='lat' dir='ltr'><strong>credatur.</strong></span> 
     </span>
    </p>
   </div>
   <div class='ocr_carea' id='block_1_19' title="bbox 1827 555 3358 628">
    <p class='ocr_par' dir='ltr' id='par_1_19' title="bbox 1827 555 3358 628">
     <span class='ocr_line' id='line_1_19' title="bbox 1827 555 3358 628; baseline 0.001 -17"><span class='ocrx_word' id='word_1_108' title='bbox 1827 556 1918 612; x_wconf 67' lang='grc'><strong>41.</strong></span> <span class='ocrx_word' id='word_1_109' title='bbox 1961 557 2039 613; x_wconf 91' lang='lat' dir='ltr'><strong>Da</strong></span> <span class='ocrx_word' id='word_1_110' title='bbox 2083 557 2336 626; x_wconf 84' lang='lat' dir='ltr'><strong>veniam,</strong></span> <span class='ocrx_word' id='word_1_111' title='bbox 2377 567 2566 614; x_wconf 88' lang='lat' dir='ltr'><strong>sancte</strong></span> <span class='ocrx_word' id='word_1_112' title='bbox 2617 557 2960 628; x_wconf 84' lang='lat' dir='ltr'><strong>Imperator,</strong></span> <span class='ocrx_word' id='word_1_113' title='bbox 2995 555 3042 612; x_wconf 87' lang='lat' dir='ltr'><strong>si</strong></span> <span class='ocrx_word' id='word_1_114' title='bbox 3093 555 3160 611; x_wconf 91' lang='lat' dir='ltr'><strong>ad</strong></span> <span class='ocrx_word' id='word_1_115' title='bbox 3208 557 3358 628; x_wconf 88' lang='lat' dir='ltr'><strong>ipsos</strong></span> 
     </span>
    </p>
   </div>
   <div class='ocr_carea' id='block_1_20' title="bbox 1759 647 3356 720">
    <p class='ocr_par' dir='ltr' id='par_1_20' title="bbox 1759 647 3356 720">
     <span class='ocr_line' id='line_1_20' title="bbox 1759 647 3356 720; baseline 0.001 -19"><span class='ocrx_word' id='word_1_116' title='bbox 1759 647 2036 719; x_wconf 87' lang='lat' dir='ltr'><strong>paulisper</strong></span> <span class='ocrx_word' id='word_1_117' title='bbox 2080 649 2246 705; x_wconf 88' lang='lat' dir='ltr'><strong>verba</strong></span> <span class='ocrx_word' id='word_1_118' title='bbox 2297 660 2582 706; x_wconf 82' lang='lat' dir='ltr'><strong>converto.</strong></span> <span class='ocrx_word' id='word_1_119' title='bbox 2642 648 2750 706; x_wconf 88' lang='lat' dir='ltr'><strong>Sed</strong></span> <span class='ocrx_word' id='word_1_120' title='bbox 2798 663 2960 720; x_wconf 89' lang='lat' dir='ltr'><strong>quem</strong></span> <span class='ocrx_word' id='word_1_121' title='bbox 3010 648 3356 719; x_wconf 86' lang='lat' dir='ltr'><strong>potissimum</strong></span> 
     </span>
    </p>
   </div>
   <div class='ocr_carea' id='block_1_21' title="bbox 1758 740 3360 812">
    <p class='ocr_par' dir='ltr' id='par_1_21' title="bbox 1758 740 3360 812">
     <span class='ocr_line' id='line_1_21' title="bbox 1758 740 3360 812; baseline -0.001 -15"><span class='ocrx_word' id='word_1_122' title='bbox 1758 741 1931 812; x_wconf 90' lang='lat' dir='ltr'><strong>legam</strong></span> <span class='ocrx_word' id='word_1_123' title='bbox 1954 740 1983 780; x_wconf 68' lang='grc' dir='ltr'><strong>ι)</strong></span> <span class='ocrx_word' id='word_1_124' title='bbox 2013 742 2443 812; x_wconf 88' lang='lat' dir='ltr'><strong>Eunomiumne,</strong></span> <span class='ocrx_word' id='word_1_125' title='bbox 2473 758 2543 799; x_wconf 90' lang='lat' dir='ltr'><strong>an</strong></span> <span class='ocrx_word' id='word_1_126' title='bbox 2592 743 2816 810; x_wconf 78' lang='lat' dir='ltr'><strong>Arium,</strong></span> <span class='ocrx_word' id='word_1_127' title='bbox 2856 741 2940 798; x_wconf 91' lang='lat' dir='ltr'><strong>vel</strong></span> <span class='ocrx_word' id='word_1_128' title='bbox 2972 741 3192 798; x_wconf 84' lang='lat' dir='ltr'><strong>Aetium</strong></span> <span class='ocrx_word' id='word_1_129' title='bbox 3237 740 3360 810; x_wconf 84' lang='lat' dir='ltr'><strong>ejus</strong></span> 
     </span>
    </p>
   </div>
   <div class='ocr_carea' id='block_1_22' title="bbox 1758 832 3351 907">
    <p class='ocr_par' dir='ltr' id='par_1_22' title="bbox 1758 832 3351 907">
     <span class='ocr_line' id='line_1_22' title="bbox 1758 832 3351 907; baseline -0.003 -16"><span class='ocrx_word' id='word_1_130' title='bbox 1758 835 2085 907; x_wconf 87' lang='lat' dir='ltr'><strong>magistros?</strong></span> <span class='ocrx_word' id='word_1_131' title='bbox 2113 836 2272 892; x_wconf 89' lang='lat' dir='ltr'><strong>Plura</strong></span> <span class='ocrx_word' id='word_1_132' title='bbox 2316 837 2461 893; x_wconf 92' lang='lat' dir='ltr'><strong>enim</strong></span> <span class='ocrx_word' id='word_1_133' title='bbox 2509 835 2762 901; x_wconf 86' lang='lat' dir='ltr'><strong>nomina,</strong></span> <span class='ocrx_word' id='word_1_134' title='bbox 2797 834 2893 891; x_wconf 92' lang='lat' dir='ltr'><strong>sed</strong></span> <span class='ocrx_word' id='word_1_135' title='bbox 2943 848 3050 889; x_wconf 91' lang='lat' dir='ltr'><strong>una</strong></span> <span class='ocrx_word' id='word_1_136' title='bbox 3101 832 3351 904; x_wconf 87' lang='lat' dir='ltr'><strong>perfidia,</strong></span> 
     </span>
    </p>
   </div>
   <div class='ocr_carea' id='block_1_23' title="bbox 1758 926 3354 1002">
    <p class='ocr_par' dir='ltr' id='par_1_23' title="bbox 1758 926 3354 1002">
     <span class='ocr_line' id='line_1_23' title="bbox 1758 926 3354 1002; baseline -0.004 -16"><span class='ocrx_word' id='word_1_137' title='bbox 1758 930 2037 1002; x_wconf 88' lang='lat' dir='ltr'><strong>impietate</strong></span> <span class='ocrx_word' id='word_1_138' title='bbox 2065 946 2172 986; x_wconf 92' lang='lat' dir='ltr'><strong>non</strong></span> <span class='ocrx_word' id='word_1_139' title='bbox 2201 930 2489 995; x_wconf 87' lang='lat' dir='ltr'><strong>dissonans</strong></span> <span class='ocrx_word' id='word_1_140' title='bbox 2510 973 2525 997; x_wconf 91' lang='lat'><strong>,</strong></span> <span class='ocrx_word' id='word_1_141' title='bbox 2554 930 2937 986; x_wconf 88' lang='lat' dir='ltr'><strong>communione</strong></span> <span class='ocrx_word' id='word_1_142' title='bbox 2981 926 3305 983; x_wconf 89' lang='lat' dir='ltr'><strong>discordans</strong></span> <span class='ocrx_word' id='word_1_143' title='bbox 3338 941 3354 980; x_wconf 91' lang='lat'><strong>:</strong></span> 
     </span>
    </p>
   </div>
   <div class='ocr_carea' id='block_1_24' title="bbox 1759 1019 3357 1093">
    <p class='ocr_par' dir='ltr' id='par_1_24' title="bbox 1759 1019 3357 1093">
     <span class='ocr_line' id='line_1_24' title="bbox 1759 1019 3357 1093; baseline -0.003 -15"><span class='ocrx_word' id='word_1_144' title='bbox 1759 1038 1865 1078; x_wconf 91' lang='lat' dir='ltr'><strong>non</strong></span> <span class='ocrx_word' id='word_1_145' title='bbox 1914 1023 2197 1079; x_wconf 90' lang='lat' dir='ltr'><strong>dissimilis</strong></span> <span class='ocrx_word' id='word_1_146' title='bbox 2228 1024 2450 1093; x_wconf 89' lang='lat' dir='ltr'><strong>fraude,</strong></span> <span class='ocrx_word' id='word_1_147' title='bbox 2485 1034 2507 1063; x_wconf 75' lang='grc' dir='ltr'><strong><em>ο</em></strong></span> <span class='ocrx_word' id='word_1_148' title='bbox 2539 1023 2633 1080; x_wconf 91' lang='lat' dir='ltr'><strong>sed</strong></span> <span class='ocrx_word' id='word_1_149' title='bbox 2682 1022 2920 1080; x_wconf 88' lang='lat' dir='ltr'><strong>coitione</strong></span> <span class='ocrx_word' id='word_1_150' title='bbox 2959 1021 3214 1078; x_wconf 84' lang='lat' dir='ltr'><strong>discreta.</strong></span> <span class='ocrx_word' id='word_1_151' title='bbox 3244 1019 3357 1077; x_wconf 86' lang='lat' dir='ltr'><strong>Cur</strong></span> 
     </span>
    </p>
   </div>
   <div class='ocr_carea' id='block_1_25' title="bbox 1757 1115 3108 1186">
    <p class='ocr_par' dir='ltr' id='par_1_25' title="bbox 1757 1115 3108 1186">
     <span class='ocr_line' id='line_1_25' title="bbox 1757 1115 3108 1186; baseline -0.002 -15"><span class='ocrx_word' id='word_1_152' title='bbox 1757 1115 1906 1171; x_wconf 90' lang='lat' dir='ltr'><strong>enim</strong></span> <span class='ocrx_word' id='word_1_153' title='bbox 1935 1128 2122 1171; x_wconf 88' lang='lat' dir='ltr'><strong>secum</strong></span> <span class='ocrx_word' id='word_1_154' title='bbox 2146 1116 2323 1171; x_wconf 90' lang='lat' dir='ltr'><strong>nolint</strong></span> <span class='ocrx_word' id='word_1_155' title='bbox 2351 1116 2668 1183; x_wconf 87' lang='lat' dir='ltr'><strong>convenire,</strong></span> <span class='ocrx_word' id='word_1_156' title='bbox 2701 1130 2809 1171; x_wconf 91' lang='lat' dir='ltr'><strong>non</strong></span> <span class='ocrx_word' id='word_1_157' title='bbox 2840 1115 3108 1186; x_wconf 83' lang='lat' dir='ltr'><strong>intelligo.</strong></span> 
     </span>
    </p>
   </div>
   <div class='ocr_carea' id='block_1_26' title="bbox 1827 1205 3351 1280">
    <p class='ocr_par' dir='ltr' id='par_1_26' title="bbox 1827 1205 3351 1280">
     <span class='ocr_line' id='line_1_26' title="bbox 1827 1205 3351 1280; baseline -0.001 -17"><span class='ocrx_word' id='word_1_158' title='bbox 1827 1205 1990 1280; x_wconf 63' lang='lat'><strong>552</strong></span> <span class='ocrx_word' id='word_1_159' title='bbox 2027 1208 2120 1263; x_wconf 72' lang='lat'><strong>45.</strong></span> <span class='ocrx_word' id='word_1_160' title='bbox 2162 1206 2417 1263; x_wconf 89' lang='lat' dir='ltr'><strong>Eunomii</strong></span> <span class='ocrx_word' id='word_1_161' title='bbox 2465 1223 2755 1280; x_wconf 89' lang='lat' dir='ltr'><strong>personam</strong></span> <span class='ocrx_word' id='word_1_162' title='bbox 2805 1208 3088 1280; x_wconf 86' lang='lat' dir='ltr'><strong>defugiunt</strong></span> <span class='ocrx_word' id='word_1_163' title='bbox 3124 1206 3351 1274; x_wconf 85' lang='lat' dir='ltr'><strong>Ariani,</strong></span> 
     </span>
    </p>
   </div>
   <div class='ocr_carea' id='block_1_27' title="bbox 1757 1300 3357 1373">
    <p class='ocr_par' dir='ltr' id='par_1_27' title="bbox 1757 1300 3357 1373">
     <span class='ocr_line' id='line_1_27' title="bbox 1757 1300 3357 1373; baseline 0 -17"><span class='ocrx_word' id='word_1_164' title='bbox 1757 1300 1852 1356; x_wconf 92' lang='lat' dir='ltr'><strong>sed</strong></span> <span class='ocrx_word' id='word_1_165' title='bbox 1898 1301 2017 1372; x_wconf 91' lang='lat' dir='ltr'><strong>ejus</strong></span> <span class='ocrx_word' id='word_1_166' title='bbox 2048 1302 2331 1373; x_wconf 87' lang='lat' dir='ltr'><strong>perfidiam</strong></span> <span class='ocrx_word' id='word_1_167' title='bbox 2360 1312 2651 1369; x_wconf 90' lang='lat' dir='ltr'><strong>asserunt,</strong></span> <span class='ocrx_word' id='word_1_168' title='bbox 2681 1303 3017 1373; x_wconf 83' lang='lat' dir='ltr'><strong>impietatem</strong></span> <span class='ocrx_word' id='word_1_169' title='bbox 3048 1315 3357 1372; x_wconf 80' lang='lat' dir='ltr'><strong>exsequun-</strong></span> 
     </span>
    </p>
   </div>
   <div class='ocr_carea' id='block_1_28' title="bbox 1757 1392 3354 1466">
    <p class='ocr_par' dir='ltr' id='par_1_28' title="bbox 1757 1392 3354 1466">
     <span class='ocr_line' id='line_1_28' title="bbox 1757 1392 3354 1466; baseline 0.001 -19"><span class='ocrx_word' id='word_1_170' title='bbox 1757 1400 1863 1447; x_wconf 89' lang='lat' dir='ltr'><strong>tur.</strong></span> <span class='ocrx_word' id='word_1_171' title='bbox 1893 1393 2061 1449; x_wconf 85' lang='lat' dir='ltr'><strong>Aiunt</strong></span> <span class='ocrx_word' id='word_1_172' title='bbox 2090 1408 2211 1449; x_wconf 91' lang='lat' dir='ltr'><strong>eum</strong></span> <span class='ocrx_word' id='word_1_173' title='bbox 2236 1393 2541 1464; x_wconf 90' lang='lat' dir='ltr'><strong>prodidisse</strong></span> <span class='ocrx_word' id='word_1_174' title='bbox 2563 1394 2807 1461; x_wconf 81' lang='lat' dir='ltr'><strong>ell&#39;usius,</strong></span> <span class='ocrx_word' id='word_1_175' title='bbox 2837 1409 2959 1466; x_wconf 86' lang='lat' dir='ltr'><strong>quae</strong></span> <span class='ocrx_word' id='word_1_176' title='bbox 2990 1392 3152 1449; x_wconf 83' lang='lat' dir='ltr'><strong>Arius</strong></span> <span class='ocrx_word' id='word_1_177' title='bbox 3181 1392 3354 1464; x_wconf 86' lang='lat' dir='ltr'><strong>scrip-</strong></span> 
     </span>
    </p>
   </div>
   <div class='ocr_carea' id='block_1_29' title="bbox 1757 1485 3352 1560">
    <p class='ocr_par' dir='ltr' id='par_1_29' title="bbox 1757 1485 3352 1560">
     <span class='ocr_line' id='line_1_29' title="bbox 1757 1485 3352 1560; baseline 0.001 -20"><span class='ocrx_word' id='word_1_178' title='bbox 1757 1486 1910 1541; x_wconf 88' lang='lat' dir='ltr'><strong>serit.</strong></span> <span class='ocrx_word' id='word_1_179' title='bbox 1943 1485 2131 1558; x_wconf 83' lang='lat' dir='ltr'><strong>Magna</strong></span> <span class='ocrx_word' id='word_1_180' title='bbox 2176 1488 2437 1544; x_wconf 66' lang='lat' dir='ltr'><strong>caecitatis</strong></span> <span class='ocrx_word' id='word_1_181' title='bbox 2485 1488 2718 1544; x_wconf 85' lang='lat' dir='ltr'><strong>cll&#39;usio!</strong></span> <span class='ocrx_word' id='word_1_182' title='bbox 2752 1487 3044 1544; x_wconf 83' lang='lat' dir='ltr'><strong>Auctorem</strong></span> <span class='ocrx_word' id='word_1_183' title='bbox 3084 1488 3352 1560; x_wconf 84' lang='lat' dir='ltr'><strong>probant,</strong></span> 
     </span>
    </p>
   </div>
   <div class='ocr_carea' id='block_1_30' title="bbox 1755 1579 3356 1652">
    <p class='ocr_par' dir='ltr' id='par_1_30' title="bbox 1755 1579 3356 1652">
     <span class='ocr_line' id='line_1_30' title="bbox 1755 1579 3356 1652; baseline 0 -17"><span class='ocrx_word' id='word_1_184' title='bbox 1755 1588 2135 1636; x_wconf 77' lang='lat' dir='ltr'><strong>exsecutorem</strong></span> <span class='ocrx_word' id='word_1_185' title='bbox 2187 1579 2449 1636; x_wconf 77' lang='lat' dir='ltr'><strong>refutant.</strong></span> <span class='ocrx_word' id='word_1_186' title='bbox 2487 1581 2668 1652; x_wconf 86' lang='lat' dir='ltr'><strong>Itaque</strong></span> <span class='ocrx_word' id='word_1_187' title='bbox 2716 1596 2859 1637; x_wconf 91' lang='lat' dir='ltr'><strong>nunc</strong></span> <span class='ocrx_word' id='word_1_188' title='bbox 2905 1581 2958 1636; x_wconf 90' lang='lat' dir='ltr'><strong>in</strong></span> <span class='ocrx_word' id='word_1_189' title='bbox 3008 1581 3190 1651; x_wconf 85' lang='lat' dir='ltr'><strong>plures</strong></span> <span class='ocrx_word' id='word_1_190' title='bbox 3232 1594 3356 1637; x_wconf 84' lang='lat' dir='ltr'><strong>sese</strong></span> 
     </span>
    </p>
   </div>
   <div class='ocr_carea' id='block_1_31' title="bbox 1756 1658 3357 1741">
    <p class='ocr_par' dir='ltr' id='par_1_31' title="bbox 1756 1658 3357 1741">
     <span class='ocr_line' id='line_1_31' title="bbox 1756 1658 3357 1741; baseline 0 -14"><span class='ocrx_word' id='word_1_191' title='bbox 1756 1658 1994 1729; x_wconf 77' lang='lat' dir='ltr'><strong>divisere</strong></span> <span class='ocrx_word' id='word_1_192' title='bbox 2023 1672 2250 1729; x_wconf 84' lang='lat' dir='ltr'><strong>formas.</strong></span> <span class='ocrx_word' id='word_1_193' title='bbox 2279 1672 2306 1711; x_wconf 74' lang='grc' dir='ltr'><strong>ἀ</strong></span> <span class='ocrx_word' id='word_1_194' title='bbox 2333 1673 2438 1729; x_wconf 85' lang='lat' dir='ltr'><strong>Alii</strong></span> <span class='ocrx_word' id='word_1_195' title='bbox 2479 1673 2801 1730; x_wconf 85' lang='lat' dir='ltr'><strong>Eunomium</strong></span> <span class='ocrx_word' id='word_1_196' title='bbox 2823 1715 2838 1741; x_wconf 92' lang='lat'><strong>,</strong></span> <span class='ocrx_word' id='word_1_197' title='bbox 2868 1673 2952 1728; x_wconf 90' lang='lat' dir='ltr'><strong>vel</strong></span> <span class='ocrx_word' id='word_1_198' title='bbox 2985 1673 3197 1729; x_wconf 86' lang='lat' dir='ltr'><strong>Aetium</strong></span> <span class='ocrx_word' id='word_1_199' title='bbox 3218 1713 3236 1740; x_wconf 90' lang='lat'><strong>,</strong></span> <span class='ocrx_word' id='word_1_200' title='bbox 3264 1671 3357 1727; x_wconf 93' lang='lat' dir='ltr'><strong>alii</strong></span> 
     </span>
    </p>
   </div>
   <div class='ocr_carea' id='block_1_32' title="bbox 84 1758 3357 1839">
    <p class='ocr_par' dir='ltr' id='par_1_32' title="bbox 84 1758 3357 1839">
     <span class='ocr_line' id='line_1_32' title="bbox 84 1758 3357 1839; baseline 0.001 -23"><span class='ocrx_word' id='word_1_201' title='bbox 84 1775 165 1816; x_wconf 85' lang='lat' dir='ltr'><strong>nos</strong></span> <span class='ocrx_word' id='word_1_202' title='bbox 190 1774 475 1833; x_wconf 88' lang='lat' dir='ltr'><strong>negamus;</strong></span> <span class='ocrx_word' id='word_1_203' title='bbox 503 1758 673 1817; x_wconf 88' lang='lat' dir='ltr'><strong>immo</strong></span> <span class='ocrx_word' id='word_1_204' title='bbox 715 1759 896 1830; x_wconf 90' lang='lat' dir='ltr'><strong>potius</strong></span> <span class='ocrx_word' id='word_1_205' title='bbox 924 1760 1210 1817; x_wconf 89' lang='lat' dir='ltr'><strong>horremus</strong></span> <span class='ocrx_word' id='word_1_206' title='bbox 1260 1760 1399 1815; x_wconf 89' lang='lat' dir='ltr'><strong>hanc</strong></span> <span class='ocrx_word' id='word_1_207' title='bbox 1436 1774 1645 1816; x_wconf 86' lang='lat' dir='ltr'><strong>vocem.</strong></span> <span class='ocrx_word' id='word_1_208' title='bbox 1678 1768 1727 1828; x_wconf 82' lang='grc' dir='ltr'><strong>Β</strong></span> <span class='ocrx_word' id='word_1_209' title='bbox 1753 1765 2052 1823; x_wconf 90' lang='lat' dir='ltr'><strong>Palladium</strong></span> <span class='ocrx_word' id='word_1_210' title='bbox 2073 1809 2088 1833; x_wconf 88' lang='lat'><strong>,</strong></span> <span class='ocrx_word' id='word_1_211' title='bbox 2115 1767 2199 1823; x_wconf 88' lang='lat' dir='ltr'><strong>vel</strong></span> <span class='ocrx_word' id='word_1_212' title='bbox 2238 1764 2625 1838; x_wconf 79' lang='lat' dir='ltr'><strong>DemOphilum</strong></span> <span class='ocrx_word' id='word_1_213' title='bbox 2669 1776 2831 1839; x_wconf 88' lang='lat' dir='ltr'><strong>atque</strong></span> <span class='ocrx_word' id='word_1_214' title='bbox 2875 1765 3203 1822; x_wconf 78' lang='lat' dir='ltr'><strong>Auxentium</strong></span> <span class='ocrx_word' id='word_1_215' title='bbox 3224 1807 3239 1831; x_wconf 91' lang='lat'><strong>,</strong></span> <span class='ocrx_word' id='word_1_216' title='bbox 3270 1763 3357 1820; x_wconf 89' lang='lat' dir='ltr'><strong>vel</strong></span> 
     </span>
    </p>
   </div>
   <div class='ocr_carea' id='block_1_33' title="bbox 84 1851 1653 1924">
    <p class='ocr_par' dir='ltr' id='par_1_33' title="bbox 84 1851 1653 1924">
     <span class='ocr_line' id='line_1_33' title="bbox 84 1851 1653 1924; baseline 0 -17"><span class='ocrx_word' id='word_1_217' title='bbox 84 1851 174 1908; x_wconf 89' lang='lat' dir='ltr'><strong>Sed</strong></span> <span class='ocrx_word' id='word_1_218' title='bbox 214 1854 332 1909; x_wconf 91' lang='lat' dir='ltr'><strong>nolo</strong></span> <span class='ocrx_word' id='word_1_219' title='bbox 380 1860 705 1924; x_wconf 89' lang='lat' dir='ltr'><strong>argumento</strong></span> <span class='ocrx_word' id='word_1_220' title='bbox 750 1852 973 1917; x_wconf 88' lang='lat' dir='ltr'><strong>credas,</strong></span> <span class='ocrx_word' id='word_1_221' title='bbox 1004 1861 1192 1909; x_wconf 90' lang='lat' dir='ltr'><strong>sancte</strong></span> <span class='ocrx_word' id='word_1_222' title='bbox 1241 1851 1570 1923; x_wconf 87' lang='lat' dir='ltr'><strong>imperator,</strong></span> <span class='ocrx_word' id='word_1_223' title='bbox 1597 1859 1653 1907; x_wconf 90' lang='lat' dir='ltr'><strong>ct</strong></span> 
     </span>
    </p>
   </div>
   <div class='ocr_carea' id='block_1_34' title="bbox 85 1943 1651 2019">
    <p class='ocr_par' dir='ltr' id='par_1_34' title="bbox 85 1943 1651 2019">
     <span class='ocr_line' id='line_1_34' title="bbox 85 1943 1651 2019; baseline -0.001 -18"><span class='ocrx_word' id='word_1_224' title='bbox 85 1954 254 2003; x_wconf 70' lang='lat' dir='ltr'><strong>nostra:</strong></span> <span class='ocrx_word' id='word_1_225' title='bbox 297 1945 695 2019; x_wconf 85' lang='lat' dir='ltr'><strong>disputationi:</strong></span> <span class='ocrx_word' id='word_1_226' title='bbox 737 1945 1051 2017; x_wconf 89' lang='lat' dir='ltr'><strong>Scripturas</strong></span> <span class='ocrx_word' id='word_1_227' title='bbox 1096 1947 1493 2016; x_wconf 86' lang='lat' dir='ltr'><strong>interrogemus</strong></span> <span class='ocrx_word' id='word_1_228' title='bbox 1517 1987 1533 2013; x_wconf 90' lang='lat'><strong>,</strong></span> <span class='ocrx_word' id='word_1_229' title='bbox 1569 1943 1651 1999; x_wconf 85' lang='lat' dir='ltr'><strong>itt-</strong></span> 
     </span>
    </p>
   </div>
   <div class='ocr_carea' id='block_1_35' title="bbox 87 2039 1649 2113">
    <p class='ocr_par' dir='ltr' id='par_1_35' title="bbox 87 2039 1649 2113">
     <span class='ocr_line' id='line_1_35' title="bbox 87 2039 1649 2113; baseline 0 -18"><span class='ocrx_word' id='word_1_230' title='bbox 87 2049 386 2113; x_wconf 81' lang='lat' dir='ltr'><strong>terrogemus</strong></span> <span class='ocrx_word' id='word_1_231' title='bbox 412 2040 733 2113; x_wconf 79' lang='lat' dir='ltr'><strong>aposmlos,</strong></span> <span class='ocrx_word' id='word_1_232' title='bbox 766 2039 1162 2112; x_wconf 85' lang='lat' dir='ltr'><strong>interrogemus</strong></span> <span class='ocrx_word' id='word_1_233' title='bbox 1206 2039 1528 2112; x_wconf 87' lang='lat' dir='ltr'><strong>prophetas,</strong></span> <span class='ocrx_word' id='word_1_234' title='bbox 1564 2040 1649 2095; x_wconf 92' lang='lat' dir='ltr'><strong>in-</strong></span> 
     </span>
    </p>
   </div>
   <div class='ocr_carea' id='block_1_36' title="bbox 90 2132 1648 2209">
    <p class='ocr_par' dir='ltr' id='par_1_36' title="bbox 90 2132 1648 2209">
     <span class='ocr_line' id='line_1_36' title="bbox 90 2132 1648 2209; baseline 0.003 -22"><span class='ocrx_word' id='word_1_235' title='bbox 90 2142 383 2207; x_wconf 85' lang='lat' dir='ltr'><strong>terrogemus</strong></span> <span class='ocrx_word' id='word_1_236' title='bbox 412 2133 720 2191; x_wconf 83' lang='lat' dir='ltr'><strong>Christum.</strong></span> <span class='ocrx_word' id='word_1_237' title='bbox 754 2132 897 2209; x_wconf 88' lang='lat' dir='ltr'><strong>Quid</strong></span> <span class='ocrx_word' id='word_1_238' title='bbox 927 2133 1131 2189; x_wconf 88' lang='lat' dir='ltr'><strong>multa?</strong></span> <span class='ocrx_word' id='word_1_239' title='bbox 1158 2132 1375 2190; x_wconf 86' lang='lat' dir='ltr'><strong>Patrem</strong></span> <span class='ocrx_word' id='word_1_240' title='bbox 1413 2136 1648 2193; x_wconf 85' lang='lat' dir='ltr'><strong>interro-</strong></span> 
     </span>
    </p>
   </div>
   <div class='ocr_carea' id='block_1_37' title="bbox 88 2227 1647 2300">
    <p class='ocr_par' dir='ltr' id='par_1_37' title="bbox 88 2227 1647 2300">
     <span class='ocr_line' id='line_1_37' title="bbox 88 2227 1647 2300; baseline 0.001 -17"><span class='ocrx_word' id='word_1_241' title='bbox 88 2230 450 2300; x_wconf 78' lang='lat' dir='ltr'><strong>gemus,cujus</strong></span> <span class='ocrx_word' id='word_1_242' title='bbox 496 2228 698 2285; x_wconf 86' lang='lat' dir='ltr'><strong>honori</strong></span> <span class='ocrx_word' id='word_1_243' title='bbox 750 2227 973 2284; x_wconf 75' lang='lat' dir='ltr'><strong>studere</strong></span> <span class='ocrx_word' id='word_1_244' title='bbox 1015 2242 1075 2283; x_wconf 91' lang='lat' dir='ltr'><strong>se</strong></span> <span class='ocrx_word' id='word_1_245' title='bbox 1118 2227 1341 2294; x_wconf 90' lang='lat' dir='ltr'><strong>dicunt,</strong></span> <span class='ocrx_word' id='word_1_246' title='bbox 1384 2230 1430 2285; x_wconf 91' lang='lat' dir='ltr'><strong>si</strong></span> <span class='ocrx_word' id='word_1_247' title='bbox 1477 2229 1647 2285; x_wconf 87' lang='lat' dir='ltr'><strong>Filius</strong></span> 
     </span>
    </p>
   </div>
   <div class='ocr_carea' id='block_1_38' title="bbox 91 2304 1650 2394">
    <p class='ocr_par' dir='ltr' id='par_1_38' title="bbox 91 2304 1650 2394">
     <span class='ocr_line' id='line_1_38' title="bbox 91 2304 1650 2394; baseline 0.001 -17"><span class='ocrx_word' id='word_1_248' title='bbox 91 2304 653 2394; x_wconf 42' lang='lat' dir='ltr'><strong>“degener’judicetur.</strong></span> <span class='ocrx_word' id='word_1_249' title='bbox 684 2321 793 2377; x_wconf 86' lang='lat' dir='ltr'><strong>Sed</strong></span> <span class='ocrx_word' id='word_1_250' title='bbox 822 2337 931 2377; x_wconf 88' lang='lat' dir='ltr'><strong>non</strong></span> <span class='ocrx_word' id='word_1_251' title='bbox 957 2321 1489 2394; x_wconf 34' lang='lat' dir='ltr'><strong>estjbonorificentia</strong></span> <span class='ocrx_word' id='word_1_252' title='bbox 1521 2322 1650 2378; x_wconf 91' lang='lat' dir='ltr'><strong>boni</strong></span> 
     </span>
    </p>
   </div>
   <div class='ocr_carea' id='block_1_39' title="bbox 91 2412 1646 2489">
    <p class='ocr_par' dir='ltr' id='par_1_39' title="bbox 91 2412 1646 2489">
     <span class='ocr_line' id='line_1_39' title="bbox 91 2412 1646 2489; baseline 0.003 -20"><span class='ocrx_word' id='word_1_253' title='bbox 91 2412 254 2485; x_wconf 84' lang='lat' dir='ltr'><strong>Patris,</strong></span> <span class='ocrx_word' id='word_1_254' title='bbox 281 2416 396 2475; x_wconf 80' lang='lat' dir='ltr'><strong>Filii</strong></span> <span class='ocrx_word' id='word_1_255' title='bbox 423 2416 647 2489; x_wconf 88' lang='lat' dir='ltr'><strong>injuria.</strong></span> <span class='ocrx_word' id='word_1_256' title='bbox 677 2414 793 2471; x_wconf 85' lang='lat' dir='ltr'><strong>Non</strong></span> <span class='ocrx_word' id='word_1_257' title='bbox 842 2422 1025 2485; x_wconf 89' lang='lat' dir='ltr'><strong>potest</strong></span> <span class='ocrx_word' id='word_1_258' title='bbox 1051 2413 1198 2471; x_wconf 90' lang='lat' dir='ltr'><strong>bono</strong></span> <span class='ocrx_word' id='word_1_259' title='bbox 1226 2413 1373 2471; x_wconf 83' lang='lat' dir='ltr'><strong>Patri</strong></span> <span class='ocrx_word' id='word_1_260' title='bbox 1404 2416 1646 2487; x_wconf 87' lang='lat' dir='ltr'><strong>placere,</strong></span> 
     </span>
    </p>
   </div>
   <div class='ocr_carea' id='block_1_40' title="bbox 149 2648 1650 2725">
    <p class='ocr_par' dir='ltr' id='par_1_40' title="bbox 149 2648 1650 2725">
     <span class='ocr_line' id='line_1_40' title="bbox 149 2648 1650 2725; baseline 0.001 -19"><span class='ocrx_word' id='word_1_261' title='bbox 149 2650 410 2725; x_wconf 59' lang='lat' dir='ltr'><strong>sDegener</strong></span> <span class='ocrx_word' id='word_1_262' title='bbox 453 2652 526 2709; x_wconf 88' lang='lat' dir='ltr'><strong>ab</strong></span> <span class='ocrx_word' id='word_1_263' title='bbox 552 2649 869 2725; x_wconf 74' lang='lat' dir='ltr'><strong>Ambrosio</strong></span> <span class='ocrx_word' id='word_1_264' title='bbox 915 2648 1118 2720; x_wconf 92' lang='lat' dir='ltr'><strong>passim</strong></span> <span class='ocrx_word' id='word_1_265' title='bbox 1160 2649 1212 2703; x_wconf 92' lang='lat' dir='ltr'><strong>in</strong></span> <span class='ocrx_word' id='word_1_266' title='bbox 1243 2648 1327 2705; x_wconf 85' lang='lat' dir='ltr'><strong>his</strong></span> <span class='ocrx_word' id='word_1_267' title='bbox 1366 2648 1519 2725; x_wconf 78' lang='lat' dir='ltr'><strong>libris</strong></span> <span class='ocrx_word' id='word_1_268' title='bbox 1558 2650 1650 2707; x_wconf 90' lang='lat' dir='ltr'><strong>ille</strong></span> 
     </span>
    </p>
   </div>
   <div class='ocr_carea' id='block_1_41' title="bbox 90 2721 1647 2795">
    <p class='ocr_par' dir='ltr' id='par_1_41' title="bbox 90 2721 1647 2795">
     <span class='ocr_line' id='line_1_41' title="bbox 90 2721 1647 2795; baseline 0.001 -19"><span class='ocrx_word' id='word_1_269' title='bbox 90 2721 285 2792; x_wconf 72' lang='lat' dir='ltr'><strong>dicitur;</strong></span> <span class='ocrx_word' id='word_1_270' title='bbox 307 2725 393 2794; x_wconf 91' lang='lat' dir='ltr'><strong>qui</strong></span> <span class='ocrx_word' id='word_1_271' title='bbox 418 2742 447 2777; x_wconf 90' lang='lat' dir='ltr'><strong>a</strong></span> <span class='ocrx_word' id='word_1_272' title='bbox 477 2722 754 2795; x_wconf 89' lang='lat' dir='ltr'><strong>principio</strong></span> <span class='ocrx_word' id='word_1_273' title='bbox 778 2737 886 2795; x_wconf 86' lang='lat' dir='ltr'><strong>suo</strong></span> <span class='ocrx_word' id='word_1_274' title='bbox 914 2736 1020 2795; x_wconf 88' lang='lat' dir='ltr'><strong>non</strong></span> <span class='ocrx_word' id='word_1_275' title='bbox 1052 2729 1265 2795; x_wconf 82' lang='lat' dir='ltr'><strong>tantum</strong></span> <span class='ocrx_word' id='word_1_276' title='bbox 1286 2721 1647 2795; x_wconf 63' lang='lat' dir='ltr'><strong>perfectione,</strong></span> 
     </span>
    </p>
   </div>
   <div class='ocr_carea' id='block_1_42' title="bbox 91 2791 1652 2851">
    <p class='ocr_par' dir='ltr' id='par_1_42' title="bbox 91 2791 1652 2851">
     <span class='ocr_line' id='line_1_42' title="bbox 91 2791 1652 2851; baseline -0.001 -2"><span class='ocrx_word' id='word_1_277' title='bbox 91 2794 167 2849; x_wconf 85' lang='lat' dir='ltr'><strong>sed</strong></span> <span class='ocrx_word' id='word_1_278' title='bbox 210 2791 359 2851; x_wconf 85' lang='lat' dir='ltr'><strong>etiam</strong></span> <span class='ocrx_word' id='word_1_279' title='bbox 400 2791 598 2851; x_wconf 73' lang='lat' dir='ltr'><strong>natura</strong></span> <span class='ocrx_word' id='word_1_280' title='bbox 628 2801 684 2848; x_wconf 91' lang='lat' dir='ltr'><strong>et</strong></span> <span class='ocrx_word' id='word_1_281' title='bbox 709 2793 1009 2849; x_wconf 83' lang='lat' dir='ltr'><strong>substantia</strong></span> <span class='ocrx_word' id='word_1_282' title='bbox 1040 2791 1315 2849; x_wconf 86' lang='lat' dir='ltr'><strong>desciscit.</strong></span> <span class='ocrx_word' id='word_1_283' title='bbox 1344 2792 1456 2849; x_wconf 87' lang='lat' dir='ltr'><strong>Nec</strong></span> <span class='ocrx_word' id='word_1_284' title='bbox 1492 2794 1652 2849; x_wconf 88' lang='lat' dir='ltr'><strong>aliter</strong></span> 
     </span>
    </p>
   </div>
   <div class='ocr_carea' id='block_1_43' title="bbox 91 2862 1650 2924">
    <p class='ocr_par' dir='ltr' id='par_1_43' title="bbox 91 2862 1650 2924">
     <span class='ocr_line' id='line_1_43' title="bbox 91 2862 1650 2924; baseline 0 -5"><span class='ocrx_word' id='word_1_285' title='bbox 91 2867 223 2922; x_wconf 87' lang='lat' dir='ltr'><strong>etiam</strong></span> <span class='ocrx_word' id='word_1_286' title='bbox 267 2868 329 2924; x_wconf 85' lang='lat' dir='ltr'><strong>ab</strong></span> <span class='ocrx_word' id='word_1_287' title='bbox 369 2865 582 2923; x_wconf 79' lang='lat' dir='ltr'><strong>Hilario</strong></span> <span class='ocrx_word' id='word_1_288' title='bbox 626 2866 860 2921; x_wconf 89' lang='lat' dir='ltr'><strong>sumitur</strong></span> <span class='ocrx_word' id='word_1_289' title='bbox 908 2864 1000 2918; x_wconf 87' lang='lat' dir='ltr'><strong>lib.</strong></span> <span class='ocrx_word' id='word_1_290' title='bbox 1030 2879 1120 2918; x_wconf 84' lang='lat' dir='ltr'><strong>vm</strong></span> <span class='ocrx_word' id='word_1_291' title='bbox 1151 2863 1219 2918; x_wconf 90' lang='lat' dir='ltr'><strong>de</strong></span> <span class='ocrx_word' id='word_1_292' title='bbox 1260 2862 1437 2919; x_wconf 86' lang='lat' dir='ltr'><strong>Triuit</strong></span> <span class='ocrx_word' id='word_1_293' title='bbox 1467 2882 1480 2919; x_wconf 91' lang='lat'><strong>:</strong></span> <span class='ocrx_word' id='word_1_294' title='bbox 1510 2864 1650 2919; x_wconf 89' lang='lat' dir='ltr'><strong>Dum</strong></span> 
     </span>
    </p>
   </div>
   <div class='ocr_carea' id='block_1_44' title="bbox 93 2932 1645 3006">
    <p class='ocr_par' dir='ltr' id='par_1_44' title="bbox 93 2932 1645 3006">
     <span class='ocr_line' id='line_1_44' title="bbox 93 2932 1645 3006; baseline 0.001 -17"><span class='ocrx_word' id='word_1_295' title='bbox 93 2936 201 2992; x_wconf 78' lang='lat' dir='ltr'><strong>nihil</strong></span> <span class='ocrx_word' id='word_1_296' title='bbox 220 2939 267 2992; x_wconf 84' lang='lat' dir='ltr'><strong>in</strong></span> <span class='ocrx_word' id='word_1_297' title='bbox 292 2956 345 2994; x_wconf 87' lang='lat' dir='ltr'><strong>eo</strong></span> <span class='ocrx_word' id='word_1_298' title='bbox 363 2979 378 3003; x_wconf 89' lang='lat'><strong>,</strong></span> <span class='ocrx_word' id='word_1_299' title='bbox 408 2937 553 2994; x_wconf 89' lang='lat' dir='ltr'><strong>Filio</strong></span> <span class='ocrx_word' id='word_1_300' title='bbox 599 2936 890 3001; x_wconf 88' lang='lat' dir='ltr'><strong>videlicet,</strong></span> <span class='ocrx_word' id='word_1_301' title='bbox 923 2951 987 2990; x_wconf 74' lang='lat' dir='ltr'><strong>ea:</strong></span> <span class='ocrx_word' id='word_1_302' title='bbox 1015 2951 1068 2989; x_wconf 84' lang='lat' dir='ltr'><strong>se</strong></span> <span class='ocrx_word' id='word_1_303' title='bbox 1094 2932 1236 2988; x_wconf 68' lang='lat' dir='ltr'><strong>Deus</strong></span> <span class='ocrx_word' id='word_1_304' title='bbox 1268 2936 1525 3006; x_wconf 84' lang='lat' dir='ltr'><strong>gignendo</strong></span> <span class='ocrx_word' id='word_1_305' title='bbox 1554 2938 1645 2990; x_wconf 87' lang='lat' dir='ltr'><strong>dc-</strong></span> 
     </span>
    </p>
   </div>
   <div class='ocr_carea' id='block_1_45' title="bbox 92 3006 1647 3080">
    <p class='ocr_par' dir='ltr' id='par_1_45' title="bbox 92 3006 1647 3080">
     <span class='ocr_line' id='line_1_45' title="bbox 92 3006 1647 3080; baseline -0.001 -17"><span class='ocrx_word' id='word_1_306' title='bbox 92 3018 282 3080; x_wconf 75' lang='lat' dir='ltr'><strong>generat.</strong></span> <span class='ocrx_word' id='word_1_307' title='bbox 311 3009 511 3066; x_wconf 80' lang='lat' dir='ltr'><strong>Nomen</strong></span> <span class='ocrx_word' id='word_1_308' title='bbox 569 3007 732 3064; x_wconf 76' lang='lat' dir='ltr'><strong>etiam</strong></span> <span class='ocrx_word' id='word_1_309' title='bbox 759 3023 919 3080; x_wconf 84' lang='lat' dir='ltr'><strong>genus</strong></span> <span class='ocrx_word' id='word_1_310' title='bbox 969 3007 1165 3080; x_wconf 85' lang='lat' dir='ltr'><strong>passim</strong></span> <span class='ocrx_word' id='word_1_311' title='bbox 1211 3007 1280 3061; x_wconf 89' lang='lat' dir='ltr'><strong>ab</strong></span> <span class='ocrx_word' id='word_1_312' title='bbox 1317 3006 1507 3061; x_wconf 89' lang='lat' dir='ltr'><strong>eodem</strong></span> <span class='ocrx_word' id='word_1_313' title='bbox 1552 3022 1647 3077; x_wconf 86' lang='lat' dir='ltr'><strong>po-</strong></span> 
     </span>
    </p>
   </div>
   <div class='ocr_carea' id='block_1_46' title="bbox 93 3078 1645 3151">
    <p class='ocr_par' dir='ltr' id='par_1_46' title="bbox 93 3078 1645 3151">
     <span class='ocr_line' id='line_1_46' title="bbox 93 3078 1645 3151; baseline 0 -19"><span class='ocrx_word' id='word_1_314' title='bbox 93 3079 214 3151; x_wconf 76' lang='lat' dir='ltr'><strong>nitur</strong></span> <span class='ocrx_word' id='word_1_315' title='bbox 239 3096 328 3151; x_wconf 87' lang='lat' dir='ltr'><strong>pro</strong></span> <span class='ocrx_word' id='word_1_316' title='bbox 353 3091 545 3137; x_wconf 85' lang='lat' dir='ltr'><strong>natura</strong></span> <span class='ocrx_word' id='word_1_317' title='bbox 582 3098 595 3135; x_wconf 90' lang='lat'><strong>:</strong></span> <span class='ocrx_word' id='word_1_318' title='bbox 629 3080 681 3151; x_wconf 86' lang='lat' dir='ltr'><strong>in</strong></span> <span class='ocrx_word' id='word_1_319' title='bbox 726 3078 837 3151; x_wconf 87' lang='lat' dir='ltr'><strong>quo</strong></span> <span class='ocrx_word' id='word_1_320' title='bbox 873 3078 1124 3151; x_wconf 77' lang='lat' dir='ltr'><strong>congruit</strong></span> <span class='ocrx_word' id='word_1_321' title='bbox 1154 3091 1277 3151; x_wconf 88' lang='lat' dir='ltr'><strong>cum</strong></span> <span class='ocrx_word' id='word_1_322' title='bbox 1305 3087 1526 3151; x_wconf 82' lang='lat' dir='ltr'><strong>auctore</strong></span> <span class='ocrx_word' id='word_1_323' title='bbox 1555 3080 1645 3132; x_wconf 90' lang='lat' dir='ltr'><strong>lib.</strong></span> 
     </span>
    </p>
   </div>
   <div class='ocr_carea' id='block_1_47' title="bbox 93 3147 1652 3223">
    <p class='ocr_par' dir='ltr' id='par_1_47' title="bbox 93 3147 1652 3223">
     <span class='ocr_line' id='line_1_47' title="bbox 93 3147 1652 3223; baseline 0.003 -21"><span class='ocrx_word' id='word_1_324' title='bbox 93 3149 149 3204; x_wconf 91' lang='lat' dir='ltr'><strong>de</strong></span> <span class='ocrx_word' id='word_1_325' title='bbox 176 3147 368 3208; x_wconf 84' lang='lat' dir='ltr'><strong>Delinit.</strong></span> <span class='ocrx_word' id='word_1_326' title='bbox 401 3152 541 3223; x_wconf 90' lang='lat' dir='ltr'><strong>apud</strong></span> <span class='ocrx_word' id='word_1_327' title='bbox 559 3149 961 3223; x_wconf 84' lang='lat' dir='ltr'><strong>_Athanasium,</strong></span> <span class='ocrx_word' id='word_1_328' title='bbox 991 3148 1079 3203; x_wconf 92' lang='lat' dir='ltr'><strong>ubi</strong></span> <span class='ocrx_word' id='word_1_329' title='bbox 1107 3148 1357 3219; x_wconf 85' lang='lat' dir='ltr'><strong>legimus,</strong></span> <span class='ocrx_word' id='word_1_330' title='bbox 1387 3147 1539 3211; x_wconf 69' lang='grc' dir='ltr'><strong>Φύσις</strong></span> <span class='ocrx_word' id='word_1_331' title='bbox 1570 3156 1652 3206; x_wconf 81' lang='grc' dir='ltr'><strong>καὶ</strong></span> 
     </span>
    </p>
   </div>
   <div class='ocr_carea' id='block_1_48' title="bbox 93 3217 777 3299">
    <p class='ocr_par' dir='ltr' id='par_1_48' title="bbox 93 3217 777 3299">
     <span class='ocr_line' id='line_1_48' title="bbox 93 3217 777 3299; baseline -0.004 -22"><span class='ocrx_word' id='word_1_332' title='bbox 93 3223 238 3299; x_wconf 59' lang='lat' dir='ltr'><strong>viain,</strong></span> <span class='ocrx_word' id='word_1_333' title='bbox 266 3229 344 3280; x_wconf 68' lang='lat' dir='ltr'><strong>mi</strong></span> <span class='ocrx_word' id='word_1_334' title='bbox 368 3217 505 3299; x_wconf 54' lang='lat' dir='ltr'><strong>75o;</strong></span> <span class='ocrx_word' id='word_1_335' title='bbox 529 3217 620 3279; x_wconf 69' lang='grc' dir='ltr'><strong>οὖν</strong></span> <span class='ocrx_word' id='word_1_336' title='bbox 646 3224 777 3278; x_wconf 79' lang='grc' dir='ltr'><strong>ἐστι.</strong></span> 
     </span>
    </p>
   </div>
   <div class='ocr_carea' id='block_1_49' title="bbox 150 3275 1726 3361">
    <p class='ocr_par' dir='ltr' id='par_1_49' title="bbox 150 3275 1726 3361">
     <span class='ocr_line' id='line_1_49' title="bbox 150 3275 1726 3361; baseline -0.001 -11"><span class='ocrx_word' id='word_1_337' title='bbox 150 3275 553 3352; x_wconf 14' lang='grc' dir='ltr'><strong>δὴδπίῆέέῖἆῖιξ</strong></span> <span class='ocrx_word' id='word_1_338' title='bbox 577 3275 636 3348; x_wconf 84' lang='lat' dir='ltr'><strong>et</strong></span> <span class='ocrx_word' id='word_1_339' title='bbox 651 3275 795 3346; x_wconf 25' lang='lat' dir='ltr'><strong>vmss.</strong></span> <span class='ocrx_word' id='word_1_340' title='bbox 822 3289 1028 3361; x_wconf 82' lang='lat' dir='ltr'><strong>aliquot</strong></span> <span class='ocrx_word' id='word_1_341' title='bbox 1055 3290 1141 3345; x_wconf 88' lang='lat' dir='ltr'><strong>hic</strong></span> <span class='ocrx_word' id='word_1_342' title='bbox 1175 3299 1231 3346; x_wconf 88' lang='lat' dir='ltr'><strong>et</strong></span> <span class='ocrx_word' id='word_1_343' title='bbox 1263 3289 1399 3346; x_wconf 85' lang='lat' dir='ltr'><strong>infra</strong></span> <span class='ocrx_word' id='word_1_344' title='bbox 1439 3291 1653 3348; x_wconf 89' lang='lat' dir='ltr'><strong>duobus</strong></span> <span class='ocrx_word' id='word_1_345' title='bbox 1681 3275 1726 3339; x_wconf 79' lang='lat' dir='ltr'><strong>C</strong></span> 
     </span>
    </p>
   </div>
   <div class='ocr_carea' id='block_1_50' title="bbox 93 3361 1650 3432">
    <p class='ocr_par' dir='ltr' id='par_1_50' title="bbox 93 3361 1650 3432">
     <span class='ocr_line' id='line_1_50' title="bbox 93 3361 1650 3432; baseline 0 -14"><span class='ocrx_word' id='word_1_346' title='bbox 93 3363 208 3420; x_wconf 82' lang='lat' dir='ltr'><strong>locis</strong></span> <span class='ocrx_word' id='word_1_347' title='bbox 230 3408 245 3432; x_wconf 85' lang='lat'><strong>,</strong></span> <span class='ocrx_word' id='word_1_348' title='bbox 273 3365 553 3423; x_wconf 70' lang='lat' dir='ltr'><strong>Eudoxium</strong></span> <span class='ocrx_word' id='word_1_349' title='bbox 577 3406 593 3427; x_wconf 91' lang='lat'><strong>,</strong></span> <span class='ocrx_word' id='word_1_350' title='bbox 640 3362 950 3418; x_wconf 84' lang='lat' dir='ltr'><strong>Eunomium</strong></span> <span class='ocrx_word' id='word_1_351' title='bbox 970 3402 986 3427; x_wconf 90' lang='lat'><strong>,</strong></span> <span class='ocrx_word' id='word_1_352' title='bbox 1019 3373 1126 3418; x_wconf 92' lang='lat' dir='ltr'><strong>etc.</strong></span> <span class='ocrx_word' id='word_1_353' title='bbox 1158 3379 1172 3415; x_wconf 87' lang='lat'><strong>:</strong></span> <span class='ocrx_word' id='word_1_354' title='bbox 1198 3361 1292 3416; x_wconf 88' lang='lat' dir='ltr'><strong>alii</strong></span> <span class='ocrx_word' id='word_1_355' title='bbox 1340 3378 1470 3419; x_wconf 87' lang='lat' dir='ltr'><strong>vero</strong></span> <span class='ocrx_word' id='word_1_356' title='bbox 1518 3378 1650 3420; x_wconf 88' lang='lat' dir='ltr'><strong>mss.</strong></span> 
     </span>
    </p>
   </div>
   <div class='ocr_carea' id='block_1_51' title="bbox 93 3432 1652 3507">
    <p class='ocr_par' dir='ltr' id='par_1_51' title="bbox 93 3432 1652 3507">
     <span class='ocr_line' id='line_1_51' title="bbox 93 3432 1652 3507; baseline 0 -18"><span class='ocrx_word' id='word_1_357' title='bbox 93 3437 262 3507; x_wconf 83' lang='lat' dir='ltr'><strong>majori</strong></span> <span class='ocrx_word' id='word_1_358' title='bbox 287 3454 494 3494; x_wconf 90' lang='lat' dir='ltr'><strong>numero</strong></span> <span class='ocrx_word' id='word_1_359' title='bbox 523 3447 586 3493; x_wconf 90' lang='lat' dir='ltr'><strong>et</strong></span> <span class='ocrx_word' id='word_1_360' title='bbox 613 3434 937 3489; x_wconf 88' lang='lat' dir='ltr'><strong>auctoritate</strong></span> <span class='ocrx_word' id='word_1_361' title='bbox 963 3434 1160 3503; x_wconf 87' lang='lat' dir='ltr'><strong>ubique</strong></span> <span class='ocrx_word' id='word_1_362' title='bbox 1186 3432 1443 3507; x_wconf 85' lang='lat' dir='ltr'><strong>omittunt</strong></span> <span class='ocrx_word' id='word_1_363' title='bbox 1469 3432 1652 3489; x_wconf 80' lang='lat' dir='ltr'><strong>Eudo-</strong></span> 
     </span>
    </p>
   </div>
   <div class='ocr_carea' id='block_1_52' title="bbox 92 3504 1654 3576">
    <p class='ocr_par' dir='ltr' id='par_1_52' title="bbox 92 3504 1654 3576">
     <span class='ocr_line' id='line_1_52' title="bbox 92 3504 1654 3576; baseline 0.001 -17"><span class='ocrx_word' id='word_1_364' title='bbox 92 3504 231 3563; x_wconf 63' lang='lat' dir='ltr'><strong>aiu&#39;m.</strong></span> <span class='ocrx_word' id='word_1_365' title='bbox 259 3508 321 3564; x_wconf 83' lang='lat' dir='ltr'><strong>Et</strong></span> <span class='ocrx_word' id='word_1_366' title='bbox 347 3521 486 3566; x_wconf 91' lang='lat' dir='ltr'><strong>certe</strong></span> <span class='ocrx_word' id='word_1_367' title='bbox 531 3508 679 3563; x_wconf 86' lang='lat' dir='ltr'><strong>hanc</strong></span> <span class='ocrx_word' id='word_1_368' title='bbox 702 3520 824 3561; x_wconf 87' lang='lat' dir='ltr'><strong>esse</strong></span> <span class='ocrx_word' id='word_1_369' title='bbox 869 3519 1182 3576; x_wconf 88' lang='lat' dir='ltr'><strong>germanam</strong></span> <span class='ocrx_word' id='word_1_370' title='bbox 1216 3504 1499 3576; x_wconf 85' lang='lat' dir='ltr'><strong>lectionem</strong></span> <span class='ocrx_word' id='word_1_371' title='bbox 1526 3521 1654 3576; x_wconf 90' lang='lat' dir='ltr'><strong>cog-</strong></span> 
     </span>
    </p>
   </div>
   <div class='ocr_carea' id='block_1_53' title="bbox 96 3575 1647 3647">
    <p class='ocr_par' dir='ltr' id='par_1_53' title="bbox 96 3575 1647 3647">
     <span class='ocr_line' id='line_1_53' title="bbox 96 3575 1647 3647; baseline 0.001 -17"><span class='ocrx_word' id='word_1_372' title='bbox 96 3580 337 3636; x_wconf 82' lang='lat' dir='ltr'><strong>noscimus</strong></span> <span class='ocrx_word' id='word_1_373' title='bbox 361 3596 464 3638; x_wconf 90' lang='lat' dir='ltr'><strong>non</strong></span> <span class='ocrx_word' id='word_1_374' title='bbox 502 3581 688 3636; x_wconf 90' lang='lat' dir='ltr'><strong>solum</strong></span> <span class='ocrx_word' id='word_1_375' title='bbox 738 3579 879 3647; x_wconf 89' lang='lat' dir='ltr'><strong>quod</strong></span> <span class='ocrx_word' id='word_1_376' title='bbox 907 3579 975 3647; x_wconf 92' lang='lat' dir='ltr'><strong>in</strong></span> <span class='ocrx_word' id='word_1_377' title='bbox 1005 3576 1212 3647; x_wconf 87' lang='lat' dir='ltr'><strong>cunctis</strong></span> <span class='ocrx_word' id='word_1_378' title='bbox 1238 3575 1371 3631; x_wconf 89' lang='lat' dir='ltr'><strong>edit.</strong></span> <span class='ocrx_word' id='word_1_379' title='bbox 1400 3591 1464 3631; x_wconf 91' lang='lat' dir='ltr'><strong>ac</strong></span> <span class='ocrx_word' id='word_1_380' title='bbox 1516 3575 1647 3632; x_wconf 89' lang='lat' dir='ltr'><strong>mss.</strong></span> 
     </span>
    </p>
   </div>
   <div class='ocr_carea' id='block_1_54' title="bbox 96 3646 1652 3724">
    <p class='ocr_par' dir='ltr' id='par_1_54' title="bbox 96 3646 1652 3724">
     <span class='ocr_line' id='line_1_54' title="bbox 96 3646 1652 3724; baseline 0 -22"><span class='ocrx_word' id='word_1_381' title='bbox 96 3648 323 3719; x_wconf 80' lang='lat' dir='ltr'><strong>habetur,</strong></span> <span class='ocrx_word' id='word_1_382' title='bbox 349 3656 457 3724; x_wconf 84' lang='lat' dir='ltr'><strong>ejus</strong></span> <span class='ocrx_word' id='word_1_383' title='bbox 483 3646 763 3724; x_wconf 80' lang='lat' dir='ltr'><strong>magistros</strong></span> <span class='ocrx_word' id='word_1_384' title='bbox 785 3689 801 3714; x_wconf 90' lang='lat'><strong>,</strong></span> <span class='ocrx_word' id='word_1_385' title='bbox 830 3647 918 3724; x_wconf 82' lang='lat' dir='ltr'><strong>ubi</strong></span> <span class='ocrx_word' id='word_1_386' title='bbox 949 3646 1412 3724; x_wconf 85' lang='lat' dir='ltr'><strong>dicendum_esse_t</strong></span> <span class='ocrx_word' id='word_1_387' title='bbox 1431 3688 1445 3711; x_wconf 91' lang='lat'><strong>,</strong></span> <span class='ocrx_word' id='word_1_388' title='bbox 1475 3664 1652 3724; x_wconf 68' lang='lat' dir='ltr'><strong>eorum</strong></span> 
     </span>
    </p>
   </div>
   <div class='ocr_carea' id='block_1_55' title="bbox 96 3718 1649 3791">
    <p class='ocr_par' dir='ltr' id='par_1_55' title="bbox 96 3718 1649 3791">
     <span class='ocr_line' id='line_1_55' title="bbox 96 3718 1649 3791; baseline -0.001 -16"><span class='ocrx_word' id='word_1_389' title='bbox 96 3718 331 3789; x_wconf 74' lang='lat' dir='ltr'><strong>magistros</strong></span> <span class='ocrx_word' id='word_1_390' title='bbox 355 3718 381 3788; x_wconf 70' lang='grc'><strong>,⁷</strong></span> <span class='ocrx_word' id='word_1_391' title='bbox 397 3724 491 3780; x_wconf 83' lang='lat' dir='ltr'><strong>sed</strong></span> <span class='ocrx_word' id='word_1_392' title='bbox 520 3718 689 3779; x_wconf 84' lang='lat' dir='ltr'><strong>etiam</strong></span> <span class='ocrx_word' id='word_1_393' title='bbox 715 3718 855 3791; x_wconf 89' lang='lat' dir='ltr'><strong>quod</strong></span> <span class='ocrx_word' id='word_1_394' title='bbox 876 3760 892 3791; x_wconf 91' lang='lat'><strong>,</strong></span> <span class='ocrx_word' id='word_1_395' title='bbox 919 3719 1125 3773; x_wconf 88' lang='lat' dir='ltr'><strong>omisso</strong></span> <span class='ocrx_word' id='word_1_396' title='bbox 1152 3718 1342 3791; x_wconf 81' lang='lat' dir='ltr'><strong>eodem</strong></span> <span class='ocrx_word' id='word_1_397' title='bbox 1370 3718 1649 3787; x_wconf 81' lang='lat' dir='ltr'><strong>Eudoxio,</strong></span> 
     </span>
    </p>
   </div>
   <div class='ocr_carea' id='block_1_56' title="bbox 100 3789 1649 3863">
    <p class='ocr_par' dir='ltr' id='par_1_56' title="bbox 100 3789 1649 3863">
     <span class='ocr_line' id='line_1_56' title="bbox 100 3789 1649 3863; baseline -0.001 -18"><span class='ocrx_word' id='word_1_398' title='bbox 100 3801 197 3863; x_wconf 84' lang='lat' dir='ltr'><strong>post</strong></span> <span class='ocrx_word' id='word_1_399' title='bbox 220 3808 406 3863; x_wconf 89' lang='lat' dir='ltr'><strong>paucos</strong></span> <span class='ocrx_word' id='word_1_400' title='bbox 455 3807 652 3850; x_wconf 81' lang='lat' dir='ltr'><strong>versus</strong></span> <span class='ocrx_word' id='word_1_401' title='bbox 698 3789 813 3863; x_wconf 85' lang='lat' dir='ltr'><strong>agit</strong></span> <span class='ocrx_word' id='word_1_402' title='bbox 854 3790 925 3863; x_wconf 85' lang='lat' dir='ltr'><strong>de</strong></span> <span class='ocrx_word' id='word_1_403' title='bbox 956 3790 1241 3863; x_wconf 76' lang='lat' dir='ltr'><strong>Eunomio.</strong></span> <span class='ocrx_word' id='word_1_404' title='bbox 1273 3789 1424 3863; x_wconf 89' lang='lat' dir='ltr'><strong>Illum</strong></span> <span class='ocrx_word' id='word_1_405' title='bbox 1466 3799 1649 3863; x_wconf 82' lang='lat' dir='ltr'><strong>autem</strong></span> 
     </span>
    </p>
   </div>
   <div class='ocr_carea' id='block_1_57' title="bbox 100 3859 1650 3933">
    <p class='ocr_par' dir='ltr' id='par_1_57' title="bbox 100 3859 1650 3933">
     <span class='ocr_line' id='line_1_57' title="bbox 100 3859 1650 3933; baseline 0 -18"><span class='ocrx_word' id='word_1_406' title='bbox 100 3859 291 3933; x_wconf 72' lang='lat' dir='ltr'><strong>fortasse</strong></span> <span class='ocrx_word' id='word_1_407' title='bbox 317 3866 398 3922; x_wconf 93' lang='lat' dir='ltr'><strong>hic</strong></span> <span class='ocrx_word' id='word_1_408' title='bbox 423 3864 700 3921; x_wconf 86' lang='lat' dir='ltr'><strong>addiderit</strong></span> <span class='ocrx_word' id='word_1_409' title='bbox 727 3859 1143 3933; x_wconf 74' lang='lat' dir='ltr'><strong>quispiam,qui</strong></span> <span class='ocrx_word' id='word_1_410' title='bbox 1173 3859 1367 3930; x_wconf 87' lang='lat' dir='ltr'><strong>legerit</strong></span> <span class='ocrx_word' id='word_1_411' title='bbox 1393 3862 1478 3933; x_wconf 83' lang='lat' dir='ltr'><strong>vel</strong></span> <span class='ocrx_word' id='word_1_412' title='bbox 1510 3862 1650 3933; x_wconf 85' lang='lat' dir='ltr'><strong>apud</strong></span> 
     </span>
    </p>
   </div>
   <div class='ocr_carea' id='block_1_58' title="bbox 104 3931 1653 4005">
    <p class='ocr_par' dir='ltr' id='par_1_58' title="bbox 104 3931 1653 4005">
     <span class='ocr_line' id='line_1_58' title="bbox 104 3931 1653 4005; baseline 0.001 -20"><span class='ocrx_word' id='word_1_413' title='bbox 104 3931 411 3994; x_wconf 68' lang='lat' dir='ltr'><strong>Athanasium</strong></span> <span class='ocrx_word' id='word_1_414' title='bbox 440 3937 534 3993; x_wconf 91' lang='lat' dir='ltr'><strong>lib.</strong></span> <span class='ocrx_word' id='word_1_415' title='bbox 571 3934 641 3990; x_wconf 91' lang='lat' dir='ltr'><strong>de</strong></span> <span class='ocrx_word' id='word_1_416' title='bbox 670 3931 904 4005; x_wconf 72' lang='lat' dir='ltr'><strong>Synodis</strong></span> <span class='ocrx_word' id='word_1_417' title='bbox 935 3947 988 4002; x_wconf 94' lang='lat' dir='ltr'><strong>p.</strong></span> <span class='ocrx_word' id='word_1_418' title='bbox 1013 3932 1149 4005; x_wconf 10' lang='lat' dir='ltr'><strong>79l5.</strong></span> <span class='ocrx_word' id='word_1_419' title='bbox 1179 3934 1391 4005; x_wconf 85' lang='lat' dir='ltr'><strong>Aetium</strong></span> <span class='ocrx_word' id='word_1_420' title='bbox 1422 3931 1653 4005; x_wconf 77' lang='lat' dir='ltr'><strong>Eudoxii</strong></span> 
     </span>
    </p>
   </div>
   <div class='ocr_carea' id='block_1_59' title="bbox 101 4002 1649 4075">
    <p class='ocr_par' dir='ltr' id='par_1_59' title="bbox 101 4002 1649 4075">
     <span class='ocr_line' id='line_1_59' title="bbox 101 4002 1649 4075; baseline -0.003 -13"><span class='ocrx_word' id='word_1_421' title='bbox 101 4005 368 4075; x_wconf 75' lang='lat' dir='ltr'><strong>magistrum</strong></span> <span class='ocrx_word' id='word_1_422' title='bbox 398 4008 525 4073; x_wconf 92' lang='lat' dir='ltr'><strong>dici,</strong></span> <span class='ocrx_word' id='word_1_423' title='bbox 556 4007 642 4061; x_wconf 87' lang='lat' dir='ltr'><strong>vel</strong></span> <span class='ocrx_word' id='word_1_424' title='bbox 670 4002 810 4074; x_wconf 87' lang='lat' dir='ltr'><strong>apud</strong></span> <span class='ocrx_word' id='word_1_425' title='bbox 835 4003 1240 4075; x_wconf 86' lang='lat' dir='ltr'><strong>Theodoretum</strong></span> <span class='ocrx_word' id='word_1_426' title='bbox 1274 4003 1364 4057; x_wconf 90' lang='lat' dir='ltr'><strong>lib.</strong></span> <span class='ocrx_word' id='word_1_427' title='bbox 1389 4017 1526 4075; x_wconf 70' lang='lat' dir='ltr'><strong>me.</strong></span> <span class='ocrx_word' id='word_1_428' title='bbox 1555 4002 1649 4067; x_wconf 72' lang='lat'><strong>27,</strong></span> 
     </span>
    </p>
   </div>
   <div class='ocr_carea' id='block_1_60' title="bbox 100 4072 1651 4144">
    <p class='ocr_par' dir='ltr' id='par_1_60' title="bbox 100 4072 1651 4144">
     <span class='ocr_line' id='line_1_60' title="bbox 100 4072 1651 4144; baseline 0.001 -19"><span class='ocrx_word' id='word_1_429' title='bbox 100 4072 278 4132; x_wconf 75' lang='lat' dir='ltr'><strong>Aetium</strong></span> <span class='ocrx_word' id='word_1_430' title='bbox 308 4072 609 4135; x_wconf 82' lang='lat' dir='ltr'><strong>Antiochiae</strong></span> <span class='ocrx_word' id='word_1_431' title='bbox 640 4072 913 4130; x_wconf 73' lang='lat' dir='ltr'><strong>invenisse</strong></span> <span class='ocrx_word' id='word_1_432' title='bbox 941 4074 1267 4138; x_wconf 82' lang='lat' dir='ltr'><strong>Eudoxium,</strong></span> <span class='ocrx_word' id='word_1_433' title='bbox 1295 4076 1384 4144; x_wconf 87' lang='lat' dir='ltr'><strong>qui</strong></span> <span class='ocrx_word' id='word_1_434' title='bbox 1415 4072 1534 4143; x_wconf 87' lang='lat' dir='ltr'><strong>ejus</strong></span> <span class='ocrx_word' id='word_1_435' title='bbox 1562 4090 1651 4127; x_wconf 91' lang='lat' dir='ltr'><strong>ur-</strong></span> 
     </span>
    </p>
   </div>
   <div class='ocr_carea' id='block_1_61' title="bbox 102 4144 1654 4220">
    <p class='ocr_par' dir='ltr' id='par_1_61' title="bbox 102 4144 1654 4220">
     <span class='ocr_line' id='line_1_61' title="bbox 102 4144 1654 4220; baseline 0 -22"><span class='ocrx_word' id='word_1_436' title='bbox 102 4144 168 4200; x_wconf 92' lang='lat' dir='ltr'><strong>bis</strong></span> <span class='ocrx_word' id='word_1_437' title='bbox 190 4147 316 4204; x_wconf 87' lang='lat' dir='ltr'><strong>sicut</strong></span> <span class='ocrx_word' id='word_1_438' title='bbox 341 4160 394 4205; x_wconf 90' lang='lat' dir='ltr'><strong>et</strong></span> <span class='ocrx_word' id='word_1_439' title='bbox 417 4157 610 4220; x_wconf 86' lang='lat' dir='ltr'><strong>postea</strong></span> <span class='ocrx_word' id='word_1_440' title='bbox 639 4144 1143 4220; x_wconf 80' lang='lat' dir='ltr'><strong>Constantinopolis</strong></span> <span class='ocrx_word' id='word_1_441' title='bbox 1171 4147 1540 4220; x_wconf 84' lang='lat' dir='ltr'><strong>episcopatum</strong></span> <span class='ocrx_word' id='word_1_442' title='bbox 1573 4147 1654 4199; x_wconf 90' lang='lat' dir='ltr'><strong>in-</strong></span> 
     </span>
    </p>
   </div>
   <div class='ocr_carea' id='block_1_62' title="bbox 101 4218 1650 4285">
    <p class='ocr_par' dir='ltr' id='par_1_62' title="bbox 101 4218 1650 4285">
     <span class='ocr_line' id='line_1_62' title="bbox 101 4218 1650 4285; baseline -0.003 -14"><span class='ocrx_word' id='word_1_443' title='bbox 101 4227 302 4285; x_wconf 77' lang='lat' dir='ltr'><strong>vaserat,</strong></span> <span class='ocrx_word' id='word_1_444' title='bbox 330 4218 577 4278; x_wconf 82' lang='lat' dir='ltr'><strong>doctrina</strong></span> <span class='ocrx_word' id='word_1_445' title='bbox 603 4233 785 4273; x_wconf 89' lang='lat' dir='ltr'><strong>secum</strong></span> <span class='ocrx_word' id='word_1_446' title='bbox 807 4218 1259 4273; x_wconf 88' lang='lat' dir='ltr'><strong>consentientem.</strong></span> <span class='ocrx_word' id='word_1_447' title='bbox 1286 4218 1471 4274; x_wconf 81' lang='lat' dir='ltr'><strong>Aetius</strong></span> <span class='ocrx_word' id='word_1_448' title='bbox 1498 4232 1650 4282; x_wconf 87' lang='lat' dir='ltr'><strong>vero,</strong></span> 
     </span>
    </p>
   </div>
   <div class='ocr_carea' id='block_1_63' title="bbox 100 4287 1652 4360">
    <p class='ocr_par' dir='ltr' id='par_1_63' title="bbox 100 4287 1652 4360">
     <span class='ocr_line' id='line_1_63' title="bbox 100 4287 1652 4360; baseline 0.001 -19"><span class='ocrx_word' id='word_1_449' title='bbox 100 4300 232 4354; x_wconf 83' lang='lat' dir='ltr'><strong>quem</strong></span> <span class='ocrx_word' id='word_1_450' title='bbox 269 4292 479 4347; x_wconf 87' lang='lat' dir='ltr'><strong>atheum</strong></span> <span class='ocrx_word' id='word_1_451' title='bbox 509 4291 673 4360; x_wconf 82' lang='lat' dir='ltr'><strong>vulgo</strong></span> <span class='ocrx_word' id='word_1_452' title='bbox 720 4290 1136 4357; x_wconf 88' lang='lat' dir='ltr'><strong>nuncupabant,</strong></span> <span class='ocrx_word' id='word_1_453' title='bbox 1173 4301 1296 4342; x_wconf 91' lang='lat' dir='ltr'><strong>cum</strong></span> <span class='ocrx_word' id='word_1_454' title='bbox 1345 4287 1652 4357; x_wconf 87' lang='lat' dir='ltr'><strong>Epiphanio</strong></span> 
     </span>
    </p>
   </div>
   <div class='ocr_carea' id='block_1_64' title="bbox 103 4361 1654 4430">
    <p class='ocr_par' dir='ltr' id='par_1_64' title="bbox 103 4361 1654 4430">
     <span class='ocr_line' id='line_1_64' title="bbox 103 4361 1654 4430; baseline 0 -18"><span class='ocrx_word' id='word_1_455' title='bbox 103 4363 240 4426; x_wconf 87' lang='lat' dir='ltr'><strong>teste,</strong></span> <span class='ocrx_word' id='word_1_456' title='bbox 268 4362 465 4419; x_wconf 88' lang='lat' dir='ltr'><strong>litteras</strong></span> <span class='ocrx_word' id='word_1_457' title='bbox 508 4363 579 4417; x_wconf 90' lang='lat' dir='ltr'><strong>ad</strong></span> <span class='ocrx_word' id='word_1_458' title='bbox 609 4376 778 4430; x_wconf 88' lang='lat' dir='ltr'><strong>usque</strong></span> <span class='ocrx_word' id='word_1_459' title='bbox 809 4372 1116 4430; x_wconf 85' lang='lat' dir='ltr'><strong>provectam</strong></span> <span class='ocrx_word' id='word_1_460' title='bbox 1165 4368 1378 4412; x_wconf 82' lang='lat' dir='ltr'><strong>aetatem</strong></span> <span class='ocrx_word' id='word_1_461' title='bbox 1411 4361 1654 4428; x_wconf 89' lang='lat' dir='ltr'><strong>ignoras-</strong></span> 
     </span>
    </p>
   </div>
   <div class='ocr_carea' id='block_1_65' title="bbox 102 4430 1650 4508">
    <p class='ocr_par' dir='ltr' id='par_1_65' title="bbox 102 4430 1650 4508">
     <span class='ocr_line' id='line_1_65' title="bbox 102 4430 1650 4508; baseline -0.001 -23"><span class='ocrx_word' id='word_1_462' title='bbox 102 4432 585 4508; x_wconf 72' lang='lat' dir='ltr'><strong>§eI,operam_dedit</strong></span> <span class='ocrx_word' id='word_1_463' title='bbox 611 4431 929 4508; x_wconf 65' lang='lat' dir='ltr'><strong>dialecticte.</strong></span> <span class='ocrx_word' id='word_1_464' title='bbox 963 4430 1240 4508; x_wconf 63' lang='lat' dir='ltr'><strong>Praecipua</strong></span> <span class='ocrx_word' id='word_1_465' title='bbox 1262 4432 1381 4497; x_wconf 89' lang='lat' dir='ltr'><strong>ejus</strong></span> <span class='ocrx_word' id='word_1_466' title='bbox 1408 4431 1650 4508; x_wconf 74' lang='lat' dir='ltr'><strong>doctrina</strong></span> 
     </span>
    </p>
   </div>
   <div class='ocr_carea' id='block_1_66' title="bbox 105 4501 1652 4573">
    <p class='ocr_par' dir='ltr' id='par_1_66' title="bbox 105 4501 1652 4573">
     <span class='ocr_line' id='line_1_66' title="bbox 105 4501 1652 4573; baseline -0.002 -15"><span class='ocrx_word' id='word_1_467' title='bbox 105 4501 147 4573; x_wconf 68' lang='lat' dir='ltr'><strong>in</strong></span> <span class='ocrx_word' id='word_1_468' title='bbox 172 4505 507 4573; x_wconf 67' lang='lat' dir='ltr'><strong>Aristotelicis</strong></span> <span class='ocrx_word' id='word_1_469' title='bbox 547 4503 840 4573; x_wconf 87' lang='lat' dir='ltr'><strong>categoriis</strong></span> <span class='ocrx_word' id='word_1_470' title='bbox 871 4504 1041 4571; x_wconf 86' lang='lat' dir='ltr'><strong>posita</strong></span> <span class='ocrx_word' id='word_1_471' title='bbox 1079 4512 1235 4564; x_wconf 89' lang='lat' dir='ltr'><strong>erat,</strong></span> <span class='ocrx_word' id='word_1_472' title='bbox 1267 4515 1332 4556; x_wconf 91' lang='lat' dir='ltr'><strong>ac</strong></span> <span class='ocrx_word' id='word_1_473' title='bbox 1363 4512 1507 4556; x_wconf 90' lang='lat' dir='ltr'><strong>totos</strong></span> <span class='ocrx_word' id='word_1_474' title='bbox 1535 4501 1652 4556; x_wconf 87' lang='lat' dir='ltr'><strong>dies</strong></span> 
     </span>
    </p>
   </div>
   <div class='ocr_carea' id='block_1_67' title="bbox 106 4569 1649 4644">
    <p class='ocr_par' dir='ltr' id='par_1_67' title="bbox 106 4569 1649 4644">
     <span class='ocr_line' id='line_1_67' title="bbox 106 4569 1649 4644; baseline 0.005 -24"><span class='ocrx_word' id='word_1_475' title='bbox 106 4569 342 4644; x_wconf 81' lang='lat' dir='ltr'><strong>indivinis</strong></span> <span class='ocrx_word' id='word_1_476' title='bbox 369 4576 534 4631; x_wconf 87' lang='lat' dir='ltr'><strong>rebus</strong></span> <span class='ocrx_word' id='word_1_477' title='bbox 565 4590 662 4644; x_wconf 86' lang='lat' dir='ltr'><strong>per</strong></span> <span class='ocrx_word' id='word_1_478' title='bbox 676 4569 1035 4644; x_wconf 73' lang='lat' dir='ltr'><strong>syllogismos</strong></span> <span class='ocrx_word' id='word_1_479' title='bbox 1072 4573 1539 4644; x_wconf 83' lang='lat' dir='ltr'><strong>geometricasqne</strong></span> <span class='ocrx_word' id='word_1_480' title='bbox 1568 4588 1649 4628; x_wconf 84' lang='lat' dir='ltr'><strong>re-</strong></span> 
     </span>
    </p>
   </div>
   <div class='ocr_carea' id='block_1_68' title="bbox 103 4642 1645 4712">
    <p class='ocr_par' dir='ltr' id='par_1_68' title="bbox 103 4642 1645 4712">
     <span class='ocr_line' id='line_1_68' title="bbox 103 4642 1645 4712; baseline 0.004 -18"><span class='ocrx_word' id='word_1_481' title='bbox 103 4642 229 4712; x_wconf 74' lang='lat' dir='ltr'><strong>gulas</strong></span> <span class='ocrx_word' id='word_1_482' title='bbox 283 4642 602 4712; x_wconf 77' lang='lat' dir='ltr'><strong>tractandis,</strong></span> <span class='ocrx_word' id='word_1_483' title='bbox 654 4642 1010 4706; x_wconf 82' lang='lat' dir='ltr'><strong>deliniendis,</strong></span> <span class='ocrx_word' id='word_1_484' title='bbox 1062 4642 1370 4697; x_wconf 86' lang='lat' dir='ltr'><strong>dividendis</strong></span> <span class='ocrx_word' id='word_1_485' title='bbox 1417 4645 1645 4700; x_wconf 86' lang='lat' dir='ltr'><strong>terebat.</strong></span> 
     </span>
    </p>
   </div>
   <div class='ocr_carea' id='block_1_69' title="bbox 107 4706 1687 4785">
    <p class='ocr_par' dir='ltr' id='par_1_69' title="bbox 107 4706 1687 4785">
     <span class='ocr_line' id='line_1_69' title="bbox 107 4706 1687 4785; baseline 0.003 -21"><span class='ocrx_word' id='word_1_486' title='bbox 107 4706 235 4785; x_wconf 49' lang='lat' dir='ltr'><strong>lenit</strong></span> <span class='ocrx_word' id='word_1_487' title='bbox 258 4706 628 4773; x_wconf 77' lang='lat' dir='ltr'><strong>Alexandriam</strong></span> <span class='ocrx_word' id='word_1_488' title='bbox 661 4725 783 4785; x_wconf 78' lang='lat' dir='ltr'><strong>pOst</strong></span> <span class='ocrx_word' id='word_1_489' title='bbox 831 4716 1095 4770; x_wconf 90' lang='lat' dir='ltr'><strong>iutrusum</strong></span> <span class='ocrx_word' id='word_1_490' title='bbox 1128 4714 1179 4785; x_wconf 91' lang='lat' dir='ltr'><strong>in</strong></span> <span class='ocrx_word' id='word_1_491' title='bbox 1211 4714 1403 4785; x_wconf 84' lang='lat' dir='ltr'><strong>sedem</strong></span> <span class='ocrx_word' id='word_1_492' title='bbox 1425 4714 1687 4782; x_wconf 66' lang='lat' dir='ltr'><strong>patriar-7</strong></span> 
     </span>
    </p>
   </div>
   <div class='ocr_carea' id='block_1_70' title="bbox 104 4778 1653 4859">
    <p class='ocr_par' dir='ltr' id='par_1_70' title="bbox 104 4778 1653 4859">
     <span class='ocr_line' id='line_1_70' title="bbox 104 4778 1653 4859; baseline 0.007 -27"><span class='ocrx_word' id='word_1_493' title='bbox 104 4778 279 4859; x_wconf 82' lang='lat' dir='ltr'><strong>cbalem</strong></span> <span class='ocrx_word' id='word_1_494' title='bbox 320 4787 610 4859; x_wconf 83' lang='lat' dir='ltr'><strong>Georgium</strong></span> <span class='ocrx_word' id='word_1_495' title='bbox 633 4778 706 4855; x_wconf 58' lang='lat' dir='ltr'><strong>,&#39;a</strong></span> <span class='ocrx_word' id='word_1_496' title='bbox 757 4800 867 4859; x_wconf 89' lang='lat' dir='ltr'><strong>quo</strong></span> <span class='ocrx_word' id='word_1_497' title='bbox 893 4785 1057 4841; x_wconf 87' lang='lat' dir='ltr'><strong>etiam</strong></span> <span class='ocrx_word' id='word_1_498' title='bbox 1099 4778 1444 4859; x_wconf 83' lang='lat' dir='ltr'><strong>ad_oheunda</strong></span> <span class='ocrx_word' id='word_1_499' title='bbox 1473 4788 1653 4843; x_wconf 91' lang='lat' dir='ltr'><strong>munia</strong></span> 
     </span>
    </p>
   </div>
   <div class='ocr_carea' id='block_1_71' title="bbox 102 4855 1651 4921">
    <p class='ocr_par' dir='ltr' id='par_1_71' title="bbox 102 4855 1651 4921">
     <span class='ocr_line' id='line_1_71' title="bbox 102 4855 1651 4921; baseline 0.005 -17"><span class='ocrx_word' id='word_1_500' title='bbox 102 4855 428 4916; x_wconf 85' lang='lat' dir='ltr'><strong>ecclesiastica</strong></span> <span class='ocrx_word' id='word_1_501' title='bbox 467 4855 682 4914; x_wconf 79' lang='lat' dir='ltr'><strong>videtur</strong></span> <span class='ocrx_word' id='word_1_502' title='bbox 722 4855 1029 4921; x_wconf 88' lang='lat' dir='ltr'><strong>admissus;</strong></span> <span class='ocrx_word' id='word_1_503' title='bbox 1082 4856 1225 4912; x_wconf 89' lang='lat' dir='ltr'><strong>unde</strong></span> <span class='ocrx_word' id='word_1_504' title='bbox 1275 4856 1499 4910; x_wconf 87' lang='lat' dir='ltr'><strong>forsitan</strong></span> <span class='ocrx_word' id='word_1_505' title='bbox 1528 4872 1651 4913; x_wconf 91' lang='lat' dir='ltr'><strong>eum</strong></span> 
     </span>
    </p>
   </div>
   <div class='ocr_carea' id='block_1_72' title="bbox 106 4923 1651 5000">
    <p class='ocr_par' dir='ltr' id='par_1_72' title="bbox 106 4923 1651 5000">
     <span class='ocr_line' id='line_1_72' title="bbox 106 4923 1651 5000; baseline 0.006 -26"><span class='ocrx_word' id='word_1_506' title='bbox 106 4923 392 4988; x_wconf 79' lang='lat' dir='ltr'><strong>Athanasius</strong></span> <span class='ocrx_word' id='word_1_507' title='bbox 422 4931 628 5000; x_wconf 88' lang='lat' dir='ltr'><strong>putavit</strong></span> <span class='ocrx_word' id='word_1_508' title='bbox 670 4943 701 4983; x_wconf 90' lang='lat' dir='ltr'><strong>a</strong></span> <span class='ocrx_word' id='word_1_509' title='bbox 731 4927 966 4999; x_wconf 86' lang='lat' dir='ltr'><strong>Georgio</strong></span> <span class='ocrx_word' id='word_1_510' title='bbox 992 4927 1293 5000; x_wconf 37' lang='lat' dir='ltr'><strong>diaconum‘</strong></span> <span class='ocrx_word' id='word_1_511' title='bbox 1309 4927 1613 5000; x_wconf 86' lang='lat' dir='ltr'><strong>ordinatum</strong></span> <span class='ocrx_word' id='word_1_512' title='bbox 1635 4970 1651 4995; x_wconf 91' lang='lat'><strong>,</strong></span> 
     </span>
    </p>
   </div>
   <div class='ocr_carea' id='block_1_73' title="bbox 104 4997 1657 5074">
    <p class='ocr_par' dir='ltr' id='par_1_73' title="bbox 104 4997 1657 5074">
     <span class='ocr_line' id='line_1_73' title="bbox 104 4997 1657 5074; baseline -0.001 -18"><span class='ocrx_word' id='word_1_513' title='bbox 104 5005 204 5074; x_wconf 50' lang='lat' dir='ltr'><strong>ﬁunt</strong></span> <span class='ocrx_word' id='word_1_514' title='bbox 226 5009 392 5074; x_wconf 77' lang='lat' dir='ltr'><strong>tamen</strong></span> <span class='ocrx_word' id='word_1_515' title='bbox 421 4997 547 5057; x_wconf 84' lang='lat' dir='ltr'><strong>eum</strong></span> <span class='ocrx_word' id='word_1_516' title='bbox 576 4999 819 5074; x_wconf 82' lang='lat' dir='ltr'><strong>ordinem</strong></span> <span class='ocrx_word' id='word_1_517' title='bbox 848 4997 916 5054; x_wconf 82' lang='lat' dir='ltr'><strong>ah</strong></span> <span class='ocrx_word' id='word_1_518' title='bbox 958 5000 1242 5074; x_wconf 79' lang='lat' dir='ltr'><strong>euneuclto</strong></span> <span class='ocrx_word' id='word_1_519' title='bbox 1272 4997 1500 5074; x_wconf 75' lang='lat' dir='ltr'><strong>Leontio</strong></span> <span class='ocrx_word' id='word_1_520' title='bbox 1546 5001 1657 5074; x_wconf 76' lang='lat' dir='ltr'><strong>An-</strong></span> 
     </span>
    </p>
   </div>
   <div class='ocr_carea' id='block_1_74' title="bbox 105 5067 1653 5140">
    <p class='ocr_par' dir='ltr' id='par_1_74' title="bbox 105 5067 1653 5140">
     <span class='ocr_line' id='line_1_74' title="bbox 105 5067 1653 5140; baseline 0.003 -19"><span class='ocrx_word' id='word_1_521' title='bbox 105 5067 285 5140; x_wconf 66' lang='lat' dir='ltr'><strong>tiochia:</strong></span> <span class='ocrx_word' id='word_1_522' title='bbox 309 5072 629 5127; x_wconf 79' lang='lat' dir='ltr'><strong>Arianorum</strong></span> <span class='ocrx_word' id='word_1_523' title='bbox 678 5071 934 5140; x_wconf 85' lang='lat' dir='ltr'><strong>episcopo</strong></span> <span class='ocrx_word' id='word_1_524' title='bbox 977 5070 1293 5137; x_wconf 89' lang='lat' dir='ltr'><strong>accepisset.</strong></span> <span class='ocrx_word' id='word_1_525' title='bbox 1327 5069 1376 5124; x_wconf 91' lang='lat' dir='ltr'><strong>ls</strong></span> <span class='ocrx_word' id='word_1_526' title='bbox 1423 5071 1653 5127; x_wconf 90' lang='lat' dir='ltr'><strong>rotunde</strong></span> 
     </span>
    </p>
   </div>
   <div class='ocr_carea' id='block_1_75' title="bbox 105 5134 1655 5217">
    <p class='ocr_par' dir='ltr' id='par_1_75' title="bbox 105 5134 1655 5217">
     <span class='ocr_line' id='line_1_75' title="bbox 105 5134 1655 5217; baseline 0.001 -25"><span class='ocrx_word' id='word_1_527' title='bbox 105 5134 369 5217; x_wconf 68' lang='lat' dir='ltr'><strong>atlirtnabat</strong></span> <span class='ocrx_word' id='word_1_528' title='bbox 392 5143 589 5217; x_wconf 77' lang='lat' dir='ltr'><strong>Fitium</strong></span> <span class='ocrx_word' id='word_1_529' title='bbox 618 5134 790 5197; x_wconf 81' lang='lat' dir='ltr'><strong>Patris</strong></span> <span class='ocrx_word' id='word_1_530' title='bbox 814 5134 1049 5217; x_wconf 62' lang='grc' dir='ltr'><strong>ἀπίᾳμοῖον</strong></span> <span class='ocrx_word' id='word_1_531' title='bbox 1083 5134 1234 5217; x_wconf 80' lang='lat' dir='ltr'><strong>esse,</strong></span> <span class='ocrx_word' id='word_1_532' title='bbox 1271 5142 1373 5197; x_wconf 87' lang='lat' dir='ltr'><strong>hoc</strong></span> <span class='ocrx_word' id='word_1_533' title='bbox 1402 5149 1514 5204; x_wconf 89' lang='lat' dir='ltr'><strong>est,</strong></span> <span class='ocrx_word' id='word_1_534' title='bbox 1544 5143 1655 5217; x_wconf 80' lang='lat' dir='ltr'><strong>dis-</strong></span> 
     </span>
    </p>
   </div>
   <div class='ocr_carea' id='block_1_76' title="bbox 105 5209 1654 5283">
    <p class='ocr_par' dir='ltr' id='par_1_76' title="bbox 105 5209 1654 5283">
     <span class='ocr_line' id='line_1_76' title="bbox 105 5209 1654 5283; baseline 0.007 -27"><span class='ocrx_word' id='word_1_535' title='bbox 105 5209 333 5279; x_wconf 80' lang='lat' dir='ltr'><strong>similem;</strong></span> <span class='ocrx_word' id='word_1_536' title='bbox 364 5214 507 5269; x_wconf 88' lang='lat' dir='ltr'><strong>unde</strong></span> <span class='ocrx_word' id='word_1_537' title='bbox 536 5222 834 5269; x_wconf 86' lang='lat' dir='ltr'><strong>sectatores</strong></span> <span class='ocrx_word' id='word_1_538' title='bbox 859 5209 1000 5283; x_wconf 82' lang='lat' dir='ltr'><strong>ejus,</strong></span> <span class='ocrx_word' id='word_1_539' title='bbox 1033 5212 1120 5283; x_wconf 87' lang='lat' dir='ltr'><strong>qui</strong></span> <span class='ocrx_word' id='word_1_540' title='bbox 1150 5226 1555 5282; x_wconf 84' lang='lat' dir='ltr'><strong>nonnumquam</strong></span> <span class='ocrx_word' id='word_1_541' title='bbox 1584 5214 1654 5267; x_wconf 89' lang='lat' dir='ltr'><strong>ab</strong></span> 
     </span>
    </p>
   </div>
   <div class='ocr_carea' id='block_1_77' title="bbox 105 5282 1654 5353">
    <p class='ocr_par' dir='ltr' id='par_1_77' title="bbox 105 5282 1654 5353">
     <span class='ocr_line' id='line_1_77' title="bbox 105 5282 1654 5353; baseline 0.003 -20"><span class='ocrx_word' id='word_1_542' title='bbox 105 5284 310 5353; x_wconf 50' lang='lat' dir='ltr'><strong>auctoris</strong></span> <span class='ocrx_word' id='word_1_543' title='bbox 367 5286 588 5340; x_wconf 83' lang='lat' dir='ltr'><strong>nomine</strong></span> <span class='ocrx_word' id='word_1_544' title='bbox 645 5282 963 5341; x_wconf 84' lang='lat' dir='ltr'><strong>dicebautur</strong></span> <span class='ocrx_word' id='word_1_545' title='bbox 1013 5282 1264 5346; x_wconf 79' lang='lat' dir='ltr'><strong>Aetiani.</strong></span> <span class='ocrx_word' id='word_1_546' title='bbox 1316 5283 1654 5353; x_wconf 82' lang='lat' dir='ltr'><strong>frequentius</strong></span> 
     </span>
    </p>
   </div>
   <div class='ocr_carea' id='block_1_78' title="bbox 107 5347 1653 5426">
    <p class='ocr_par' dir='ltr' id='par_1_78' title="bbox 107 5347 1653 5426">
     <span class='ocr_line' id='line_1_78' title="bbox 107 5347 1653 5426; baseline 0.006 -27"><span class='ocrx_word' id='word_1_547' title='bbox 107 5347 316 5408; x_wconf 72' lang='lat' dir='ltr'><strong>Anomrei</strong></span> <span class='ocrx_word' id='word_1_548' title='bbox 342 5357 733 5412; x_wconf 81' lang='lat' dir='ltr'><strong>vocitabantur.</strong></span> <span class='ocrx_word' id='word_1_549' title='bbox 761 5355 977 5410; x_wconf 87' lang='lat' dir='ltr'><strong>Aetium</strong></span> <span class='ocrx_word' id='word_1_550' title='bbox 1018 5353 1214 5425; x_wconf 84' lang='lat' dir='ltr'><strong>reliqui</strong></span> <span class='ocrx_word' id='word_1_551' title='bbox 1254 5347 1437 5411; x_wconf 78' lang='lat' dir='ltr'><strong>Ariani</strong></span> <span class='ocrx_word' id='word_1_552' title='bbox 1466 5357 1653 5426; x_wconf 82' lang='lat' dir='ltr'><strong>exagi-</strong></span> 
     </span>
    </p>
   </div>
   <div class='ocr_carea' id='block_1_79' title="bbox 108 5426 1657 5497">
    <p class='ocr_par' dir='ltr' id='par_1_79' title="bbox 108 5426 1657 5497">
     <span class='ocr_line' id='line_1_79' title="bbox 108 5426 1657 5497; baseline 0.008 -28"><span class='ocrx_word' id='word_1_553' title='bbox 108 5427 282 5497; x_wconf 81' lang='lat' dir='ltr'><strong>tarunt,</strong></span> <span class='ocrx_word' id='word_1_554' title='bbox 298 5441 399 5481; x_wconf 90' lang='lat' dir='ltr'><strong>non</strong></span> <span class='ocrx_word' id='word_1_555' title='bbox 420 5428 564 5496; x_wconf 85' lang='lat' dir='ltr'><strong>quod</strong></span> <span class='ocrx_word' id='word_1_556' title='bbox 587 5427 798 5483; x_wconf 84' lang='lat' dir='ltr'><strong>diversa</strong></span> <span class='ocrx_word' id='word_1_557' title='bbox 823 5426 913 5481; x_wconf 91' lang='lat' dir='ltr'><strong>ille</strong></span> <span class='ocrx_word' id='word_1_558' title='bbox 938 5426 1185 5490; x_wconf 89' lang='lat' dir='ltr'><strong>sentiret,</strong></span> <span class='ocrx_word' id='word_1_559' title='bbox 1209 5427 1309 5482; x_wconf 90' lang='lat' dir='ltr'><strong>sed</strong></span> <span class='ocrx_word' id='word_1_560' title='bbox 1333 5426 1476 5497; x_wconf 89' lang='lat' dir='ltr'><strong>quod</strong></span> <span class='ocrx_word' id='word_1_561' title='bbox 1504 5441 1657 5481; x_wconf 89' lang='lat' dir='ltr'><strong>men-</strong></span> 
     </span>
    </p>
   </div>
   <div class='ocr_carea' id='block_1_80' title="bbox 109 5495 1656 5567">
    <p class='ocr_par' dir='ltr' id='par_1_80' title="bbox 109 5495 1656 5567">
     <span class='ocr_line' id='line_1_80' title="bbox 109 5495 1656 5567; baseline 0.005 -23"><span class='ocrx_word' id='word_1_562' title='bbox 109 5495 195 5567; x_wconf 78' lang='lat' dir='ltr'><strong>tem</strong></span> <span class='ocrx_word' id='word_1_563' title='bbox 218 5507 381 5567; x_wconf 87' lang='lat' dir='ltr'><strong>_snam</strong></span> <span class='ocrx_word' id='word_1_564' title='bbox 411 5495 714 5567; x_wconf 88' lang='lat' dir='ltr'><strong>simplicius</strong></span> <span class='ocrx_word' id='word_1_565' title='bbox 741 5496 1074 5567; x_wconf 87' lang='lat' dir='ltr'><strong>patefaciens</strong></span> <span class='ocrx_word' id='word_1_566' title='bbox 1103 5538 1117 5562; x_wconf 90' lang='lat'><strong>,</strong></span> <span class='ocrx_word' id='word_1_567' title='bbox 1148 5495 1498 5565; x_wconf 82' lang='lat' dir='ltr'><strong>blasphemiis</strong></span> <span class='ocrx_word' id='word_1_568' title='bbox 1541 5498 1656 5552; x_wconf 90' lang='lat' dir='ltr'><strong>suis</strong></span> 
     </span>
    </p>
   </div>
   <div class='ocr_carea' id='block_1_81' title="bbox 109 5561 1659 5639">
    <p class='ocr_par' dir='ltr' id='par_1_81' title="bbox 109 5561 1659 5639">
     <span class='ocr_line' id='line_1_81' title="bbox 109 5561 1659 5639; baseline 0.006 -27"><span class='ocrx_word' id='word_1_569' title='bbox 109 5561 188 5639; x_wconf 77' lang='lat' dir='ltr'><strong>lct_i</strong></span> <span class='ocrx_word' id='word_1_570' title='bbox 213 5562 419 5623; x_wconf 87' lang='lat' dir='ltr'><strong>factioni</strong></span> <span class='ocrx_word' id='word_1_571' title='bbox 447 5561 717 5625; x_wconf 78' lang='lat' dir='ltr'><strong>conflabat</strong></span> <span class='ocrx_word' id='word_1_572' title='bbox 743 5561 1019 5624; x_wconf 80' lang='lat' dir='ltr'><strong>invidiam.</strong></span> <span class='ocrx_word' id='word_1_573' title='bbox 1052 5566 1233 5639; x_wconf 86' lang='lat' dir='ltr'><strong>Itaque</strong></span> <span class='ocrx_word' id='word_1_574' title='bbox 1261 5561 1530 5639; x_wconf 77' lang='lat' dir='ltr'><strong>relegatus</strong></span> <span class='ocrx_word' id='word_1_575' title='bbox 1560 5567 1659 5622; x_wconf 85' lang='lat' dir='ltr'><strong>fuit</strong></span> 
     </span>
    </p>
   </div>
   <div class='ocr_carea' id='block_1_82' title="bbox 110 5629 1655 5711">
    <p class='ocr_par' dir='ltr' id='par_1_82' title="bbox 110 5629 1655 5711">
     <span class='ocr_line' id='line_1_82' title="bbox 110 5629 1655 5711; baseline 0.003 -25"><span class='ocrx_word' id='word_1_576' title='bbox 110 5629 471 5711; x_wconf 46' lang='lat' dir='ltr'><strong>{Constantio</strong></span> <span class='ocrx_word' id='word_1_577' title='bbox 494 5639 808 5711; x_wconf 76' lang='lat' dir='ltr'><strong>Ambladam</strong></span> <span class='ocrx_word' id='word_1_578' title='bbox 841 5640 897 5711; x_wconf 69' lang='lat' dir='ltr'><strong>in</strong></span> <span class='ocrx_word' id='word_1_579' title='bbox 928 5639 1126 5711; x_wconf 82' lang='lat' dir='ltr'><strong>finibus</strong></span> <span class='ocrx_word' id='word_1_580' title='bbox 1148 5629 1455 5711; x_wconf 52' lang='lat' dir='ltr'><strong>Pisidim&#39;ac</strong></span> <span class='ocrx_word' id='word_1_581' title='bbox 1481 5638 1655 5710; x_wconf 82' lang='lat' dir='ltr'><strong>Phry-</strong></span> 
     </span>
    </p>
   </div>
   <div class='ocr_carea' id='block_1_83' title="bbox 110 5702 1660 5780">
    <p class='ocr_par' dir='ltr' id='par_1_83' title="bbox 110 5702 1660 5780">
     <span class='ocr_line' id='line_1_83' title="bbox 110 5702 1660 5780; baseline -0.001 -14"><span class='ocrx_word' id='word_1_582' title='bbox 110 5702 194 5780; x_wconf 62' lang='grc' dir='ltr'><strong>βίω</strong></span> <span class='ocrx_word' id='word_1_583' title='bbox 217 5702 395 5780; x_wconf 61' lang='grc' dir='ltr'><strong>ξίιλρης</strong></span> <span class='ocrx_word' id='word_1_584' title='bbox 419 5709 517 5780; x_wconf 78' lang='lat' dir='ltr'><strong>ubi</strong></span> <span class='ocrx_word' id='word_1_585' title='bbox 555 5707 795 5780; x_wconf 78' lang='lat' dir='ltr'><strong>libellam</strong></span> <span class='ocrx_word' id='word_1_586' title='bbox 839 5704 947 5767; x_wconf 78' lang='lat'><strong>300</strong></span> <span class='ocrx_word' id='word_1_587' title='bbox 974 5707 1305 5780; x_wconf 68' lang='lat' dir='ltr'><strong>argumentis</strong></span> <span class='ocrx_word' id='word_1_588' title='bbox 1347 5702 1660 5780; x_wconf 46' lang='lat' dir='ltr'><strong>uttt_.veri&#39;tts</strong></span> 
     </span>
    </p>
   </div>
   <div class='ocr_carea' id='block_1_84' title="bbox 113 5772 1657 5851">
    <p class='ocr_par' dir='ltr' id='par_1_84' title="bbox 113 5772 1657 5851">
     <span class='ocr_line' id='line_1_84' title="bbox 113 5772 1657 5851; baseline -0.002 -18"><span class='ocrx_word' id='word_1_589' title='bbox 113 5772 454 5844; x_wconf 58' lang='lat' dir='ltr'><strong>Pstologlstui&#39;s</strong></span> <span class='ocrx_word' id='word_1_590' title='bbox 498 5779 667 5837; x_wconf 82' lang='lat' dir='ltr'><strong>fetum</strong></span> <span class='ocrx_word' id='word_1_591' title='bbox 711 5778 966 5851; x_wconf 66' lang='lat' dir='ltr'><strong>Vulgnvit.</strong></span> <span class='ocrx_word' id='word_1_592' title='bbox 1002 5772 1207 5836; x_wconf 58' lang='lat' dir='ltr'><strong>ll&#39;orum</strong></span> <span class='ocrx_word' id='word_1_593' title='bbox 1234 5775 1301 5837; x_wconf 75' lang='grc'><strong>47</strong></span> <span class='ocrx_word' id='word_1_594' title='bbox 1329 5778 1572 5834; x_wconf 73' lang='lat' dir='ltr'><strong>confutet</strong></span> <span class='ocrx_word' id='word_1_595' title='bbox 1597 5780 1657 5831; x_wconf 81' lang='lat' dir='ltr'><strong>S.</strong></span> 
     </span>
    </p>
   </div>
   <div class='ocr_carea' id='block_1_85' title="bbox 1756 1855 3349 1930">
    <p class='ocr_par' dir='ltr' id='par_1_85' title="bbox 1756 1855 3349 1930">
     <span class='ocr_line' id='line_1_85' title="bbox 1756 1855 3349 1930; baseline 0.001 -19"><span class='ocrx_word' id='word_1_596' title='bbox 1756 1855 1999 1925; x_wconf 72' lang='lat' dir='ltr'><strong>perfidia:</strong></span> <span class='ocrx_word' id='word_1_597' title='bbox 2047 1857 2212 1929; x_wconf 90' lang='lat' dir='ltr'><strong>hujus</strong></span> <span class='ocrx_word' id='word_1_598' title='bbox 2261 1858 2509 1915; x_wconf 75' lang='lat' dir='ltr'><strong>hmredes</strong></span> <span class='ocrx_word' id='word_1_599' title='bbox 2556 1868 2886 1930; x_wconf 89' lang='lat' dir='ltr'><strong>sequuntur,</strong></span> <span class='ocrx_word' id='word_1_600' title='bbox 2933 1858 3026 1913; x_wconf 90' lang='lat' dir='ltr'><strong>alii</strong></span> <span class='ocrx_word' id='word_1_601' title='bbox 3083 1857 3349 1914; x_wconf 88' lang='lat' dir='ltr'><strong>diversos.</strong></span> 
     </span>
    </p>
   </div>
   <div class='ocr_carea' id='block_1_86' title="bbox 1755 1946 3356 2027">
    <p class='ocr_par' dir='ltr' id='par_1_86' title="bbox 1755 1946 3356 2027">
     <span class='ocr_line' id='line_1_86' title="bbox 1755 1946 3356 2027; baseline 0.003 -25"><span class='ocrx_word' id='word_1_602' title='bbox 1755 1946 2019 2020; x_wconf 83' lang='lat' dir='ltr'><strong>Numquid</strong></span> <span class='ocrx_word' id='word_1_603' title='bbox 2050 1950 2257 2006; x_wconf 89' lang='lat' dir='ltr'><strong>divisus</strong></span> <span class='ocrx_word' id='word_1_604' title='bbox 2287 1962 2371 2007; x_wconf 91' lang='lat' dir='ltr'><strong>est</strong></span> <span class='ocrx_word' id='word_1_605' title='bbox 2396 1951 2681 2007; x_wconf 87' lang='lat' dir='ltr'><strong>Christus?</strong></span> <span class='ocrx_word' id='word_1_606' title='bbox 2722 1950 2828 2009; x_wconf 88' lang='lat' dir='ltr'><strong>Sed</strong></span> <span class='ocrx_word' id='word_1_607' title='bbox 2858 1950 2948 2023; x_wconf 84' lang='lat' dir='ltr'><strong>qui</strong></span> <span class='ocrx_word' id='word_1_608' title='bbox 2977 1965 3100 2027; x_wconf 77' lang='lat' dir='ltr'><strong>eum</strong></span> <span class='ocrx_word' id='word_1_609' title='bbox 3135 1965 3166 2007; x_wconf 88' lang='lat' dir='ltr'><strong>a</strong></span> <span class='ocrx_word' id='word_1_610' title='bbox 3193 1949 3356 2007; x_wconf 83' lang='lat' dir='ltr'><strong>Patre</strong></span> 
     </span>
    </p>
   </div>
   <div class='ocr_carea' id='block_1_87' title="bbox 1750 2043 2548 2115">
    <p class='ocr_par' dir='ltr' id='par_1_87' title="bbox 1750 2043 2548 2115">
     <span class='ocr_line' id='line_1_87' title="bbox 1750 2043 2548 2115; baseline -0.001 -16"><span class='ocrx_word' id='word_1_611' title='bbox 1750 2043 2019 2110; x_wconf 68' lang='lat' dir='ltr'><strong>dividunt,</strong></span> <span class='ocrx_word' id='word_1_612' title='bbox 2048 2044 2154 2115; x_wconf 92' lang='lat' dir='ltr'><strong>ipsi</strong></span> <span class='ocrx_word' id='word_1_613' title='bbox 2185 2060 2245 2101; x_wconf 91' lang='lat' dir='ltr'><strong>se</strong></span> <span class='ocrx_word' id='word_1_614' title='bbox 2273 2045 2548 2100; x_wconf 90' lang='lat' dir='ltr'><strong>scindunt.</strong></span> 
     </span>
    </p>
   </div>
   <div class='ocr_carea' id='block_1_88' title="bbox 1822 2136 3356 2210">
    <p class='ocr_par' dir='ltr' id='par_1_88' title="bbox 1822 2136 3356 2210">
     <span class='ocr_line' id='line_1_88' title="bbox 1822 2136 3356 2210; baseline 0.003 -19"><span class='ocrx_word' id='word_1_615' title='bbox 1822 2136 1914 2192; x_wconf 72' lang='lat'><strong>46.</strong></span> <span class='ocrx_word' id='word_1_616' title='bbox 1957 2138 2025 2193; x_wconf 83' lang='lat' dir='ltr'><strong>Et</strong></span> <span class='ocrx_word' id='word_1_617' title='bbox 2061 2137 2185 2195; x_wconf 89' lang='lat' dir='ltr'><strong>ideo</strong></span> <span class='ocrx_word' id='word_1_618' title='bbox 2233 2139 2495 2210; x_wconf 90' lang='lat' dir='ltr'><strong>quoniam</strong></span> <span class='ocrx_word' id='word_1_619' title='bbox 2549 2141 2911 2195; x_wconf 88' lang='lat' dir='ltr'><strong>communiter</strong></span> <span class='ocrx_word' id='word_1_620' title='bbox 2958 2138 3222 2196; x_wconf 90' lang='lat' dir='ltr'><strong>adversus</strong></span> <span class='ocrx_word' id='word_1_621' title='bbox 3252 2138 3356 2195; x_wconf 86' lang='lat' dir='ltr'><strong>Ec-</strong></span> 
     </span>
    </p>
   </div>
   <div class='ocr_carea' id='block_1_89' title="bbox 1752 2229 3353 2303">
    <p class='ocr_par' dir='ltr' id='par_1_89' title="bbox 1752 2229 3353 2303">
     <span class='ocr_line' id='line_1_89' title="bbox 1752 2229 3353 2303; baseline 0.001 -18"><span class='ocrx_word' id='word_1_622' title='bbox 1752 2229 1974 2285; x_wconf 90' lang='lat' dir='ltr'><strong>clesiam</strong></span> <span class='ocrx_word' id='word_1_623' title='bbox 2027 2230 2157 2296; x_wconf 85' lang='lat' dir='ltr'><strong>Dei,</strong></span> <span class='ocrx_word' id='word_1_624' title='bbox 2203 2231 2402 2302; x_wconf 87' lang='lat' dir='ltr'><strong>quibus</strong></span> <span class='ocrx_word' id='word_1_625' title='bbox 2460 2230 2604 2287; x_wconf 90' lang='lat' dir='ltr'><strong>inter</strong></span> <span class='ocrx_word' id='word_1_626' title='bbox 2656 2231 2866 2303; x_wconf 86' lang='lat' dir='ltr'><strong>seipsos</strong></span> <span class='ocrx_word' id='word_1_627' title='bbox 2913 2245 3020 2288; x_wconf 93' lang='lat' dir='ltr'><strong>non</strong></span> <span class='ocrx_word' id='word_1_628' title='bbox 3059 2232 3353 2298; x_wconf 87' lang='lat' dir='ltr'><strong>convenit,</strong></span> 
     </span>
    </p>
   </div>
   <div class='ocr_carea' id='block_1_90' title="bbox 1754 2324 3355 2398">
    <p class='ocr_par' dir='ltr' id='par_1_90' title="bbox 1754 2324 3355 2398">
     <span class='ocr_line' id='line_1_90' title="bbox 1754 2324 3355 2398; baseline 0.002 -19"><span class='ocrx_word' id='word_1_629' title='bbox 1754 2324 2175 2394; x_wconf 88' lang='lat' dir='ltr'><strong>conspirarunt,</strong></span> <span class='ocrx_word' id='word_1_630' title='bbox 2213 2327 2486 2381; x_wconf 91' lang='lat' dir='ltr'><strong>communi</strong></span> <span class='ocrx_word' id='word_1_631' title='bbox 2541 2328 2760 2383; x_wconf 90' lang='lat' dir='ltr'><strong>nomine</strong></span> <span class='ocrx_word' id='word_1_632' title='bbox 2809 2327 3129 2393; x_wconf 75' lang='lat' dir='ltr'><strong>ltmreticos,</strong></span> <span class='ocrx_word' id='word_1_633' title='bbox 3158 2327 3355 2398; x_wconf 90' lang='lat' dir='ltr'><strong>quibus</strong></span> 
     </span>
    </p>
   </div>
   <div class='ocr_carea' id='block_1_91' title="bbox 1755 2418 3354 2490">
    <p class='ocr_par' dir='ltr' id='par_1_91' title="bbox 1755 2418 3354 2490">
     <span class='ocr_line' id='line_1_91' title="bbox 1755 2418 3354 2490; baseline 0 -15"><span class='ocrx_word' id='word_1_634' title='bbox 1755 2418 2193 2490; x_wconf 87' lang='lat' dir='ltr'><strong>respondendum</strong></span> <span class='ocrx_word' id='word_1_635' title='bbox 2222 2428 2336 2487; x_wconf 90' lang='lat' dir='ltr'><strong>est,</strong></span> <span class='ocrx_word' id='word_1_636' title='bbox 2368 2420 2682 2477; x_wconf 89' lang='lat' dir='ltr'><strong>nominabo.</strong></span> <span class='ocrx_word' id='word_1_637' title='bbox 2718 2421 2952 2479; x_wconf 69' lang='lat' dir='ltr'><strong>llaeresis</strong></span> <span class='ocrx_word' id='word_1_638' title='bbox 2982 2421 3129 2478; x_wconf 92' lang='lat' dir='ltr'><strong>enim</strong></span> <span class='ocrx_word' id='word_1_639' title='bbox 3150 2462 3165 2487; x_wconf 89' lang='lat'><strong>,</strong></span> <span class='ocrx_word' id='word_1_640' title='bbox 3208 2419 3354 2477; x_wconf 86' lang='lat' dir='ltr'><strong>velut</strong></span> 
     </span>
    </p>
   </div>
   <div class='ocr_carea' id='block_1_92' title="bbox 1756 2653 3354 2729">
    <p class='ocr_par' dir='ltr' id='par_1_92' title="bbox 1756 2653 3354 2729">
     <span class='ocr_line' id='line_1_92' title="bbox 1756 2653 3354 2729; baseline 0.001 -20"><span class='ocrx_word' id='word_1_641' title='bbox 1756 2653 2115 2729; x_wconf 71' lang='lat' dir='ltr'><strong>Epiphanius,</strong></span> <span class='ocrx_word' id='word_1_642' title='bbox 2145 2656 2236 2727; x_wconf 92' lang='lat' dir='ltr'><strong>qui</strong></span> <span class='ocrx_word' id='word_1_643' title='bbox 2267 2663 2373 2729; x_wconf 86' lang='lat' dir='ltr'><strong>tam</strong></span> <span class='ocrx_word' id='word_1_644' title='bbox 2402 2656 2469 2712; x_wconf 90' lang='lat' dir='ltr'><strong>de</strong></span> <span class='ocrx_word' id='word_1_645' title='bbox 2490 2657 2857 2729; x_wconf 88' lang='lat' dir='ltr'><strong>auctoreipso</strong></span> <span class='ocrx_word' id='word_1_646' title='bbox 2882 2671 3045 2729; x_wconf 79' lang='lat' dir='ltr'><strong>quam</strong></span> <span class='ocrx_word' id='word_1_647' title='bbox 3075 2656 3142 2713; x_wconf 92' lang='lat' dir='ltr'><strong>de</strong></span> <span class='ocrx_word' id='word_1_648' title='bbox 3162 2670 3354 2729; x_wconf 85' lang='lat' dir='ltr'><strong>sequa-</strong></span> 
     </span>
    </p>
   </div>
   <div class='ocr_carea' id='block_1_93' title="bbox 1752 2726 3356 2800">
    <p class='ocr_par' dir='ltr' id='par_1_93' title="bbox 1752 2726 3356 2800">
     <span class='ocr_line' id='line_1_93' title="bbox 1752 2726 3356 2800; baseline 0 -18"><span class='ocrx_word' id='word_1_649' title='bbox 1752 2726 1906 2782; x_wconf 84' lang='lat' dir='ltr'><strong>cibus</strong></span> <span class='ocrx_word' id='word_1_650' title='bbox 1930 2726 2076 2800; x_wconf 20' lang='lat' dir='ltr'><strong>ejust</strong></span> <span class='ocrx_word' id='word_1_651' title='bbox 2100 2742 2205 2781; x_wconf 92' lang='lat' dir='ltr'><strong>non</strong></span> <span class='ocrx_word' id='word_1_652' title='bbox 2256 2727 2620 2797; x_wconf 89' lang='lat' dir='ltr'><strong>perfunctorie</strong></span> <span class='ocrx_word' id='word_1_653' title='bbox 2645 2726 2777 2799; x_wconf 72' lang='lat' dir='ltr'><strong>agit.</strong></span> <span class='ocrx_word' id='word_1_654' title='bbox 2812 2728 2914 2784; x_wconf 85' lang='lat' dir='ltr'><strong>Adi</strong></span> <span class='ocrx_word' id='word_1_655' title='bbox 2951 2742 3165 2800; x_wconf 87' lang='lat' dir='ltr'><strong>quoque</strong></span> <span class='ocrx_word' id='word_1_656' title='bbox 3188 2726 3356 2800; x_wconf 67' lang='lat' dir='ltr'><strong>Suno-</strong></span> 
     </span>
    </p>
   </div>
   <div class='ocr_carea' id='block_1_94' title="bbox 1753 2798 3352 2869">
    <p class='ocr_par' dir='ltr' id='par_1_94' title="bbox 1753 2798 3352 2869">
     <span class='ocr_line' id='line_1_94' title="bbox 1753 2798 3352 2869; baseline 0 -16"><span class='ocrx_word' id='word_1_657' title='bbox 1753 2813 1970 2853; x_wconf 90' lang='lat' dir='ltr'><strong>menum</strong></span> <span class='ocrx_word' id='word_1_658' title='bbox 2028 2798 2119 2852; x_wconf 93' lang='lat' dir='ltr'><strong>lib.</strong></span> <span class='ocrx_word' id='word_1_659' title='bbox 2150 2813 2229 2866; x_wconf 86' lang='lat' dir='ltr'><strong>ut,</strong></span> <span class='ocrx_word' id='word_1_660' title='bbox 2253 2814 2372 2869; x_wconf 91' lang='lat' dir='ltr'><strong>cap.</strong></span> <span class='ocrx_word' id='word_1_661' title='bbox 2402 2800 2458 2863; x_wconf 83' lang='lat'><strong>5,</strong></span> <span class='ocrx_word' id='word_1_662' title='bbox 2510 2800 2642 2854; x_wconf 91' lang='lat' dir='ltr'><strong>edit.</strong></span> <span class='ocrx_word' id='word_1_663' title='bbox 2678 2801 2820 2864; x_wconf 83' lang='lat' dir='ltr'><strong>Val.,</strong></span> <span class='ocrx_word' id='word_1_664' title='bbox 2849 2809 2902 2855; x_wconf 92' lang='lat' dir='ltr'><strong>et</strong></span> <span class='ocrx_word' id='word_1_665' title='bbox 2943 2798 3221 2856; x_wconf 83' lang='lat' dir='ltr'><strong>Socratem</strong></span> <span class='ocrx_word' id='word_1_666' title='bbox 3256 2798 3352 2853; x_wconf 93' lang='lat' dir='ltr'><strong>lib.</strong></span> 
     </span>
    </p>
   </div>
   <div class='ocr_carea' id='block_1_95' title="bbox 1753 2869 3353 2941">
    <p class='ocr_par' dir='ltr' id='par_1_95' title="bbox 1753 2869 3353 2941">
     <span class='ocr_line' id='line_1_95' title="bbox 1753 2869 3353 2941; baseline 0 -18"><span class='ocrx_word' id='word_1_667' title='bbox 1753 2884 1875 2941; x_wconf 85' lang='lat' dir='ltr'><strong>cap.</strong></span> <span class='ocrx_word' id='word_1_668' title='bbox 1905 2869 1994 2941; x_wconf 15' lang='lat'><strong>&#39;55,.</strong></span> <span class='ocrx_word' id='word_1_669' title='bbox 2029 2869 2331 2941; x_wconf 86' lang='lat' dir='ltr'><strong>Eunomius</strong></span> <span class='ocrx_word' id='word_1_670' title='bbox 2360 2871 2677 2941; x_wconf 84' lang='lat' dir='ltr'><strong>magistrum</strong></span> <span class='ocrx_word' id='word_1_671' title='bbox 2707 2870 2897 2926; x_wconf 81' lang='lat' dir='ltr'><strong>habuit</strong></span> <span class='ocrx_word' id='word_1_672' title='bbox 2925 2871 3166 2938; x_wconf 85' lang='lat' dir='ltr'><strong>Aetium,</strong></span> <span class='ocrx_word' id='word_1_673' title='bbox 3192 2885 3353 2941; x_wconf 87' lang='lat' dir='ltr'><strong>quem</strong></span> 
     </span>
    </p>
   </div>
   <div class='ocr_carea' id='block_1_96' title="bbox 1753 2940 3353 3009">
    <p class='ocr_par' dir='ltr' id='par_1_96' title="bbox 1753 2940 3353 3009">
     <span class='ocr_line' id='line_1_96' title="bbox 1753 2940 3353 3009; baseline 0 -13"><span class='ocrx_word' id='word_1_674' title='bbox 1753 2940 1875 2996; x_wconf 88' lang='lat' dir='ltr'><strong>cum</strong></span> <span class='ocrx_word' id='word_1_675' title='bbox 1925 2940 2311 2996; x_wconf 77' lang='lat' dir='ltr'><strong>Alexandriam</strong></span> <span class='ocrx_word' id='word_1_676' title='bbox 2360 2940 2503 2996; x_wconf 87' lang='lat' dir='ltr'><strong>anno</strong></span> <span class='ocrx_word' id='word_1_677' title='bbox 2531 2941 2637 2996; x_wconf 78' lang='grc'><strong>556</strong></span> <span class='ocrx_word' id='word_1_678' title='bbox 2689 2943 3070 3009; x_wconf 82' lang='lat' dir='ltr'><strong>convenisset,</strong></span> <span class='ocrx_word' id='word_1_679' title='bbox 3101 2940 3353 2999; x_wconf 89' lang='lat' dir='ltr'><strong>eumdem</strong></span> 
     </span>
    </p>
   </div>
   <div class='ocr_carea' id='block_1_97' title="bbox 1753 3011 3354 3079">
    <p class='ocr_par' dir='ltr' id='par_1_97' title="bbox 1753 3011 3354 3079">
     <span class='ocr_line' id='line_1_97' title="bbox 1753 3011 3354 3079; baseline 0.001 -15"><span class='ocrx_word' id='word_1_680' title='bbox 1753 3025 1898 3066; x_wconf 92' lang='lat' dir='ltr'><strong>anno</strong></span> <span class='ocrx_word' id='word_1_681' title='bbox 1948 3012 2054 3067; x_wconf 76' lang='lat'><strong>558</strong></span> <span class='ocrx_word' id='word_1_682' title='bbox 2102 3011 2444 3067; x_wconf 82' lang='lat' dir='ltr'><strong>Antiochiam</strong></span> <span class='ocrx_word' id='word_1_683' title='bbox 2490 3012 2555 3067; x_wconf 91' lang='lat' dir='ltr'><strong>ad</strong></span> <span class='ocrx_word' id='word_1_684' title='bbox 2591 3014 2891 3069; x_wconf 78' lang='lat' dir='ltr'><strong>Eudoxium</strong></span> <span class='ocrx_word' id='word_1_685' title='bbox 2920 3055 2934 3079; x_wconf 90' lang='lat'><strong>,</strong></span> <span class='ocrx_word' id='word_1_686' title='bbox 2969 3014 3044 3069; x_wconf 91' lang='lat' dir='ltr'><strong>ttti</strong></span> <span class='ocrx_word' id='word_1_687' title='bbox 3079 3015 3354 3077; x_wconf 73' lang='lat' dir='ltr'><strong>diximus,</strong></span> 
     </span>
    </p>
   </div>
   <div class='ocr_carea' id='block_1_98' title="bbox 1756 3081 3359 3154">
    <p class='ocr_par' dir='ltr' id='par_1_98' title="bbox 1756 3081 3359 3154">
     <span class='ocr_line' id='line_1_98' title="bbox 1756 3081 3359 3154; baseline 0.001 -18"><span class='ocrx_word' id='word_1_688' title='bbox 1756 3081 2190 3154; x_wconf 80' lang='lat' dir='ltr'><strong>proficiscentem</strong></span> <span class='ocrx_word' id='word_1_689' title='bbox 2218 3083 2505 3154; x_wconf 84' lang='lat' dir='ltr'><strong>comitatus</strong></span> <span class='ocrx_word' id='word_1_690' title='bbox 2526 3091 2629 3139; x_wconf 89' lang='lat' dir='ltr'><strong>est.</strong></span> <span class='ocrx_word' id='word_1_691' title='bbox 2648 3084 2846 3141; x_wconf 87' lang='lat' dir='ltr'><strong>Factus</strong></span> <span class='ocrx_word' id='word_1_692' title='bbox 2870 3085 3011 3141; x_wconf 87' lang='lat' dir='ltr'><strong>haud</strong></span> <span class='ocrx_word' id='word_1_693' title='bbox 3036 3085 3208 3141; x_wconf 91' lang='lat' dir='ltr'><strong>multo</strong></span> <span class='ocrx_word' id='word_1_694' title='bbox 3233 3092 3359 3154; x_wconf 90' lang='lat' dir='ltr'><strong>post</strong></span> 
     </span>
    </p>
   </div>
   <div class='ocr_carea' id='block_1_99' title="bbox 1755 3152 3358 3227">
    <p class='ocr_par' dir='ltr' id='par_1_99' title="bbox 1755 3152 3358 3227">
     <span class='ocr_line' id='line_1_99' title="bbox 1755 3152 3358 3227; baseline 0.001 -18"><span class='ocrx_word' id='word_1_695' title='bbox 1755 3152 1827 3209; x_wconf 71' lang='lat' dir='ltr'><strong>ex</strong></span> <span class='ocrx_word' id='word_1_696' title='bbox 1859 3152 1997 3227; x_wconf 82' lang='lat' dir='ltr'><strong>Aetii</strong></span> <span class='ocrx_word' id='word_1_697' title='bbox 2049 3153 2603 3227; x_wconf 86' lang='lat' dir='ltr'><strong>notarioCyzicensis</strong></span> <span class='ocrx_word' id='word_1_698' title='bbox 2637 3157 2959 3227; x_wconf 86' lang='lat' dir='ltr'><strong>episcopus,</strong></span> <span class='ocrx_word' id='word_1_699' title='bbox 2993 3166 3143 3211; x_wconf 86' lang='lat' dir='ltr'><strong>tanta</strong></span> <span class='ocrx_word' id='word_1_700' title='bbox 3194 3152 3358 3211; x_wconf 81' lang='lat' dir='ltr'><strong>vehe-</strong></span> 
     </span>
    </p>
   </div>
   <div class='ocr_carea' id='block_1_100' title="bbox 1758 3225 3357 3293">
    <p class='ocr_par' dir='ltr' id='par_1_100' title="bbox 1758 3225 3357 3293">
     <span class='ocr_line' id='line_1_100' title="bbox 1758 3225 3357 3293; baseline 0.001 -14"><span class='ocrx_word' id='word_1_701' title='bbox 1758 3225 1958 3279; x_wconf 86' lang='lat' dir='ltr'><strong>mentia</strong></span> <span class='ocrx_word' id='word_1_702' title='bbox 1992 3225 2304 3293; x_wconf 59' lang='lat' dir='ltr'><strong>praedicavit</strong></span> <span class='ocrx_word' id='word_1_703' title='bbox 2334 3225 2554 3281; x_wconf 84' lang='lat' dir='ltr'><strong>errores</strong></span> <span class='ocrx_word' id='word_1_704' title='bbox 2581 3225 2728 3292; x_wconf 88' lang='lat' dir='ltr'><strong>suos,</strong></span> <span class='ocrx_word' id='word_1_705' title='bbox 2759 3225 3120 3284; x_wconf 29' lang='lat' dir='ltr'><strong>ut‘Eudoxitts</strong></span> <span class='ocrx_word' id='word_1_706' title='bbox 3147 3227 3198 3282; x_wconf 96' lang='lat' dir='ltr'><strong>in</strong></span> <span class='ocrx_word' id='word_1_707' title='bbox 3227 3241 3357 3282; x_wconf 88' lang='lat' dir='ltr'><strong>con-</strong></span> 
     </span>
    </p>
   </div>
   <div class='ocr_carea' id='block_1_101' title="bbox 1756 3296 3357 3368">
    <p class='ocr_par' dir='ltr' id='par_1_101' title="bbox 1756 3296 3357 3368">
     <span class='ocr_line' id='line_1_101' title="bbox 1756 3296 3357 3368; baseline 0.001 -18"><span class='ocrx_word' id='word_1_708' title='bbox 1756 3296 1916 3368; x_wconf 86' lang='lat' dir='ltr'><strong>cilio,</strong></span> <span class='ocrx_word' id='word_1_709' title='bbox 1959 3296 2596 3368; x_wconf 22' lang='lat' dir='ltr'><strong>jnhente‘imperatore,</strong></span> <span class='ocrx_word' id='word_1_710' title='bbox 2650 3297 3121 3368; x_wconf 84' lang='lat' dir='ltr'><strong>Constantinopoli</strong></span> <span class='ocrx_word' id='word_1_711' title='bbox 3171 3298 3357 3353; x_wconf 87' lang='lat' dir='ltr'><strong>habito</strong></span> 
     </span>
    </p>
   </div>
   <div class='ocr_carea' id='block_1_102' title="bbox 1758 3366 3358 3441">
    <p class='ocr_par' dir='ltr' id='par_1_102' title="bbox 1758 3366 3358 3441">
     <span class='ocr_line' id='line_1_102' title="bbox 1758 3366 3358 3441; baseline 0.002 -21"><span class='ocrx_word' id='word_1_712' title='bbox 1758 3367 1910 3441; x_wconf 82' lang='lat' dir='ltr'><strong>illum</strong></span> <span class='ocrx_word' id='word_1_713' title='bbox 1941 3366 2433 3441; x_wconf 71' lang='lat' dir='ltr'><strong>exuerediguitate</strong></span> <span class='ocrx_word' id='word_1_714' title='bbox 2477 3382 2575 3423; x_wconf 90' lang='lat' dir='ltr'><strong>sua</strong></span> <span class='ocrx_word' id='word_1_715' title='bbox 2602 3380 2827 3425; x_wconf 88' lang='lat' dir='ltr'><strong>coactus</strong></span> <span class='ocrx_word' id='word_1_716' title='bbox 2859 3366 3040 3425; x_wconf 85' lang='lat' dir='ltr'><strong>fuerit.</strong></span> <span class='ocrx_word' id='word_1_717' title='bbox 3071 3370 3205 3441; x_wconf 82' lang='lat' dir='ltr'><strong>Rem</strong></span> <span class='ocrx_word' id='word_1_718' title='bbox 3235 3370 3358 3441; x_wconf 87' lang='lat' dir='ltr'><strong>qui-</strong></span> 
     </span>
    </p>
   </div>
   <div class='ocr_carea' id='block_1_103' title="bbox 1756 3437 3353 3511">
    <p class='ocr_par' dir='ltr' id='par_1_103' title="bbox 1756 3437 3353 3511">
     <span class='ocr_line' id='line_1_103' title="bbox 1756 3437 3353 3511; baseline 0.001 -19"><span class='ocrx_word' id='word_1_719' title='bbox 1756 3437 1877 3511; x_wconf 86' lang='lat' dir='ltr'><strong>dem</strong></span> <span class='ocrx_word' id='word_1_720' title='bbox 1909 3438 2066 3511; x_wconf 83' lang='lat' dir='ltr'><strong>aliter</strong></span> <span class='ocrx_word' id='word_1_721' title='bbox 2102 3438 2493 3509; x_wconf 79' lang='lat' dir='ltr'><strong>Philostorgius</strong></span> <span class='ocrx_word' id='word_1_722' title='bbox 2546 3450 2769 3506; x_wconf 88' lang='lat' dir='ltr'><strong>narrat,</strong></span> <span class='ocrx_word' id='word_1_723' title='bbox 2795 3440 2888 3495; x_wconf 92' lang='lat' dir='ltr'><strong>sed</strong></span> <span class='ocrx_word' id='word_1_724' title='bbox 2936 3442 3005 3496; x_wconf 88' lang='lat' dir='ltr'><strong>ob</strong></span> <span class='ocrx_word' id='word_1_725' title='bbox 3050 3437 3353 3511; x_wconf 68' lang='lat' dir='ltr'><strong>professum</strong></span> 
     </span>
    </p>
   </div>
   <div class='ocr_carea' id='block_1_104' title="bbox 1756 3509 3352 3582">
    <p class='ocr_par' dir='ltr' id='par_1_104' title="bbox 1756 3509 3352 3582">
     <span class='ocr_line' id='line_1_104' title="bbox 1756 3509 3352 3582; baseline 0.003 -20"><span class='ocrx_word' id='word_1_726' title='bbox 1756 3509 1826 3582; x_wconf 78' lang='lat' dir='ltr'><strong>in</strong></span> <span class='ocrx_word' id='word_1_727' title='bbox 1843 3509 2162 3582; x_wconf 82' lang='lat' dir='ltr'><strong>Eunomium</strong></span> <span class='ocrx_word' id='word_1_728' title='bbox 2185 3510 2446 3576; x_wconf 88' lang='lat' dir='ltr'><strong>studium,</strong></span> <span class='ocrx_word' id='word_1_729' title='bbox 2470 3512 2562 3581; x_wconf 89' lang='lat' dir='ltr'><strong>qui</strong></span> <span class='ocrx_word' id='word_1_730' title='bbox 2589 3512 2876 3576; x_wconf 71' lang='lat' dir='ltr'><strong>audiatur,</strong></span> <span class='ocrx_word' id='word_1_731' title='bbox 2893 3509 3060 3582; x_wconf 79' lang='lat' dir='ltr'><strong>plane</strong></span> <span class='ocrx_word' id='word_1_732' title='bbox 3080 3513 3352 3582; x_wconf 85' lang='lat' dir='ltr'><strong>indignus.</strong></span> 
     </span>
    </p>
   </div>
   <div class='ocr_carea' id='block_1_105' title="bbox 1756 3578 3357 3649">
    <p class='ocr_par' dir='ltr' id='par_1_105' title="bbox 1756 3578 3357 3649">
     <span class='ocr_line' id='line_1_105' title="bbox 1756 3578 3357 3649; baseline 0.002 -17"><span class='ocrx_word' id='word_1_733' title='bbox 1756 3578 1921 3649; x_wconf 89' lang='lat' dir='ltr'><strong>lgitnr</strong></span> <span class='ocrx_word' id='word_1_734' title='bbox 1967 3579 2249 3634; x_wconf 86' lang='lat' dir='ltr'><strong>abdicatus</strong></span> <span class='ocrx_word' id='word_1_735' title='bbox 2297 3578 2609 3649; x_wconf 83' lang='lat' dir='ltr'><strong>episcopatu</strong></span> <span class='ocrx_word' id='word_1_736' title='bbox 2654 3581 2794 3637; x_wconf 91' lang='lat' dir='ltr'><strong>idem</strong></span> <span class='ocrx_word' id='word_1_737' title='bbox 2849 3578 3357 3645; x_wconf 59' lang='lat' dir='ltr'><strong>ltluttotpitts&#39;,&#39;ordi-</strong></span> 
     </span>
    </p>
   </div>
   <div class='ocr_carea' id='block_1_106' title="bbox 1755 3651 3353 3721">
    <p class='ocr_par' dir='ltr' id='par_1_106' title="bbox 1755 3651 3353 3721">
     <span class='ocr_line' id='line_1_106' title="bbox 1755 3651 3353 3721; baseline 0.001 -18"><span class='ocrx_word' id='word_1_738' title='bbox 1755 3651 1895 3721; x_wconf 88' lang='lat' dir='ltr'><strong>natis</strong></span> <span class='ocrx_word' id='word_1_739' title='bbox 1936 3651 2203 3719; x_wconf 87' lang='lat' dir='ltr'><strong>episcopis</strong></span> <span class='ocrx_word' id='word_1_740' title='bbox 2249 3665 2314 3705; x_wconf 90' lang='lat' dir='ltr'><strong>ac</strong></span> <span class='ocrx_word' id='word_1_741' title='bbox 2362 3653 2724 3721; x_wconf 83' lang='lat' dir='ltr'><strong>presbyteris,</strong></span> <span class='ocrx_word' id='word_1_742' title='bbox 2770 3655 3136 3709; x_wconf 88' lang='lat' dir='ltr'><strong>secessionem</strong></span> <span class='ocrx_word' id='word_1_743' title='bbox 3191 3651 3353 3714; x_wconf 91' lang='lat' dir='ltr'><strong>fecit;</strong></span> 
     </span>
    </p>
   </div>
   <div class='ocr_carea' id='block_1_107' title="bbox 1755 3720 3353 3792">
    <p class='ocr_par' dir='ltr' id='par_1_107' title="bbox 1755 3720 3353 3792">
     <span class='ocr_line' id='line_1_107' title="bbox 1755 3720 3353 3792; baseline 0 -17"><span class='ocrx_word' id='word_1_744' title='bbox 1755 3720 1882 3792; x_wconf 87' lang='lat' dir='ltr'><strong>licet</strong></span> <span class='ocrx_word' id='word_1_745' title='bbox 1926 3737 2033 3775; x_wconf 91' lang='lat' dir='ltr'><strong>non</strong></span> <span class='ocrx_word' id='word_1_746' title='bbox 2084 3721 2333 3775; x_wconf 83' lang='lat' dir='ltr'><strong>videatur</strong></span> <span class='ocrx_word' id='word_1_747' title='bbox 2386 3723 2488 3775; x_wconf 90' lang='lat' dir='ltr'><strong>nisi</strong></span> <span class='ocrx_word' id='word_1_748' title='bbox 2516 3720 2617 3776; x_wconf 84' lang='lat' dir='ltr'><strong>sub</strong></span> <span class='ocrx_word' id='word_1_749' title='bbox 2662 3722 2874 3777; x_wconf 81' lang='lat' dir='ltr'><strong>Joviani</strong></span> <span class='ocrx_word' id='word_1_750' title='bbox 2907 3723 3135 3792; x_wconf 88' lang='lat' dir='ltr'><strong>imperio</strong></span> <span class='ocrx_word' id='word_1_751' title='bbox 3177 3722 3353 3789; x_wconf 86' lang='lat' dir='ltr'><strong>palam</strong></span> 
     </span>
    </p>
   </div>
   <div class='ocr_carea' id='block_1_108' title="bbox 1756 3791 3356 3860">
    <p class='ocr_par' dir='ltr' id='par_1_108' title="bbox 1756 3791 3356 3860">
     <span class='ocr_line' id='line_1_108' title="bbox 1756 3791 3356 3860; baseline 0.001 -15"><span class='ocrx_word' id='word_1_752' title='bbox 1756 3791 2001 3846; x_wconf 82' lang='lat' dir='ltr'><strong>Eudoxio</strong></span> <span class='ocrx_word' id='word_1_753' title='bbox 2030 3791 2320 3846; x_wconf 88' lang='lat' dir='ltr'><strong>amicitiam</strong></span> <span class='ocrx_word' id='word_1_754' title='bbox 2355 3793 2713 3848; x_wconf 87' lang='lat' dir='ltr'><strong>renuntiasse.</strong></span> <span class='ocrx_word' id='word_1_755' title='bbox 2742 3792 2842 3860; x_wconf 88' lang='lat' dir='ltr'><strong>Qui</strong></span> <span class='ocrx_word' id='word_1_756' title='bbox 2873 3791 2994 3847; x_wconf 84' lang='lat' dir='ltr'><strong>non</strong></span> <span class='ocrx_word' id='word_1_757' title='bbox 3035 3792 3356 3860; x_wconf 85' lang='lat' dir='ltr'><strong>ignorabunt</strong></span> 
     </span>
    </p>
   </div>
   <div class='ocr_carea' id='block_1_109' title="bbox 1756 3861 3355 3933">
    <p class='ocr_par' dir='ltr' id='par_1_109' title="bbox 1756 3861 3355 3933">
     <span class='ocr_line' id='line_1_109' title="bbox 1756 3861 3355 3933; baseline 0 -17"><span class='ocrx_word' id='word_1_758' title='bbox 1756 3862 1810 3933; x_wconf 84' lang='lat' dir='ltr'><strong>in</strong></span> <span class='ocrx_word' id='word_1_759' title='bbox 1842 3863 2029 3933; x_wconf 85' lang='lat' dir='ltr'><strong>eadem</strong></span> <span class='ocrx_word' id='word_1_760' title='bbox 2061 3861 2320 3933; x_wconf 81' lang='lat' dir='ltr'><strong>Opinione</strong></span> <span class='ocrx_word' id='word_1_761' title='bbox 2348 3871 2638 3933; x_wconf 86' lang='lat' dir='ltr'><strong>utrumque</strong></span> <span class='ocrx_word' id='word_1_762' title='bbox 2674 3879 2795 3918; x_wconf 81' lang='lat' dir='ltr'><strong>esse</strong></span> <span class='ocrx_word' id='word_1_763' title='bbox 2825 3865 3183 3933; x_wconf 89' lang='lat' dir='ltr'><strong>episcopum,</strong></span> <span class='ocrx_word' id='word_1_764' title='bbox 3211 3862 3355 3932; x_wconf 89' lang='lat' dir='ltr'><strong>quod</strong></span> 
     </span>
    </p>
   </div>
   <div class='ocr_carea' id='block_1_110' title="bbox 1757 3931 3355 4000">
    <p class='ocr_par' dir='ltr' id='par_1_110' title="bbox 1757 3931 3355 4000">
     <span class='ocr_line' id='line_1_110' title="bbox 1757 3931 3355 4000; baseline 0.001 -14"><span class='ocrx_word' id='word_1_765' title='bbox 1757 3931 2034 3986; x_wconf 81' lang='lat' dir='ltr'><strong>Eudoxius</strong></span> <span class='ocrx_word' id='word_1_766' title='bbox 2064 3945 2158 4000; x_wconf 89' lang='lat' dir='ltr'><strong>per</strong></span> <span class='ocrx_word' id='word_1_767' title='bbox 2196 3932 2458 4000; x_wconf 84' lang='lat' dir='ltr'><strong>ignaviam</strong></span> <span class='ocrx_word' id='word_1_768' title='bbox 2488 3932 2777 3988; x_wconf 82' lang='lat' dir='ltr'><strong>defecisset</strong></span> <span class='ocrx_word' id='word_1_769' title='bbox 2819 3931 2887 3987; x_wconf 81' lang='lat' dir='ltr'><strong>ab</strong></span> <span class='ocrx_word' id='word_1_770' title='bbox 2921 3931 3187 3988; x_wconf 88' lang='lat' dir='ltr'><strong>Ennomio</strong></span> <span class='ocrx_word' id='word_1_771' title='bbox 3215 3931 3355 3988; x_wconf 88' lang='lat' dir='ltr'><strong>iudi-</strong></span> 
     </span>
    </p>
   </div>
   <div class='ocr_carea' id='block_1_111' title="bbox 1754 4001 3350 4072">
    <p class='ocr_par' dir='ltr' id='par_1_111' title="bbox 1754 4001 3350 4072">
     <span class='ocr_line' id='line_1_111' title="bbox 1754 4001 3350 4072; baseline 0.003 -17"><span class='ocrx_word' id='word_1_772' title='bbox 1754 4018 1916 4072; x_wconf 92' lang='lat' dir='ltr'><strong>guum</strong></span> <span class='ocrx_word' id='word_1_773' title='bbox 1946 4003 2081 4064; x_wconf 89' lang='lat' dir='ltr'><strong>rati,</strong></span> <span class='ocrx_word' id='word_1_774' title='bbox 2114 4016 2238 4055; x_wconf 89' lang='lat' dir='ltr'><strong>cum</strong></span> <span class='ocrx_word' id='word_1_775' title='bbox 2268 4001 2427 4071; x_wconf 86' lang='lat' dir='ltr'><strong>hujus</strong></span> <span class='ocrx_word' id='word_1_776' title='bbox 2457 4002 2692 4059; x_wconf 86' lang='lat' dir='ltr'><strong>factione</strong></span> <span class='ocrx_word' id='word_1_777' title='bbox 2741 4005 2842 4059; x_wconf 90' lang='lat' dir='ltr'><strong>sub</strong></span> <span class='ocrx_word' id='word_1_778' title='bbox 2886 4005 3350 4059; x_wconf 83' lang='lat' dir='ltr'><strong>Etuiomianorum</strong></span> 
     </span>
    </p>
   </div>
   <div class='ocr_carea' id='block_1_112' title="bbox 1755 4072 3355 4144">
    <p class='ocr_par' dir='ltr' id='par_1_112' title="bbox 1755 4072 3355 4144">
     <span class='ocr_line' id='line_1_112' title="bbox 1755 4072 3355 4144; baseline 0.003 -18"><span class='ocrx_word' id='word_1_779' title='bbox 1755 4073 2031 4144; x_wconf 75' lang='lat' dir='ltr'><strong>vocabulo</strong></span> <span class='ocrx_word' id='word_1_780' title='bbox 2068 4072 2371 4128; x_wconf 86' lang='lat' dir='ltr'><strong>coiverunt.</strong></span> <span class='ocrx_word' id='word_1_781' title='bbox 2406 4072 2488 4128; x_wconf 80' lang='lat' dir='ltr'><strong>Ex</strong></span> <span class='ocrx_word' id='word_1_782' title='bbox 2536 4073 2625 4129; x_wconf 90' lang='lat' dir='ltr'><strong>his</strong></span> <span class='ocrx_word' id='word_1_783' title='bbox 2654 4076 2802 4131; x_wconf 85' lang='lat' dir='ltr'><strong>luere</strong></span> <span class='ocrx_word' id='word_1_784' title='bbox 2829 4074 3097 4144; x_wconf 79' lang='lat' dir='ltr'><strong>Georgius</strong></span> <span class='ocrx_word' id='word_1_785' title='bbox 3120 4076 3355 4130; x_wconf 75' lang='lat' dir='ltr'><strong>Alexan-</strong></span> 
     </span>
    </p>
   </div>
   <div class='ocr_carea' id='block_1_113' title="bbox 1754 4142 3353 4217">
    <p class='ocr_par' dir='ltr' id='par_1_113' title="bbox 1754 4142 3353 4217">
     <span class='ocr_line' id='line_1_113' title="bbox 1754 4142 3353 4217; baseline 0.001 -20"><span class='ocrx_word' id='word_1_786' title='bbox 1754 4142 2235 4217; x_wconf 82' lang='lat' dir='ltr'><strong>drinus,Acac_ius</strong></span> <span class='ocrx_word' id='word_1_787' title='bbox 2279 4144 2660 4217; x_wconf 68' lang='lat' dir='ltr'><strong>Ctesaricnsis,</strong></span> <span class='ocrx_word' id='word_1_788' title='bbox 2696 4144 2894 4217; x_wconf 87' lang='lat' dir='ltr'><strong>aliique</strong></span> <span class='ocrx_word' id='word_1_789' title='bbox 2942 4142 3124 4217; x_wconf 77' lang='lat' dir='ltr'><strong>plures</strong></span> <span class='ocrx_word' id='word_1_790' title='bbox 3167 4145 3353 4199; x_wconf 87' lang='lat' dir='ltr'><strong>orien-</strong></span> 
     </span>
    </p>
   </div>
   <div class='ocr_carea' id='block_1_114' title="bbox 1755 4213 3357 4289">
    <p class='ocr_par' dir='ltr' id='par_1_114' title="bbox 1755 4213 3357 4289">
     <span class='ocr_line' id='line_1_114' title="bbox 1755 4213 3357 4289; baseline 0.001 -20"><span class='ocrx_word' id='word_1_791' title='bbox 1755 4216 1892 4289; x_wconf 87' lang='lat' dir='ltr'><strong>tales</strong></span> <span class='ocrx_word' id='word_1_792' title='bbox 1919 4214 2157 4286; x_wconf 83' lang='lat' dir='ltr'><strong>episcOpi</strong></span> <span class='ocrx_word' id='word_1_793' title='bbox 2180 4213 2451 4289; x_wconf 27' lang='lat' dir='ltr'><strong>;tet_iutcr</strong></span> <span class='ocrx_word' id='word_1_794' title='bbox 2475 4213 2838 4272; x_wconf 81' lang='lat' dir='ltr'><strong>occidentales</strong></span> <span class='ocrx_word' id='word_1_795' title='bbox 2866 4213 2956 4289; x_wconf 87' lang='lat' dir='ltr'><strong>qui</strong></span> <span class='ocrx_word' id='word_1_796' title='bbox 2986 4216 3207 4289; x_wconf 76' lang='lat' dir='ltr'><strong>Arianis</strong></span> <span class='ocrx_word' id='word_1_797' title='bbox 3236 4231 3357 4284; x_wconf 88' lang='lat' dir='ltr'><strong>par-</strong></span> 
     </span>
    </p>
   </div>
   <div class='ocr_carea' id='block_1_115' title="bbox 1756 4284 3356 4357">
    <p class='ocr_par' dir='ltr' id='par_1_115' title="bbox 1756 4284 3356 4357">
     <span class='ocr_line' id='line_1_115' title="bbox 1756 4284 3356 4357; baseline 0 -17"><span class='ocrx_word' id='word_1_798' title='bbox 1756 4288 1899 4341; x_wconf 86' lang='lat' dir='ltr'><strong>tibus</strong></span> <span class='ocrx_word' id='word_1_799' title='bbox 1948 4284 2494 4357; x_wconf 18' lang='lat' dir='ltr'><strong>uomcntdedernnt,</strong></span> <span class='ocrx_word' id='word_1_800' title='bbox 2544 4303 2714 4357; x_wconf 89' lang='lat' dir='ltr'><strong>prope</strong></span> <span class='ocrx_word' id='word_1_801' title='bbox 2746 4284 3018 4344; x_wconf 76' lang='lat' dir='ltr'><strong>universi.</strong></span> <span class='ocrx_word' id='word_1_802' title='bbox 3070 4288 3175 4343; x_wconf 86' lang='lat' dir='ltr'><strong>Eos</strong></span> <span class='ocrx_word' id='word_1_803' title='bbox 3224 4300 3356 4341; x_wconf 83' lang='lat' dir='ltr'><strong>vero</strong></span> 
     </span>
    </p>
   </div>
   <div class='ocr_carea' id='block_1_116' title="bbox 1754 4355 3356 4429">
    <p class='ocr_par' dir='ltr' id='par_1_116' title="bbox 1754 4355 3356 4429">
     <span class='ocr_line' id='line_1_116' title="bbox 1754 4355 3356 4429; baseline 0.001 -17"><span class='ocrx_word' id='word_1_804' title='bbox 1754 4357 1937 4412; x_wconf 71' lang='lat' dir='ltr'><strong>caeteri</strong></span> <span class='ocrx_word' id='word_1_805' title='bbox 1968 4355 2177 4429; x_wconf 72' lang='lat' dir='ltr'><strong>Ariani</strong></span> <span class='ocrx_word' id='word_1_806' title='bbox 2224 4372 2288 4411; x_wconf 87' lang='lat' dir='ltr'><strong>ac</strong></span> <span class='ocrx_word' id='word_1_807' title='bbox 2335 4355 2659 4414; x_wconf 85' lang='lat' dir='ltr'><strong>Setniariani</strong></span> <span class='ocrx_word' id='word_1_808' title='bbox 2706 4360 3356 4429; x_wconf 76' lang='lat' dir='ltr'><strong>rejiciebant.‘Scripsere</strong></span> 
     </span>
    </p>
   </div>
   <div class='ocr_carea' id='block_1_117' title="bbox 1754 4426 3344 4500">
    <p class='ocr_par' dir='ltr' id='par_1_117' title="bbox 1754 4426 3344 4500">
     <span class='ocr_line' id='line_1_117' title="bbox 1754 4426 3344 4500; baseline 0.001 -17"><span class='ocrx_word' id='word_1_809' title='bbox 1754 4428 2046 4500; x_wconf 84' lang='lat' dir='ltr'><strong>Gregorius</strong></span> <span class='ocrx_word' id='word_1_810' title='bbox 2075 4426 2353 4500; x_wconf 82' lang='lat' dir='ltr'><strong>Nysseuus</strong></span> <span class='ocrx_word' id='word_1_811' title='bbox 2394 4439 2450 4484; x_wconf 89' lang='lat' dir='ltr'><strong>et</strong></span> <span class='ocrx_word' id='word_1_812' title='bbox 2479 4429 2710 4486; x_wconf 85' lang='lat' dir='ltr'><strong>Basilius</strong></span> <span class='ocrx_word' id='word_1_813' title='bbox 2757 4426 2944 4486; x_wconf 81' lang='lat' dir='ltr'><strong>contra</strong></span> <span class='ocrx_word' id='word_1_814' title='bbox 2976 4426 3297 4500; x_wconf 81' lang='lat' dir='ltr'><strong>Eunomium</strong></span> <span class='ocrx_word' id='word_1_815' title='bbox 3331 4449 3344 4485; x_wconf 85' lang='lat'><strong>:</strong></span> 
     </span>
    </p>
   </div>
   <div class='ocr_carea' id='block_1_118' title="bbox 1754 4498 3353 4571">
    <p class='ocr_par' dir='ltr' id='par_1_118' title="bbox 1754 4498 3353 4571">
     <span class='ocr_line' id='line_1_118' title="bbox 1754 4498 3353 4571; baseline 0 -17"><span class='ocrx_word' id='word_1_816' title='bbox 1754 4502 1822 4554; x_wconf 90' lang='lat' dir='ltr'><strong>de</strong></span> <span class='ocrx_word' id='word_1_817' title='bbox 1850 4498 1958 4569; x_wconf 87' lang='lat' dir='ltr'><strong>quo</strong></span> <span class='ocrx_word' id='word_1_818' title='bbox 2000 4498 2244 4571; x_wconf 78' lang='lat' dir='ltr'><strong>meminit</strong></span> <span class='ocrx_word' id='word_1_819' title='bbox 2273 4501 2435 4554; x_wconf 90' lang='lat' dir='ltr'><strong>etiam</strong></span> <span class='ocrx_word' id='word_1_820' title='bbox 2489 4500 2821 4571; x_wconf 82' lang='lat' dir='ltr'><strong>Epiphanius</strong></span> <span class='ocrx_word' id='word_1_821' title='bbox 2873 4503 3076 4557; x_wconf 75' lang='lat' dir='ltr'><strong>Hmres.</strong></span> <span class='ocrx_word' id='word_1_822' title='bbox 3123 4500 3215 4566; x_wconf 85' lang='lat'><strong>76,</strong></span> <span class='ocrx_word' id='word_1_823' title='bbox 3245 4498 3353 4554; x_wconf 86' lang='lat' dir='ltr'><strong>Att-</strong></span> 
     </span>
    </p>
   </div>
   <div class='ocr_carea' id='block_1_119' title="bbox 1753 4569 3353 4641">
    <p class='ocr_par' dir='ltr' id='par_1_119' title="bbox 1753 4569 3353 4641">
     <span class='ocr_line' id='line_1_119' title="bbox 1753 4569 3353 4641; baseline 0 -16"><span class='ocrx_word' id='word_1_824' title='bbox 1753 4573 2004 4641; x_wconf 87' lang='lat' dir='ltr'><strong>gustinus</strong></span> <span class='ocrx_word' id='word_1_825' title='bbox 2034 4571 2102 4625; x_wconf 93' lang='lat' dir='ltr'><strong>de</strong></span> <span class='ocrx_word' id='word_1_826' title='bbox 2134 4569 2367 4641; x_wconf 64' lang='lat' dir='ltr'><strong>timeres,</strong></span> <span class='ocrx_word' id='word_1_827' title='bbox 2389 4586 2509 4641; x_wconf 91' lang='lat' dir='ltr'><strong>cap.</strong></span> <span class='ocrx_word' id='word_1_828' title='bbox 2537 4569 2634 4637; x_wconf 57' lang='grc' dir='ltr'><strong>ξι,</strong></span> <span class='ocrx_word' id='word_1_829' title='bbox 2664 4583 2930 4640; x_wconf 67' lang='grc' dir='ltr'><strong>θιιιιιωιθτ</strong></span> <span class='ocrx_word' id='word_1_830' title='bbox 2946 4572 3353 4628; x_wconf 85' lang='lat' dir='ltr'><strong>Theodoretutn</strong></span> 
     </span>
    </p>
   </div>
   <div class='ocr_carea' id='block_1_120' title="bbox 1756 4640 2853 4709">
    <p class='ocr_par' dir='ltr' id='par_1_120' title="bbox 1756 4640 2853 4709">
     <span class='ocr_line' id='line_1_120' title="bbox 1756 4640 2853 4709; baseline 0 -12"><span class='ocrx_word' id='word_1_831' title='bbox 1756 4640 2032 4697; x_wconf 79' lang='lat' dir='ltr'><strong>Socratem</strong></span> <span class='ocrx_word' id='word_1_832' title='bbox 2060 4648 2116 4695; x_wconf 87' lang='lat' dir='ltr'><strong>et</strong></span> <span class='ocrx_word' id='word_1_833' title='bbox 2140 4640 2525 4709; x_wconf 87' lang='lat' dir='ltr'><strong>Sozomenum,</strong></span> <span class='ocrx_word' id='word_1_834' title='bbox 2559 4644 2648 4698; x_wconf 89' lang='lat' dir='ltr'><strong>alii</strong></span> <span class='ocrx_word' id='word_1_835' title='bbox 2678 4645 2853 4699; x_wconf 88' lang='lat' dir='ltr'><strong>multi.</strong></span> 
     </span>
    </p>
   </div>
   <div class='ocr_carea' id='block_1_121' title="bbox 1832 4712 3351 4786">
    <p class='ocr_par' dir='ltr' id='par_1_121' title="bbox 1832 4712 3351 4786">
     <span class='ocr_line' id='line_1_121' title="bbox 1832 4712 3351 4786; baseline -0.001 -18"><span class='ocrx_word' id='word_1_836' title='bbox 1832 4725 1853 4786; x_wconf 61' lang='grc' dir='ltr'><strong>ς</strong></span> <span class='ocrx_word' id='word_1_837' title='bbox 1889 4712 2171 4786; x_wconf 33' lang='grc' dir='ltr'><strong>νθιιεάἰι.</strong></span> <span class='ocrx_word' id='word_1_838' title='bbox 2211 4727 2334 4768; x_wconf 92' lang='lat' dir='ltr'><strong>cum</strong></span> <span class='ocrx_word' id='word_1_839' title='bbox 2384 4729 2493 4786; x_wconf 91' lang='lat' dir='ltr'><strong>uno</strong></span> <span class='ocrx_word' id='word_1_840' title='bbox 2535 4716 2620 4786; x_wconf 85' lang='lat' dir='ltr'><strong>vel</strong></span> <span class='ocrx_word' id='word_1_841' title='bbox 2668 4717 2837 4771; x_wconf 90' lang='lat' dir='ltr'><strong>altero</strong></span> <span class='ocrx_word' id='word_1_842' title='bbox 2881 4712 3159 4786; x_wconf 75' lang='lat' dir='ltr'><strong>mss.,sed</strong></span> <span class='ocrx_word' id='word_1_843' title='bbox 3208 4715 3351 4786; x_wconf 80' lang='lat' dir='ltr'><strong>cogi-</strong></span> 
     </span>
    </p>
   </div>
   <div class='ocr_carea' id='block_1_122' title="bbox 1757 4782 3356 4853">
    <p class='ocr_par' dir='ltr' id='par_1_122' title="bbox 1757 4782 3356 4853">
     <span class='ocr_line' id='line_1_122' title="bbox 1757 4782 3356 4853; baseline 0.001 -16"><span class='ocrx_word' id='word_1_844' title='bbox 1757 4785 1982 4851; x_wconf 84' lang='lat' dir='ltr'><strong>tatione;</strong></span> <span class='ocrx_word' id='word_1_845' title='bbox 2010 4782 2169 4838; x_wconf 84' lang='lat' dir='ltr'><strong>Rom.</strong></span> <span class='ocrx_word' id='word_1_846' title='bbox 2201 4798 2322 4837; x_wconf 89' lang='lat' dir='ltr'><strong>eum</strong></span> <span class='ocrx_word' id='word_1_847' title='bbox 2369 4784 2612 4853; x_wconf 90' lang='lat' dir='ltr'><strong>reliquis,</strong></span> <span class='ocrx_word' id='word_1_848' title='bbox 2643 4786 2733 4840; x_wconf 84' lang='lat' dir='ltr'><strong>sed</strong></span> <span class='ocrx_word' id='word_1_849' title='bbox 2760 4786 2995 4840; x_wconf 81' lang='lat' dir='ltr'><strong>coitione.</strong></span> <span class='ocrx_word' id='word_1_850' title='bbox 3030 4784 3198 4839; x_wconf 80' lang='lat' dir='ltr'><strong>Multo</strong></span> <span class='ocrx_word' id='word_1_851' title='bbox 3225 4782 3356 4839; x_wconf 80' lang='lat' dir='ltr'><strong>con-</strong></span> 
     </span>
    </p>
   </div>
   <div class='ocr_carea' id='block_1_123' title="bbox 1755 4855 3355 4925">
    <p class='ocr_par' dir='ltr' id='par_1_123' title="bbox 1755 4855 3355 4925">
     <span class='ocr_line' id='line_1_123' title="bbox 1755 4855 3355 4925; baseline 0 -16"><span class='ocrx_word' id='word_1_852' title='bbox 1755 4855 1969 4909; x_wconf 83' lang='lat' dir='ltr'><strong>cinuius</strong></span> <span class='ocrx_word' id='word_1_853' title='bbox 1994 4872 2009 4918; x_wconf 86' lang='lat'><strong>;</strong></span> <span class='ocrx_word' id='word_1_854' title='bbox 2039 4855 2502 4925; x_wconf 64' lang='lat' dir='ltr'><strong>respondetenim</strong></span> <span class='ocrx_word' id='word_1_855' title='bbox 2554 4857 2925 4925; x_wconf 89' lang='lat' dir='ltr'><strong>superioribus</strong></span> <span class='ocrx_word' id='word_1_856' title='bbox 2953 4856 3059 4910; x_wconf 88' lang='lat' dir='ltr'><strong>illis</strong></span> <span class='ocrx_word' id='word_1_857' title='bbox 3079 4899 3093 4920; x_wconf 86' lang='lat'><strong>,</strong></span> <span class='ocrx_word' id='word_1_858' title='bbox 3127 4871 3355 4909; x_wconf 86' lang='lat' dir='ltr'><strong>commu-</strong></span> 
     </span>
    </p>
   </div>
   <div class='ocr_carea' id='block_1_124' title="bbox 1756 4923 3352 4993">
    <p class='ocr_par' dir='ltr' id='par_1_124' title="bbox 1756 4923 3352 4993">
     <span class='ocr_line' id='line_1_124' title="bbox 1756 4923 3352 4993; baseline 0.001 -14"><span class='ocrx_word' id='word_1_859' title='bbox 1756 4928 1911 4982; x_wconf 86' lang='lat' dir='ltr'><strong>nione</strong></span> <span class='ocrx_word' id='word_1_860' title='bbox 1956 4924 2279 4979; x_wconf 82' lang='lat' dir='ltr'><strong>discordans.</strong></span> <span class='ocrx_word' id='word_1_861' title='bbox 2308 4923 2461 4980; x_wconf 87' lang='lat' dir='ltr'><strong>Unus</strong></span> <span class='ocrx_word' id='word_1_862' title='bbox 2493 4923 2671 4982; x_wconf 84' lang='lat' dir='ltr'><strong>tamen</strong></span> <span class='ocrx_word' id='word_1_863' title='bbox 2698 4942 2731 4982; x_wconf 90' lang='lat' dir='ltr'><strong>e</strong></span> <span class='ocrx_word' id='word_1_864' title='bbox 2758 4926 2998 4993; x_wconf 88' lang='lat' dir='ltr'><strong>&#39;l‘huau.,</strong></span> <span class='ocrx_word' id='word_1_865' title='bbox 3022 4926 3113 4982; x_wconf 85' lang='lat' dir='ltr'><strong>sed</strong></span> <span class='ocrx_word' id='word_1_866' title='bbox 3140 4936 3352 4981; x_wconf 84' lang='lat' dir='ltr'><strong>conten-</strong></span> 
     </span>
    </p>
   </div>
   <div class='ocr_carea' id='block_1_125' title="bbox 1754 4999 2463 5063">
    <p class='ocr_par' dir='ltr' id='par_1_125' title="bbox 1754 4999 2463 5063">
     <span class='ocr_line' id='line_1_125' title="bbox 1754 4999 2463 5063; baseline -0.003 -10"><span class='ocrx_word' id='word_1_867' title='bbox 1754 4999 1911 5062; x_wconf 82' lang='lat' dir='ltr'><strong>tione,</strong></span> <span class='ocrx_word' id='word_1_868' title='bbox 1945 5012 2051 5051; x_wconf 90' lang='lat' dir='ltr'><strong>non</strong></span> <span class='ocrx_word' id='word_1_869' title='bbox 2085 5008 2252 5063; x_wconf 85' lang='lat' dir='ltr'><strong>pravo</strong></span> <span class='ocrx_word' id='word_1_870' title='bbox 2281 5011 2463 5051; x_wconf 75' lang='lat' dir='ltr'><strong>sensu.</strong></span> 
     </span>
    </p>
   </div>
   <div class='ocr_carea' id='block_1_126' title="bbox 1828 5065 3357 5136">
    <p class='ocr_par' dir='ltr' id='par_1_126' title="bbox 1828 5065 3357 5136">
     <span class='ocr_line' id='line_1_126' title="bbox 1828 5065 3357 5136; baseline 0.001 -15"><span class='ocrx_word' id='word_1_871' title='bbox 1828 5066 1854 5105; x_wconf 75' lang='grc' dir='ltr'>ἀ</span> <span class='ocrx_word' id='word_1_872' title='bbox 1880 5071 2080 5121; x_wconf 83' lang='lat' dir='ltr'><strong>Omnes</strong></span> <span class='ocrx_word' id='word_1_873' title='bbox 2110 5065 2242 5120; x_wconf 89' lang='lat' dir='ltr'><strong>edit.</strong></span> <span class='ocrx_word' id='word_1_874' title='bbox 2276 5076 2332 5121; x_wconf 90' lang='lat' dir='ltr'><strong>et</strong></span> <span class='ocrx_word' id='word_1_875' title='bbox 2377 5068 2527 5136; x_wconf 91' lang='lat' dir='ltr'><strong>pauci</strong></span> <span class='ocrx_word' id='word_1_876' title='bbox 2569 5083 2725 5132; x_wconf 90' lang='lat' dir='ltr'><strong>mss.,</strong></span> <span class='ocrx_word' id='word_1_877' title='bbox 2759 5069 2860 5122; x_wconf 80' lang='lat' dir='ltr'><strong>Alii</strong></span> <span class='ocrx_word' id='word_1_878' title='bbox 2910 5067 3230 5132; x_wconf 71' lang='lat' dir='ltr'><strong>Eudoxium,</strong></span> <span class='ocrx_word' id='word_1_879' title='bbox 3263 5069 3357 5123; x_wconf 87' lang='lat' dir='ltr'><strong>utii</strong></span> 
     </span>
    </p>
   </div>
   <div class='ocr_carea' id='block_1_127' title="bbox 1757 5138 3352 5210">
    <p class='ocr_par' dir='ltr' id='par_1_127' title="bbox 1757 5138 3352 5210">
     <span class='ocr_line' id='line_1_127' title="bbox 1757 5138 3352 5210; baseline 0.001 -17"><span class='ocrx_word' id='word_1_880' title='bbox 1757 5138 2110 5195; x_wconf 86' lang='lat' dir='ltr'><strong>Eunomium:</strong></span> <span class='ocrx_word' id='word_1_881' title='bbox 2140 5140 2230 5192; x_wconf 87' lang='lat' dir='ltr'><strong>alii</strong></span> <span class='ocrx_word' id='word_1_882' title='bbox 2285 5141 2459 5191; x_wconf 89' lang='lat' dir='ltr'><strong>multo</strong></span> <span class='ocrx_word' id='word_1_883' title='bbox 2488 5140 2669 5210; x_wconf 88' lang='lat' dir='ltr'><strong>plures</strong></span> <span class='ocrx_word' id='word_1_884' title='bbox 2699 5140 2988 5203; x_wconf 88' lang='lat' dir='ltr'><strong>omittunt,</strong></span> <span class='ocrx_word' id='word_1_885' title='bbox 3028 5151 3081 5192; x_wconf 87' lang='lat' dir='ltr'><strong>ut</strong></span> <span class='ocrx_word' id='word_1_886' title='bbox 3138 5140 3352 5194; x_wconf 82' lang='lat' dir='ltr'><strong>monui-</strong></span> 
     </span>
    </p>
   </div>
   <div class='ocr_carea' id='block_1_128' title="bbox 1757 5210 3351 5280">
    <p class='ocr_par' dir='ltr' id='par_1_128' title="bbox 1757 5210 3351 5280">
     <span class='ocr_line' id='line_1_128' title="bbox 1757 5210 3351 5280; baseline -0.002 -13"><span class='ocrx_word' id='word_1_887' title='bbox 1757 5226 1898 5274; x_wconf 88' lang='lat' dir='ltr'><strong>mus,</strong></span> <span class='ocrx_word' id='word_1_888' title='bbox 1932 5210 2025 5266; x_wconf 81' lang='lat' dir='ltr'><strong>alii</strong></span> <span class='ocrx_word' id='word_1_889' title='bbox 2056 5210 2389 5275; x_wconf 73' lang='lat' dir='ltr'><strong>Eudoxium;</strong></span> <span class='ocrx_word' id='word_1_890' title='bbox 2420 5210 2667 5280; x_wconf 83' lang='lat' dir='ltr'><strong>nonnulli</strong></span> <span class='ocrx_word' id='word_1_891' title='bbox 2696 5212 2859 5265; x_wconf 89' lang='lat' dir='ltr'><strong>etiam</strong></span> <span class='ocrx_word' id='word_1_892' title='bbox 2890 5226 2989 5280; x_wconf 89' lang='lat' dir='ltr'><strong>pro</strong></span> <span class='ocrx_word' id='word_1_893' title='bbox 3017 5211 3097 5264; x_wconf 81' lang='lat' dir='ltr'><strong>vel</strong></span> <span class='ocrx_word' id='word_1_894' title='bbox 3127 5210 3351 5276; x_wconf 81' lang='lat' dir='ltr'><strong>Aetium,</strong></span> 
     </span>
    </p>
   </div>
   <div class='ocr_carea' id='block_1_129' title="bbox 1757 5279 3357 5350">
    <p class='ocr_par' dir='ltr' id='par_1_129' title="bbox 1757 5279 3357 5350">
     <span class='ocr_line' id='line_1_129' title="bbox 1757 5279 3357 5350; baseline -0.002 -11"><span class='ocrx_word' id='word_1_895' title='bbox 1757 5282 2043 5350; x_wconf 80' lang='lat' dir='ltr'><strong>utrobique</strong></span> <span class='ocrx_word' id='word_1_896' title='bbox 2073 5283 2300 5347; x_wconf 84' lang='lat' dir='ltr'><strong>habent,</strong></span> <span class='ocrx_word' id='word_1_897' title='bbox 2332 5280 2412 5336; x_wconf 79' lang='lat' dir='ltr'><strong>uel</strong></span> <span class='ocrx_word' id='word_1_898' title='bbox 2456 5279 2749 5348; x_wconf 85' lang='lat' dir='ltr'><strong>Euticium,</strong></span> <span class='ocrx_word' id='word_1_899' title='bbox 2779 5279 3050 5336; x_wconf 79' lang='lat' dir='ltr'><strong>nonsatis</strong></span> <span class='ocrx_word' id='word_1_900' title='bbox 3086 5289 3255 5336; x_wconf 86' lang='lat' dir='ltr'><strong>recte.</strong></span> <span class='ocrx_word' id='word_1_901' title='bbox 3285 5283 3357 5336; x_wconf 81' lang='lat' dir='ltr'><strong>At</strong></span> 
     </span>
    </p>
   </div>
   <div class='ocr_carea' id='block_1_130' title="bbox 1758 5352 3353 5423">
    <p class='ocr_par' dir='ltr' id='par_1_130' title="bbox 1758 5352 3353 5423">
     <span class='ocr_line' id='line_1_130' title="bbox 1758 5352 3353 5423; baseline -0.003 -13"><span class='ocrx_word' id='word_1_902' title='bbox 1758 5354 1896 5410; x_wconf 85' lang='lat' dir='ltr'><strong>infra</strong></span> <span class='ocrx_word' id='word_1_903' title='bbox 1925 5354 2014 5408; x_wconf 91' lang='lat' dir='ltr'><strong>ubi</strong></span> <span class='ocrx_word' id='word_1_904' title='bbox 2044 5370 2143 5409; x_wconf 92' lang='lat' dir='ltr'><strong>nos</strong></span> <span class='ocrx_word' id='word_1_905' title='bbox 2173 5368 2293 5408; x_wconf 89' lang='lat' dir='ltr'><strong>cum</strong></span> <span class='ocrx_word' id='word_1_906' title='bbox 2319 5352 2543 5423; x_wconf 87' lang='lat' dir='ltr'><strong>reliquis</strong></span> <span class='ocrx_word' id='word_1_907' title='bbox 2566 5353 2700 5408; x_wconf 89' lang='lat' dir='ltr'><strong>edit.</strong></span> <span class='ocrx_word' id='word_1_908' title='bbox 2724 5368 2787 5406; x_wconf 92' lang='lat' dir='ltr'><strong>ac</strong></span> <span class='ocrx_word' id='word_1_909' title='bbox 2818 5368 2924 5407; x_wconf 90' lang='lat' dir='ltr'><strong>non</strong></span> <span class='ocrx_word' id='word_1_910' title='bbox 2951 5352 3170 5406; x_wconf 88' lang='lat' dir='ltr'><strong>minima</strong></span> <span class='ocrx_word' id='word_1_911' title='bbox 3198 5362 3353 5423; x_wconf 88' lang='lat' dir='ltr'><strong>parte</strong></span> 
     </span>
    </p>
   </div>
   <div class='ocr_carea' id='block_1_131' title="bbox 1758 5422 3357 5492">
    <p class='ocr_par' dir='ltr' id='par_1_131' title="bbox 1758 5422 3357 5492">
     <span class='ocr_line' id='line_1_131' title="bbox 1758 5422 3357 5492; baseline -0.002 -13"><span class='ocrx_word' id='word_1_912' title='bbox 1758 5441 1887 5480; x_wconf 53' lang='lat' dir='ltr'><strong>mssa</strong></span> <span class='ocrx_word' id='word_1_913' title='bbox 1919 5425 2013 5480; x_wconf 81' lang='lat' dir='ltr'><strong>alii</strong></span> <span class='ocrx_word' id='word_1_914' title='bbox 2040 5427 2268 5479; x_wconf 79' lang='lat' dir='ltr'><strong>diuersos</strong></span> <span class='ocrx_word' id='word_1_915' title='bbox 2295 5440 2315 5479; x_wconf 88' lang='lat'><strong><em>:</em></strong></span> <span class='ocrx_word' id='word_1_916' title='bbox 2343 5422 2525 5479; x_wconf 67' lang='lat' dir='ltr'><strong>caeteri</strong></span> <span class='ocrx_word' id='word_1_917' title='bbox 2554 5426 2688 5479; x_wconf 90' lang='lat' dir='ltr'><strong>scite</strong></span> <span class='ocrx_word' id='word_1_918' title='bbox 2718 5424 2882 5478; x_wconf 90' lang='lat' dir='ltr'><strong>etiam</strong></span> <span class='ocrx_word' id='word_1_919' title='bbox 2916 5424 3235 5492; x_wconf 68' lang='lat' dir='ltr'><strong>praeferunt,</strong></span> <span class='ocrx_word' id='word_1_920' title='bbox 3263 5422 3357 5476; x_wconf 85' lang='lat' dir='ltr'><strong>alii</strong></span> 
     </span>
    </p>
   </div>
   <div class='ocr_carea' id='block_1_132' title="bbox 1755 5493 3355 5563">
    <p class='ocr_par' dir='ltr' id='par_1_132' title="bbox 1755 5493 3355 5563">
     <span class='ocr_line' id='line_1_132' title="bbox 1755 5493 3355 5563; baseline -0.003 -11"><span class='ocrx_word' id='word_1_921' title='bbox 1755 5514 1783 5553; x_wconf 89' lang='lat' dir='ltr'><strong>e</strong></span> <span class='ocrx_word' id='word_1_922' title='bbox 1808 5498 2011 5551; x_wconf 83' lang='lat' dir='ltr'><strong>diversa</strong></span> <span class='ocrx_word' id='word_1_923' title='bbox 2059 5498 2306 5551; x_wconf 84' lang='lat' dir='ltr'><strong>sentiunt.</strong></span> <span class='ocrx_word' id='word_1_924' title='bbox 2340 5494 2495 5563; x_wconf 84' lang='lat' dir='ltr'><strong>Quod</strong></span> <span class='ocrx_word' id='word_1_925' title='bbox 2544 5508 2722 5549; x_wconf 91' lang='lat' dir='ltr'><strong>autem</strong></span> <span class='ocrx_word' id='word_1_926' title='bbox 2772 5495 2839 5549; x_wconf 88' lang='lat' dir='ltr'><strong>ad</strong></span> <span class='ocrx_word' id='word_1_927' title='bbox 2873 5504 2984 5549; x_wconf 90' lang='lat' dir='ltr'><strong>tres</strong></span> <span class='ocrx_word' id='word_1_928' title='bbox 3022 5493 3147 5548; x_wconf 89' lang='lat' dir='ltr'><strong>illos</strong></span> <span class='ocrx_word' id='word_1_929' title='bbox 3178 5496 3355 5548; x_wconf 80' lang='lat' dir='ltr'><strong>luere-</strong></span> 
     </span>
    </p>
   </div>
   <div class='ocr_carea' id='block_1_133' title="bbox 1760 5564 3355 5639">
    <p class='ocr_par' dir='ltr' id='par_1_133' title="bbox 1760 5564 3355 5639">
     <span class='ocr_line' id='line_1_133' title="bbox 1760 5564 3355 5639; baseline -0.003 -17"><span class='ocrx_word' id='word_1_930' title='bbox 1760 5570 1897 5623; x_wconf 91' lang='lat' dir='ltr'><strong>ticos</strong></span> <span class='ocrx_word' id='word_1_931' title='bbox 1924 5569 2012 5638; x_wconf 86' lang='lat' dir='ltr'><strong>qui</strong></span> <span class='ocrx_word' id='word_1_932' title='bbox 2044 5566 2542 5639; x_wconf 22' lang='lat' dir='ltr'><strong>superioribujtltic</strong></span> <span class='ocrx_word' id='word_1_933' title='bbox 2569 5574 2957 5639; x_wconf 78' lang='lat' dir='ltr'><strong>accensetttur,</strong></span> <span class='ocrx_word' id='word_1_934' title='bbox 2989 5580 3110 5619; x_wconf 90' lang='lat' dir='ltr'><strong>cum</strong></span> <span class='ocrx_word' id='word_1_935' title='bbox 3142 5564 3213 5620; x_wconf 88' lang='lat' dir='ltr'><strong>de</strong></span> <span class='ocrx_word' id='word_1_936' title='bbox 3241 5565 3355 5634; x_wconf 72' lang='lat' dir='ltr'><strong>pri-</strong></span> 
     </span>
    </p>
   </div>
   <div class='ocr_carea' id='block_1_134' title="bbox 1762 5631 3360 5706">
    <p class='ocr_par' dir='ltr' id='par_1_134' title="bbox 1762 5631 3360 5706">
     <span class='ocr_line' id='line_1_134' title="bbox 1762 5631 3360 5706; baseline -0.003 -13"><span class='ocrx_word' id='word_1_937' title='bbox 1762 5639 1865 5694; x_wconf 87' lang='lat' dir='ltr'><strong>mis</strong></span> <span class='ocrx_word' id='word_1_938' title='bbox 1913 5631 2129 5695; x_wconf 52' lang='lat' dir='ltr'><strong>d&#39;uobus&#39;</strong></span> <span class='ocrx_word' id='word_1_939' title='bbox 2154 5631 2223 5694; x_wconf 81' lang='lat' dir='ltr'><strong>ad</strong></span> <span class='ocrx_word' id='word_1_940' title='bbox 2252 5636 2542 5694; x_wconf 85' lang='lat' dir='ltr'><strong>concilium</strong></span> <span class='ocrx_word' id='word_1_941' title='bbox 2594 5636 2772 5706; x_wconf 86' lang='lat' dir='ltr'><strong>Aquil.</strong></span> <span class='ocrx_word' id='word_1_942' title='bbox 2807 5635 2884 5693; x_wconf 81' lang='lat' dir='ltr'><strong>de</strong></span> <span class='ocrx_word' id='word_1_943' title='bbox 2905 5644 3181 5706; x_wconf 80' lang='lat' dir='ltr'><strong>postremo</strong></span> <span class='ocrx_word' id='word_1_944' title='bbox 3230 5631 3360 5706; x_wconf 77' lang='lat' dir='ltr'><strong>vero</strong></span> 
     </span>
    </p>
   </div>
   <div class='ocr_carea' id='block_1_135' title="bbox 1802 5702 3358 5777">
    <p class='ocr_par' dir='ltr' id='par_1_135' title="bbox 1802 5702 3358 5777">
     <span class='ocr_line' id='line_1_135' title="bbox 1802 5702 3358 5777; baseline -0.002 -13"><span class='ocrx_word' id='word_1_945' title='bbox 1802 5710 2026 5769; x_wconf 87' lang='lat' dir='ltr'><strong>Iurimus</strong></span> <span class='ocrx_word' id='word_1_946' title='bbox 2058 5710 2186 5765; x_wconf 88' lang='lat' dir='ltr'><strong>locis</strong></span> <span class='ocrx_word' id='word_1_947' title='bbox 2234 5708 2411 5765; x_wconf 86' lang='lat' dir='ltr'><strong>futura</strong></span> <span class='ocrx_word' id='word_1_948' title='bbox 2438 5707 2510 5761; x_wconf 85' lang='lat' dir='ltr'><strong>sit</strong></span> <span class='ocrx_word' id='word_1_949' title='bbox 2541 5702 2790 5777; x_wconf 81' lang='lat' dir='ltr'><strong>loquendi</strong></span> <span class='ocrx_word' id='word_1_950' title='bbox 2823 5702 3073 5769; x_wconf 63' lang='lat' dir='ltr'><strong>«tertiato,</strong></span> <span class='ocrx_word' id='word_1_951' title='bbox 3103 5714 3245 5763; x_wconf 87' lang='lat' dir='ltr'><strong>nun’c</strong></span> <span class='ocrx_word' id='word_1_952' title='bbox 3286 5705 3358 5761; x_wconf 80' lang='lat' dir='ltr'><strong>de</strong></span> 
     </span>
    </p>
   </div>
   <div class='ocr_carea' id='block_1_136' title="bbox 1785 5779 2341 5836">
    <p class='ocr_par' dir='ltr' id='par_1_136' title="bbox 1785 5779 2341 5836">
     <span class='ocr_line' id='line_1_136' title="bbox 1785 5779 2341 5836; baseline -0.009 -1"><span class='ocrx_word' id='word_1_953' title='bbox 1785 5780 1869 5836; x_wconf 77' lang='lat' dir='ltr'><strong>ms</strong></span> <span class='ocrx_word' id='word_1_954' title='bbox 1898 5779 2029 5835; x_wconf 85' lang='lat' dir='ltr'><strong>uillll</strong></span> <span class='ocrx_word' id='word_1_955' title='bbox 2062 5779 2341 5835; x_wconf 79' lang='lat' dir='ltr'><strong>addemus.</strong></span> 
     </span>
    </p>
   </div>
  </div>
