  <div class='ocr_page' id='page_1' title='image "/cluster/home/n/w/nwhite01/storage/ocr_20150623/16/uva.x000826550/277.png"; bbox 0 0 3948 6172; ppageno 0'>
   <div class='ocr_carea' id='block_1_1' title="bbox 599 277 702 333">
    <p class='ocr_par' dir='ltr' id='par_1_1' title="bbox 599 277 702 333">
     <span class='ocr_line' id='line_1_1' title="bbox 599 277 702 333; baseline -0.019 0"><span class='ocrx_word' id='word_1_1' title='bbox 599 277 702 333; x_wconf 71' lang='lat'><strong>559</strong></span> 
     </span>
    </p>
   </div>
   <div class='ocr_carea' id='block_1_2' title="bbox 1952 245 3858 326">
    <p class='ocr_par' dir='ltr' id='par_1_2' title="bbox 1952 245 3858 326">
     <span class='ocr_line' id='line_1_2' title="bbox 1952 245 3858 326; baseline -0.003 0"><span class='ocrx_word' id='word_1_2' title='bbox 1952 245 2201 326; x_wconf 64' lang='lat' dir='ltr'><strong>siN&#39;cri</strong></span> <span class='ocrx_word' id='word_1_3' title='bbox 2237 245 2562 326; x_wconf 56' lang='lat' dir='ltr'><strong>Attiinbi’sn</strong></span> <span class='ocrx_word' id='word_1_4' title='bbox 3772 263 3858 326; x_wconf 72' lang='lat' dir='ltr'><strong>iiii)</strong></span> 
     </span>
    </p>
   </div>
   <div class='ocr_carea' id='block_1_3' title="bbox 605 377 3858 466">
    <p class='ocr_par' dir='ltr' id='par_1_3' title="bbox 605 377 3858 466">
     <span class='ocr_line' id='line_1_3' title="bbox 605 377 3858 466; baseline -0.001 -22"><span class='ocrx_word' id='word_1_5' title='bbox 605 395 851 466; x_wconf 65' lang='lat' dir='ltr'><strong>quaedam</strong></span> <span class='ocrx_word' id='word_1_6' title='bbox 881 403 905 431; x_wconf 75' lang='grc'><strong><em>⁸</em></strong></span> <span class='ocrx_word' id='word_1_7' title='bbox 927 383 1103 462; x_wconf 65' lang='lat' dir='ltr'><strong>Hydra</strong></span> <span class='ocrx_word' id='word_1_8' title='bbox 1134 380 1459 455; x_wconf 80' lang='lat' dir='ltr'><strong>fabularum,</strong></span> <span class='ocrx_word' id='word_1_9' title='bbox 1494 379 1806 446; x_wconf 79' lang='lat' dir='ltr'><strong>vulneribus</strong></span> <span class='ocrx_word' id='word_1_10' title='bbox 1839 385 1952 444; x_wconf 84' lang='lat' dir='ltr'><strong>sui‘s</strong></span> <span class='ocrx_word' id='word_1_11' title='bbox 1983 383 2154 444; x_wconf 74' lang='lat' dir='ltr'><strong>crevit</strong></span> <span class='ocrx_word' id='word_1_12' title='bbox 2187 393 2200 444; x_wconf 74' lang='grc' dir='ltr'><strong><em>ἑ</em></strong></span> <span class='ocrx_word' id='word_1_13' title='bbox 2231 377 2283 450; x_wconf 73' lang='grc' dir='ltr'>Α</span> <span class='ocrx_word' id='word_1_14' title='bbox 2311 403 2415 444; x_wconf 93' lang='lat' dir='ltr'><strong>non</strong></span> <span class='ocrx_word' id='word_1_15' title='bbox 2447 389 2624 443; x_wconf 82' lang='lat' dir='ltr'><strong>vultus</strong></span> <span class='ocrx_word' id='word_1_16' title='bbox 2653 381 2736 444; x_wconf 70' lang='lat' dir='ltr'><strong>cs&#39;t</strong></span> <span class='ocrx_word' id='word_1_17' title='bbox 2767 387 3064 457; x_wconf 81' lang='lat' dir='ltr'><strong>corporalis</strong></span> <span class='ocrx_word' id='word_1_18' title='bbox 3092 428 3104 450; x_wconf 89' lang='lat'><strong>,</strong></span> <span class='ocrx_word' id='word_1_19' title='bbox 3139 387 3242 441; x_wconf 82' lang='lat' dir='ltr'><strong>non</strong></span> <span class='ocrx_word' id='word_1_20' title='bbox 3275 386 3408 441; x_wconf 77' lang='lat' dir='ltr'><strong>l&#39;ti&#39;cis</strong></span> <span class='ocrx_word' id='word_1_21' title='bbox 3435 383 3744 456; x_wconf 77' lang='lat' dir='ltr'><strong>composita,</strong></span> <span class='ocrx_word' id='word_1_22' title='bbox 3773 404 3858 442; x_wconf 92' lang='lat' dir='ltr'><strong>non</strong></span> 
     </span>
    </p>
   </div>
   <div class='ocr_carea' id='block_1_4' title="bbox 603 475 2202 554">
    <p class='ocr_par' dir='ltr' id='par_1_4' title="bbox 603 475 2202 554">
     <span class='ocr_line' id='line_1_4' title="bbox 603 475 2202 554; baseline -0.004 -12"><span class='ocrx_word' id='word_1_23' title='bbox 603 497 656 542; x_wconf 90' lang='lat' dir='ltr'><strong>et</strong></span> <span class='ocrx_word' id='word_1_24' title='bbox 683 491 808 540; x_wconf 88' lang='lat' dir='ltr'><strong>dum</strong></span> <span class='ocrx_word' id='word_1_25' title='bbox 855 500 1002 554; x_wconf 61' lang='lat' dir='ltr'><strong>saepe</strong></span> <span class='ocrx_word' id='word_1_26' title='bbox 1029 484 1328 548; x_wconf 80' lang='lat' dir='ltr'><strong>reciditur,</strong></span> <span class='ocrx_word' id='word_1_27' title='bbox 1361 483 1646 552; x_wconf 90' lang='lat' dir='ltr'><strong>pullulavit</strong></span> <span class='ocrx_word' id='word_1_28' title='bbox 1670 523 1686 548; x_wconf 89' lang='lat'><strong>,</strong></span> <span class='ocrx_word' id='word_1_29' title='bbox 1719 481 1827 552; x_wconf 89' lang='lat' dir='ltr'><strong>igni</strong></span> <span class='ocrx_word' id='word_1_30' title='bbox 1871 482 2048 536; x_wconf 88' lang='lat' dir='ltr'><strong>debita</strong></span> <span class='ocrx_word' id='word_1_31' title='bbox 2075 523 2089 546; x_wconf 90' lang='lat'><strong>,</strong></span> <span class='ocrx_word' id='word_1_32' title='bbox 2121 475 2202 535; x_wconf 74' lang='lat' dir='ltr'><strong>in-</strong></span> 
     </span>
    </p>
   </div>
   <div class='ocr_carea' id='block_1_5' title="bbox 601 569 2199 644">
    <p class='ocr_par' dir='ltr' id='par_1_5' title="bbox 601 569 2199 644">
     <span class='ocr_line' id='line_1_5' title="bbox 601 569 2199 644; baseline -0.004 -12"><span class='ocrx_word' id='word_1_33' title='bbox 601 575 901 644; x_wconf 88' lang='lat' dir='ltr'><strong>cendioque</strong></span> <span class='ocrx_word' id='word_1_34' title='bbox 949 575 1184 644; x_wconf 91' lang='lat' dir='ltr'><strong>peritura</strong></span> <span class='ocrx_word' id='word_1_35' title='bbox 1220 592 1232 628; x_wconf 92' lang='lat'>:</span> <span class='ocrx_word' id='word_1_36' title='bbox 1266 581 1358 628; x_wconf 93' lang='lat' dir='ltr'><strong>aut</strong></span> <span class='ocrx_word' id='word_1_37' title='bbox 1389 573 1535 629; x_wconf 84' lang='lat' dir='ltr'><strong>velut</strong></span> <span class='ocrx_word' id='word_1_38' title='bbox 1578 571 1823 643; x_wconf 66' lang='lat' dir='ltr'><strong>quardam</strong></span> <span class='ocrx_word' id='word_1_39' title='bbox 1870 569 2199 627; x_wconf 87' lang='lat' dir='ltr'><strong>mo&#39;nstruosi</strong></span> 
     </span>
    </p>
   </div>
   <div class='ocr_carea' id='block_1_6' title="bbox 601 663 2198 738">
    <p class='ocr_par' dir='ltr' id='par_1_6' title="bbox 601 663 2198 738">
     <span class='ocr_line' id='line_1_6' title="bbox 601 663 2198 738; baseline -0.003 -15"><span class='ocrx_word' id='word_1_40' title='bbox 601 667 778 738; x_wconf 84' lang='lat' dir='ltr'><strong>Scylla</strong></span> <span class='ocrx_word' id='word_1_41' title='bbox 810 665 1043 736; x_wconf 91' lang='lat' dir='ltr'><strong>portenti</strong></span> <span class='ocrx_word' id='word_1_42' title='bbox 1075 667 1125 720; x_wconf 90' lang='lat' dir='ltr'><strong>in</strong></span> <span class='ocrx_word' id='word_1_43' title='bbox 1168 666 1348 721; x_wconf 84' lang='lat' dir='ltr'><strong>varias</strong></span> <span class='ocrx_word' id='word_1_44' title='bbox 1400 663 1600 722; x_wconf 80' lang='lat' dir='ltr'><strong>fortnas</strong></span> <span class='ocrx_word' id='word_1_45' title='bbox 1627 663 1880 721; x_wconf 90' lang='lat' dir='ltr'><strong>distincta</strong></span> <span class='ocrx_word' id='word_1_46' title='bbox 1914 665 2156 737; x_wconf 73' lang='lat' dir='ltr'><strong>perﬁdizc</strong></span> <span class='ocrx_word' id='word_1_47' title='bbox 2181 705 2198 733; x_wconf 90' lang='lat'><strong>,</strong></span> 
     </span>
    </p>
   </div>
   <div class='ocr_carea' id='block_1_7' title="bbox 601 757 2198 826">
    <p class='ocr_par' dir='ltr' id='par_1_7' title="bbox 601 757 2198 826">
     <span class='ocr_line' id='line_1_7' title="bbox 601 757 2198 826; baseline -0.001 -15"><span class='ocrx_word' id='word_1_48' title='bbox 601 758 750 813; x_wconf 81' lang='lat' dir='ltr'><strong>velut</strong></span> <span class='ocrx_word' id='word_1_49' title='bbox 792 772 1186 826; x_wconf 89' lang='lat' dir='ltr'><strong>supervacuum</strong></span> <span class='ocrx_word' id='word_1_50' title='bbox 1231 757 1552 812; x_wconf 68' lang='lat' dir='ltr'><strong>Christiana:</strong></span> <span class='ocrx_word' id='word_1_51' title='bbox 1583 761 1746 813; x_wconf 78' lang='lat' dir='ltr'><strong>&#39;sectze</strong></span> <span class='ocrx_word' id='word_1_52' title='bbox 1778 772 1972 811; x_wconf 87' lang='lat' dir='ltr'><strong>nomen</strong></span> <span class='ocrx_word' id='word_1_53' title='bbox 2005 759 2198 812; x_wconf 76' lang='lat' dir='ltr'><strong>obten-</strong></span> 
     </span>
    </p>
   </div>
   <div class='ocr_carea' id='block_1_8' title="bbox 599 849 2198 921">
    <p class='ocr_par' dir='ltr' id='par_1_8' title="bbox 599 849 2198 921">
     <span class='ocr_line' id='line_1_8' title="bbox 599 849 2198 921; baseline -0.001 -15"><span class='ocrx_word' id='word_1_54' title='bbox 599 852 679 906; x_wconf 88' lang='lat' dir='ltr'><strong>dit</strong></span> <span class='ocrx_word' id='word_1_55' title='bbox 710 869 721 904; x_wconf 76' lang='grc' dir='ltr'>ε</span> <span class='ocrx_word' id='word_1_56' title='bbox 752 851 846 905; x_wconf 90' lang='lat' dir='ltr'><strong>sed</strong></span> <span class='ocrx_word' id='word_1_57' title='bbox 885 861 1020 920; x_wconf 87' lang='lat' dir='ltr'><strong>quos</strong></span> <span class='ocrx_word' id='word_1_58' title='bbox 1069 851 1120 905; x_wconf 92' lang='lat' dir='ltr'><strong>in</strong></span> <span class='ocrx_word' id='word_1_59' title='bbox 1174 850 1268 904; x_wconf 93' lang='lat' dir='ltr'><strong>illo</strong></span> <span class='ocrx_word' id='word_1_60' title='bbox 1301 850 1590 921; x_wconf 74' lang='lat' dir='ltr'><strong>impietatis</strong></span> <span class='ocrx_word' id='word_1_61' title='bbox 1639 863 1751 904; x_wconf 67' lang='lat' dir='ltr'><strong>suae</strong></span> <span class='ocrx_word' id='word_1_62' title='bbox 1796 849 1936 904; x_wconf 83' lang='lat' dir='ltr'><strong>freto</strong></span> <span class='ocrx_word' id='word_1_63' title='bbox 1973 849 2198 905; x_wconf 90' lang='lat' dir='ltr'><strong>miseros</strong></span> 
     </span>
    </p>
   </div>
   <div class='ocr_carea' id='block_1_9' title="bbox 599 939 2198 1014">
    <p class='ocr_par' dir='ltr' id='par_1_9' title="bbox 599 939 2198 1014">
     <span class='ocr_line' id='line_1_9' title="bbox 599 939 2198 1014; baseline -0.001 -16"><span class='ocrx_word' id='word_1_64' title='bbox 599 939 741 998; x_wconf 81' lang='lat' dir='ltr'><strong>inter</strong></span> <span class='ocrx_word' id='word_1_65' title='bbox 765 943 1041 1013; x_wconf 77' lang='lat' dir='ltr'><strong>naufragia</strong></span> <span class='ocrx_word' id='word_1_66' title='bbox 1067 939 1189 998; x_wconf 88' lang='lat' dir='ltr'><strong>lidci</strong></span> <span class='ocrx_word' id='word_1_67' title='bbox 1215 943 1420 1014; x_wconf 80' lang='lat' dir='ltr'><strong>reperit</strong></span> <span class='ocrx_word' id='word_1_68' title='bbox 1442 945 1781 1010; x_wconf 86' lang='lat' dir='ltr'><strong>ﬁuctuantes,</strong></span> <span class='ocrx_word' id='word_1_69' title='bbox 1800 941 2053 998; x_wconf 90' lang='lat' dir='ltr'><strong>belluinis</strong></span> <span class='ocrx_word' id='word_1_70' title='bbox 2075 957 2198 997; x_wconf 89' lang='lat' dir='ltr'><strong>suc-</strong></span> 
     </span>
    </p>
   </div>
   <div class='ocr_carea' id='block_1_10' title="bbox 595 1034 2198 1107">
    <p class='ocr_par' dir='ltr' id='par_1_10' title="bbox 595 1034 2198 1107">
     <span class='ocr_line' id='line_1_10' title="bbox 595 1034 2198 1107; baseline -0.002 -16"><span class='ocrx_word' id='word_1_71' title='bbox 595 1037 769 1092; x_wconf 89' lang='lat' dir='ltr'><strong>cincta</strong></span> <span class='ocrx_word' id='word_1_72' title='bbox 823 1034 1111 1106; x_wconf 85' lang='lat' dir='ltr'><strong>prodigiis,</strong></span> <span class='ocrx_word' id='word_1_73' title='bbox 1165 1037 1292 1092; x_wconf 80' lang='lat' dir='ltr'><strong>tetri</strong></span> <span class='ocrx_word' id='word_1_74' title='bbox 1340 1035 1608 1107; x_wconf 83' lang='lat' dir='ltr'><strong>dogmatis</strong></span> <span class='ocrx_word' id='word_1_75' title='bbox 1662 1037 1807 1091; x_wconf 67' lang='lat' dir='ltr'><strong>sdivo</strong></span> <span class='ocrx_word' id='word_1_76' title='bbox 1853 1034 2015 1091; x_wconf 83' lang='lat' dir='ltr'><strong>dente</strong></span> <span class='ocrx_word' id='word_1_77' title='bbox 2060 1034 2198 1089; x_wconf 83' lang='lat' dir='ltr'><strong>dila-</strong></span> 
     </span>
    </p>
   </div>
   <div class='ocr_carea' id='block_1_11' title="bbox 597 1113 2022 1182">
    <p class='ocr_par' dir='ltr' id='par_1_11' title="bbox 597 1113 2022 1182">
     <span class='ocr_line' id='line_1_11' title="bbox 597 1113 2022 1182; baseline 0.007 -2"><span class='ocrx_word' id='word_1_78' title='bbox 597 1137 767 1182; x_wconf 90' lang='lat' dir='ltr'><strong>cerat.</strong></span> <span class='ocrx_word' id='word_1_79' title='bbox 2015 1113 2022 1118; x_wconf 63' lang='grc'><strong>’</strong></span> 
     </span>
    </p>
   </div>
   <div class='ocr_carea' id='block_1_12' title="bbox 663 1205 2196 1290">
    <p class='ocr_par' dir='ltr' id='par_1_12' title="bbox 663 1205 2196 1290">
     <span class='ocr_line' id='line_1_12' title="bbox 663 1205 2196 1290; baseline 0 -18"><span class='ocrx_word' id='word_1_80' title='bbox 663 1215 753 1274; x_wconf 75' lang='grc'><strong>47.</strong></span> <span class='ocrx_word' id='word_1_81' title='bbox 795 1217 962 1288; x_wconf 81' lang='lat' dir='ltr'><strong>Cujus</strong></span> <span class='ocrx_word' id='word_1_82' title='bbox 992 1218 1326 1290; x_wconf 80' lang='lat' dir='ltr'><strong>speluncam,</strong></span> <span class='ocrx_word' id='word_1_83' title='bbox 1355 1225 1543 1274; x_wconf 88' lang='lat' dir='ltr'><strong>sancte</strong></span> <span class='ocrx_word' id='word_1_84' title='bbox 1575 1219 1897 1289; x_wconf 88' lang='lat' dir='ltr'><strong>Imperator,</strong></span> <span class='ocrx_word' id='word_1_85' title='bbox 1931 1227 1989 1272; x_wconf 87' lang='lat' dir='ltr'><strong>ut</strong></span> <span class='ocrx_word' id='word_1_86' title='bbox 2017 1205 2196 1274; x_wconf 70' lang='lat' dir='ltr'><strong>ierunt</strong></span> 
     </span>
    </p>
   </div>
   <div class='ocr_carea' id='block_1_13' title="bbox 594 1310 2196 1382">
    <p class='ocr_par' dir='ltr' id='par_1_13' title="bbox 594 1310 2196 1382">
     <span class='ocr_line' id='line_1_13' title="bbox 594 1310 2196 1382; baseline -0.001 -14"><span class='ocrx_word' id='word_1_87' title='bbox 594 1321 807 1380; x_wconf 63' lang='lat' dir='ltr'><strong>nautas,</strong></span> <span class='ocrx_word' id='word_1_88' title='bbox 841 1310 999 1369; x_wconf 85' lang='lat' dir='ltr'><strong>caecis</strong></span> <span class='ocrx_word' id='word_1_89' title='bbox 1032 1313 1252 1368; x_wconf 90' lang='lat' dir='ltr'><strong>latebris</strong></span> <span class='ocrx_word' id='word_1_90' title='bbox 1283 1313 1689 1378; x_wconf 90' lang='lat' dir='ltr'><strong>inhorrentem,</strong></span> <span class='ocrx_word' id='word_1_91' title='bbox 1725 1311 2053 1382; x_wconf 85' lang='lat' dir='ltr'><strong>omnemque</strong></span> <span class='ocrx_word' id='word_1_92' title='bbox 2078 1310 2196 1380; x_wconf 70' lang='lat' dir='ltr'><strong>eius</strong></span> 
     </span>
    </p>
   </div>
   <div class='ocr_carea' id='block_1_14' title="bbox 595 1405 2193 1477">
    <p class='ocr_par' dir='ltr' id='par_1_14' title="bbox 595 1405 2193 1477">
     <span class='ocr_line' id='line_1_14' title="bbox 595 1405 2193 1477; baseline 0 -17"><span class='ocrx_word' id='word_1_93' title='bbox 595 1405 849 1461; x_wconf 80' lang='lat' dir='ltr'><strong>viciniam</strong></span> <span class='ocrx_word' id='word_1_94' title='bbox 879 1406 1126 1462; x_wconf 63' lang='lat' dir='ltr'><strong>caeruleis</strong></span> <span class='ocrx_word' id='word_1_95' title='bbox 1155 1407 1380 1462; x_wconf 77' lang='lat' dir='ltr'><strong>canibus</strong></span> <span class='ocrx_word' id='word_1_96' title='bbox 1430 1407 1569 1461; x_wconf 89' lang='lat' dir='ltr'><strong>inter</strong></span> <span class='ocrx_word' id='word_1_97' title='bbox 1600 1407 1838 1477; x_wconf 66' lang='lat' dir='ltr'><strong>perﬁdiae</strong></span> <span class='ocrx_word' id='word_1_98' title='bbox 1878 1405 2006 1462; x_wconf 81' lang='lat' dir='ltr'><strong>saxa</strong></span> <span class='ocrx_word' id='word_1_99' title='bbox 2039 1419 2193 1461; x_wconf 85' lang='lat' dir='ltr'><strong>reso-</strong></span> 
     </span>
    </p>
   </div>
   <div class='ocr_carea' id='block_1_15' title="bbox 592 1498 2195 1569">
    <p class='ocr_par' dir='ltr' id='par_1_15' title="bbox 592 1498 2195 1569">
     <span class='ocr_line' id='line_1_15' title="bbox 592 1498 2195 1569; baseline -0.002 -14"><span class='ocrx_word' id='word_1_100' title='bbox 592 1511 811 1556; x_wconf 88' lang='lat' dir='ltr'><strong>nantem</strong></span> <span class='ocrx_word' id='word_1_101' title='bbox 835 1540 848 1565; x_wconf 87' lang='lat'><strong>,</strong></span> <span class='ocrx_word' id='word_1_102' title='bbox 882 1499 1063 1554; x_wconf 90' lang='lat' dir='ltr'><strong>clausa</strong></span> <span class='ocrx_word' id='word_1_103' title='bbox 1093 1499 1494 1569; x_wconf 86' lang='lat' dir='ltr'><strong>quodammodo</strong></span> <span class='ocrx_word' id='word_1_104' title='bbox 1537 1499 1819 1569; x_wconf 70' lang='lat' dir='ltr'><strong>prmterire</strong></span> <span class='ocrx_word' id='word_1_105' title='bbox 1856 1513 1987 1553; x_wconf 90' lang='lat' dir='ltr'><strong>aure</strong></span> <span class='ocrx_word' id='word_1_106' title='bbox 2033 1498 2195 1552; x_wconf 85' lang='lat' dir='ltr'><strong>debe-</strong></span> 
     </span>
    </p>
   </div>
   <div class='ocr_carea' id='block_1_16' title="bbox 590 1588 2189 1663">
    <p class='ocr_par' dir='ltr' id='par_1_16' title="bbox 590 1588 2189 1663">
     <span class='ocr_line' id='line_1_16' title="bbox 590 1588 2189 1663; baseline -0.003 -17"><span class='ocrx_word' id='word_1_107' title='bbox 590 1608 730 1646; x_wconf 88' lang='lat' dir='ltr'><strong>mus.</strong></span> <span class='ocrx_word' id='word_1_108' title='bbox 752 1591 1022 1660; x_wconf 84' lang='lat' dir='ltr'><strong>Scriptnm</strong></span> <span class='ocrx_word' id='word_1_109' title='bbox 1050 1603 1130 1647; x_wconf 88' lang='lat' dir='ltr'><strong>est</strong></span> <span class='ocrx_word' id='word_1_110' title='bbox 1157 1593 1298 1646; x_wconf 89' lang='lat' dir='ltr'><strong>cnim</strong></span> <span class='ocrx_word' id='word_1_111' title='bbox 1318 1613 1329 1646; x_wconf 86' lang='lat'><strong>:</strong></span> <span class='ocrx_word' id='word_1_112' title='bbox 1349 1591 1475 1660; x_wconf 82' lang='lat' dir='ltr'><strong>Sepi</strong></span> <span class='ocrx_word' id='word_1_113' title='bbox 1497 1607 1646 1646; x_wconf 87' lang='lat' dir='ltr'><strong>aures</strong></span> <span class='ocrx_word' id='word_1_114' title='bbox 1671 1601 1784 1644; x_wconf 91' lang='lat' dir='ltr'><strong>tuas</strong></span> <span class='ocrx_word' id='word_1_115' title='bbox 1829 1590 1993 1658; x_wconf 77' lang='lat' dir='ltr'><strong>spinis</strong></span> <span class='ocrx_word' id='word_1_116' title='bbox 2018 1588 2189 1663; x_wconf 79' lang='lat' dir='ltr'><strong>(Eccl.</strong></span> 
     </span>
    </p>
   </div>
   <div class='ocr_carea' id='block_1_17' title="bbox 591 1681 2195 1752">
    <p class='ocr_par' dir='ltr' id='par_1_17' title="bbox 591 1681 2195 1752">
     <span class='ocr_line' id='line_1_17' title="bbox 591 1681 2195 1752; baseline -0.004 -13"><span class='ocrx_word' id='word_1_117' title='bbox 591 1683 782 1748; x_wconf 63' lang='lat' dir='ltr'><strong>xivm,</strong></span> <span class='ocrx_word' id='word_1_118' title='bbox 813 1683 927 1752; x_wconf 87' lang='lat'><strong>28).</strong></span> <span class='ocrx_word' id='word_1_119' title='bbox 960 1681 1023 1736; x_wconf 87' lang='lat' dir='ltr'><strong>Et</strong></span> <span class='ocrx_word' id='word_1_120' title='bbox 1049 1682 1175 1737; x_wconf 81' lang='lat' dir='ltr'><strong>alibi</strong></span> <span class='ocrx_word' id='word_1_121' title='bbox 1209 1700 1222 1736; x_wconf 90' lang='lat'><strong>:</strong></span> <span class='ocrx_word' id='word_1_122' title='bbox 1265 1682 1446 1736; x_wconf 82' lang='lat' dir='ltr'><strong>Videte</strong></span> <span class='ocrx_word' id='word_1_123' title='bbox 1476 1699 1648 1748; x_wconf 88' lang='lat' dir='ltr'><strong>canes,</strong></span> <span class='ocrx_word' id='word_1_124' title='bbox 1681 1683 1844 1735; x_wconf 82' lang='lat' dir='ltr'><strong>videte</strong></span> <span class='ocrx_word' id='word_1_125' title='bbox 1884 1682 2047 1735; x_wconf 88' lang='lat' dir='ltr'><strong>mulos</strong></span> <span class='ocrx_word' id='word_1_126' title='bbox 2074 1697 2195 1751; x_wconf 86' lang='lat' dir='ltr'><strong>ape-</strong></span> 
     </span>
    </p>
   </div>
   <div class='ocr_carea' id='block_1_18' title="bbox 2303 471 3860 551">
    <p class='ocr_par' dir='ltr' id='par_1_18' title="bbox 2303 471 3860 551">
     <span class='ocr_line' id='line_1_18' title="bbox 2303 471 3860 551; baseline -0.001 -15"><span class='ocrx_word' id='word_1_127' title='bbox 2303 477 2441 536; x_wconf 84' lang='lat' dir='ltr'><strong>ceris</strong></span> <span class='ocrx_word' id='word_1_128' title='bbox 2471 499 2482 534; x_wconf 88' lang='lat'><strong><em>:</em></strong></span> <span class='ocrx_word' id='word_1_129' title='bbox 2517 481 2608 536; x_wconf 88' lang='lat' dir='ltr'><strong>sed</strong></span> <span class='ocrx_word' id='word_1_130' title='bbox 2657 471 2886 551; x_wconf 76' lang='lat' dir='ltr'><strong>simplex</strong></span> <span class='ocrx_word' id='word_1_131' title='bbox 2931 480 2998 535; x_wconf 89' lang='lat' dir='ltr'><strong>de</strong></span> <span class='ocrx_word' id='word_1_132' title='bbox 3027 478 3137 534; x_wconf 85' lang='lat' dir='ltr'><strong>Deo</strong></span> <span class='ocrx_word' id='word_1_133' title='bbox 3160 522 3172 544; x_wconf 91' lang='lat'><strong>,</strong></span> <span class='ocrx_word' id='word_1_134' title='bbox 3200 487 3416 550; x_wconf 81' lang='lat' dir='ltr'><strong>egressa</strong></span> <span class='ocrx_word' id='word_1_135' title='bbox 3465 479 3532 534; x_wconf 77' lang='lat' dir='ltr'><strong>&#39;de</strong></span> <span class='ocrx_word' id='word_1_136' title='bbox 3558 478 3711 535; x_wconf 75' lang='lat' dir='ltr'><strong>Patre</strong></span> <span class='ocrx_word' id='word_1_137' title='bbox 3734 523 3747 546; x_wconf 92' lang='lat'><strong>,</strong></span> <span class='ocrx_word' id='word_1_138' title='bbox 3784 495 3860 534; x_wconf 53' lang='lat' dir='ltr'><strong>es-</strong></span> 
     </span>
    </p>
   </div>
   <div class='ocr_carea' id='block_1_19' title="bbox 2305 566 2792 645">
    <p class='ocr_par' dir='ltr' id='par_1_19' title="bbox 2305 566 2792 645">
     <span class='ocr_line' id='line_1_19' title="bbox 2305 566 2792 645; baseline -0.004 -16"><span class='ocrx_word' id='word_1_139' title='bbox 2305 575 2489 645; x_wconf 79' lang='lat' dir='ltr'><strong>pressa</strong></span> <span class='ocrx_word' id='word_1_140' title='bbox 2524 575 2590 630; x_wconf 91' lang='lat' dir='ltr'><strong>de</strong></span> <span class='ocrx_word' id='word_1_141' title='bbox 2624 566 2792 630; x_wconf 65' lang='lat' dir='ltr'><strong>fonte.</strong></span> 
     </span>
    </p>
   </div>
   <div class='ocr_carea' id='block_1_20' title="bbox 2374 659 3857 735">
    <p class='ocr_par' dir='ltr' id='par_1_20' title="bbox 2374 659 3857 735">
     <span class='ocr_line' id='line_1_20' title="bbox 2374 659 3857 735; baseline -0.001 -13"><span class='ocrx_word' id='word_1_142' title='bbox 2374 667 2463 722; x_wconf 87' lang='grc'><strong>50.</strong></span> <span class='ocrx_word' id='word_1_143' title='bbox 2507 659 2611 722; x_wconf 83' lang='lat' dir='ltr'><strong>Per</strong></span> <span class='ocrx_word' id='word_1_144' title='bbox 2653 665 2791 721; x_wconf 91' lang='lat' dir='ltr'><strong>hanc</strong></span> <span class='ocrx_word' id='word_1_145' title='bbox 2823 663 3109 735; x_wconf 80' lang='lat' dir='ltr'><strong>imaginem</strong></span> <span class='ocrx_word' id='word_1_146' title='bbox 3163 663 3411 734; x_wconf 77' lang='lat' dir='ltr'><strong>Philippo</strong></span> <span class='ocrx_word' id='word_1_147' title='bbox 3455 663 3665 720; x_wconf 79' lang='lat' dir='ltr'><strong>Patrem</strong></span> <span class='ocrx_word' id='word_1_148' title='bbox 3707 665 3857 720; x_wconf 89' lang='lat' dir='ltr'><strong>Domi-</strong></span> 
     </span>
    </p>
   </div>
   <div class='ocr_carea' id='block_1_21' title="bbox 2302 757 3854 830">
    <p class='ocr_par' dir='ltr' id='par_1_21' title="bbox 2302 757 3854 830">
     <span class='ocr_line' id='line_1_21' title="bbox 2302 757 3854 830; baseline -0.003 -16"><span class='ocrx_word' id='word_1_149' title='bbox 2302 775 2402 814; x_wconf 91' lang='lat' dir='ltr'><strong>nus</strong></span> <span class='ocrx_word' id='word_1_150' title='bbox 2433 759 2824 815; x_wconf 80' lang='lat' dir='ltr'><strong>demonstravit</strong></span> <span class='ocrx_word' id='word_1_151' title='bbox 2845 803 2858 826; x_wconf 92' lang='lat'><strong>,</strong></span> <span class='ocrx_word' id='word_1_152' title='bbox 2907 758 3093 814; x_wconf 92' lang='lat' dir='ltr'><strong>dicens</strong></span> <span class='ocrx_word' id='word_1_153' title='bbox 3124 777 3138 811; x_wconf 89' lang='lat'><strong>:</strong></span> <span class='ocrx_word' id='word_1_154' title='bbox 3172 757 3448 830; x_wconf 81' lang='lat' dir='ltr'><strong>Philippe,</strong></span> <span class='ocrx_word' id='word_1_155' title='bbox 3478 757 3566 827; x_wconf 88' lang='lat' dir='ltr'><strong>qui</strong></span> <span class='ocrx_word' id='word_1_156' title='bbox 3611 774 3684 812; x_wconf 90' lang='lat' dir='ltr'><strong>me</strong></span> <span class='ocrx_word' id='word_1_157' title='bbox 3717 760 3854 824; x_wconf 67' lang='lat' dir='ltr'><strong>videt,</strong></span> 
     </span>
    </p>
   </div>
   <div class='ocr_carea' id='block_1_22' title="bbox 2300 850 3857 922">
    <p class='ocr_par' dir='ltr' id='par_1_22' title="bbox 2300 850 3857 922">
     <span class='ocr_line' id='line_1_22' title="bbox 2300 850 3857 922; baseline -0.003 -15"><span class='ocrx_word' id='word_1_158' title='bbox 2300 853 2434 907; x_wconf 84' lang='lat' dir='ltr'><strong>videt</strong></span> <span class='ocrx_word' id='word_1_159' title='bbox 2480 862 2525 907; x_wconf 88' lang='lat' dir='ltr'><strong>et</strong></span> <span class='ocrx_word' id='word_1_160' title='bbox 2575 851 2808 908; x_wconf 84' lang='lat' dir='ltr'><strong>Patrem.</strong></span> <span class='ocrx_word' id='word_1_161' title='bbox 2844 852 2913 908; x_wconf 87' lang='lat' dir='ltr'><strong>Et</strong></span> <span class='ocrx_word' id='word_1_162' title='bbox 2941 851 3194 922; x_wconf 87' lang='lat' dir='ltr'><strong>quomoda</strong></span> <span class='ocrx_word' id='word_1_163' title='bbox 3234 863 3288 905; x_wconf 92' lang='lat' dir='ltr'><strong>tu</strong></span> <span class='ocrx_word' id='word_1_164' title='bbox 3320 850 3450 905; x_wconf 84' lang='lat' dir='ltr'><strong>dicis</strong></span> <span class='ocrx_word' id='word_1_165' title='bbox 3479 869 3497 905; x_wconf 88' lang='lat'><strong><em>:</em></strong></span> <span class='ocrx_word' id='word_1_166' title='bbox 3531 851 3743 906; x_wconf 68' lang='lat' dir='ltr'><strong>05tende</strong></span> <span class='ocrx_word' id='word_1_167' title='bbox 3781 859 3857 904; x_wconf 84' lang='lat' dir='ltr'><strong>no-</strong></span> 
     </span>
    </p>
   </div>
   <div class='ocr_carea' id='block_1_23' title="bbox 2302 942 3859 1016">
    <p class='ocr_par' dir='ltr' id='par_1_23' title="bbox 2302 942 3859 1016">
     <span class='ocr_line' id='line_1_23' title="bbox 2302 942 3859 1016; baseline -0.001 -19"><span class='ocrx_word' id='word_1_168' title='bbox 2302 945 2377 998; x_wconf 88' lang='lat' dir='ltr'><strong>bis</strong></span> <span class='ocrx_word' id='word_1_169' title='bbox 2409 943 2667 1000; x_wconf 80' lang='lat' dir='ltr'><strong>Patrem?</strong></span> <span class='ocrx_word' id='word_1_170' title='bbox 2697 944 2817 998; x_wconf 86' lang='lat' dir='ltr'><strong>Non</strong></span> <span class='ocrx_word' id='word_1_171' title='bbox 2846 945 3014 999; x_wconf 88' lang='lat' dir='ltr'><strong>credis</strong></span> <span class='ocrx_word' id='word_1_172' title='bbox 3051 945 3172 1014; x_wconf 95' lang='lat' dir='ltr'><strong>quia</strong></span> <span class='ocrx_word' id='word_1_173' title='bbox 3203 961 3293 1016; x_wconf 84' lang='lat' dir='ltr'><strong>ego</strong></span> <span class='ocrx_word' id='word_1_174' title='bbox 3339 946 3389 996; x_wconf 77' lang='lat' dir='ltr'><strong>in</strong></span> <span class='ocrx_word' id='word_1_175' title='bbox 3429 943 3617 1010; x_wconf 84' lang='lat' dir='ltr'><strong>Patre,</strong></span> <span class='ocrx_word' id='word_1_176' title='bbox 3655 954 3699 998; x_wconf 90' lang='lat' dir='ltr'><strong>et</strong></span> <span class='ocrx_word' id='word_1_177' title='bbox 3728 942 3859 996; x_wconf 83' lang='lat' dir='ltr'><strong>Pater</strong></span> 
     </span>
    </p>
   </div>
   <div class='ocr_carea' id='block_1_24' title="bbox 2300 1035 3858 1109">
    <p class='ocr_par' dir='ltr' id='par_1_24' title="bbox 2300 1035 3858 1109">
     <span class='ocr_line' id='line_1_24' title="bbox 2300 1035 3858 1109; baseline -0.002 -19"><span class='ocrx_word' id='word_1_178' title='bbox 2300 1039 2352 1090; x_wconf 89' lang='lat' dir='ltr'><strong>in</strong></span> <span class='ocrx_word' id='word_1_179' title='bbox 2381 1054 2458 1090; x_wconf 89' lang='lat' dir='ltr'><strong>me</strong></span> <span class='ocrx_word' id='word_1_180' title='bbox 2487 1047 2560 1092; x_wconf 87' lang='lat' dir='ltr'><strong>est</strong></span> <span class='ocrx_word' id='word_1_181' title='bbox 2586 1037 2770 1109; x_wconf 84' lang='lat' dir='ltr'><strong>(Joan.</strong></span> <span class='ocrx_word' id='word_1_182' title='bbox 2803 1053 2919 1102; x_wconf 81' lang='lat' dir='ltr'><strong>xw,</strong></span> <span class='ocrx_word' id='word_1_183' title='bbox 2945 1037 2975 1090; x_wconf 77' lang='lat'>9</span> <span class='ocrx_word' id='word_1_184' title='bbox 2996 1046 3042 1091; x_wconf 89' lang='lat' dir='ltr'><strong>et</strong></span> <span class='ocrx_word' id='word_1_185' title='bbox 3075 1036 3197 1094; x_wconf 85' lang='lat' dir='ltr'><strong>lOl?</strong></span> <span class='ocrx_word' id='word_1_186' title='bbox 3233 1035 3380 1091; x_wconf 74' lang='lat' dir='ltr'><strong>Videt</strong></span> <span class='ocrx_word' id='word_1_187' title='bbox 3405 1036 3548 1090; x_wconf 89' lang='lat' dir='ltr'><strong>enim</strong></span> <span class='ocrx_word' id='word_1_188' title='bbox 3583 1036 3632 1090; x_wconf 93' lang='lat' dir='ltr'><strong>in</strong></span> <span class='ocrx_word' id='word_1_189' title='bbox 3659 1035 3858 1104; x_wconf 87' lang='lat' dir='ltr'><strong>imagine</strong></span> 
     </span>
    </p>
   </div>
   <div class='ocr_carea' id='block_1_25' title="bbox 2301 1127 3857 1198">
    <p class='ocr_par' dir='ltr' id='par_1_25' title="bbox 2301 1127 3857 1198">
     <span class='ocr_line' id='line_1_25' title="bbox 2301 1127 3857 1198; baseline -0.001 -16"><span class='ocrx_word' id='word_1_190' title='bbox 2301 1129 2546 1192; x_wconf 77' lang='lat' dir='ltr'><strong>Patrem,</strong></span> <span class='ocrx_word' id='word_1_191' title='bbox 2575 1129 2664 1198; x_wconf 89' lang='lat' dir='ltr'><strong>qui</strong></span> <span class='ocrx_word' id='word_1_192' title='bbox 2699 1128 2844 1183; x_wconf 85' lang='lat' dir='ltr'><strong>videt</strong></span> <span class='ocrx_word' id='word_1_193' title='bbox 2890 1129 2940 1182; x_wconf 92' lang='lat' dir='ltr'><strong>in</strong></span> <span class='ocrx_word' id='word_1_194' title='bbox 2991 1127 3151 1182; x_wconf 77' lang='lat' dir='ltr'><strong>Filio.</strong></span> <span class='ocrx_word' id='word_1_195' title='bbox 3207 1127 3368 1182; x_wconf 79' lang='lat' dir='ltr'><strong>Vides</strong></span> <span class='ocrx_word' id='word_1_196' title='bbox 3394 1143 3554 1195; x_wconf 88' lang='lat' dir='ltr'><strong>quam</strong></span> <span class='ocrx_word' id='word_1_197' title='bbox 3608 1127 3857 1196; x_wconf 84' lang='lat' dir='ltr'><strong>imaginem</strong></span> 
     </span>
    </p>
   </div>
   <div class='ocr_carea' id='block_1_26' title="bbox 2299 1219 3854 1291">
    <p class='ocr_par' dir='ltr' id='par_1_26' title="bbox 2299 1219 3854 1291">
     <span class='ocr_line' id='line_1_26' title="bbox 2299 1219 3854 1291; baseline -0.002 -17"><span class='ocrx_word' id='word_1_198' title='bbox 2299 1219 2488 1274; x_wconf 84' lang='lat' dir='ltr'><strong>dicat?</strong></span> <span class='ocrx_word' id='word_1_199' title='bbox 2521 1220 2698 1290; x_wconf 87' lang='lat' dir='ltr'><strong>imago</strong></span> <span class='ocrx_word' id='word_1_200' title='bbox 2730 1221 2829 1274; x_wconf 84' lang='lat' dir='ltr'><strong>ista</strong></span> <span class='ocrx_word' id='word_1_201' title='bbox 2858 1220 3058 1275; x_wconf 87' lang='lat' dir='ltr'><strong>veritas</strong></span> <span class='ocrx_word' id='word_1_202' title='bbox 3089 1229 3188 1286; x_wconf 74' lang='lat' dir='ltr'><strong>est,</strong></span> <span class='ocrx_word' id='word_1_203' title='bbox 3220 1220 3398 1291; x_wconf 80' lang='lat' dir='ltr'><strong>imago</strong></span> <span class='ocrx_word' id='word_1_204' title='bbox 3428 1220 3526 1274; x_wconf 89' lang='lat' dir='ltr'><strong>ista</strong></span> <span class='ocrx_word' id='word_1_205' title='bbox 3553 1220 3748 1291; x_wconf 86' lang='lat' dir='ltr'><strong>justitia</strong></span> <span class='ocrx_word' id='word_1_206' title='bbox 3771 1229 3854 1282; x_wconf 86' lang='lat' dir='ltr'><strong>est,</strong></span> 
     </span>
    </p>
   </div>
   <div class='ocr_carea' id='block_1_27' title="bbox 2300 1312 3858 1385">
    <p class='ocr_par' dir='ltr' id='par_1_27' title="bbox 2300 1312 3858 1385">
     <span class='ocr_line' id='line_1_27' title="bbox 2300 1312 3858 1385; baseline -0.001 -19"><span class='ocrx_word' id='word_1_207' title='bbox 2300 1312 2478 1385; x_wconf 87' lang='lat' dir='ltr'><strong>imago</strong></span> <span class='ocrx_word' id='word_1_208' title='bbox 2529 1314 2628 1368; x_wconf 78' lang='lat' dir='ltr'><strong>ista</strong></span> <span class='ocrx_word' id='word_1_209' title='bbox 2683 1314 2777 1368; x_wconf 87' lang='lat' dir='ltr'><strong>Dei</strong></span> <span class='ocrx_word' id='word_1_210' title='bbox 2831 1315 3004 1368; x_wconf 91' lang='lat' dir='ltr'><strong>virtus</strong></span> <span class='ocrx_word' id='word_1_211' title='bbox 3037 1327 3056 1350; x_wconf 71' lang='grc' dir='ltr'><strong>ε·</strong></span> <span class='ocrx_word' id='word_1_212' title='bbox 3085 1322 3166 1368; x_wconf 90' lang='lat' dir='ltr'><strong>est</strong></span> <span class='ocrx_word' id='word_1_213' title='bbox 3199 1332 3210 1366; x_wconf 92' lang='lat'><strong>:</strong></span> <span class='ocrx_word' id='word_1_214' title='bbox 3242 1331 3347 1368; x_wconf 90' lang='lat' dir='ltr'><strong>non</strong></span> <span class='ocrx_word' id='word_1_215' title='bbox 3381 1327 3530 1368; x_wconf 86' lang='lat' dir='ltr'><strong>muta</strong></span> <span class='ocrx_word' id='word_1_216' title='bbox 3554 1353 3570 1379; x_wconf 83' lang='lat'><strong>,</strong></span> <span class='ocrx_word' id='word_1_217' title='bbox 3609 1316 3720 1383; x_wconf 86' lang='lat' dir='ltr'><strong>quia</strong></span> <span class='ocrx_word' id='word_1_218' title='bbox 3751 1313 3858 1366; x_wconf 80' lang='lat' dir='ltr'><strong>Ver-</strong></span> 
     </span>
    </p>
   </div>
   <div class='ocr_carea' id='block_1_28' title="bbox 2300 1405 3856 1476">
    <p class='ocr_par' dir='ltr' id='par_1_28' title="bbox 2300 1405 3856 1476">
     <span class='ocr_line' id='line_1_28' title="bbox 2300 1405 3856 1476; baseline -0.001 -16"><span class='ocrx_word' id='word_1_219' title='bbox 2300 1405 2424 1460; x_wconf 88' lang='lat' dir='ltr'><strong>bum</strong></span> <span class='ocrx_word' id='word_1_220' title='bbox 2453 1417 2536 1461; x_wconf 69' lang='lat' dir='ltr'><strong>est</strong></span> <span class='ocrx_word' id='word_1_221' title='bbox 2568 1423 2580 1459; x_wconf 91' lang='lat'><strong>:</strong></span> <span class='ocrx_word' id='word_1_222' title='bbox 2613 1423 2719 1460; x_wconf 83' lang='lat' dir='ltr'><strong>non</strong></span> <span class='ocrx_word' id='word_1_223' title='bbox 2770 1406 3135 1470; x_wconf 90' lang='lat' dir='ltr'><strong>insensibilis,</strong></span> <span class='ocrx_word' id='word_1_224' title='bbox 3171 1406 3296 1476; x_wconf 89' lang='lat' dir='ltr'><strong>quia</strong></span> <span class='ocrx_word' id='word_1_225' title='bbox 3339 1406 3608 1476; x_wconf 85' lang='lat' dir='ltr'><strong>sapientia</strong></span> <span class='ocrx_word' id='word_1_226' title='bbox 3635 1417 3710 1460; x_wconf 90' lang='lat' dir='ltr'><strong>est</strong></span> <span class='ocrx_word' id='word_1_227' title='bbox 3736 1425 3747 1459; x_wconf 90' lang='lat'><strong>:</strong></span> <span class='ocrx_word' id='word_1_228' title='bbox 3771 1420 3856 1459; x_wconf 87' lang='lat' dir='ltr'><strong>non</strong></span> 
     </span>
    </p>
   </div>
   <div class='ocr_carea' id='block_1_29' title="bbox 2299 1497 3854 1568">
    <p class='ocr_par' dir='ltr' id='par_1_29' title="bbox 2299 1497 3854 1568">
     <span class='ocr_line' id='line_1_29' title="bbox 2299 1497 3854 1568; baseline -0.003 -17"><span class='ocrx_word' id='word_1_229' title='bbox 2299 1497 2475 1552; x_wconf 87' lang='lat' dir='ltr'><strong>inanis</strong></span> <span class='ocrx_word' id='word_1_230' title='bbox 2503 1540 2516 1564; x_wconf 94' lang='lat'><strong>,</strong></span> <span class='ocrx_word' id='word_1_231' title='bbox 2545 1499 2666 1568; x_wconf 87' lang='lat' dir='ltr'><strong>quia</strong></span> <span class='ocrx_word' id='word_1_232' title='bbox 2698 1499 2867 1552; x_wconf 87' lang='lat' dir='ltr'><strong>virtus</strong></span> <span class='ocrx_word' id='word_1_233' title='bbox 2891 1508 2974 1553; x_wconf 87' lang='lat' dir='ltr'><strong>est</strong></span> <span class='ocrx_word' id='word_1_234' title='bbox 3006 1515 3017 1550; x_wconf 89' lang='lat'><strong>:</strong></span> <span class='ocrx_word' id='word_1_235' title='bbox 3048 1515 3154 1552; x_wconf 90' lang='lat' dir='ltr'><strong>non</strong></span> <span class='ocrx_word' id='word_1_236' title='bbox 3211 1513 3375 1552; x_wconf 88' lang='lat' dir='ltr'><strong>vacua</strong></span> <span class='ocrx_word' id='word_1_237' title='bbox 3398 1540 3412 1563; x_wconf 93' lang='lat'><strong>,</strong></span> <span class='ocrx_word' id='word_1_238' title='bbox 3447 1499 3572 1567; x_wconf 83' lang='lat' dir='ltr'><strong>quia</strong></span> <span class='ocrx_word' id='word_1_239' title='bbox 3611 1499 3714 1552; x_wconf 78' lang='lat' dir='ltr'><strong>vita</strong></span> <span class='ocrx_word' id='word_1_240' title='bbox 3741 1507 3811 1550; x_wconf 84' lang='lat' dir='ltr'><strong>est</strong></span> <span class='ocrx_word' id='word_1_241' title='bbox 3846 1514 3854 1547; x_wconf 79' lang='grc' dir='ltr'><strong><em>τ</em></strong></span> 
     </span>
    </p>
   </div>
   <div class='ocr_carea' id='block_1_30' title="bbox 2300 1589 3855 1661">
    <p class='ocr_par' dir='ltr' id='par_1_30' title="bbox 2300 1589 3855 1661">
     <span class='ocr_line' id='line_1_30' title="bbox 2300 1589 3855 1661; baseline -0.002 -16"><span class='ocrx_word' id='word_1_242' title='bbox 2300 1607 2405 1645; x_wconf 90' lang='lat' dir='ltr'><strong>non</strong></span> <span class='ocrx_word' id='word_1_243' title='bbox 2454 1602 2698 1657; x_wconf 87' lang='lat' dir='ltr'><strong>mortua,</strong></span> <span class='ocrx_word' id='word_1_244' title='bbox 2733 1591 2855 1661; x_wconf 90' lang='lat' dir='ltr'><strong>quia</strong></span> <span class='ocrx_word' id='word_1_245' title='bbox 2903 1591 3233 1645; x_wconf 87' lang='lat' dir='ltr'><strong>resurrectio</strong></span> <span class='ocrx_word' id='word_1_246' title='bbox 3259 1600 3362 1644; x_wconf 90' lang='lat' dir='ltr'><strong>est.</strong></span> <span class='ocrx_word' id='word_1_247' title='bbox 3400 1589 3563 1646; x_wconf 85' lang='lat' dir='ltr'><strong>Vides</strong></span> <span class='ocrx_word' id='word_1_248' title='bbox 3606 1605 3729 1660; x_wconf 85' lang='lat' dir='ltr'><strong>ergo</strong></span> <span class='ocrx_word' id='word_1_249' title='bbox 3755 1590 3855 1659; x_wconf 87' lang='lat' dir='ltr'><strong>quia</strong></span> 
     </span>
    </p>
   </div>
   <div class='ocr_carea' id='block_1_31' title="bbox 2296 1679 3858 1753">
    <p class='ocr_par' dir='ltr' id='par_1_31' title="bbox 2296 1679 3858 1753">
     <span class='ocr_line' id='line_1_31' title="bbox 2296 1679 3858 1753; baseline -0.004 -16"><span class='ocrx_word' id='word_1_250' title='bbox 2296 1679 2424 1737; x_wconf 92' lang='lat' dir='ltr'><strong>dum</strong></span> <span class='ocrx_word' id='word_1_251' title='bbox 2472 1683 2646 1753; x_wconf 83' lang='lat' dir='ltr'><strong>imago</strong></span> <span class='ocrx_word' id='word_1_252' title='bbox 2697 1682 2937 1748; x_wconf 90' lang='lat' dir='ltr'><strong>dicitur,</strong></span> <span class='ocrx_word' id='word_1_253' title='bbox 2969 1682 3181 1736; x_wconf 87' lang='lat' dir='ltr'><strong>Patrem</strong></span> <span class='ocrx_word' id='word_1_254' title='bbox 3247 1682 3521 1753; x_wconf 84' lang='lat' dir='ltr'><strong>signiﬁcat</strong></span> <span class='ocrx_word' id='word_1_255' title='bbox 3567 1697 3681 1736; x_wconf 81' lang='lat' dir='ltr'><strong>esse</strong></span> <span class='ocrx_word' id='word_1_256' title='bbox 3732 1681 3858 1749; x_wconf 86' lang='lat' dir='ltr'><strong>cujus</strong></span> 
     </span>
    </p>
   </div>
   <div class='ocr_carea' id='block_1_32' title="bbox 589 1772 3858 1847">
    <p class='ocr_par' dir='ltr' id='par_1_32' title="bbox 589 1772 3858 1847">
     <span class='ocr_line' id='line_1_32' title="bbox 589 1772 3858 1847; baseline -0.002 -16"><span class='ocrx_word' id='word_1_257' title='bbox 589 1777 755 1831; x_wconf 86' lang='lat' dir='ltr'><strong>rarios</strong></span> <span class='ocrx_word' id='word_1_258' title='bbox 787 1775 1016 1847; x_wconf 83' lang='lat' dir='ltr'><strong>(Philip.</strong></span> <span class='ocrx_word' id='word_1_259' title='bbox 1049 1793 1138 1843; x_wconf 86' lang='lat' dir='ltr'><strong>nt,</strong></span> <span class='ocrx_word' id='word_1_260' title='bbox 1165 1775 1244 1847; x_wconf 86' lang='lat'><strong>2).</strong></span> <span class='ocrx_word' id='word_1_261' title='bbox 1281 1775 1347 1830; x_wconf 87' lang='lat' dir='ltr'><strong>Et</strong></span> <span class='ocrx_word' id='word_1_262' title='bbox 1397 1777 1588 1832; x_wconf 91' lang='lat' dir='ltr'><strong>iterum</strong></span> <span class='ocrx_word' id='word_1_263' title='bbox 1622 1794 1634 1829; x_wconf 90' lang='lat'>:</span> <span class='ocrx_word' id='word_1_264' title='bbox 1668 1774 1983 1830; x_wconf 74' lang='lat' dir='ltr'><strong>Haereticum</strong></span> <span class='ocrx_word' id='word_1_265' title='bbox 2030 1775 2194 1830; x_wconf 86' lang='lat' dir='ltr'><strong>homi-</strong></span> <span class='ocrx_word' id='word_1_266' title='bbox 2227 1785 2272 1843; x_wconf 79' lang='grc' dir='ltr'><strong>Β</strong></span> <span class='ocrx_word' id='word_1_267' title='bbox 2300 1777 2476 1847; x_wconf 82' lang='lat' dir='ltr'><strong>imago</strong></span> <span class='ocrx_word' id='word_1_268' title='bbox 2524 1778 2594 1832; x_wconf 91' lang='lat' dir='ltr'><strong>sit</strong></span> <span class='ocrx_word' id='word_1_269' title='bbox 2645 1776 2814 1832; x_wconf 77' lang='lat' dir='ltr'><strong>Filius</strong></span> <span class='ocrx_word' id='word_1_270' title='bbox 2841 1792 2854 1841; x_wconf 92' lang='lat'><strong>;</strong></span> <span class='ocrx_word' id='word_1_271' title='bbox 2891 1777 3012 1847; x_wconf 88' lang='lat' dir='ltr'><strong>quia</strong></span> <span class='ocrx_word' id='word_1_272' title='bbox 3045 1791 3202 1831; x_wconf 90' lang='lat' dir='ltr'><strong>nemo</strong></span> <span class='ocrx_word' id='word_1_273' title='bbox 3237 1782 3412 1846; x_wconf 80' lang='lat' dir='ltr'><strong>potest</strong></span> <span class='ocrx_word' id='word_1_274' title='bbox 3441 1775 3558 1846; x_wconf 87' lang='lat' dir='ltr'><strong>ipse</strong></span> <span class='ocrx_word' id='word_1_275' title='bbox 3585 1773 3680 1830; x_wconf 88' lang='lat' dir='ltr'><strong>sibi</strong></span> <span class='ocrx_word' id='word_1_276' title='bbox 3711 1772 3858 1839; x_wconf 82' lang='lat' dir='ltr'><strong>imago</strong></span> 
     </span>
    </p>
   </div>
   <div class='ocr_carea' id='block_1_33' title="bbox 591 1866 2191 1939">
    <p class='ocr_par' dir='ltr' id='par_1_33' title="bbox 591 1866 2191 1939">
     <span class='ocr_line' id='line_1_33' title="bbox 591 1866 2191 1939; baseline -0.003 -17"><span class='ocrx_word' id='word_1_277' title='bbox 591 1871 703 1923; x_wconf 83' lang='lat' dir='ltr'><strong>nent</strong></span> <span class='ocrx_word' id='word_1_278' title='bbox 751 1877 864 1937; x_wconf 86' lang='lat' dir='ltr'><strong>post</strong></span> <span class='ocrx_word' id='word_1_279' title='bbox 911 1869 1129 1935; x_wconf 79' lang='lat' dir='ltr'><strong>primani</strong></span> <span class='ocrx_word' id='word_1_280' title='bbox 1173 1869 1541 1939; x_wconf 88' lang='lat' dir='ltr'><strong>correptionem</strong></span> <span class='ocrx_word' id='word_1_281' title='bbox 1573 1868 1764 1932; x_wconf 86' lang='lat' dir='ltr'><strong>devita,</strong></span> <span class='ocrx_word' id='word_1_282' title='bbox 1795 1866 1822 1905; x_wconf 74' lang='grc' dir='ltr'>ι’</span> <span class='ocrx_word' id='word_1_283' title='bbox 1873 1869 2038 1922; x_wconf 88' lang='lat' dir='ltr'><strong>sciens</strong></span> <span class='ocrx_word' id='word_1_284' title='bbox 2068 1867 2191 1937; x_wconf 86' lang='lat' dir='ltr'><strong>quia</strong></span> 
     </span>
    </p>
   </div>
   <div class='ocr_carea' id='block_1_34' title="bbox 590 1959 2191 2031">
    <p class='ocr_par' dir='ltr' id='par_1_34' title="bbox 590 1959 2191 2031">
     <span class='ocr_line' id='line_1_34' title="bbox 590 1959 2191 2031; baseline -0.001 -15"><span class='ocrx_word' id='word_1_285' title='bbox 590 1959 859 2017; x_wconf 84' lang='lat' dir='ltr'><strong>subversas</strong></span> <span class='ocrx_word' id='word_1_286' title='bbox 911 1971 984 2015; x_wconf 88' lang='lat' dir='ltr'><strong>est</strong></span> <span class='ocrx_word' id='word_1_287' title='bbox 1013 1961 1101 2030; x_wconf 88' lang='lat' dir='ltr'><strong>qui</strong></span> <span class='ocrx_word' id='word_1_288' title='bbox 1158 1961 1411 2027; x_wconf 82' lang='lat' dir='ltr'><strong>eiusmodi</strong></span> <span class='ocrx_word' id='word_1_289' title='bbox 1441 1971 1548 2024; x_wconf 89' lang='lat' dir='ltr'><strong>est,</strong></span> <span class='ocrx_word' id='word_1_290' title='bbox 1579 1971 1626 2015; x_wconf 92' lang='lat' dir='ltr'><strong>et</strong></span> <span class='ocrx_word' id='word_1_291' title='bbox 1663 1962 1944 2031; x_wconf 86' lang='lat' dir='ltr'><strong>delinquit,</strong></span> <span class='ocrx_word' id='word_1_292' title='bbox 1979 1978 2093 2014; x_wconf 87' lang='lat' dir='ltr'><strong>cum</strong></span> <span class='ocrx_word' id='word_1_293' title='bbox 2126 1960 2191 2014; x_wconf 91' lang='lat' dir='ltr'><strong>sit</strong></span> 
     </span>
    </p>
   </div>
   <div class='ocr_carea' id='block_1_35' title="bbox 591 2051 2191 2126">
    <p class='ocr_par' dir='ltr' id='par_1_35' title="bbox 591 2051 2191 2126">
     <span class='ocr_line' id='line_1_35' title="bbox 591 2051 2191 2126; baseline 0.001 -19"><span class='ocrx_word' id='word_1_294' title='bbox 591 2057 802 2124; x_wconf 88' lang='lat' dir='ltr'><strong>proprio</strong></span> <span class='ocrx_word' id='word_1_295' title='bbox 838 2054 1041 2126; x_wconf 85' lang='lat' dir='ltr'><strong>judicio</strong></span> <span class='ocrx_word' id='word_1_296' title='bbox 1086 2054 1360 2107; x_wconf 87' lang='lat' dir='ltr'><strong>damnatus</strong></span> <span class='ocrx_word' id='word_1_297' title='bbox 1409 2051 1538 2124; x_wconf 85' lang='lat' dir='ltr'><strong>(Tit.</strong></span> <span class='ocrx_word' id='word_1_298' title='bbox 1575 2069 1668 2119; x_wconf 84' lang='grc' dir='ltr'>ιιι,</span> <span class='ocrx_word' id='word_1_299' title='bbox 1705 2055 1801 2120; x_wconf 84' lang='grc'><strong>10,</strong></span> <span class='ocrx_word' id='word_1_300' title='bbox 1837 2051 1948 2124; x_wconf 72' lang='lat' dir='ltr'><strong>il).</strong></span> <span class='ocrx_word' id='word_1_301' title='bbox 2007 2054 2191 2124; x_wconf 84' lang='lat' dir='ltr'><strong>Itaque</strong></span> 
     </span>
    </p>
   </div>
   <div class='ocr_carea' id='block_1_36' title="bbox 594 2146 2190 2216">
    <p class='ocr_par' dir='ltr' id='par_1_36' title="bbox 594 2146 2190 2216">
     <span class='ocr_line' id='line_1_36' title="bbox 594 2146 2190 2216; baseline 0.001 -17"><span class='ocrx_word' id='word_1_302' title='bbox 594 2149 867 2215; x_wconf 83' lang='lat' dir='ltr'><strong>tamquam</strong></span> <span class='ocrx_word' id='word_1_303' title='bbox 899 2146 1021 2201; x_wconf 91' lang='lat' dir='ltr'><strong>boni</strong></span> <span class='ocrx_word' id='word_1_304' title='bbox 1051 2146 1442 2216; x_wconf 83' lang='lat' dir='ltr'><strong>gubernatores</strong></span> <span class='ocrx_word' id='word_1_305' title='bbox 1469 2163 1576 2216; x_wconf 90' lang='lat' dir='ltr'><strong>quo</strong></span> <span class='ocrx_word' id='word_1_306' title='bbox 1607 2148 1773 2201; x_wconf 91' lang='lat' dir='ltr'><strong>tutius</strong></span> <span class='ocrx_word' id='word_1_307' title='bbox 1805 2159 2190 2216; x_wconf 77' lang='lat' dir='ltr'><strong>prtetermeare</strong></span> 
     </span>
    </p>
   </div>
   <div class='ocr_carea' id='block_1_37' title="bbox 515 2236 2191 2311">
    <p class='ocr_par' dir='ltr' id='par_1_37' title="bbox 515 2236 2191 2311">
     <span class='ocr_line' id='line_1_37' title="bbox 515 2236 2191 2311; baseline 0.003 -22"><span class='ocrx_word' id='word_1_308' title='bbox 515 2257 520 2261; x_wconf 93' lang='grc'><strong>·</strong></span> <span class='ocrx_word' id='word_1_309' title='bbox 594 2237 886 2306; x_wconf 87' lang='lat' dir='ltr'><strong>possimus,</strong></span> <span class='ocrx_word' id='word_1_310' title='bbox 918 2236 1042 2293; x_wconf 88' lang='lat' dir='ltr'><strong>ﬁdei</strong></span> <span class='ocrx_word' id='word_1_311' title='bbox 1070 2240 1185 2293; x_wconf 89' lang='lat' dir='ltr'><strong>vela</strong></span> <span class='ocrx_word' id='word_1_312' title='bbox 1217 2239 1520 2300; x_wconf 86' lang='lat' dir='ltr'><strong>tendamus.</strong></span> <span class='ocrx_word' id='word_1_313' title='bbox 1554 2239 2068 2311; x_wconf 88' lang='lat' dir='ltr'><strong>Scripturarumqne</strong></span> <span class='ocrx_word' id='word_1_314' title='bbox 2107 2251 2191 2294; x_wconf 83' lang='lat' dir='ltr'><strong>re-</strong></span> 
     </span>
    </p>
   </div>
   <div class='ocr_carea' id='block_1_38' title="bbox 592 2332 1126 2404">
    <p class='ocr_par' dir='ltr' id='par_1_38' title="bbox 592 2332 1126 2404">
     <span class='ocr_line' id='line_1_38' title="bbox 592 2332 1126 2404; baseline -0.002 -17"><span class='ocrx_word' id='word_1_315' title='bbox 592 2333 834 2404; x_wconf 86' lang='lat' dir='ltr'><strong>legamus</strong></span> <span class='ocrx_word' id='word_1_316' title='bbox 859 2332 1126 2389; x_wconf 87' lang='lat' dir='ltr'><strong>ordinem.</strong></span> 
     </span>
    </p>
   </div>
   <div class='ocr_carea' id='block_1_39' title="bbox 1119 2435 1712 2519">
    <p class='ocr_par' dir='ltr' id='par_1_39' title="bbox 1119 2435 1712 2519">
     <span class='ocr_line' id='line_1_39' title="bbox 1119 2435 1712 2519; baseline -0.002 -17"><span class='ocrx_word' id='word_1_317' title='bbox 1119 2435 1281 2519; x_wconf 60' lang='lat'><strong>[.53</strong></span> <span class='ocrx_word' id='word_1_318' title='bbox 1328 2447 1559 2504; x_wconf 86' lang='lat' dir='ltr'><strong>CAPUT</strong></span> <span class='ocrx_word' id='word_1_319' title='bbox 1600 2447 1712 2503; x_wconf 89' lang='lat' dir='ltr'><strong>vn.</strong></span> 
     </span>
    </p>
   </div>
   <div class='ocr_carea' id='block_1_40' title="bbox 592 2559 2191 2632">
    <p class='ocr_par' dir='ltr' id='par_1_40' title="bbox 592 2559 2191 2632">
     <span class='ocr_line' id='line_1_40' title="bbox 592 2559 2191 2632; baseline -0.006 -17"><span class='ocrx_word' id='word_1_320' title='bbox 592 2562 676 2616; x_wconf 79' lang='lat' dir='ltr'><strong>Ea:</strong></span> <span class='ocrx_word' id='word_1_321' title='bbox 704 2560 904 2624; x_wconf 88' lang='lat' dir='ltr'><strong>Paulo,</strong></span> <span class='ocrx_word' id='word_1_322' title='bbox 939 2561 1202 2632; x_wconf 85' lang='lat' dir='ltr'><strong>praphetis</strong></span> <span class='ocrx_word' id='word_1_323' title='bbox 1231 2569 1383 2629; x_wconf 90' lang='lat' dir='ltr'><strong>atque</strong></span> <span class='ocrx_word' id='word_1_324' title='bbox 1433 2559 1712 2630; x_wconf 88' lang='lat' dir='ltr'><strong>Evangelia</strong></span> <span class='ocrx_word' id='word_1_325' title='bbox 1740 2560 1973 2614; x_wconf 76' lang='lat' dir='ltr'><strong>Christus</strong></span> <span class='ocrx_word' id='word_1_326' title='bbox 2000 2559 2191 2613; x_wconf 65' lang='lat' dir='ltr'><strong>asseri.</strong></span> 
     </span>
    </p>
   </div>
   <div class='ocr_carea' id='block_1_41' title="bbox 663 2648 2191 2718">
    <p class='ocr_par' dir='ltr' id='par_1_41' title="bbox 663 2648 2191 2718">
     <span class='ocr_line' id='line_1_41' title="bbox 663 2648 2191 2718; baseline 0.001 -16"><span class='ocrx_word' id='word_1_327' title='bbox 663 2659 744 2703; x_wconf 90' lang='lat' dir='ltr'><strong>tur</strong></span> <span class='ocrx_word' id='word_1_328' title='bbox 780 2650 927 2703; x_wconf 83' lang='lat' dir='ltr'><strong>Patri</strong></span> <span class='ocrx_word' id='word_1_329' title='bbox 952 2650 1137 2704; x_wconf 86' lang='lat' dir='ltr'><strong>similis</strong></span> <span class='ocrx_word' id='word_1_330' title='bbox 1152 2652 1420 2718; x_wconf 67' lang='lat' dir='ltr'><strong>;)ma:rime</strong></span> <span class='ocrx_word' id='word_1_331' title='bbox 1447 2665 1564 2703; x_wconf 84' lang='lat' dir='ltr'><strong>vero</strong></span> <span class='ocrx_word' id='word_1_332' title='bbox 1593 2665 1656 2702; x_wconf 79' lang='lat' dir='ltr'><strong>ea:</strong></span> <span class='ocrx_word' id='word_1_333' title='bbox 1679 2648 1904 2704; x_wconf 83' lang='lat' dir='ltr'><strong>hominis</strong></span> <span class='ocrx_word' id='word_1_334' title='bbox 1933 2650 2002 2702; x_wconf 88' lang='lat' dir='ltr'><strong>ad</strong></span> <span class='ocrx_word' id='word_1_335' title='bbox 2050 2649 2191 2703; x_wconf 87' lang='lat' dir='ltr'><strong>simi-</strong></span> 
     </span>
    </p>
   </div>
   <div class='ocr_carea' id='block_1_42' title="bbox 664 2740 1486 2794">
    <p class='ocr_par' dir='ltr' id='par_1_42' title="bbox 664 2740 1486 2794">
     <span class='ocr_line' id='line_1_42' title="bbox 664 2740 1486 2794; baseline -0.005 -1"><span class='ocrx_word' id='word_1_336' title='bbox 664 2740 935 2794; x_wconf 85' lang='lat' dir='ltr'><strong>litudinem</strong></span> <span class='ocrx_word' id='word_1_337' title='bbox 965 2740 1188 2794; x_wconf 84' lang='lat' dir='ltr'><strong>divinam</strong></span> <span class='ocrx_word' id='word_1_338' title='bbox 1210 2740 1486 2793; x_wconf 86' lang='lat' dir='ltr'><strong>creatione.</strong></span> 
     </span>
    </p>
   </div>
   <div class='ocr_carea' id='block_1_43' title="bbox 665 2861 2186 2947">
    <p class='ocr_par' dir='ltr' id='par_1_43' title="bbox 665 2861 2186 2947">
     <span class='ocr_line' id='line_1_43' title="bbox 665 2861 2186 2947; baseline 0.001 -15"><span class='ocrx_word' id='word_1_339' title='bbox 665 2877 755 2932; x_wconf 72' lang='grc'><strong>48.</strong></span> <span class='ocrx_word' id='word_1_340' title='bbox 799 2877 1092 2947; x_wconf 76' lang='lat' dir='ltr'><strong>Aposmlus</strong></span> <span class='ocrx_word' id='word_1_341' title='bbox 1159 2875 1292 2931; x_wconf 90' lang='lat' dir='ltr'><strong>dicit</strong></span> <span class='ocrx_word' id='word_1_342' title='bbox 1343 2877 1630 2946; x_wconf 87' lang='lat' dir='ltr'><strong>imagin‘em</strong></span> <span class='ocrx_word' id='word_1_343' title='bbox 1681 2876 1858 2934; x_wconf 83' lang='lat' dir='ltr'><strong>Patris</strong></span> <span class='ocrx_word' id='word_1_344' title='bbox 1915 2861 2186 2935; x_wconf 77' lang='lat' dir='ltr'><strong>Christum</strong></span> 
     </span>
    </p>
   </div>
   <div class='ocr_carea' id='block_1_44' title="bbox 591 2968 2184 3042">
    <p class='ocr_par' dir='ltr' id='par_1_44' title="bbox 591 2968 2184 3042">
     <span class='ocr_line' id='line_1_44' title="bbox 591 2968 2184 3042; baseline -0.001 -15"><span class='ocrx_word' id='word_1_345' title='bbox 591 2985 747 3034; x_wconf 90' lang='lat' dir='ltr'><strong>esse;</strong></span> <span class='ocrx_word' id='word_1_346' title='bbox 776 2971 850 3024; x_wconf 87' lang='lat' dir='ltr'><strong>ait</strong></span> <span class='ocrx_word' id='word_1_347' title='bbox 897 2969 1041 3024; x_wconf 91' lang='lat' dir='ltr'><strong>enim</strong></span> <span class='ocrx_word' id='word_1_348' title='bbox 1074 2968 1216 3040; x_wconf 92' lang='lat' dir='ltr'><strong>quod</strong></span> <span class='ocrx_word' id='word_1_349' title='bbox 1261 2969 1374 3038; x_wconf 88' lang='lat' dir='ltr'><strong>ipse</strong></span> <span class='ocrx_word' id='word_1_350' title='bbox 1405 2969 1474 3023; x_wconf 89' lang='lat' dir='ltr'><strong>sit</strong></span> <span class='ocrx_word' id='word_1_351' title='bbox 1520 2970 1695 3042; x_wconf 86' lang='lat' dir='ltr'><strong>imago</strong></span> <span class='ocrx_word' id='word_1_352' title='bbox 1740 2969 1832 3026; x_wconf 89' lang='lat' dir='ltr'><strong>Dei</strong></span> <span class='ocrx_word' id='word_1_353' title='bbox 1867 2971 2148 3027; x_wconf 85' lang='lat' dir='ltr'><strong>invisibilis</strong></span> <span class='ocrx_word' id='word_1_354' title='bbox 2170 3015 2184 3040; x_wconf 88' lang='lat'><strong>,</strong></span> 
     </span>
    </p>
   </div>
   <div class='ocr_carea' id='block_1_45' title="bbox 589 3060 2188 3135">
    <p class='ocr_par' dir='ltr' id='par_1_45' title="bbox 589 3060 2188 3135">
     <span class='ocr_line' id='line_1_45' title="bbox 589 3060 2188 3135; baseline 0.001 -18"><span class='ocrx_word' id='word_1_355' title='bbox 589 3061 983 3132; x_wconf 90' lang='lat' dir='ltr'><strong>primogenitus</strong></span> <span class='ocrx_word' id='word_1_356' title='bbox 1011 3060 1274 3116; x_wconf 62' lang='lat' dir='ltr'><strong>universas</strong></span> <span class='ocrx_word' id='word_1_357' title='bbox 1313 3071 1577 3117; x_wconf 85' lang='lat' dir='ltr'><strong>creaturae</strong></span> <span class='ocrx_word' id='word_1_358' title='bbox 1605 3062 1828 3133; x_wconf 83' lang='lat' dir='ltr'><strong>(Coloss.</strong></span> <span class='ocrx_word' id='word_1_359' title='bbox 1856 3080 1895 3131; x_wconf 92' lang='grc' dir='ltr'>ι,</span> <span class='ocrx_word' id='word_1_360' title='bbox 1929 3063 2038 3135; x_wconf 71' lang='lat'><strong>£5).</strong></span> <span class='ocrx_word' id='word_1_361' title='bbox 2071 3063 2188 3119; x_wconf 91' lang='lat' dir='ltr'><strong>Pri-</strong></span> 
     </span>
    </p>
   </div>
   <div class='ocr_carea' id='block_1_46' title="bbox 2296 1884 2559 1924">
    <p class='ocr_par' dir='ltr' id='par_1_46' title="bbox 2296 1884 2559 1924">
     <span class='ocr_line' id='line_1_46' title="bbox 2296 1884 2559 1924; baseline -0.008 0"><span class='ocrx_word' id='word_1_362' title='bbox 2296 1885 2390 1924; x_wconf 77' lang='lat' dir='ltr'><strong>sua</strong></span> <span class='ocrx_word' id='word_1_363' title='bbox 2419 1884 2559 1924; x_wconf 65' lang='lat' dir='ltr'><strong>ESSE.</strong></span> 
     </span>
    </p>
   </div>
   <div class='ocr_carea' id='block_1_47' title="bbox 2365 1942 3853 2033">
    <p class='ocr_par' dir='ltr' id='par_1_47' title="bbox 2365 1942 3853 2033">
     <span class='ocr_line' id='line_1_47' title="bbox 2365 1942 3853 2033; baseline -0.004 -15"><span class='ocrx_word' id='word_1_364' title='bbox 2365 1963 2455 2018; x_wconf 84' lang='lat' dir='ltr'><strong>5i.</strong></span> <span class='ocrx_word' id='word_1_365' title='bbox 2503 1957 2661 2018; x_wconf 85' lang='lat' dir='ltr'><strong>Plura</strong></span> <span class='ocrx_word' id='word_1_366' title='bbox 2708 1977 2921 2033; x_wconf 86' lang='lat' dir='ltr'><strong>possem</strong></span> <span class='ocrx_word' id='word_1_367' title='bbox 2959 1959 2984 1999; x_wconf 74' lang='grc' dir='ltr'><em>ά</em></span> <span class='ocrx_word' id='word_1_368' title='bbox 3016 1960 3084 2018; x_wconf 92' lang='lat' dir='ltr'><strong>de</strong></span> <span class='ocrx_word' id='word_1_369' title='bbox 3132 1942 3253 2017; x_wconf 75' lang='lat' dir='ltr'><strong>Filii</strong></span> <span class='ocrx_word' id='word_1_370' title='bbox 3306 1959 3629 2017; x_wconf 71' lang='lat' dir='ltr'><strong>testimoniis</strong></span> <span class='ocrx_word' id='word_1_371' title='bbox 3669 1960 3853 2020; x_wconf 86' lang='lat' dir='ltr'><strong>dicere,</strong></span> 
     </span>
    </p>
   </div>
   <div class='ocr_carea' id='block_1_48' title="bbox 2293 2049 3858 2124">
    <p class='ocr_par' dir='ltr' id='par_1_48' title="bbox 2293 2049 3858 2124">
     <span class='ocr_line' id='line_1_48' title="bbox 2293 2049 3858 2124; baseline -0.004 -16"><span class='ocrx_word' id='word_1_372' title='bbox 2293 2051 2388 2108; x_wconf 87' lang='lat' dir='ltr'><strong>sed</strong></span> <span class='ocrx_word' id='word_1_373' title='bbox 2439 2059 2506 2108; x_wconf 84' lang='lat' dir='ltr'><strong>nc</strong></span> <span class='ocrx_word' id='word_1_374' title='bbox 2548 2054 2686 2109; x_wconf 81' lang='lat' dir='ltr'><strong>forte</strong></span> <span class='ocrx_word' id='word_1_375' title='bbox 2736 2053 2854 2124; x_wconf 77' lang='lat' dir='ltr'><strong>ipse</strong></span> <span class='ocrx_word' id='word_1_376' title='bbox 2901 2054 3003 2109; x_wconf 93' lang='lat' dir='ltr'><strong>sibi</strong></span> <span class='ocrx_word' id='word_1_377' title='bbox 3032 2055 3256 2109; x_wconf 87' lang='lat' dir='ltr'><strong>nimium</strong></span> <span class='ocrx_word' id='word_1_378' title='bbox 3299 2052 3495 2108; x_wconf 83' lang='lat' dir='ltr'><strong>lavisse</strong></span> <span class='ocrx_word' id='word_1_379' title='bbox 3522 2053 3750 2117; x_wconf 75' lang='lat' dir='ltr'><strong>dicatur,</strong></span> <span class='ocrx_word' id='word_1_380' title='bbox 3778 2049 3858 2102; x_wconf 81' lang='lat' dir='ltr'><strong>Pa-</strong></span> 
     </span>
    </p>
   </div>
   <div class='ocr_carea' id='block_1_49' title="bbox 2295 2144 3856 2218">
    <p class='ocr_par' dir='ltr' id='par_1_49' title="bbox 2295 2144 3856 2218">
     <span class='ocr_line' id='line_1_49' title="bbox 2295 2144 3856 2218; baseline -0.005 -17"><span class='ocrx_word' id='word_1_381' title='bbox 2295 2155 2430 2201; x_wconf 87' lang='lat' dir='ltr'><strong>trem</strong></span> <span class='ocrx_word' id='word_1_382' title='bbox 2483 2146 2896 2217; x_wconf 86' lang='lat' dir='ltr'><strong>interrogemus.</strong></span> <span class='ocrx_word' id='word_1_383' title='bbox 2946 2146 3153 2218; x_wconf 81' lang='lat' dir='ltr'><strong>Nempe</strong></span> <span class='ocrx_word' id='word_1_384' title='bbox 3199 2147 3314 2217; x_wconf 90' lang='lat' dir='ltr'><strong>ips&#39;e</strong></span> <span class='ocrx_word' id='word_1_385' title='bbox 3367 2147 3506 2202; x_wconf 59' lang='lat' dir='ltr'><strong>dixit</strong></span> <span class='ocrx_word' id='word_1_386' title='bbox 3551 2165 3562 2198; x_wconf 92' lang='lat'>:</span> <span class='ocrx_word' id='word_1_387' title='bbox 3613 2144 3856 2200; x_wconf 78' lang='lat' dir='ltr'><strong>Faciamus</strong></span> 
     </span>
    </p>
   </div>
   <div class='ocr_carea' id='block_1_50' title="bbox 2293 2239 3856 2316">
    <p class='ocr_par' dir='ltr' id='par_1_50' title="bbox 2293 2239 3856 2316">
     <span class='ocr_line' id='line_1_50' title="bbox 2293 2239 3856 2316; baseline -0.003 -21"><span class='ocrx_word' id='word_1_388' title='bbox 2293 2242 2547 2296; x_wconf 85' lang='lat' dir='ltr'><strong>hominem</strong></span> <span class='ocrx_word' id='word_1_389' title='bbox 2600 2243 2667 2296; x_wconf 92' lang='lat' dir='ltr'><strong>ad</strong></span> <span class='ocrx_word' id='word_1_390' title='bbox 2727 2243 3004 2315; x_wconf 83' lang='lat' dir='ltr'><strong>imaginem</strong></span> <span class='ocrx_word' id='word_1_391' title='bbox 3073 2253 3121 2298; x_wconf 86' lang='lat' dir='ltr'><strong>et</strong></span> <span class='ocrx_word' id='word_1_392' title='bbox 3189 2239 3622 2316; x_wconf 62' lang='lat' dir='ltr'><strong>similitudinem.</strong></span> <span class='ocrx_word' id='word_1_393' title='bbox 3662 2249 3856 2294; x_wconf 88' lang='lat' dir='ltr'><strong>nostram</strong></span> 
     </span>
    </p>
   </div>
   <div class='ocr_carea' id='block_1_51' title="bbox 2291 2331 3854 2407">
    <p class='ocr_par' dir='ltr' id='par_1_51' title="bbox 2291 2331 3854 2407">
     <span class='ocr_line' id='line_1_51' title="bbox 2291 2331 3854 2407; baseline -0.003 -19"><span class='ocrx_word' id='word_1_394' title='bbox 2291 2333 2445 2406; x_wconf 82' lang='lat' dir='ltr'><strong>(Gen.</strong></span> <span class='ocrx_word' id='word_1_395' title='bbox 2479 2349 2525 2401; x_wconf 93' lang='lat' dir='ltr'><strong>l,</strong></span> <span class='ocrx_word' id='word_1_396' title='bbox 2557 2335 2673 2404; x_wconf 82' lang='lat'><strong>26).</strong></span> <span class='ocrx_word' id='word_1_397' title='bbox 2704 2335 2863 2390; x_wconf 88' lang='lat' dir='ltr'><strong>Pater</strong></span> <span class='ocrx_word' id='word_1_398' title='bbox 2912 2333 3050 2390; x_wconf 84' lang='lat' dir='ltr'><strong>Filio</strong></span> <span class='ocrx_word' id='word_1_399' title='bbox 3095 2335 3224 2390; x_wconf 87' lang='lat' dir='ltr'><strong>dicit</strong></span> <span class='ocrx_word' id='word_1_400' title='bbox 3259 2353 3270 2388; x_wconf 91' lang='lat'>:</span> <span class='ocrx_word' id='word_1_401' title='bbox 3307 2335 3386 2388; x_wconf 81' lang='lat' dir='ltr'><strong>Ad</strong></span> <span class='ocrx_word' id='word_1_402' title='bbox 3432 2335 3700 2407; x_wconf 84' lang='lat' dir='ltr'><strong>imaginem</strong></span> <span class='ocrx_word' id='word_1_403' title='bbox 3741 2331 3854 2386; x_wconf 9' lang='lat' dir='ltr'><strong>etsi;</strong></span> 
     </span>
    </p>
   </div>
   <div class='ocr_carea' id='block_1_52' title="bbox 2292 2423 3854 2494">
    <p class='ocr_par' dir='ltr' id='par_1_52' title="bbox 2292 2423 3854 2494">
     <span class='ocr_line' id='line_1_52' title="bbox 2292 2423 3854 2494; baseline -0.004 -14"><span class='ocrx_word' id='word_1_404' title='bbox 2292 2425 2635 2483; x_wconf 87' lang='lat' dir='ltr'><strong>militudinem</strong></span> <span class='ocrx_word' id='word_1_405' title='bbox 2681 2439 2951 2494; x_wconf 87' lang='lat' dir='ltr'><strong>nostram;</strong></span> <span class='ocrx_word' id='word_1_406' title='bbox 2979 2438 3032 2483; x_wconf 91' lang='lat' dir='ltr'><strong>et</strong></span> <span class='ocrx_word' id='word_1_407' title='bbox 3081 2433 3137 2484; x_wconf 84' lang='lat' dir='ltr'><strong>tu</strong></span> <span class='ocrx_word' id='word_1_408' title='bbox 3181 2428 3506 2484; x_wconf 87' lang='lat' dir='ltr'><strong>dissimilem</strong></span> <span class='ocrx_word' id='word_1_409' title='bbox 3554 2428 3736 2482; x_wconf 83' lang='lat' dir='ltr'><strong>Filium</strong></span> <span class='ocrx_word' id='word_1_410' title='bbox 3780 2423 3854 2476; x_wconf 87' lang='lat' dir='ltr'><strong>Dei</strong></span> 
     </span>
    </p>
   </div>
   <div class='ocr_carea' id='block_1_53' title="bbox 2290 2520 2464 2575">
    <p class='ocr_par' dir='ltr' id='par_1_53' title="bbox 2290 2520 2464 2575">
     <span class='ocr_line' id='line_1_53' title="bbox 2290 2520 2464 2575; baseline 0.006 -1"><span class='ocrx_word' id='word_1_411' title='bbox 2290 2520 2464 2575; x_wconf 83' lang='lat' dir='ltr'><strong>dicis?</strong></span> 
     </span>
    </p>
   </div>
   <div class='ocr_carea' id='block_1_54' title="bbox 2363 2612 3852 2682">
    <p class='ocr_par' dir='ltr' id='par_1_54' title="bbox 2363 2612 3852 2682">
     <span class='ocr_line' id='line_1_54' title="bbox 2363 2612 3852 2682; baseline -0.007 -14"><span class='ocrx_word' id='word_1_412' title='bbox 2363 2612 2453 2668; x_wconf 81' lang='lat'><strong>52.</strong></span> <span class='ocrx_word' id='word_1_413' title='bbox 2494 2613 2731 2669; x_wconf 79' lang='lat' dir='ltr'><strong>Joannes</strong></span> <span class='ocrx_word' id='word_1_414' title='bbox 2787 2613 2918 2669; x_wconf 88' lang='lat' dir='ltr'><strong>dicit</strong></span> <span class='ocrx_word' id='word_1_415' title='bbox 2968 2632 2981 2668; x_wconf 88' lang='lat'><strong>:</strong></span> <span class='ocrx_word' id='word_1_416' title='bbox 3032 2613 3256 2679; x_wconf 88' lang='lat' dir='ltr'><strong>Dilecti,</strong></span> <span class='ocrx_word' id='word_1_417' title='bbox 3309 2613 3408 2682; x_wconf 81' lang='lat' dir='ltr'><strong>ﬁlii</strong></span> <span class='ocrx_word' id='word_1_418' title='bbox 3462 2612 3556 2668; x_wconf 87' lang='lat' dir='ltr'><strong>Dei</strong></span> <span class='ocrx_word' id='word_1_419' title='bbox 3593 2626 3781 2673; x_wconf 85' lang='lat' dir='ltr'><strong>smnus,</strong></span> <span class='ocrx_word' id='word_1_420' title='bbox 3817 2616 3852 2658; x_wconf 84' lang='lat' dir='ltr'><strong>et</strong></span> 
     </span>
    </p>
   </div>
   <div class='ocr_carea' id='block_1_55' title="bbox 2291 2702 3853 2778">
    <p class='ocr_par' dir='ltr' id='par_1_55' title="bbox 2291 2702 3853 2778">
     <span class='ocr_line' id='line_1_55' title="bbox 2291 2702 3853 2778; baseline -0.006 -20"><span class='ocrx_word' id='word_1_421' title='bbox 2291 2705 2520 2759; x_wconf 81' lang='lat' dir='ltr'><strong>nondttm</strong></span> <span class='ocrx_word' id='word_1_422' title='bbox 2549 2717 2762 2778; x_wconf 88' lang='lat' dir='ltr'><strong>apparet</strong></span> <span class='ocrx_word' id='word_1_423' title='bbox 2788 2707 2911 2775; x_wconf 87' lang='lat' dir='ltr'><strong>quid</strong></span> <span class='ocrx_word' id='word_1_424' title='bbox 2931 2707 3120 2761; x_wconf 81' lang='lat' dir='ltr'><strong>erimus</strong></span> <span class='ocrx_word' id='word_1_425' title='bbox 3149 2721 3167 2760; x_wconf 89' lang='lat'><em>:</em></span> <span class='ocrx_word' id='word_1_426' title='bbox 3191 2706 3380 2759; x_wconf 78' lang='lat' dir='ltr'><strong>scimus</strong></span> <span class='ocrx_word' id='word_1_427' title='bbox 3399 2707 3526 2773; x_wconf 85' lang='lat' dir='ltr'><strong>quia</strong></span> <span class='ocrx_word' id='word_1_428' title='bbox 3551 2706 3594 2758; x_wconf 84' lang='lat' dir='ltr'><strong>si</strong></span> <span class='ocrx_word' id='word_1_429' title='bbox 3618 2702 3853 2758; x_wconf 79' lang='lat' dir='ltr'><strong>revelatum</strong></span> 
     </span>
    </p>
   </div>
   <div class='ocr_carea' id='block_1_56' title="bbox 2291 2790 3852 2870">
    <p class='ocr_par' dir='ltr' id='par_1_56' title="bbox 2291 2790 3852 2870">
     <span class='ocr_line' id='line_1_56' title="bbox 2291 2790 3852 2870; baseline -0.006 -20"><span class='ocrx_word' id='word_1_430' title='bbox 2291 2799 2466 2866; x_wconf 81' lang='lat' dir='ltr'><strong>fuerit,</strong></span> <span class='ocrx_word' id='word_1_431' title='bbox 2501 2799 2692 2854; x_wconf 86' lang='lat' dir='ltr'><strong>similes</strong></span> <span class='ocrx_word' id='word_1_432' title='bbox 2739 2801 2786 2854; x_wconf 90' lang='lat' dir='ltr'><strong>ei</strong></span> <span class='ocrx_word' id='word_1_433' title='bbox 2816 2800 3004 2853; x_wconf 87' lang='lat' dir='ltr'><strong>erimus</strong></span> <span class='ocrx_word' id='word_1_434' title='bbox 3031 2797 3074 2870; x_wconf 91' lang='lat' dir='ltr'><strong>(l</strong></span> <span class='ocrx_word' id='word_1_435' title='bbox 3104 2797 3263 2852; x_wconf 79' lang='lat' dir='ltr'><strong>Joan.</strong></span> <span class='ocrx_word' id='word_1_436' title='bbox 3299 2814 3375 2864; x_wconf 85' lang='lat' dir='ltr'><strong>In,</strong></span> <span class='ocrx_word' id='word_1_437' title='bbox 3406 2798 3489 2868; x_wconf 84' lang='lat'><strong>2).</strong></span> <span class='ocrx_word' id='word_1_438' title='bbox 3520 2797 3564 2852; x_wconf 91' lang='grc' dir='ltr'><strong>Ο</strong></span> <span class='ocrx_word' id='word_1_439' title='bbox 3595 2790 3852 2864; x_wconf 87' lang='lat' dir='ltr'><strong>improvida</strong></span> 
     </span>
    </p>
   </div>
   <div class='ocr_carea' id='block_1_57' title="bbox 2290 2891 3850 2964">
    <p class='ocr_par' dir='ltr' id='par_1_57' title="bbox 2290 2891 3850 2964">
     <span class='ocr_line' id='line_1_57' title="bbox 2290 2891 3850 2964; baseline -0.004 -16"><span class='ocrx_word' id='word_1_440' title='bbox 2290 2893 2561 2948; x_wconf 84' lang='lat' dir='ltr'><strong>amentia!</strong></span> <span class='ocrx_word' id='word_1_441' title='bbox 2598 2909 2626 2946; x_wconf 94' lang='lat' dir='ltr'><strong>o</strong></span> <span class='ocrx_word' id='word_1_442' title='bbox 2685 2892 2965 2964; x_wconf 88' lang='lat' dir='ltr'><strong>impudens</strong></span> <span class='ocrx_word' id='word_1_443' title='bbox 3011 2894 3350 2963; x_wconf 86' lang='lat' dir='ltr'><strong>pervicacia!</strong></span> <span class='ocrx_word' id='word_1_444' title='bbox 3385 2891 3850 2952; x_wconf 87' lang='lat' dir='ltr'><strong>llomincs&#39;sumus,</strong></span> 
     </span>
    </p>
   </div>
   <div class='ocr_carea' id='block_1_58' title="bbox 2290 2985 3850 3058">
    <p class='ocr_par' dir='ltr' id='par_1_58' title="bbox 2290 2985 3850 3058">
     <span class='ocr_line' id='line_1_58' title="bbox 2290 2985 3850 3058; baseline -0.004 -16"><span class='ocrx_word' id='word_1_445' title='bbox 2290 2997 2346 3042; x_wconf 89' lang='lat' dir='ltr'><strong>et</strong></span> <span class='ocrx_word' id='word_1_446' title='bbox 2374 2988 2422 3041; x_wconf 92' lang='lat' dir='ltr'><strong>in</strong></span> <span class='ocrx_word' id='word_1_447' title='bbox 2457 3003 2563 3057; x_wconf 89' lang='lat' dir='ltr'><strong>quo</strong></span> <span class='ocrx_word' id='word_1_448' title='bbox 2614 3002 2931 3058; x_wconf 88' lang='lat' dir='ltr'><strong>possumus,</strong></span> <span class='ocrx_word' id='word_1_449' title='bbox 2963 2987 3030 3042; x_wconf 88' lang='lat' dir='ltr'><strong>ad</strong></span> <span class='ocrx_word' id='word_1_450' title='bbox 3058 2987 3476 3042; x_wconf 85' lang='lat' dir='ltr'><strong>similitudinem</strong></span> <span class='ocrx_word' id='word_1_451' title='bbox 3531 2987 3622 3041; x_wconf 77' lang='lat' dir='ltr'><strong>llei</strong></span> <span class='ocrx_word' id='word_1_452' title='bbox 3651 2985 3850 3042; x_wconf 84' lang='lat' dir='ltr'><strong>erimus;</strong></span> 
     </span>
    </p>
   </div>
   <div class='ocr_carea' id='block_1_59' title="bbox 2289 3080 3584 3150">
    <p class='ocr_par' dir='ltr' id='par_1_59' title="bbox 2289 3080 3584 3150">
     <span class='ocr_line' id='line_1_59' title="bbox 2289 3080 3584 3150; baseline -0.002 -13"><span class='ocrx_word' id='word_1_453' title='bbox 2289 3092 2345 3137; x_wconf 91' lang='lat' dir='ltr'><strong>et</strong></span> <span class='ocrx_word' id='word_1_454' title='bbox 2370 3081 2601 3136; x_wconf 90' lang='lat' dir='ltr'><strong>similem</strong></span> <span class='ocrx_word' id='word_1_455' title='bbox 2634 3081 2895 3136; x_wconf 88' lang='lat' dir='ltr'><strong>audemus</strong></span> <span class='ocrx_word' id='word_1_456' title='bbox 2926 3080 3020 3136; x_wconf 88' lang='lat' dir='ltr'><strong>Dei</strong></span> <span class='ocrx_word' id='word_1_457' title='bbox 3046 3081 3240 3135; x_wconf 82' lang='lat' dir='ltr'><strong>Filium</strong></span> <span class='ocrx_word' id='word_1_458' title='bbox 3269 3081 3584 3150; x_wconf 81' lang='lat' dir='ltr'><strong>denegare?</strong></span> 
     </span>
    </p>
   </div>
   <div class='ocr_carea' id='block_1_60' title="bbox 594 3153 2188 3247">
    <p class='ocr_par' dir='ltr' id='par_1_60' title="bbox 594 3153 2186 3228">
     <span class='ocr_line' id='line_1_60' title="bbox 594 3153 2186 3228; baseline 0.003 -18"><span class='ocrx_word' id='word_1_459' title='bbox 594 3155 901 3222; x_wconf 78' lang='lat' dir='ltr'><strong>Inagenitns</strong></span> <span class='ocrx_word' id='word_1_460' title='bbox 923 3195 936 3219; x_wconf 89' lang='lat'><strong>,</strong></span> <span class='ocrx_word' id='word_1_461' title='bbox 970 3153 1176 3224; x_wconf 86' lang='lat' dir='ltr'><strong>inquit,</strong></span> <span class='ocrx_word' id='word_1_462' title='bbox 1211 3170 1314 3210; x_wconf 93' lang='lat' dir='ltr'><strong>non</strong></span> <span class='ocrx_word' id='word_1_463' title='bbox 1346 3157 1774 3226; x_wconf 89' lang='lat' dir='ltr'><strong>primocreatus;</strong></span> <span class='ocrx_word' id='word_1_464' title='bbox 1811 3169 1865 3212; x_wconf 90' lang='lat' dir='ltr'><strong>ut</strong></span> <span class='ocrx_word' id='word_1_465' title='bbox 1894 3163 1948 3214; x_wconf 76' lang='lat' dir='ltr'><strong>et</strong></span> <span class='ocrx_word' id='word_1_466' title='bbox 1974 3159 2186 3228; x_wconf 88' lang='lat' dir='ltr'><strong>genitus</strong></span> 
     </span>
    </p>
   </div>
   <div class='ocr_carea' id='block_1_61' title="bbox 2307 3153 3850 3247">
    <p class='ocr_par' dir='ltr' id='par_1_61' title="bbox 2361 3169 3850 3247">
     <span class='ocr_line' id='line_1_61' title="bbox 2361 3169 3850 3247; baseline -0.007 -16"><span class='ocrx_word' id='word_1_467' title='bbox 2361 3169 2526 3247; x_wconf 63' lang='grc'><strong>454</strong></span> <span class='ocrx_word' id='word_1_468' title='bbox 2564 3175 2652 3230; x_wconf 81' lang='lat'><strong>55.</strong></span> <span class='ocrx_word' id='word_1_469' title='bbox 2694 3175 2838 3245; x_wconf 83' lang='lat' dir='ltr'><strong>Ergo</strong></span> <span class='ocrx_word' id='word_1_470' title='bbox 2896 3173 3054 3230; x_wconf 82' lang='lat' dir='ltr'><strong>Pater</strong></span> <span class='ocrx_word' id='word_1_471' title='bbox 3108 3174 3244 3229; x_wconf 76' lang='lat' dir='ltr'><strong>dixit</strong></span> <span class='ocrx_word' id='word_1_472' title='bbox 3277 3191 3288 3226; x_wconf 89' lang='lat'><strong>:</strong></span> <span class='ocrx_word' id='word_1_473' title='bbox 3322 3172 3604 3229; x_wconf 80' lang='lat' dir='ltr'><strong>Faciamus</strong></span> <span class='ocrx_word' id='word_1_474' title='bbox 3632 3173 3850 3228; x_wconf 78' lang='lat' dir='ltr'><strong>hominem</strong></span> 
     </span>
    </p>
   </div>
   <div class='ocr_carea' id='block_1_62' title="bbox 592 3247 2186 3319">
    <p class='ocr_par' dir='ltr' id='par_1_62' title="bbox 592 3247 2186 3319">
     <span class='ocr_line' id='line_1_62' title="bbox 592 3247 2186 3319; baseline 0.003 -20"><span class='ocrx_word' id='word_1_475' title='bbox 592 3262 692 3317; x_wconf 89' lang='lat' dir='ltr'><strong>pro</strong></span> <span class='ocrx_word' id='word_1_476' title='bbox 739 3255 929 3300; x_wconf 91' lang='lat' dir='ltr'><strong>natura</strong></span> <span class='ocrx_word' id='word_1_477' title='bbox 957 3288 972 3314; x_wconf 88' lang='lat'><strong>,</strong></span> <span class='ocrx_word' id='word_1_478' title='bbox 1015 3255 1067 3301; x_wconf 86' lang='lat' dir='ltr'><strong>et</strong></span> <span class='ocrx_word' id='word_1_479' title='bbox 1115 3247 1320 3316; x_wconf 90' lang='lat' dir='ltr'><strong>primus</strong></span> <span class='ocrx_word' id='word_1_480' title='bbox 1369 3263 1464 3317; x_wconf 92' lang='lat' dir='ltr'><strong>pro</strong></span> <span class='ocrx_word' id='word_1_481' title='bbox 1517 3247 1870 3319; x_wconf 87' lang='lat' dir='ltr'><strong>perpetuitate</strong></span> <span class='ocrx_word' id='word_1_482' title='bbox 1915 3251 2186 3306; x_wconf 90' lang='lat' dir='ltr'><strong>credatur.</strong></span> 
     </span>
    </p>
   </div>
   <div class='ocr_carea' id='block_1_63' title="bbox 594 3340 2188 3416">
    <p class='ocr_par' dir='ltr' id='par_1_63' title="bbox 594 3340 2188 3416">
     <span class='ocr_line' id='line_1_63' title="bbox 594 3340 2188 3416; baseline 0.003 -21"><span class='ocrx_word' id='word_1_483' title='bbox 594 3340 734 3395; x_wconf 84' lang='lat' dir='ltr'><strong>Alibi</strong></span> <span class='ocrx_word' id='word_1_484' title='bbox 785 3355 998 3411; x_wconf 90' lang='lat' dir='ltr'><strong>quoque</strong></span> <span class='ocrx_word' id='word_1_485' title='bbox 1042 3341 1335 3411; x_wconf 87' lang='lat' dir='ltr'><strong>Apostolus</strong></span> <span class='ocrx_word' id='word_1_486' title='bbox 1384 3344 1610 3396; x_wconf 81' lang='lat' dir='ltr'><strong>asseruit</strong></span> <span class='ocrx_word' id='word_1_487' title='bbox 1640 3343 1782 3413; x_wconf 89' lang='lat' dir='ltr'><strong>quod</strong></span> <span class='ocrx_word' id='word_1_488' title='bbox 1819 3345 1991 3415; x_wconf 90' lang='lat' dir='ltr'><strong>ipsum</strong></span> <span class='ocrx_word' id='word_1_489' title='bbox 2019 3347 2188 3416; x_wconf 87' lang='lat' dir='ltr'><strong>posuit</strong></span> 
     </span>
    </p>
   </div>
   <div class='ocr_carea' id='block_1_64' title="bbox 593 3433 2190 3508">
    <p class='ocr_par' dir='ltr' id='par_1_64' title="bbox 593 3433 2190 3508">
     <span class='ocr_line' id='line_1_64' title="bbox 593 3433 2190 3508; baseline 0.005 -23"><span class='ocrx_word' id='word_1_490' title='bbox 593 3433 848 3490; x_wconf 80' lang='lat' dir='ltr'><strong>lueredem</strong></span> <span class='ocrx_word' id='word_1_491' title='bbox 893 3435 1153 3500; x_wconf 87' lang='lat' dir='ltr'><strong>omnium,</strong></span> <span class='ocrx_word' id='word_1_492' title='bbox 1187 3451 1276 3506; x_wconf 85' lang='lat' dir='ltr'><strong>per</strong></span> <span class='ocrx_word' id='word_1_493' title='bbox 1299 3452 1448 3506; x_wconf 85' lang='lat' dir='ltr'><strong>quem</strong></span> <span class='ocrx_word' id='word_1_494' title='bbox 1493 3436 1611 3505; x_wconf 75' lang='lat' dir='ltr'><strong>fecit</strong></span> <span class='ocrx_word' id='word_1_495' title='bbox 1640 3447 1684 3490; x_wconf 88' lang='lat' dir='ltr'><strong>et</strong></span> <span class='ocrx_word' id='word_1_496' title='bbox 1730 3439 1956 3506; x_wconf 72' lang='lat' dir='ltr'><strong>sazcula&#39;,</strong></span> <span class='ocrx_word' id='word_1_497' title='bbox 1989 3437 2077 3508; x_wconf 81' lang='lat' dir='ltr'><strong>q&#39;ui</strong></span> <span class='ocrx_word' id='word_1_498' title='bbox 2115 3433 2190 3493; x_wconf 84' lang='lat' dir='ltr'><strong>est</strong></span> 
     </span>
    </p>
   </div>
   <div class='ocr_carea' id='block_1_65' title="bbox 589 3526 2184 3605">
    <p class='ocr_par' dir='ltr' id='par_1_65' title="bbox 589 3526 2184 3605">
     <span class='ocr_line' id='line_1_65' title="bbox 589 3526 2184 3605; baseline 0.003 -24"><span class='ocrx_word' id='word_1_499' title='bbox 589 3526 832 3600; x_wconf 86' lang='lat' dir='ltr'><strong>splendor</strong></span> <span class='ocrx_word' id='word_1_500' title='bbox 858 3527 1058 3597; x_wconf 78' lang='lat' dir='ltr'><strong>glorice,</strong></span> <span class='ocrx_word' id='word_1_501' title='bbox 1093 3539 1139 3581; x_wconf 93' lang='lat' dir='ltr'><strong>et</strong></span> <span class='ocrx_word' id='word_1_502' title='bbox 1167 3528 1432 3582; x_wconf 84' lang='lat' dir='ltr'><strong>character</strong></span> <span class='ocrx_word' id='word_1_503' title='bbox 1455 3529 1752 3584; x_wconf 74' lang='lat' dir='ltr'><strong>substantia:</strong></span> <span class='ocrx_word' id='word_1_504' title='bbox 1779 3529 1894 3602; x_wconf 83' lang='lat' dir='ltr'><strong>ejus</strong></span> <span class='ocrx_word' id='word_1_505' title='bbox 1925 3529 2112 3605; x_wconf 83' lang='lat' dir='ltr'><strong>(Hebr.</strong></span> <span class='ocrx_word' id='word_1_506' title='bbox 2147 3549 2184 3597; x_wconf 89' lang='grc' dir='ltr'>ι,</span> 
     </span>
    </p>
   </div>
   <div class='ocr_carea' id='block_1_66' title="bbox 589 3621 2190 3691">
    <p class='ocr_par' dir='ltr' id='par_1_66' title="bbox 589 3621 2190 3691">
     <span class='ocr_line' id='line_1_66' title="bbox 589 3621 2190 3691; baseline 0.004 -17"><span class='ocrx_word' id='word_1_507' title='bbox 589 3621 688 3690; x_wconf 87' lang='lat'><strong>2).</strong></span> <span class='ocrx_word' id='word_1_508' title='bbox 722 3621 1010 3689; x_wconf 89' lang='lat' dir='ltr'><strong>Imaginem</strong></span> <span class='ocrx_word' id='word_1_509' title='bbox 1057 3623 1353 3691; x_wconf 77' lang='lat' dir='ltr'><strong>Apostolus</strong></span> <span class='ocrx_word' id='word_1_510' title='bbox 1407 3623 1568 3688; x_wconf 85' lang='lat' dir='ltr'><strong>dicit,</strong></span> <span class='ocrx_word' id='word_1_511' title='bbox 1603 3633 1659 3678; x_wconf 88' lang='lat' dir='ltr'><strong>et</strong></span> <span class='ocrx_word' id='word_1_512' title='bbox 1687 3623 1849 3679; x_wconf 80' lang='lat' dir='ltr'><strong>Arius</strong></span> <span class='ocrx_word' id='word_1_513' title='bbox 1888 3625 2020 3679; x_wconf 89' lang='lat' dir='ltr'><strong>dicit</strong></span> <span class='ocrx_word' id='word_1_514' title='bbox 2067 3641 2190 3680; x_wconf 86' lang='lat' dir='ltr'><strong>esse</strong></span> 
     </span>
    </p>
   </div>
   <div class='ocr_carea' id='block_1_67' title="bbox 587 3713 2189 3785">
    <p class='ocr_par' dir='ltr' id='par_1_67' title="bbox 587 3713 2189 3785">
     <span class='ocr_line' id='line_1_67' title="bbox 587 3713 2189 3785; baseline 0.003 -17"><span class='ocrx_word' id='word_1_515' title='bbox 587 3713 916 3768; x_wconf 56' lang='lat' dir='ltr'><strong>dissimilem</strong></span> <span class='ocrx_word' id='word_1_516' title='bbox 953 3731 965 3768; x_wconf 73' lang='grc' dir='ltr'>ε</span> <span class='ocrx_word' id='word_1_517' title='bbox 1001 3730 1100 3769; x_wconf 77' lang='lat' dir='ltr'><strong>cur</strong></span> <span class='ocrx_word' id='word_1_518' title='bbox 1126 3715 1324 3785; x_wconf 84' lang='lat' dir='ltr'><strong>imago,</strong></span> <span class='ocrx_word' id='word_1_519' title='bbox 1353 3717 1395 3770; x_wconf 89' lang='lat' dir='ltr'><strong>si</strong></span> <span class='ocrx_word' id='word_1_520' title='bbox 1423 3717 1830 3773; x_wconf 87' lang='lat' dir='ltr'><strong>similitudinem</strong></span> <span class='ocrx_word' id='word_1_521' title='bbox 1863 3729 1970 3773; x_wconf 89' lang='lat' dir='ltr'><strong>non</strong></span> <span class='ocrx_word' id='word_1_522' title='bbox 2005 3715 2189 3774; x_wconf 73' lang='lat' dir='ltr'><strong>habet?</strong></span> 
     </span>
    </p>
   </div>
   <div class='ocr_carea' id='block_1_68' title="bbox 590 3806 2188 3876">
    <p class='ocr_par' dir='ltr' id='par_1_68' title="bbox 590 3806 2188 3876">
     <span class='ocr_line' id='line_1_68' title="bbox 590 3806 2188 3876; baseline 0.004 -17"><span class='ocrx_word' id='word_1_523' title='bbox 590 3807 642 3860; x_wconf 92' lang='lat' dir='ltr'><strong>in</strong></span> <span class='ocrx_word' id='word_1_524' title='bbox 677 3806 901 3874; x_wconf 90' lang='lat' dir='ltr'><strong>picturis</strong></span> <span class='ocrx_word' id='word_1_525' title='bbox 949 3807 1198 3862; x_wconf 87' lang='lat' dir='ltr'><strong>homines</strong></span> <span class='ocrx_word' id='word_1_526' title='bbox 1231 3808 1418 3863; x_wconf 92' lang='lat' dir='ltr'><strong>nolunt</strong></span> <span class='ocrx_word' id='word_1_527' title='bbox 1442 3824 1562 3863; x_wconf 89' lang='lat' dir='ltr'><strong>esse</strong></span> <span class='ocrx_word' id='word_1_528' title='bbox 1593 3808 1884 3865; x_wconf 87' lang='lat' dir='ltr'><strong>dissimiles</strong></span> <span class='ocrx_word' id='word_1_529' title='bbox 1906 3851 1920 3876; x_wconf 94' lang='lat'><strong>,</strong></span> <span class='ocrx_word' id='word_1_530' title='bbox 1948 3818 2002 3865; x_wconf 93' lang='lat' dir='ltr'><strong>et</strong></span> <span class='ocrx_word' id='word_1_531' title='bbox 2029 3807 2188 3866; x_wconf 83' lang='lat' dir='ltr'><strong>Arius</strong></span> 
     </span>
    </p>
   </div>
   <div class='ocr_carea' id='block_1_69' title="bbox 591 3897 2188 3969">
    <p class='ocr_par' dir='ltr' id='par_1_69' title="bbox 591 3897 2188 3969">
     <span class='ocr_line' id='line_1_69' title="bbox 591 3897 2188 3969; baseline 0.004 -19"><span class='ocrx_word' id='word_1_532' title='bbox 591 3897 910 3953; x_wconf 85' lang='lat' dir='ltr'><strong>dissimilem</strong></span> <span class='ocrx_word' id='word_1_533' title='bbox 943 3897 1156 3954; x_wconf 89' lang='lat' dir='ltr'><strong>Patrem</strong></span> <span class='ocrx_word' id='word_1_534' title='bbox 1185 3900 1466 3956; x_wconf 88' lang='lat' dir='ltr'><strong>contendit</strong></span> <span class='ocrx_word' id='word_1_535' title='bbox 1494 3900 1631 3956; x_wconf 84' lang='lat' dir='ltr'><strong>Filio</strong></span> <span class='ocrx_word' id='word_1_536' title='bbox 1652 3943 1667 3969; x_wconf 87' lang='lat'><strong>,</strong></span> <span class='ocrx_word' id='word_1_537' title='bbox 1697 3912 1748 3958; x_wconf 91' lang='lat' dir='ltr'><strong>et</strong></span> <span class='ocrx_word' id='word_1_538' title='bbox 1786 3901 1898 3957; x_wconf 89' lang='lat' dir='ltr'><strong>vult</strong></span> <span class='ocrx_word' id='word_1_539' title='bbox 1929 3912 1984 3957; x_wconf 91' lang='lat' dir='ltr'><strong>ut</strong></span> <span class='ocrx_word' id='word_1_540' title='bbox 2026 3902 2188 3958; x_wconf 86' lang='lat' dir='ltr'><strong>Pater</strong></span> 
     </span>
    </p>
   </div>
   <div class='ocr_carea' id='block_1_70' title="bbox 591 3990 2184 4068">
    <p class='ocr_par' dir='ltr' id='par_1_70' title="bbox 591 3990 2184 4068">
     <span class='ocr_line' id='line_1_70' title="bbox 591 3990 2184 4068; baseline 0.005 -23"><span class='ocrx_word' id='word_1_541' title='bbox 591 3990 914 4046; x_wconf 83' lang='lat' dir='ltr'><strong>dissimilem</strong></span> <span class='ocrx_word' id='word_1_542' title='bbox 967 3996 1216 4065; x_wconf 85' lang='lat' dir='ltr'><strong>genuerit</strong></span> <span class='ocrx_word' id='word_1_543' title='bbox 1246 3996 1326 4049; x_wconf 92' lang='lat' dir='ltr'><strong>sui</strong></span> <span class='ocrx_word' id='word_1_544' title='bbox 1353 4037 1368 4062; x_wconf 94' lang='lat'><strong>,</strong></span> <span class='ocrx_word' id='word_1_545' title='bbox 1402 3997 1552 4065; x_wconf 91' lang='lat' dir='ltr'><strong>quasi</strong></span> <span class='ocrx_word' id='word_1_546' title='bbox 1585 3997 1859 4066; x_wconf 86' lang='lat' dir='ltr'><strong>impotens</strong></span> <span class='ocrx_word' id='word_1_547' title='bbox 1884 3997 1975 4068; x_wconf 91' lang='lat' dir='ltr'><strong>qui</strong></span> <span class='ocrx_word' id='word_1_548' title='bbox 2017 4013 2184 4068; x_wconf 85' lang='lat' dir='ltr'><strong>gene-</strong></span> 
     </span>
    </p>
   </div>
   <div class='ocr_carea' id='block_1_71' title="bbox 587 4084 1392 4158">
    <p class='ocr_par' dir='ltr' id='par_1_71' title="bbox 587 4084 1392 4158">
     <span class='ocr_line' id='line_1_71' title="bbox 587 4084 1392 4158; baseline 0.006 -21"><span class='ocrx_word' id='word_1_549' title='bbox 587 4097 709 4138; x_wconf 89' lang='lat' dir='ltr'><strong>rare</strong></span> <span class='ocrx_word' id='word_1_550' title='bbox 737 4084 966 4140; x_wconf 90' lang='lat' dir='ltr'><strong>similem</strong></span> <span class='ocrx_word' id='word_1_551' title='bbox 999 4103 1104 4141; x_wconf 90' lang='lat' dir='ltr'><strong>non</strong></span> <span class='ocrx_word' id='word_1_552' title='bbox 1138 4087 1392 4158; x_wconf 88' lang='lat' dir='ltr'><strong>potuerit.</strong></span> 
     </span>
    </p>
   </div>
   <div class='ocr_carea' id='block_1_72' title="bbox 664 4175 2188 4247">
    <p class='ocr_par' dir='ltr' id='par_1_72' title="bbox 664 4175 2188 4247">
     <span class='ocr_line' id='line_1_72' title="bbox 664 4175 2188 4247; baseline 0.006 -17"><span class='ocrx_word' id='word_1_553' title='bbox 664 4175 754 4231; x_wconf 67' lang='lat'><strong>49.</strong></span> <span class='ocrx_word' id='word_1_554' title='bbox 797 4177 1080 4247; x_wconf 81' lang='lat' dir='ltr'><strong>PrOphelae</strong></span> <span class='ocrx_word' id='word_1_555' title='bbox 1128 4179 1362 4234; x_wconf 88' lang='lat' dir='ltr'><strong>dicunt:</strong></span> <span class='ocrx_word' id='word_1_556' title='bbox 1417 4181 1478 4235; x_wconf 90' lang='lat' dir='ltr'><strong>ln</strong></span> <span class='ocrx_word' id='word_1_557' title='bbox 1529 4182 1724 4237; x_wconf 87' lang='lat' dir='ltr'><strong>lumine</strong></span> <span class='ocrx_word' id='word_1_558' title='bbox 1772 4177 1862 4236; x_wconf 84' lang='lat' dir='ltr'><strong>tuo</strong></span> <span class='ocrx_word' id='word_1_559' title='bbox 1907 4183 2188 4239; x_wconf 82' lang='lat' dir='ltr'><strong>videbimus</strong></span> 
     </span>
    </p>
   </div>
   <div class='ocr_carea' id='block_1_73' title="bbox 589 4269 2188 4346">
    <p class='ocr_par' dir='ltr' id='par_1_73' title="bbox 589 4269 2188 4346">
     <span class='ocr_line' id='line_1_73' title="bbox 589 4269 2188 4346; baseline 0.006 -24"><span class='ocrx_word' id='word_1_560' title='bbox 589 4270 760 4324; x_wconf 88' lang='lat' dir='ltr'><strong>lumen</strong></span> <span class='ocrx_word' id='word_1_561' title='bbox 791 4269 969 4334; x_wconf 88' lang='lat' dir='ltr'><strong>(Psal.</strong></span> <span class='ocrx_word' id='word_1_562' title='bbox 998 4289 1160 4339; x_wconf 78' lang='lat' dir='ltr'><strong>xxxv,</strong></span> <span class='ocrx_word' id='word_1_563' title='bbox 1193 4273 1302 4344; x_wconf 79' lang='grc'><strong>10).</strong></span> <span class='ocrx_word' id='word_1_564' title='bbox 1327 4274 1612 4345; x_wconf 76' lang='lat' dir='ltr'><strong>Propheta:</strong></span> <span class='ocrx_word' id='word_1_565' title='bbox 1657 4276 1847 4332; x_wconf 93' lang='lat' dir='ltr'><strong>dicunt</strong></span> <span class='ocrx_word' id='word_1_566' title='bbox 1880 4295 1892 4332; x_wconf 92' lang='lat'><strong>:</strong></span> <span class='ocrx_word' id='word_1_567' title='bbox 1925 4279 2188 4346; x_wconf 86' lang='lat' dir='ltr'><strong>Splendor</strong></span> 
     </span>
    </p>
   </div>
   <div class='ocr_carea' id='block_1_74' title="bbox 593 4364 2191 4436">
    <p class='ocr_par' dir='ltr' id='par_1_74' title="bbox 593 4364 2191 4436">
     <span class='ocr_line' id='line_1_74' title="bbox 593 4364 2191 4436; baseline 0.006 -20"><span class='ocrx_word' id='word_1_568' title='bbox 593 4371 669 4416; x_wconf 87' lang='lat' dir='ltr'><strong>est</strong></span> <span class='ocrx_word' id='word_1_569' title='bbox 699 4365 834 4416; x_wconf 88' lang='lat' dir='ltr'><strong>enim</strong></span> <span class='ocrx_word' id='word_1_570' title='bbox 882 4364 1011 4417; x_wconf 84' lang='lat' dir='ltr'><strong>lucis</strong></span> <span class='ocrx_word' id='word_1_571' title='bbox 1061 4377 1267 4420; x_wconf 63' lang='lat' dir='ltr'><strong>(eterna</strong></span> <span class='ocrx_word' id='word_1_572' title='bbox 1290 4408 1303 4431; x_wconf 90' lang='lat'><strong>,</strong></span> <span class='ocrx_word' id='word_1_573' title='bbox 1337 4375 1384 4421; x_wconf 90' lang='lat' dir='ltr'><strong>et</strong></span> <span class='ocrx_word' id='word_1_574' title='bbox 1411 4369 1672 4436; x_wconf 85' lang='lat' dir='ltr'><strong>speculum</strong></span> <span class='ocrx_word' id='word_1_575' title='bbox 1722 4371 1832 4423; x_wconf 85' lang='lat' dir='ltr'><strong>sine</strong></span> <span class='ocrx_word' id='word_1_576' title='bbox 1861 4372 2063 4425; x_wconf 86' lang='lat' dir='ltr'><strong>macula</strong></span> <span class='ocrx_word' id='word_1_577' title='bbox 2091 4369 2191 4426; x_wconf 86' lang='lat' dir='ltr'><strong>Dei</strong></span> 
     </span>
    </p>
   </div>
   <div class='ocr_carea' id='block_1_75' title="bbox 584 4455 2189 4531">
    <p class='ocr_par' dir='ltr' id='par_1_75' title="bbox 584 4455 2189 4531">
     <span class='ocr_line' id='line_1_75' title="bbox 584 4455 2189 4531; baseline 0.006 -23"><span class='ocrx_word' id='word_1_578' title='bbox 584 4457 892 4522; x_wconf 81' lang='lat' dir='ltr'><strong>maiestatis,</strong></span> <span class='ocrx_word' id='word_1_579' title='bbox 919 4465 965 4508; x_wconf 90' lang='lat' dir='ltr'><strong>et</strong></span> <span class='ocrx_word' id='word_1_580' title='bbox 987 4457 1157 4526; x_wconf 87' lang='lat' dir='ltr'><strong>imago</strong></span> <span class='ocrx_word' id='word_1_581' title='bbox 1185 4458 1420 4512; x_wconf 88' lang='lat' dir='ltr'><strong>bonitatis</strong></span> <span class='ocrx_word' id='word_1_582' title='bbox 1443 4457 1584 4513; x_wconf 86' lang='lat' dir='ltr'><strong>illius</strong></span> <span class='ocrx_word' id='word_1_583' title='bbox 1614 4460 1768 4531; x_wconf 88' lang='lat' dir='ltr'><strong>(Sap.</strong></span> <span class='ocrx_word' id='word_1_584' title='bbox 1796 4477 1886 4530; x_wconf 64' lang='grc' dir='ltr'>ιιι,</span> <span class='ocrx_word' id='word_1_585' title='bbox 1913 4461 2029 4531; x_wconf 69' lang='grc'><strong>26).</strong></span> <span class='ocrx_word' id='word_1_586' title='bbox 2056 4455 2189 4518; x_wconf 78' lang='lat' dir='ltr'><strong>Vide</strong></span> 
     </span>
    </p>
   </div>
   <div class='ocr_carea' id='block_1_76' title="bbox 2291 3264 3849 3340">
    <p class='ocr_par' dir='ltr' id='par_1_76' title="bbox 2291 3264 3849 3340">
     <span class='ocr_line' id='line_1_76' title="bbox 2291 3264 3849 3340; baseline -0.004 -19"><span class='ocrx_word' id='word_1_587' title='bbox 2291 3269 2360 3322; x_wconf 89' lang='lat' dir='ltr'><strong>ad</strong></span> <span class='ocrx_word' id='word_1_588' title='bbox 2387 3271 2662 3340; x_wconf 84' lang='lat' dir='ltr'><strong>imaginem</strong></span> <span class='ocrx_word' id='word_1_589' title='bbox 2713 3279 2758 3323; x_wconf 89' lang='lat' dir='ltr'><strong>et</strong></span> <span class='ocrx_word' id='word_1_590' title='bbox 2787 3269 3182 3322; x_wconf 89' lang='lat' dir='ltr'><strong>similitudinem</strong></span> <span class='ocrx_word' id='word_1_591' title='bbox 3231 3279 3482 3323; x_wconf 87' lang='lat' dir='ltr'><strong>nostram.</strong></span> <span class='ocrx_word' id='word_1_592' title='bbox 3521 3269 3575 3323; x_wconf 86' lang='lat' dir='ltr'><strong>In</strong></span> <span class='ocrx_word' id='word_1_593' title='bbox 3622 3264 3849 3339; x_wconf 86' lang='lat' dir='ltr'><strong>principio</strong></span> 
     </span>
    </p>
   </div>
   <div class='ocr_carea' id='block_1_77' title="bbox 2291 3359 3850 3429">
    <p class='ocr_par' dir='ltr' id='par_1_77' title="bbox 2291 3359 3850 3429">
     <span class='ocr_line' id='line_1_77' title="bbox 2291 3359 3850 3429; baseline -0.004 -15"><span class='ocrx_word' id='word_1_594' title='bbox 2291 3361 2460 3429; x_wconf 86' lang='lat' dir='ltr'><strong>ipsius</strong></span> <span class='ocrx_word' id='word_1_595' title='bbox 2493 3363 2678 3414; x_wconf 82' lang='lat' dir='ltr'><strong>mundi</strong></span> <span class='ocrx_word' id='word_1_596' title='bbox 2713 3359 2926 3415; x_wconf 85' lang='lat' dir='ltr'><strong>Patrem</strong></span> <span class='ocrx_word' id='word_1_597' title='bbox 2961 3371 3014 3415; x_wconf 91' lang='lat' dir='ltr'><strong>et</strong></span> <span class='ocrx_word' id='word_1_598' title='bbox 3051 3361 3243 3415; x_wconf 86' lang='lat' dir='ltr'><strong>Filium</strong></span> <span class='ocrx_word' id='word_1_599' title='bbox 3275 3376 3399 3414; x_wconf 88' lang='lat' dir='ltr'><strong>esse</strong></span> <span class='ocrx_word' id='word_1_600' title='bbox 3431 3362 3613 3427; x_wconf 89' lang='lat' dir='ltr'><strong>audio,</strong></span> <span class='ocrx_word' id='word_1_601' title='bbox 3644 3371 3693 3415; x_wconf 92' lang='lat' dir='ltr'><strong>ct</strong></span> <span class='ocrx_word' id='word_1_602' title='bbox 3718 3371 3850 3412; x_wconf 90' lang='lat' dir='ltr'><strong>unum</strong></span> 
     </span>
    </p>
   </div>
   <div class='ocr_carea' id='block_1_78' title="bbox 2290 3453 3848 3530">
    <p class='ocr_par' dir='ltr' id='par_1_78' title="bbox 2290 3453 3848 3530">
     <span class='ocr_line' id='line_1_78' title="bbox 2290 3453 3848 3530; baseline 0.003 -24"><span class='ocrx_word' id='word_1_603' title='bbox 2290 3458 2425 3530; x_wconf 84' lang='lat' dir='ltr'><strong>opus</strong></span> <span class='ocrx_word' id='word_1_604' title='bbox 2451 3453 2636 3506; x_wconf 86' lang='lat' dir='ltr'><strong>ccrito.</strong></span> <span class='ocrx_word' id='word_1_605' title='bbox 2675 3454 2849 3508; x_wconf 72' lang='lat' dir='ltr'><strong>Audio</strong></span> <span class='ocrx_word' id='word_1_606' title='bbox 2892 3455 3201 3524; x_wconf 86' lang='lat' dir='ltr'><strong>loquentem</strong></span> <span class='ocrx_word' id='word_1_607' title='bbox 3227 3495 3241 3518; x_wconf 93' lang='lat'><strong>,</strong></span> <span class='ocrx_word' id='word_1_608' title='bbox 3275 3470 3514 3523; x_wconf 88' lang='lat' dir='ltr'><strong>agnosco</strong></span> <span class='ocrx_word' id='word_1_609' title='bbox 3563 3453 3848 3510; x_wconf 78' lang='lat' dir='ltr'><strong>facientem;</strong></span> 
     </span>
    </p>
   </div>
   <div class='ocr_carea' id='block_1_79' title="bbox 2286 3544 3848 3616">
    <p class='ocr_par' dir='ltr' id='par_1_79' title="bbox 2286 3544 3848 3616">
     <span class='ocr_line' id='line_1_79' title="bbox 2286 3544 3848 3616; baseline -0.003 -15"><span class='ocrx_word' id='word_1_610' title='bbox 2286 3545 2382 3601; x_wconf 87' lang='lat' dir='ltr'><strong>sed</strong></span> <span class='ocrx_word' id='word_1_611' title='bbox 2412 3547 2661 3602; x_wconf 78' lang='lat' dir='ltr'><strong>ct&#39;Patris</strong></span> <span class='ocrx_word' id='word_1_612' title='bbox 2707 3557 2762 3603; x_wconf 86' lang='lat' dir='ltr'><strong>et</strong></span> <span class='ocrx_word' id='word_1_613' title='bbox 2790 3548 2909 3602; x_wconf 86' lang='lat' dir='ltr'><strong>Filii</strong></span> <span class='ocrx_word' id='word_1_614' title='bbox 2941 3565 3099 3602; x_wconf 89' lang='lat' dir='ltr'><strong>unam</strong></span> <span class='ocrx_word' id='word_1_615' title='bbox 3143 3547 3434 3616; x_wconf 83' lang='lat' dir='ltr'><strong>imaginem</strong></span> <span class='ocrx_word' id='word_1_616' title='bbox 3465 3591 3479 3614; x_wconf 93' lang='lat'><strong>,</strong></span> <span class='ocrx_word' id='word_1_617' title='bbox 3513 3565 3665 3603; x_wconf 86' lang='lat' dir='ltr'><strong>unam</strong></span> <span class='ocrx_word' id='word_1_618' title='bbox 3692 3544 3848 3600; x_wconf 79' lang='lat' dir='ltr'><strong>simili-</strong></span> 
     </span>
    </p>
   </div>
   <div class='ocr_carea' id='block_1_80' title="bbox 2293 3636 3850 3708">
    <p class='ocr_par' dir='ltr' id='par_1_80' title="bbox 2293 3636 3850 3708">
     <span class='ocr_line' id='line_1_80' title="bbox 2293 3636 3850 3708; baseline 0.001 -14"><span class='ocrx_word' id='word_1_619' title='bbox 2293 3639 2533 3694; x_wconf 91' lang='lat' dir='ltr'><strong>tudinem</strong></span> <span class='ocrx_word' id='word_1_620' title='bbox 2583 3641 2721 3708; x_wconf 79' lang='lat' dir='ltr'><strong>lego.</strong></span> <span class='ocrx_word' id='word_1_621' title='bbox 2759 3642 3068 3696; x_wconf 90' lang='lat' dir='ltr'><strong>Similitndo</strong></span> <span class='ocrx_word' id='word_1_622' title='bbox 3101 3643 3215 3697; x_wconf 64' lang='lat' dir='ltr'><strong>haec</strong></span> <span class='ocrx_word' id='word_1_623' title='bbox 3243 3657 3349 3696; x_wconf 92' lang='lat' dir='ltr'><strong>non</strong></span> <span class='ocrx_word' id='word_1_624' title='bbox 3397 3643 3716 3700; x_wconf 84' lang='lat' dir='ltr'><strong>diversitatis</strong></span> <span class='ocrx_word' id='word_1_625' title='bbox 3739 3681 3752 3704; x_wconf 91' lang='lat'><strong>,</strong></span> <span class='ocrx_word' id='word_1_626' title='bbox 3776 3636 3850 3691; x_wconf 61' lang='lat' dir='ltr'><strong>sed</strong></span> 
     </span>
    </p>
   </div>
   <div class='ocr_carea' id='block_1_81' title="bbox 2289 3732 3846 3806">
    <p class='ocr_par' dir='ltr' id='par_1_81' title="bbox 2289 3732 3846 3806">
     <span class='ocr_line' id='line_1_81' title="bbox 2289 3732 3846 3806; baseline -0.004 -16"><span class='ocrx_word' id='word_1_627' title='bbox 2289 3735 2512 3790; x_wconf 82' lang='lat' dir='ltr'><strong>nnitatis</strong></span> <span class='ocrx_word' id='word_1_628' title='bbox 2542 3745 2646 3790; x_wconf 91' lang='lat' dir='ltr'><strong>est.</strong></span> <span class='ocrx_word' id='word_1_629' title='bbox 2681 3736 2834 3803; x_wconf 87' lang='lat' dir='ltr'><strong>Quod</strong></span> <span class='ocrx_word' id='word_1_630' title='bbox 2888 3737 3049 3806; x_wconf 89' lang='lat' dir='ltr'><strong>igitur</strong></span> <span class='ocrx_word' id='word_1_631' title='bbox 3077 3737 3167 3791; x_wconf 87' lang='lat' dir='ltr'><strong>tibi</strong></span> <span class='ocrx_word' id='word_1_632' title='bbox 3200 3751 3432 3804; x_wconf 91' lang='lat' dir='ltr'><strong>usurpas</strong></span> <span class='ocrx_word' id='word_1_633' title='bbox 3454 3781 3468 3804; x_wconf 89' lang='lat'><strong>,</strong></span> <span class='ocrx_word' id='word_1_634' title='bbox 3505 3737 3635 3792; x_wconf 82' lang='lat' dir='ltr'><strong>Filio</strong></span> <span class='ocrx_word' id='word_1_635' title='bbox 3667 3736 3748 3790; x_wconf 88' lang='lat' dir='ltr'><strong>Dei</strong></span> <span class='ocrx_word' id='word_1_636' title='bbox 3772 3732 3846 3785; x_wconf 52' lang='lat' dir='ltr'><strong>deo</strong></span> 
     </span>
    </p>
   </div>
   <div class='ocr_carea' id='block_1_82' title="bbox 2289 3826 3848 3901">
    <p class='ocr_par' dir='ltr' id='par_1_82' title="bbox 2289 3826 3848 3901">
     <span class='ocr_line' id='line_1_82' title="bbox 2289 3826 3848 3901; baseline -0.004 -19"><span class='ocrx_word' id='word_1_637' title='bbox 2289 3843 2447 3898; x_wconf 87' lang='lat' dir='ltr'><strong>rogas</strong></span> <span class='ocrx_word' id='word_1_638' title='bbox 2473 3844 2487 3892; x_wconf 94' lang='lat'><strong>;</strong></span> <span class='ocrx_word' id='word_1_639' title='bbox 2517 3843 2638 3882; x_wconf 93' lang='lat' dir='ltr'><strong>cum</strong></span> <span class='ocrx_word' id='word_1_640' title='bbox 2691 3829 2877 3898; x_wconf 92' lang='lat' dir='ltr'><strong>utique</strong></span> <span class='ocrx_word' id='word_1_641' title='bbox 2909 3830 3010 3883; x_wconf 80' lang='lat' dir='ltr'><strong>nisi</strong></span> <span class='ocrx_word' id='word_1_642' title='bbox 3055 3844 3151 3899; x_wconf 89' lang='lat' dir='ltr'><strong>per</strong></span> <span class='ocrx_word' id='word_1_643' title='bbox 3178 3829 3469 3901; x_wconf 86' lang='lat' dir='ltr'><strong>imaginem</strong></span> <span class='ocrx_word' id='word_1_644' title='bbox 3506 3829 3628 3895; x_wconf 85' lang='lat' dir='ltr'><strong>Dei,</strong></span> <span class='ocrx_word' id='word_1_645' title='bbox 3657 3826 3716 3882; x_wconf 88' lang='lat' dir='ltr'><strong>ad</strong></span> <span class='ocrx_word' id='word_1_646' title='bbox 3742 3827 3848 3880; x_wconf 87' lang='lat' dir='ltr'><strong>ima-</strong></span> 
     </span>
    </p>
   </div>
   <div class='ocr_carea' id='block_1_83' title="bbox 2287 3919 3114 3992">
    <p class='ocr_par' dir='ltr' id='par_1_83' title="bbox 2287 3919 3114 3992">
     <span class='ocr_line' id='line_1_83' title="bbox 2287 3919 3114 3992; baseline 0.002 -18"><span class='ocrx_word' id='word_1_647' title='bbox 2287 3921 2470 3992; x_wconf 82' lang='lat' dir='ltr'><strong>ginem</strong></span> <span class='ocrx_word' id='word_1_648' title='bbox 2503 3919 2595 3975; x_wconf 90' lang='lat' dir='ltr'><strong>Dci</strong></span> <span class='ocrx_word' id='word_1_649' title='bbox 2626 3935 2748 3977; x_wconf 90' lang='lat' dir='ltr'><strong>esse</strong></span> <span class='ocrx_word' id='word_1_650' title='bbox 2781 3937 2889 3976; x_wconf 87' lang='lat' dir='ltr'><strong>non</strong></span> <span class='ocrx_word' id='word_1_651' title='bbox 2921 3924 3114 3992; x_wconf 88' lang='lat' dir='ltr'><strong>possis.</strong></span> 
     </span>
    </p>
   </div>
   <div class='ocr_carea' id='block_1_84' title="bbox 2889 4034 3294 4092">
    <p class='ocr_par' dir='ltr' id='par_1_84' title="bbox 2889 4034 3294 4092">
     <span class='ocr_line' id='line_1_84' title="bbox 2889 4034 3294 4092; baseline -0.005 -2"><span class='ocrx_word' id='word_1_652' title='bbox 2889 4034 3120 4091; x_wconf 82' lang='lat' dir='ltr'><strong>CAPUT</strong></span> <span class='ocrx_word' id='word_1_653' title='bbox 3161 4034 3294 4092; x_wconf 80' lang='lat' dir='ltr'><strong>VIII.</strong></span> 
     </span>
    </p>
   </div>
   <div class='ocr_carea' id='block_1_85' title="bbox 2291 4143 3847 4219">
    <p class='ocr_par' dir='ltr' id='par_1_85' title="bbox 2291 4143 3847 4219">
     <span class='ocr_line' id='line_1_85' title="bbox 2291 4143 3847 4219; baseline -0.006 -19"><span class='ocrx_word' id='word_1_654' title='bbox 2291 4146 2375 4200; x_wconf 77' lang='lat' dir='ltr'><strong>Ba:</strong></span> <span class='ocrx_word' id='word_1_655' title='bbox 2417 4147 2632 4219; x_wconf 87' lang='lat' dir='ltr'><strong>probata</strong></span> <span class='ocrx_word' id='word_1_656' title='bbox 2679 4146 2808 4202; x_wconf 86' lang='lat' dir='ltr'><strong>Filii</strong></span> <span class='ocrx_word' id='word_1_657' title='bbox 2856 4159 2973 4202; x_wconf 87' lang='lat' dir='ltr'><strong>cum</strong></span> <span class='ocrx_word' id='word_1_658' title='bbox 3029 4143 3188 4201; x_wconf 86' lang='lat' dir='ltr'><strong>Patre</strong></span> <span class='ocrx_word' id='word_1_659' title='bbox 3231 4149 3604 4207; x_wconf 83' lang='lat' dir='ltr'><strong>similitudine.</strong></span> <span class='ocrx_word' id='word_1_660' title='bbox 3652 4143 3847 4199; x_wconf 71' lang='lat' dir='ltr'><strong>eumdem</strong></span> 
     </span>
    </p>
   </div>
   <div class='ocr_carea' id='block_1_86' title="bbox 2362 4232 3849 4316">
    <p class='ocr_par' dir='ltr' id='par_1_86' title="bbox 2362 4232 3849 4316">
     <span class='ocr_line' id='line_1_86' title="bbox 2362 4232 3849 4316; baseline 0 -22"><span class='ocrx_word' id='word_1_661' title='bbox 2362 4252 2609 4296; x_wconf 66' lang='lat' dir='ltr'><strong>aeternum</strong></span> <span class='ocrx_word' id='word_1_662' title='bbox 2657 4243 2808 4296; x_wconf 90' lang='lat' dir='ltr'><strong>etiam</strong></span> <span class='ocrx_word' id='word_1_663' title='bbox 2845 4259 2952 4296; x_wconf 88' lang='lat' dir='ltr'><strong>esse</strong></span> <span class='ocrx_word' id='word_1_664' title='bbox 2984 4232 3122 4296; x_wconf 78' lang='lat' dir='ltr'><strong>haud</strong></span> <span class='ocrx_word' id='word_1_665' title='bbox 3151 4258 3284 4316; x_wconf 73' lang='lat' dir='ltr'><strong>(egre</strong></span> <span class='ocrx_word' id='word_1_666' title='bbox 3315 4242 3661 4299; x_wconf 71' lang='lat' dir='ltr'><strong>demonitrari</strong></span> <span class='ocrx_word' id='word_1_667' title='bbox 3681 4282 3696 4305; x_wconf 88' lang='lat'><strong>,</strong></span> <span class='ocrx_word' id='word_1_668' title='bbox 3735 4233 3849 4314; x_wconf 73' lang='lat' dir='ltr'><strong>quod</strong></span> 
     </span>
    </p>
   </div>
   <div class='ocr_carea' id='block_1_87' title="bbox 2366 4329 3849 4406">
    <p class='ocr_par' dir='ltr' id='par_1_87' title="bbox 2366 4329 3849 4406">
     <span class='ocr_line' id='line_1_87' title="bbox 2366 4329 3849 4406; baseline -0.005 -21"><span class='ocrx_word' id='word_1_669' title='bbox 2366 4332 2701 4388; x_wconf 88' lang='lat' dir='ltr'><strong>nihilominus</strong></span> <span class='ocrx_word' id='word_1_670' title='bbox 2749 4337 2998 4389; x_wconf 86' lang='lat' dir='ltr'><strong>astruitttr</strong></span> <span class='ocrx_word' id='word_1_671' title='bbox 3035 4353 3062 4390; x_wconf 92' lang='lat' dir='ltr'><strong>e</strong></span> <span class='ocrx_word' id='word_1_672' title='bbox 3104 4336 3369 4406; x_wconf 84' lang='lat' dir='ltr'><strong>prophetia</strong></span> <span class='ocrx_word' id='word_1_673' title='bbox 3406 4334 3607 4400; x_wconf 76' lang='lat' dir='ltr'><strong>Esaice,</strong></span> <span class='ocrx_word' id='word_1_674' title='bbox 3635 4350 3693 4386; x_wconf 86' lang='lat' dir='ltr'><strong>ac</strong></span> <span class='ocrx_word' id='word_1_675' title='bbox 3714 4329 3849 4384; x_wconf 83' lang='lat' dir='ltr'><strong>Joan-</strong></span> 
     </span>
    </p>
   </div>
   <div class='ocr_carea' id='block_1_88' title="bbox 2362 4424 3848 4502">
    <p class='ocr_par' dir='ltr' id='par_1_88' title="bbox 2362 4424 3848 4502">
     <span class='ocr_line' id='line_1_88' title="bbox 2362 4424 3848 4502; baseline -0.005 -24"><span class='ocrx_word' id='word_1_676' title='bbox 2362 4425 2443 4502; x_wconf 83' lang='lat' dir='ltr'><strong>nis</strong></span> <span class='ocrx_word' id='word_1_677' title='bbox 2473 4425 2790 4498; x_wconf 85' lang='lat' dir='ltr'><strong>Evangelia;</strong></span> <span class='ocrx_word' id='word_1_678' title='bbox 2820 4428 2972 4495; x_wconf 84' lang='lat' dir='ltr'><strong>cnjus‘</strong></span> <span class='ocrx_word' id='word_1_679' title='bbox 3011 4428 3178 4482; x_wconf 83' lang='lat' dir='ltr'><strong>ultimi</strong></span> <span class='ocrx_word' id='word_1_680' title='bbox 3205 4431 3514 4485; x_wconf 81' lang='lat' dir='ltr'><strong>auctoritate</strong></span> <span class='ocrx_word' id='word_1_681' title='bbox 3544 4427 3685 4484; x_wconf 90' lang='lat' dir='ltr'><strong>obrui</strong></span> <span class='ocrx_word' id='word_1_682' title='bbox 3710 4424 3848 4477; x_wconf 78' lang='lat' dir='ltr'><strong>luere-</strong></span> 
     </span>
    </p>
   </div>
   <div class='ocr_carea' id='block_1_89' title="bbox 583 4515 2958 4623">
    <p class='ocr_par' dir='ltr' id='par_1_89' title="bbox 583 4515 2958 4623">
     <span class='ocr_line' id='line_1_89' title="bbox 583 4515 2958 4623; baseline 0.002 -23"><span class='ocrx_word' id='word_1_683' title='bbox 583 4558 783 4619; x_wconf 89' lang='lat' dir='ltr'><strong>quanta</strong></span> <span class='ocrx_word' id='word_1_684' title='bbox 833 4515 1115 4603; x_wconf 45' lang='lat' dir='ltr'><strong>dicantur:</strong></span> <span class='ocrx_word' id='word_1_685' title='bbox 1157 4549 1459 4620; x_wconf 85' lang='lat' dir='ltr'><strong>Splendor;</strong></span> <span class='ocrx_word' id='word_1_686' title='bbox 1488 4515 1630 4621; x_wconf 89' lang='lat' dir='ltr'><strong>quod</strong></span> <span class='ocrx_word' id='word_1_687' title='bbox 1679 4515 1897 4608; x_wconf 72' lang='lat' dir='ltr'><strong>claritas</strong></span> <span class='ocrx_word' id='word_1_688' title='bbox 1945 4515 2184 4623; x_wconf 68' lang='lat' dir='ltr'><strong>paterna:</strong></span> <span class='ocrx_word' id='word_1_689' title='bbox 2219 4541 2266 4604; x_wconf 78' lang='grc' dir='ltr'><strong>Ι)</strong></span> <span class='ocrx_word' id='word_1_690' title='bbox 2361 4519 2579 4574; x_wconf 50' lang='lat' dir='ltr'><strong>“arma,</strong></span> <span class='ocrx_word' id='word_1_691' title='bbox 2608 4515 2958 4574; x_wconf 39' lang='lat' dir='ltr'><strong>dedammu&#39;l“</strong></span> 
     </span>
    </p>
   </div>
   <div class='ocr_carea' id='block_1_90' title="bbox 584 4641 2182 4716">
    <p class='ocr_par' dir='ltr' id='par_1_90' title="bbox 584 4641 2182 4716">
     <span class='ocr_line' id='line_1_90' title="bbox 584 4641 2182 4716; baseline 0.003 -20"><span class='ocrx_word' id='word_1_692' title='bbox 584 4643 722 4697; x_wconf 86' lang='lat' dir='ltr'><strong>lucis</strong></span> <span class='ocrx_word' id='word_1_693' title='bbox 750 4643 802 4696; x_wconf 91' lang='lat' dir='ltr'><strong>in</strong></span> <span class='ocrx_word' id='word_1_694' title='bbox 831 4641 968 4696; x_wconf 83' lang='lat' dir='ltr'><strong>Filio</strong></span> <span class='ocrx_word' id='word_1_695' title='bbox 998 4643 1068 4697; x_wconf 87' lang='lat' dir='ltr'><strong>sit</strong></span> <span class='ocrx_word' id='word_1_696' title='bbox 1097 4659 1108 4695; x_wconf 92' lang='lat'><strong>:</strong></span> <span class='ocrx_word' id='word_1_697' title='bbox 1140 4645 1404 4715; x_wconf 85' lang='lat' dir='ltr'><strong>speculum</strong></span> <span class='ocrx_word' id='word_1_698' title='bbox 1431 4645 1541 4698; x_wconf 88' lang='lat' dir='ltr'><strong>sine</strong></span> <span class='ocrx_word' id='word_1_699' title='bbox 1567 4645 1810 4711; x_wconf 81' lang='lat' dir='ltr'><strong>macula;</strong></span> <span class='ocrx_word' id='word_1_700' title='bbox 1841 4646 1983 4716; x_wconf 89' lang='lat' dir='ltr'><strong>quod</strong></span> <span class='ocrx_word' id='word_1_701' title='bbox 2023 4645 2182 4702; x_wconf 88' lang='lat' dir='ltr'><strong>Pater</strong></span> 
     </span>
    </p>
   </div>
   <div class='ocr_carea' id='block_1_91' title="bbox 586 4736 2177 4811">
    <p class='ocr_par' dir='ltr' id='par_1_91' title="bbox 586 4736 2177 4811">
     <span class='ocr_line' id='line_1_91' title="bbox 586 4736 2177 4811; baseline 0.005 -21"><span class='ocrx_word' id='word_1_702' title='bbox 586 4736 834 4792; x_wconf 89' lang='lat' dir='ltr'><strong>videatur</strong></span> <span class='ocrx_word' id='word_1_703' title='bbox 862 4737 912 4792; x_wconf 90' lang='lat' dir='ltr'><strong>in</strong></span> <span class='ocrx_word' id='word_1_704' title='bbox 946 4736 1085 4792; x_wconf 82' lang='lat' dir='ltr'><strong>Filio</strong></span> <span class='ocrx_word' id='word_1_705' title='bbox 1119 4757 1129 4792; x_wconf 96' lang='lat'>:</span> <span class='ocrx_word' id='word_1_706' title='bbox 1162 4739 1332 4810; x_wconf 86' lang='lat' dir='ltr'><strong>imago</strong></span> <span class='ocrx_word' id='word_1_707' title='bbox 1359 4738 1644 4806; x_wconf 86' lang='lat' dir='ltr'><strong>bonitatis;</strong></span> <span class='ocrx_word' id='word_1_708' title='bbox 1671 4741 1812 4809; x_wconf 88' lang='lat' dir='ltr'><strong>quod</strong></span> <span class='ocrx_word' id='word_1_709' title='bbox 1842 4757 1947 4796; x_wconf 91' lang='lat' dir='ltr'><strong>non</strong></span> <span class='ocrx_word' id='word_1_710' title='bbox 1981 4757 2177 4811; x_wconf 89' lang='lat' dir='ltr'><strong>corpus</strong></span> 
     </span>
    </p>
   </div>
   <div class='ocr_carea' id='block_1_92' title="bbox 588 4831 2180 4910">
    <p class='ocr_par' dir='ltr' id='par_1_92' title="bbox 588 4831 2180 4910">
     <span class='ocr_line' id='line_1_92' title="bbox 588 4831 2180 4910; baseline 0.004 -25"><span class='ocrx_word' id='word_1_711' title='bbox 588 4831 641 4886; x_wconf 90' lang='lat' dir='ltr'><strong>in</strong></span> <span class='ocrx_word' id='word_1_712' title='bbox 669 4847 898 4902; x_wconf 84' lang='lat' dir='ltr'><strong>corpore</strong></span> <span class='ocrx_word' id='word_1_713' title='bbox 920 4875 934 4899; x_wconf 89' lang='lat'><strong>,</strong></span> <span class='ocrx_word' id='word_1_714' title='bbox 965 4833 1058 4888; x_wconf 81' lang='lat' dir='ltr'><strong>sed</strong></span> <span class='ocrx_word' id='word_1_715' title='bbox 1091 4832 1263 4888; x_wconf 92' lang='lat' dir='ltr'><strong>virtus</strong></span> <span class='ocrx_word' id='word_1_716' title='bbox 1290 4834 1342 4888; x_wconf 92' lang='lat' dir='ltr'><strong>in</strong></span> <span class='ocrx_word' id='word_1_717' title='bbox 1371 4833 1510 4888; x_wconf 88' lang='lat' dir='ltr'><strong>Filio</strong></span> <span class='ocrx_word' id='word_1_718' title='bbox 1549 4842 1657 4889; x_wconf 87' lang='lat' dir='ltr'><strong>tota</strong></span> <span class='ocrx_word' id='word_1_719' title='bbox 1691 4846 1966 4891; x_wconf 90' lang='lat' dir='ltr'><strong>cernatur.</strong></span> <span class='ocrx_word' id='word_1_720' title='bbox 1996 4836 2180 4910; x_wconf 84' lang='lat' dir='ltr'><strong>Imago</strong></span> 
     </span>
    </p>
   </div>
   <div class='ocr_carea' id='block_1_93' title="bbox 587 4923 2178 4999">
    <p class='ocr_par' dir='ltr' id='par_1_93' title="bbox 587 4923 2178 4999">
     <span class='ocr_line' id='line_1_93' title="bbox 587 4923 2178 4999; baseline 0.004 -22"><span class='ocrx_word' id='word_1_721' title='bbox 587 4923 742 4978; x_wconf 90' lang='lat' dir='ltr'><strong>docet</strong></span> <span class='ocrx_word' id='word_1_722' title='bbox 777 4940 882 4979; x_wconf 92' lang='lat' dir='ltr'><strong>non</strong></span> <span class='ocrx_word' id='word_1_723' title='bbox 907 4940 1028 4980; x_wconf 85' lang='lat' dir='ltr'><strong>esse</strong></span> <span class='ocrx_word' id='word_1_724' title='bbox 1052 4925 1393 4993; x_wconf 85' lang='lat' dir='ltr'><strong>dissimilem,</strong></span> <span class='ocrx_word' id='word_1_725' title='bbox 1419 4927 1690 4982; x_wconf 87' lang='lat' dir='ltr'><strong>character</strong></span> <span class='ocrx_word' id='word_1_726' title='bbox 1714 4943 2028 4999; x_wconf 83' lang='lat' dir='ltr'><strong>expressum</strong></span> <span class='ocrx_word' id='word_1_727' title='bbox 2058 4945 2178 4986; x_wconf 78' lang='lat' dir='ltr'><strong>esse</strong></span> 
     </span>
    </p>
   </div>
   <div class='ocr_carea' id='block_1_94' title="bbox 583 5015 2178 5094">
    <p class='ocr_par' dir='ltr' id='par_1_94' title="bbox 583 5015 2178 5094">
     <span class='ocr_line' id='line_1_94' title="bbox 583 5015 2178 5094; baseline 0.006 -25"><span class='ocrx_word' id='word_1_728' title='bbox 583 5015 882 5086; x_wconf 89' lang='lat' dir='ltr'><strong>signiﬁcat,</strong></span> <span class='ocrx_word' id='word_1_729' title='bbox 921 5019 1166 5085; x_wconf 88' lang='lat' dir='ltr'><strong>splendor</strong></span> <span class='ocrx_word' id='word_1_730' title='bbox 1213 5019 1391 5091; x_wconf 90' lang='lat' dir='ltr'><strong>signat</strong></span> <span class='ocrx_word' id='word_1_731' title='bbox 1437 5031 1722 5076; x_wconf 61' lang='lat' dir='ltr'><strong>aeternum.</strong></span> <span class='ocrx_word' id='word_1_732' title='bbox 1759 5021 1936 5094; x_wconf 90' lang='lat' dir='ltr'><strong>Imago</strong></span> <span class='ocrx_word' id='word_1_733' title='bbox 1990 5024 2178 5094; x_wconf 88' lang='lat' dir='ltr'><strong>utique</strong></span> 
     </span>
    </p>
   </div>
   <div class='ocr_carea' id='block_1_95' title="bbox 583 5199 2178 5273">
    <p class='ocr_par' dir='ltr' id='par_1_95' title="bbox 583 5199 2178 5273">
     <span class='ocr_line' id='line_1_95' title="bbox 583 5199 2178 5273; baseline 0.004 -20"><span class='ocrx_word' id='word_1_734' title='bbox 583 5200 591 5213; x_wconf 90' lang='lat'><strong><em>&#39;</em></strong></span> <span class='ocrx_word' id='word_1_735' title='bbox 657 5208 682 5235; x_wconf 76' lang='grc' dir='ltr'>ει</span> <span class='ocrx_word' id='word_1_736' title='bbox 716 5201 952 5273; x_wconf 72' lang='lat' dir='ltr'><strong>Monstra</strong></span> <span class='ocrx_word' id='word_1_737' title='bbox 1006 5209 1288 5273; x_wconf 84' lang='lat' dir='ltr'><strong>poetarum</strong></span> <span class='ocrx_word' id='word_1_738' title='bbox 1322 5199 1515 5256; x_wconf 79' lang='lat' dir='ltr'><strong>fabulis</strong></span> <span class='ocrx_word' id='word_1_739' title='bbox 1543 5201 1825 5258; x_wconf 88' lang='lat' dir='ltr'><strong>decantata</strong></span> <span class='ocrx_word' id='word_1_740' title='bbox 1848 5244 1864 5267; x_wconf 85' lang='lat'><strong>,</strong></span> <span class='ocrx_word' id='word_1_741' title='bbox 1899 5209 1953 5258; x_wconf 88' lang='lat' dir='ltr'><strong>et</strong></span> <span class='ocrx_word' id='word_1_742' title='bbox 1994 5204 2178 5273; x_wconf 87' lang='lat' dir='ltr'><strong>ignota</strong></span> 
     </span>
    </p>
   </div>
   <div class='ocr_carea' id='block_1_96' title="bbox 587 5269 2180 5343">
    <p class='ocr_par' dir='ltr' id='par_1_96' title="bbox 587 5269 2180 5343">
     <span class='ocr_line' id='line_1_96' title="bbox 587 5269 2180 5343; baseline 0.004 -19"><span class='ocrx_word' id='word_1_743' title='bbox 587 5270 807 5343; x_wconf 80' lang='lat' dir='ltr'><strong>nemini.</strong></span> <span class='ocrx_word' id='word_1_744' title='bbox 856 5269 990 5326; x_wconf 87' lang='lat' dir='ltr'><strong>Cum</strong></span> <span class='ocrx_word' id='word_1_745' title='bbox 1026 5271 1107 5324; x_wconf 89' lang='lat' dir='ltr'><strong>his</strong></span> <span class='ocrx_word' id='word_1_746' title='bbox 1139 5285 1318 5326; x_wconf 86' lang='lat' dir='ltr'><strong>autem</strong></span> <span class='ocrx_word' id='word_1_747' title='bbox 1351 5285 1512 5343; x_wconf 68' lang='lat' dir='ltr'><strong>quiin</strong></span> <span class='ocrx_word' id='word_1_748' title='bbox 1544 5274 1762 5343; x_wconf 89' lang='lat' dir='ltr'><strong>pulchre</strong></span> <span class='ocrx_word' id='word_1_749' title='bbox 1798 5269 2180 5343; x_wconf 74' lang='lat' dir='ltr'><strong>comparentur</strong></span> 
     </span>
    </p>
   </div>
   <div class='ocr_carea' id='block_1_97' title="bbox 590 5342 2185 5417">
    <p class='ocr_par' dir='ltr' id='par_1_97' title="bbox 590 5342 2185 5417">
     <span class='ocr_line' id='line_1_97' title="bbox 590 5342 2185 5417; baseline 0.003 -22"><span class='ocrx_word' id='word_1_750' title='bbox 590 5342 1000 5417; x_wconf 71' lang='lat' dir='ltr'><strong>lia-resisatque</strong></span> <span class='ocrx_word' id='word_1_751' title='bbox 1035 5343 1294 5417; x_wconf 68' lang='lat' dir='ltr'><strong>haeretici,</strong></span> <span class='ocrx_word' id='word_1_752' title='bbox 1327 5353 1437 5395; x_wconf 88' lang='lat' dir='ltr'><strong>tmn</strong></span> <span class='ocrx_word' id='word_1_753' title='bbox 1471 5342 1665 5412; x_wconf 64' lang='lat' dir='ltr'><strong>Hydra:</strong></span> <span class='ocrx_word' id='word_1_754' title='bbox 1697 5347 1845 5417; x_wconf 86' lang='lat' dir='ltr'><strong>virus</strong></span> <span class='ocrx_word' id='word_1_755' title='bbox 1867 5342 1934 5400; x_wconf 83' lang='lat' dir='ltr'><strong>ac</strong></span> <span class='ocrx_word' id='word_1_756' title='bbox 1956 5359 2185 5417; x_wconf 71' lang='lat' dir='ltr'><strong>septena</strong></span> 
     </span>
    </p>
   </div>
   <div class='ocr_carea' id='block_1_98' title="bbox 587 5413 2179 5485">
    <p class='ocr_par' dir='ltr' id='par_1_98' title="bbox 587 5413 2179 5485">
     <span class='ocr_line' id='line_1_98' title="bbox 587 5413 2179 5485; baseline 0.006 -21"><span class='ocrx_word' id='word_1_757' title='bbox 587 5415 760 5485; x_wconf 85' lang='lat' dir='ltr'><strong>capita</strong></span> <span class='ocrx_word' id='word_1_758' title='bbox 790 5413 917 5467; x_wconf 90' lang='lat' dir='ltr'><strong>dum</strong></span> <span class='ocrx_word' id='word_1_759' title='bbox 953 5415 1338 5468; x_wconf 86' lang='lat' dir='ltr'><strong>truncabantur</strong></span> <span class='ocrx_word' id='word_1_760' title='bbox 1360 5455 1374 5474; x_wconf 90' lang='lat'><strong>,</strong></span> <span class='ocrx_word' id='word_1_761' title='bbox 1407 5416 1804 5485; x_wconf 85' lang='lat' dir='ltr'><strong>succrescentia</strong></span> <span class='ocrx_word' id='word_1_762' title='bbox 1839 5433 1853 5468; x_wconf 87' lang='lat'><strong><em>:</em></strong></span> <span class='ocrx_word' id='word_1_763' title='bbox 1885 5424 1999 5472; x_wconf 91' lang='lat' dir='ltr'><strong>tum</strong></span> <span class='ocrx_word' id='word_1_764' title='bbox 2021 5413 2179 5485; x_wconf 47' lang='lat' dir='ltr'><strong>&#39;scvl-</strong></span> 
     </span>
    </p>
   </div>
   <div class='ocr_carea' id='block_1_99' title="bbox 590 5483 2180 5546">
    <p class='ocr_par' dir='ltr' id='par_1_99' title="bbox 590 5483 2180 5546">
     <span class='ocr_line' id='line_1_99' title="bbox 590 5483 2180 5546; baseline 0.004 -9"><span class='ocrx_word' id='word_1_765' title='bbox 590 5483 813 5538; x_wconf 75' lang='lat' dir='ltr'><strong>imorum</strong></span> <span class='ocrx_word' id='word_1_766' title='bbox 857 5499 1047 5538; x_wconf 89' lang='lat' dir='ltr'><strong>canum</strong></span> <span class='ocrx_word' id='word_1_767' title='bbox 1099 5487 1322 5539; x_wconf 82' lang='lat' dir='ltr'><strong>latratus</strong></span> <span class='ocrx_word' id='word_1_768' title='bbox 1353 5493 1403 5540; x_wconf 90' lang='lat' dir='ltr'><strong>et</strong></span> <span class='ocrx_word' id='word_1_769' title='bbox 1430 5484 1609 5540; x_wconf 85' lang='lat' dir='ltr'><strong>rabies</strong></span> <span class='ocrx_word' id='word_1_770' title='bbox 1635 5525 1647 5546; x_wconf 91' lang='lat'><strong>,</strong></span> <span class='ocrx_word' id='word_1_771' title='bbox 1682 5501 1780 5540; x_wconf 91' lang='lat' dir='ltr'><strong>nec</strong></span> <span class='ocrx_word' id='word_1_772' title='bbox 1829 5502 1935 5540; x_wconf 89' lang='lat' dir='ltr'><strong>non</strong></span> <span class='ocrx_word' id='word_1_773' title='bbox 1989 5483 2180 5544; x_wconf 85' lang='lat' dir='ltr'><strong>crebra</strong></span> 
     </span>
    </p>
   </div>
   <div class='ocr_carea' id='block_1_100' title="bbox 589 5555 2185 5628">
    <p class='ocr_par' dir='ltr' id='par_1_100' title="bbox 589 5555 2185 5628">
     <span class='ocr_line' id='line_1_100' title="bbox 589 5555 2185 5628; baseline 0.004 -20"><span class='ocrx_word' id='word_1_774' title='bbox 589 5555 1010 5628; x_wconf 84' lang='lat' dir='ltr'><strong>imprudentium</strong></span> <span class='ocrx_word' id='word_1_775' title='bbox 1056 5556 1133 5628; x_wconf 11' lang='lat' dir='ltr'><strong>ad,</strong></span> <span class='ocrx_word' id='word_1_776' title='bbox 1153 5556 1404 5612; x_wconf 78' lang='lat' dir='ltr'><strong>eumdem</strong></span> <span class='ocrx_word' id='word_1_777' title='bbox 1433 5557 1712 5624; x_wconf 84' lang='lat' dir='ltr'><strong>scopulum</strong></span> <span class='ocrx_word' id='word_1_778' title='bbox 1756 5557 2030 5628; x_wconf 84' lang='lat' dir='ltr'><strong>naufragia</strong></span> <span class='ocrx_word' id='word_1_779' title='bbox 2064 5561 2185 5628; x_wconf 88' lang='lat' dir='ltr'><strong>plus</strong></span> 
     </span>
    </p>
   </div>
   <div class='ocr_carea' id='block_1_101' title="bbox 589 5627 2184 5698">
    <p class='ocr_par' dir='ltr' id='par_1_101' title="bbox 589 5627 2184 5698">
     <span class='ocr_line' id='line_1_101' title="bbox 589 5627 2184 5698; baseline 0.006 -21"><span class='ocrx_word' id='word_1_780' title='bbox 589 5630 720 5680; x_wconf 82' lang='lat' dir='ltr'><strong>satis</strong></span> <span class='ocrx_word' id='word_1_781' title='bbox 754 5627 1006 5692; x_wconf 85' lang='lat' dir='ltr'><strong>probant.</strong></span> <span class='ocrx_word' id='word_1_782' title='bbox 1035 5627 1140 5683; x_wconf 90' lang='lat' dir='ltr'><strong>Sed</strong></span> <span class='ocrx_word' id='word_1_783' title='bbox 1170 5629 1240 5683; x_wconf 87' lang='lat' dir='ltr'><strong>de</strong></span> <span class='ocrx_word' id='word_1_784' title='bbox 1269 5630 1352 5684; x_wconf 79' lang='lat' dir='ltr'><strong>his</strong></span> <span class='ocrx_word' id='word_1_785' title='bbox 1381 5631 1459 5684; x_wconf 87' lang='lat' dir='ltr'><strong>vir</strong></span> <span class='ocrx_word' id='word_1_786' title='bbox 1488 5638 1707 5684; x_wconf 81' lang='lat' dir='ltr'><strong>sanctus</strong></span> <span class='ocrx_word' id='word_1_787' title='bbox 1738 5629 1932 5685; x_wconf 88' lang='lat' dir='ltr'><strong>iterum</strong></span> <span class='ocrx_word' id='word_1_788' title='bbox 1955 5627 2072 5688; x_wconf 71' lang='lat' dir='ltr'><strong>lib.</strong></span> <span class='ocrx_word' id='word_1_789' title='bbox 2093 5649 2184 5698; x_wconf 82' lang='lat' dir='ltr'><strong>ut,</strong></span> 
     </span>
    </p>
   </div>
   <div class='ocr_carea' id='block_1_102' title="bbox 587 5700 2183 5846">
    <p class='ocr_par' dir='ltr' id='par_1_102' title="bbox 587 5700 2183 5846">
     <span class='ocr_line' id='line_1_102' title="bbox 587 5700 2183 5846; baseline 0.008 -26"><span class='ocrx_word' id='word_1_790' title='bbox 587 5700 830 5824; x_wconf 49' lang='lat' dir='ltr'><strong>mg.</strong></span> <span class='ocrx_word' id='word_1_791' title='bbox 860 5771 1019 5839; x_wconf 90' lang='lat' dir='ltr'><strong>pauci</strong></span> <span class='ocrx_word' id='word_1_792' title='bbox 1044 5786 1198 5839; x_wconf 88' lang='lat' dir='ltr'><strong>mss.,</strong></span> <span class='ocrx_word' id='word_1_793' title='bbox 1225 5774 1388 5830; x_wconf 83' lang='lat' dir='ltr'><strong>sciens</strong></span> <span class='ocrx_word' id='word_1_794' title='bbox 1413 5774 1534 5846; x_wconf 88' lang='lat' dir='ltr'><strong>quia</strong></span> <span class='ocrx_word' id='word_1_795' title='bbox 1555 5789 1819 5844; x_wconf 75' lang='lat' dir='ltr'><strong>perversus</strong></span> <span class='ocrx_word' id='word_1_796' title='bbox 1839 5772 2028 5830; x_wconf 79' lang='lat' dir='ltr'><strong>est.Et</strong></span> <span class='ocrx_word' id='word_1_797' title='bbox 2047 5773 2183 5831; x_wconf 78' lang='lat' dir='ltr'><strong>infra</strong></span> 
     </span>
    </p>
   </div>
   <div class='ocr_carea' id='block_1_103' title="bbox 2359 4645 3845 4728">
    <p class='ocr_par' dir='ltr' id='par_1_103' title="bbox 2359 4645 3845 4728">
     <span class='ocr_line' id='line_1_103' title="bbox 2359 4645 3845 4728; baseline -0.008 -18"><span class='ocrx_word' id='word_1_798' title='bbox 2359 4655 2446 4710; x_wconf 80' lang='lat' dir='ltr'><strong>5i.</strong></span> <span class='ocrx_word' id='word_1_799' title='bbox 2489 4655 2658 4728; x_wconf 80' lang='lat' dir='ltr'><strong>[Alias</strong></span> <span class='ocrx_word' id='word_1_800' title='bbox 2688 4671 2805 4726; x_wconf 92' lang='lat' dir='ltr'><strong>cap.</strong></span> <span class='ocrx_word' id='word_1_801' title='bbox 2832 4654 2923 4728; x_wconf 55' lang='grc' dir='ltr'><strong>ἱ]</strong></span> <span class='ocrx_word' id='word_1_802' title='bbox 2955 4654 3132 4710; x_wconf 74' lang='lat' dir='ltr'><strong>(Ilaret</strong></span> <span class='ocrx_word' id='word_1_803' title='bbox 3162 4656 3322 4726; x_wconf 85' lang='lat' dir='ltr'><strong>igitur</strong></span> <span class='ocrx_word' id='word_1_804' title='bbox 3346 4670 3451 4710; x_wconf 89' lang='lat' dir='ltr'><strong>non</strong></span> <span class='ocrx_word' id='word_1_805' title='bbox 3482 4669 3601 4708; x_wconf 89' lang='lat' dir='ltr'><strong>esse</strong></span> <span class='ocrx_word' id='word_1_806' title='bbox 3630 4645 3845 4706; x_wconf 85' lang='lat' dir='ltr'><strong>dissimi-</strong></span> 
     </span>
    </p>
   </div>
   <div class='ocr_carea' id='block_1_104' title="bbox 2290 4733 3848 4819">
    <p class='ocr_par' dir='ltr' id='par_1_104' title="bbox 2290 4733 3848 4819">
     <span class='ocr_line' id='line_1_104' title="bbox 2290 4733 3848 4819; baseline -0.006 -18"><span class='ocrx_word' id='word_1_807' title='bbox 2290 4747 2430 4811; x_wconf 86' lang='lat' dir='ltr'><strong>lem,</strong></span> <span class='ocrx_word' id='word_1_808' title='bbox 2461 4755 2516 4801; x_wconf 85' lang='lat' dir='ltr'><strong>et</strong></span> <span class='ocrx_word' id='word_1_809' title='bbox 2548 4733 2668 4803; x_wconf 89' lang='lat' dir='ltr'><strong>ideo</strong></span> <span class='ocrx_word' id='word_1_810' title='bbox 2714 4749 3001 4819; x_wconf 86' lang='lat' dir='ltr'><strong>proclivior</strong></span> <span class='ocrx_word' id='word_1_811' title='bbox 3050 4748 3132 4803; x_wconf 90' lang='lat' dir='ltr'><strong>via</strong></span> <span class='ocrx_word' id='word_1_812' title='bbox 3165 4759 3244 4802; x_wconf 75' lang='lat' dir='ltr'><strong>cst</strong></span> <span class='ocrx_word' id='word_1_813' title='bbox 3270 4790 3283 4808; x_wconf 86' lang='lat'><strong>.</strong></span> <span class='ocrx_word' id='word_1_814' title='bbox 3313 4756 3371 4802; x_wconf 93' lang='lat' dir='ltr'><strong>nt</strong></span> <span class='ocrx_word' id='word_1_815' title='bbox 3402 4741 3561 4802; x_wconf 84' lang='lat' dir='ltr'><strong>etiam</strong></span> <span class='ocrx_word' id='word_1_816' title='bbox 3594 4741 3848 4811; x_wconf 83' lang='lat' dir='ltr'><strong>sempiter-</strong></span> 
     </span>
    </p>
   </div>
   <div class='ocr_carea' id='block_1_105' title="bbox 2291 4833 3850 4908">
    <p class='ocr_par' dir='ltr' id='par_1_105' title="bbox 2291 4833 3850 4908">
     <span class='ocr_line' id='line_1_105' title="bbox 2291 4833 3850 4908; baseline -0.005 -15"><span class='ocrx_word' id='word_1_817' title='bbox 2291 4855 2416 4893; x_wconf 92' lang='lat' dir='ltr'><strong>num</strong></span> <span class='ocrx_word' id='word_1_818' title='bbox 2465 4853 2585 4895; x_wconf 88' lang='lat' dir='ltr'><strong>esse</strong></span> <span class='ocrx_word' id='word_1_819' title='bbox 2618 4839 2885 4895; x_wconf 81' lang='lat' dir='ltr'><strong>fateamur</strong></span> <span class='ocrx_word' id='word_1_820' title='bbox 2908 4883 2922 4905; x_wconf 91' lang='lat'><strong>,</strong></span> <span class='ocrx_word' id='word_1_821' title='bbox 2955 4856 3075 4894; x_wconf 91' lang='lat' dir='ltr'><strong>enm</strong></span> <span class='ocrx_word' id='word_1_822' title='bbox 3121 4840 3314 4895; x_wconf 87' lang='lat' dir='ltr'><strong>similis</strong></span> <span class='ocrx_word' id='word_1_823' title='bbox 3343 4837 3651 4908; x_wconf 79' lang='lat' dir='ltr'><strong>sempiterni</strong></span> <span class='ocrx_word' id='word_1_824' title='bbox 3694 4833 3850 4898; x_wconf 74' lang='lat' dir='ltr'><strong>utique</strong></span> 
     </span>
    </p>
   </div>
   <div class='ocr_carea' id='block_1_106' title="bbox 2287 4920 3849 5002">
    <p class='ocr_par' dir='ltr' id='par_1_106' title="bbox 2287 4920 3849 5002">
     <span class='ocr_line' id='line_1_106' title="bbox 2287 4920 3849 5002; baseline -0.01 -15"><span class='ocrx_word' id='word_1_825' title='bbox 2287 4934 2651 5002; x_wconf 88' lang='lat' dir='ltr'><strong>sempiternus</strong></span> <span class='ocrx_word' id='word_1_826' title='bbox 2675 4920 2764 4989; x_wconf 77' lang='lat' dir='ltr'><strong>sii.</strong></span> <span class='ocrx_word' id='word_1_827' title='bbox 2794 4934 2848 4989; x_wconf 88' lang='lat' dir='ltr'><strong>Si</strong></span> <span class='ocrx_word' id='word_1_828' title='bbox 2880 4943 3057 4988; x_wconf 84' lang='lat' dir='ltr'><strong>antem</strong></span> <span class='ocrx_word' id='word_1_829' title='bbox 3091 4934 3302 4987; x_wconf 86' lang='lat' dir='ltr'><strong>Patrem</strong></span> <span class='ocrx_word' id='word_1_830' title='bbox 3335 4932 3716 5002; x_wconf 87' lang='lat' dir='ltr'><strong>sempiternum</strong></span> <span class='ocrx_word' id='word_1_831' title='bbox 3741 4921 3849 4976; x_wconf 84' lang='lat' dir='ltr'><strong>dici-</strong></span> 
     </span>
    </p>
   </div>
   <div class='ocr_carea' id='block_1_107' title="bbox 2292 5017 3847 5096">
    <p class='ocr_par' dir='ltr' id='par_1_107' title="bbox 2292 5017 3847 5096">
     <span class='ocr_line' id='line_1_107' title="bbox 2292 5017 3847 5096; baseline -0.007 -16"><span class='ocrx_word' id='word_1_832' title='bbox 2292 5040 2440 5092; x_wconf 87' lang='lat' dir='ltr'><strong>mus,</strong></span> <span class='ocrx_word' id='word_1_833' title='bbox 2469 5035 2521 5081; x_wconf 92' lang='lat' dir='ltr'><strong>et</strong></span> <span class='ocrx_word' id='word_1_834' title='bbox 2572 5017 2672 5082; x_wconf 82' lang='lat' dir='ltr'><strong>hoc</strong></span> <span class='ocrx_word' id='word_1_835' title='bbox 2705 5027 2845 5082; x_wconf 91' lang='lat' dir='ltr'><strong>idem</strong></span> <span class='ocrx_word' id='word_1_836' title='bbox 2878 5021 3072 5082; x_wconf 85' lang='lat' dir='ltr'><strong>Filium</strong></span> <span class='ocrx_word' id='word_1_837' title='bbox 3119 5027 3444 5096; x_wconf 88' lang='lat' dir='ltr'><strong>denegamus</strong></span> <span class='ocrx_word' id='word_1_838' title='bbox 3466 5065 3480 5088; x_wconf 88' lang='lat'><strong>,</strong></span> <span class='ocrx_word' id='word_1_839' title='bbox 3506 5023 3726 5077; x_wconf 86' lang='lat' dir='ltr'><strong>dicimus</strong></span> <span class='ocrx_word' id='word_1_840' title='bbox 3748 5024 3847 5069; x_wconf 71' lang='lat' dir='ltr'><strong>esse</strong></span> 
     </span>
    </p>
   </div>
   <div class='ocr_carea' id='block_1_108' title="bbox 2282 5208 3158 5279">
    <p class='ocr_par' dir='ltr' id='par_1_108' title="bbox 2282 5208 3158 5279">
     <span class='ocr_line' id='line_1_108' title="bbox 2282 5208 3158 5279; baseline 0.001 -18"><span class='ocrx_word' id='word_1_841' title='bbox 2282 5223 2441 5266; x_wconf 89' lang='lat' dir='ltr'><strong>unus.</strong></span> <span class='ocrx_word' id='word_1_842' title='bbox 2475 5209 2685 5279; x_wconf 89' lang='lat' dir='ltr'><strong>proprio</strong></span> <span class='ocrx_word' id='word_1_843' title='bbox 2715 5208 2837 5262; x_wconf 78' lang='lat' dir='ltr'><strong>vitio</strong></span> <span class='ocrx_word' id='word_1_844' title='bbox 2869 5209 3158 5262; x_wconf 87' lang='lat' dir='ltr'><strong>damnatus.</strong></span> 
     </span>
    </p>
   </div>
   <div class='ocr_carea' id='block_1_109' title="bbox 2360 5274 3844 5351">
    <p class='ocr_par' dir='ltr' id='par_1_109' title="bbox 2360 5274 3844 5351">
     <span class='ocr_line' id='line_1_109' title="bbox 2360 5274 3844 5351; baseline -0.008 -17"><span class='ocrx_word' id='word_1_845' title='bbox 2360 5290 2381 5318; x_wconf 76' lang='grc' dir='ltr'>ε</span> <span class='ocrx_word' id='word_1_846' title='bbox 2419 5274 2544 5334; x_wconf 81' lang='lat' dir='ltr'><strong>Mss.</strong></span> <span class='ocrx_word' id='word_1_847' title='bbox 2573 5274 2719 5333; x_wconf 81' lang='lat' dir='ltr'><strong>haud</strong></span> <span class='ocrx_word' id='word_1_848' title='bbox 2765 5282 2963 5351; x_wconf 89' lang='lat' dir='ltr'><strong>pauci,</strong></span> <span class='ocrx_word' id='word_1_849' title='bbox 3011 5296 3112 5333; x_wconf 87' lang='lat' dir='ltr'><strong>non</strong></span> <span class='ocrx_word' id='word_1_850' title='bbox 3152 5279 3450 5351; x_wconf 83' lang='lat' dir='ltr'><strong>mutabilis;</strong></span> <span class='ocrx_word' id='word_1_851' title='bbox 3483 5274 3668 5351; x_wconf 79' lang='lat' dir='ltr'><strong>reliqui</strong></span> <span class='ocrx_word' id='word_1_852' title='bbox 3711 5279 3844 5351; x_wconf 61' lang='lat' dir='ltr'><strong>atque</strong></span> 
     </span>
    </p>
   </div>
   <div class='ocr_carea' id='block_1_110' title="bbox 2285 5349 3843 5418">
    <p class='ocr_par' dir='ltr' id='par_1_110' title="bbox 2285 5349 3843 5418">
     <span class='ocr_line' id='line_1_110' title="bbox 2285 5349 3843 5418; baseline -0.009 -14"><span class='ocrx_word' id='word_1_853' title='bbox 2285 5350 2443 5415; x_wconf 88' lang='lat' dir='ltr'><strong>edit.,</strong></span> <span class='ocrx_word' id='word_1_854' title='bbox 2475 5367 2575 5404; x_wconf 90' lang='lat' dir='ltr'><strong>non</strong></span> <span class='ocrx_word' id='word_1_855' title='bbox 2611 5361 2750 5404; x_wconf 86' lang='lat' dir='ltr'><strong>mnta</strong></span> <span class='ocrx_word' id='word_1_856' title='bbox 2766 5349 3003 5416; x_wconf 77' lang='lat' dir='ltr'><strong>melius,</strong></span> <span class='ocrx_word' id='word_1_857' title='bbox 3033 5362 3089 5405; x_wconf 93' lang='lat' dir='ltr'><strong>ut</strong></span> <span class='ocrx_word' id='word_1_858' title='bbox 3135 5350 3372 5403; x_wconf 88' lang='lat' dir='ltr'><strong>ostendit</strong></span> <span class='ocrx_word' id='word_1_859' title='bbox 3415 5349 3652 5418; x_wconf 77' lang='lat' dir='ltr'><strong>subjecta</strong></span> <span class='ocrx_word' id='word_1_860' title='bbox 3695 5350 3843 5395; x_wconf 88' lang='lat' dir='ltr'><strong>tatto.</strong></span> 
     </span>
    </p>
   </div>
   <div class='ocr_carea' id='block_1_111' title="bbox 2284 5420 3788 5492">
    <p class='ocr_par' dir='ltr' id='par_1_111' title="bbox 2284 5420 3788 5492">
     <span class='ocr_line' id='line_1_111' title="bbox 2284 5420 3788 5492; baseline 0.011 -19"><span class='ocrx_word' id='word_1_861' title='bbox 2284 5421 2408 5492; x_wconf 81' lang='lat' dir='ltr'><strong>quia</strong></span> <span class='ocrx_word' id='word_1_862' title='bbox 2438 5420 2670 5492; x_wconf 12' lang='lat' dir='ltr'><strong>iVerbunt</strong></span> <span class='ocrx_word' id='word_1_863' title='bbox 2697 5432 2791 5476; x_wconf 89' lang='lat' dir='ltr'><strong>est.</strong></span> <span class='ocrx_word' id='word_1_864' title='bbox 3320 5491 3324 5492; x_wconf 17' lang='grc' dir='ltr'>ί</span> <span class='ocrx_word' id='word_1_865' title='bbox 3393 5487 3491 5492; x_wconf 20' lang='grc' dir='ltr'><strong>,Α</strong></span> <span class='ocrx_word' id='word_1_866' title='bbox 3653 5486 3663 5492; x_wconf 86' lang='grc'><strong>,</strong></span> <span class='ocrx_word' id='word_1_867' title='bbox 3780 5481 3788 5490; x_wconf 94' lang='grc'>.</span> 
     </span>
    </p>
   </div>
   <div class='ocr_carea' id='block_1_112' title="bbox 2358 5486 3843 5563">
    <p class='ocr_par' dir='ltr' id='par_1_112' title="bbox 2358 5486 3843 5563">
     <span class='ocr_line' id='line_1_112' title="bbox 2358 5486 3843 5563; baseline -0.011 -18"><span class='ocrx_word' id='word_1_868' title='bbox 2358 5489 2382 5526; x_wconf 74' lang='grc' dir='ltr'>ι¹</span> <span class='ocrx_word' id='word_1_869' title='bbox 2415 5491 2615 5563; x_wconf 82' lang='lat' dir='ltr'><strong>Omnes</strong></span> <span class='ocrx_word' id='word_1_870' title='bbox 2669 5492 2799 5547; x_wconf 90' lang='lat' dir='ltr'><strong>edit.</strong></span> <span class='ocrx_word' id='word_1_871' title='bbox 2833 5506 2886 5548; x_wconf 91' lang='lat' dir='ltr'><strong>et</strong></span> <span class='ocrx_word' id='word_1_872' title='bbox 2919 5493 3086 5563; x_wconf 64' lang='lat' dir='ltr'><strong>pauci</strong></span> <span class='ocrx_word' id='word_1_873' title='bbox 3105 5505 3266 5554; x_wconf 79' lang='lat' dir='ltr'><strong>mss.,-</strong></span> <span class='ocrx_word' id='word_1_874' title='bbox 3292 5491 3356 5544; x_wconf 88' lang='lat' dir='ltr'><strong>de</strong></span> <span class='ocrx_word' id='word_1_875' title='bbox 3383 5487 3524 5542; x_wconf 83' lang='lat' dir='ltr'><strong>Filio</strong></span> <span class='ocrx_word' id='word_1_876' title='bbox 3553 5486 3843 5563; x_wconf 57' lang='lat' dir='ltr'><strong>testimonia;</strong></span> 
     </span>
    </p>
   </div>
   <div class='ocr_carea' id='block_1_113' title="bbox 2291 5547 3845 5632">
    <p class='ocr_par' dir='ltr' id='par_1_113' title="bbox 2291 5547 3845 5632">
     <span class='ocr_line' id='line_1_113' title="bbox 2291 5547 3845 5632; baseline -0.003 -16"><span class='ocrx_word' id='word_1_877' title='bbox 2291 5562 2628 5632; x_wconf 83' lang='lat' dir='ltr'><strong>Commodius</strong></span> <span class='ocrx_word' id='word_1_878' title='bbox 2673 5547 2998 5632; x_wconf 61' lang='lat' dir='ltr'><strong>reliqtii,&#39;de</strong></span> <span class='ocrx_word' id='word_1_879' title='bbox 3041 5561 3170 5616; x_wconf 86' lang='lat' dir='ltr'><strong>Filii</strong></span> <span class='ocrx_word' id='word_1_880' title='bbox 3197 5547 3534 5622; x_wconf 61' lang='lat' dir='ltr'><strong>testimoniis,</strong></span> <span class='ocrx_word' id='word_1_881' title='bbox 3574 5558 3623 5612; x_wconf 93' lang='lat' dir='ltr'><strong>id</strong></span> <span class='ocrx_word' id='word_1_882' title='bbox 3661 5547 3845 5632; x_wconf 52' lang='grc' dir='ltr'><strong>ςξιηεξβ</strong></span> 
     </span>
    </p>
   </div>
   <div class='ocr_carea' id='block_1_114' title="bbox 2293 5619 3845 5760">
    <p class='ocr_par' dir='ltr' id='par_1_114' title="bbox 2293 5619 3845 5760">
     <span class='ocr_line' id='line_1_114' title="bbox 2293 5619 3845 5760; baseline -0.006 -74"><span class='ocrx_word' id='word_1_883' title='bbox 2293 5634 2422 5760; x_wconf 47' lang='lat' dir='ltr'><strong>illi?!</strong></span> <span class='ocrx_word' id='word_1_884' title='bbox 2431 5631 2508 5687; x_wconf 84' lang='lat' dir='ltr'><strong>Fil</strong></span> <span class='ocrx_word' id='word_1_885' title='bbox 2506 5635 2568 5760; x_wconf 49' lang='grc' dir='ltr'><strong>ἑο</strong></span> <span class='ocrx_word' id='word_1_886' title='bbox 2581 5619 2822 5699; x_wconf 70' lang='lat' dir='ltr'><strong>redditis,</strong></span> <span class='ocrx_word' id='word_1_887' title='bbox 2844 5619 2902 5690; x_wconf 72' lang='lat' dir='ltr'><strong>ui</strong></span> <span class='ocrx_word' id='word_1_888' title='bbox 2917 5641 3034 5707; x_wconf 73' lang='lat' dir='ltr'><strong>qua:</strong></span> <span class='ocrx_word' id='word_1_889' title='bbox 3061 5633 3315 5690; x_wconf 83' lang='lat' dir='ltr'><strong>cominuo</strong></span> <span class='ocrx_word' id='word_1_890' title='bbox 3333 5619 3655 5701; x_wconf 81' lang='lat' dir='ltr'><strong>sequuntur,</strong></span> <span class='ocrx_word' id='word_1_891' title='bbox 3671 5619 3845 5694; x_wconf 79' lang='lat' dir='ltr'><strong>liquido</strong></span> 
     </span>
     <span class='ocr_line' id='line_1_115' title="bbox 2293 5720 2543 5760; baseline -0.008 0"><span class='ocrx_word' id='word_1_892' title='bbox 2293 5720 2352 5760; x_wconf 87' lang='lat' dir='ltr'><strong>nr</strong></span> <span class='ocrx_word' id='word_1_893' title='bbox 2428 5720 2498 5760; x_wconf 89' lang='lat' dir='ltr'><strong>un</strong></span> <span class='ocrx_word' id='word_1_894' title='bbox 2529 5742 2543 5758; x_wconf 94' lang='lat'><strong>.</strong></span> 
     </span>
    </p>
   </div>
   <div class='ocr_carea' id='block_1_115' title="bbox 2291 5715 2543 5774">
    <p class='ocr_par' dir='ltr' id='par_1_115' title="bbox 2291 5715 2543 5774">
     <span class='ocr_line' id='line_1_116' title="bbox 2291 5715 2543 5774; baseline -0.004 -15"><span class='ocrx_word' id='word_1_895' title='bbox 2291 5715 2543 5774; x_wconf 77' lang='lat' dir='ltr'><strong>pronum.</strong></span> 
     </span>
    </p>
   </div>
  </div>
