3948 6172
565 294 669 350 845

1925 285 2174 343 SANCTI
2215 285 2314 342 AM
2322 284 2546 342 BROSII

3764 278 3865 335 δη

635 406 726 463 65.
750 406 868 462 Νοη
893 419 1023 477 ergo
1050 419 1116 461 ex
1147 419 1245 460 usu
1277 404 1653 476 generationis
1693 403 1944 460 humanae
1967 403 2173 459 calum-
2200 405 2252 465 A
2279 403 2444 459 tionis
2473 403 2707 460 incurrit
2733 413 2976 471 aetatem,
3008 418 3108 461 nec
3139 403 3230 459 ille
3249 399 3548 474 generandi
3577 398 3748 455 evasit
3778 413 3872 469 pu-

567 500 736 564 niam,
795 499 1076 562 haeretice,
1109 505 1326 563 struas;
1360 513 1536 569 neque
1580 513 1647 555 ex
1697 506 1885 554 nostro
1913 511 2170 554 sermone

564 606 884 662 componas.
920 591 1108 662 Neque
1139 591 1286 646 enim
1317 591 1565 663 angustis
1592 592 1942 648 sermonlbus
1967 589 2173 646 nostris

563 685 847 740 immensae
880 682 1318 754 magnitudinem
1345 698 1639 754 possumus
1667 683 1974 739 divinitatis
1994 682 2173 737 inclu-

565 775 720 841 dere,
748 774 906 845 cujus
936 775 1328 845 magnitudinis
1357 791 1464 830 non
1493 785 1578 830 est
1605 776 1728 832 ﬁnis
1749 775 2060 847 (Ps.chtv,
2091 774 2170 844 ὅ).

563 866 812 938 Namque
861 865 1100 922 hominis
1128 867 1546 938 generationem
1579 868 1625 922 si
1655 867 1888 922 delinire
1943 875 2177 922 conten-

569 959 692 1026 das,
725 967 938 1028 tempus
964 959 1211 1014 ostendis
1245 977 1256 1012 :
1289 961 1570 1030 generatio
1592 968 1776 1015 autem
1800 959 1984 1015 divina
2015 973 2177 1029 supra

571 1051 757 1107 omnia
784 1059 868 1105 est
893 1068 908 1105 :
937 1050 1048 1106 late
1079 1059 1248 1119 patet,
1277 1065 1440 1120 supra
1484 1067 1675 1108 omnes
1707 1052 2067 1122 cogitationes
2092 1066 2180 1106 as-

570 1143 758 1199 cendit
785 1151 842 1199 et
865 1157 1082 1198 sensus.
1111 1143 1394 1214 Scriptum
1422 1155 1507 1200 est
1549 1146 1692 1200 enim
1719 1163 1732 1196 :
1759 1144 1927 1200 Nemo
1951 1146 2084 1199 venit
2112 1144 2180 1198 ad

574 1233 810 1302 Patrem,
834 1235 933 1289 nisi
955 1251 1046 1304 per
1094 1251 1177 1289 me
1223 1235 1408 1308 (Joan.
1440 1236 1553 1302 x'tv,
1585 1237 1664 1308 6).
1697 1237 1971 1306 Quidquid
2019 1238 2182 1309 igitur

571 1327 642 1383 de
669 1327 834 1383 Patre
879 1328 1227 1398 cogitaveris,
1284 1330 1587 1398 quamlibet
1634 1331 1754 1400 ejus
1793 1331 2178 1398 aeternitatem,

572 1433 683 1474 nou
741 1426 897 1488 potes
925 1418 994 1472 de
1026 1433 1094 1474 eo
1120 1419 1326 1490 aliquid
1369 1421 1473 1476 nisi
1511 1436 1604 1491 per
1636 1421 1833 1476 Filium
1890 1421 2134 1490 cogitare
2166 1439 2178 1474 :

575 1523 682 1566 nec
709 1517 892 1580 potest
923 1510 1066 1565 ullus
1091 1510 1161 1565 ad
1193 1510 1410 1567 Patrem
1463 1511 1564 1566 nisi
1596 1527 1695 1583 per
1715 1511 1914 1566 Filium
1945 1513 2184 1568 transire

571 1618 795 1661 sensus.
849 1602 951 1658 Hic
981 1614 1077 1672 est,
1130 1605 1341 1676 inquit,
1401 1603 1575 1661 Filius
1623 1623 1768 1661 meus
1823 1609 2185 1663 dilectissimus

575 1696 794 1771 (Matth.
824 1713 954 1766 xvu,
981 1698 1063 1769 5).
1096 1707 1120 1736 α
1141 1699 1258 1765 Est,
1290 1701 1485 1771 inquit,
1517 1702 1608 1772 qui
1648 1702 1792 1773 quod
1821 1712 1926 1768 est,
1970 1718 2188 1774 semper

576 1800 681 1846 est.
714 1787 871 1845 Unde
924 1799 979 1844 et
1017 1791 1231 1846 David:
1266 1790 1332 1846 In
1368 1802 1636 1860 teter-num,
1690 1794 1885 1864 inquit,
1940 1793 2179 1861 Domine,
2217 1796 2262 1856 B

577 1893 845 1952 permanet
891 1882 1117 1938 Verbum
1161 1895 1305 1938 tuum
1346 1885 1400 1940 in
1445 1886 1572 1940 carlo
1627 1885 1758 1958 (Ps.
1806 1902 2011 1954 cxvm,
2063 1886 2180 1959 89).

578 1973 735 2042 Quod
785 1974 934 2030 enim
992 1985 1179 2032 manet
1206 2018 1220 2042 ,
1253 1991 1354 2032 nec
1381 1977 1689 2033 substantia
1711 2018 1725 2045 ,
1751 1993 1851 2034 nec
1877 1979 2184 2035 :eternitate

580 2065 790 2123 deﬁcit.

651 2160 745 2216 64.
779 2161 996 2231 Quaeris
1025 2179 1054 2218 a
1087 2179 1175 2220 me
1195 2165 1476 2236 quomodo
1506 2166 1680 2222 Filius
1703 2168 1792 2234 sit,
1828 2170 1872 2223 si
1902 2183 2010 2224 non
2037 2171 2186 2238 prio-

581 2266 698 2307 rem
723 2251 920 2309 habeat
949 2254 1212 2310 Patrem?
1237 2255 1436 2324 Quaero
1470 2258 1600 2312 item
1626 2257 1723 2314 abs
1749 2267 1826 2325 te,
1850 2260 2070 2322 quando
2093 2270 2187 2316 aut

582 2344 860 2415 quomodo
887 2344 1084 2402 Filium
1131 2356 1288 2418 putes
1334 2363 1455 2406 esse
1485 2351 1854 2421 generatum?
1883 2352 2011 2408 Mihi
2040 2354 2186 2409 enim

580 2435 920 2506 impossibile
951 2447 1035 2493 cst
1061 2442 1434 2509 generationis
1491 2444 1631 2498 scire
1681 2453 1954 2500 secretum
1988 2463 2000 2498 :
2034 2460 2189 2501 mens

581 2527 790 2597 deﬁcit,
825 2545 929 2584 vox
963 2531 1112 2600 silet,
1143 2548 1251 2587 non
1297 2549 1419 2589 mea
1475 2545 1708 2602 tantum,
1757 2536 1855 2591 sed
1883 2547 1938 2591 et
1967 2537 2188 2606 angelo-

579 2635 722 2676 rum.
749 2621 928 2692 Supra
975 2621 1314 2690 Potestates,
1349 2639 1515 2694 supra
1545 2627 1810 2696 Angelos,
1842 2641 2007 2697 supra
2039 2627 2186 2683 Che-

582 2713 783 2780 rubim,
813 2727 976 2782 supra
1010 2711 1323 2785 Seraphim,
1357 2732 1520 2786 supra
1551 2734 1772 2772 omnem
1805 2733 2027 2774 sensum
2060 2730 2182 2787 est;

583 2802 712 2874 quia
741 2804 1006 2875 scriptum
1035 2815 1118 2860 est
1149 2823 1164 2865 :
1196 2807 1316 2862 Pax
1348 2819 1518 2862 autem
1547 2808 1739 2863 Christi
1762 2808 1788 2847 ι’
1811 2827 1924 2879 qua:
1977 2822 2050 2866 est
2093 2829 2185 2867 su-

589 2913 684 2966 pra
709 2913 908 2952 onmem
930 2915 1136 2954 sensum
1161 2899 1328 2970 (Phil.
1363 2917 1436 2965 tv,
1467 2901 1546 2970 7).
1575 2903 1629 2957 Si
1669 2918 1769 2972 pax
1796 2903 1996 2960 Christi
2023 2920 2187 2976 supra

585 3002 807 3044 omnem
859 3003 1079 3045 sensum
1110 2999 1215 3057 est,
1249 2993 1708 3062 quemadmodum
1757 3005 1979 3052 nonest
2025 3013 2190 3069 supra

589 3097 810 3137 omnem
839 3097 1061 3138 sensum
1095 3092 1239 3140 tanta
1259 3087 1540 3156 generatio
1562 3088 1586 3140 ‘t
1852 3099 1856 3102 ·

2273 495 2483 552 dorem.

2343 589 2431 644 67.
2457 589 2594 656 Quid
2623 598 2673 645 te
2703 590 2803 645 ista
2825 590 3189 660 qumstionum
3246 594 3515 643 tormenta
3547 584 3869 642 delectant?

2276 683 2445 739 Audis
2474 684 2568 739 Dei
2591 684 2787 738 Filium
2820 701 2832 738 :
2860 692 2952 738 aut
2982 683 3102 740 dele
3127 696 3349 748 nomen,
3381 689 3474 735 aut
3503 693 3740 750 agnosce
3786 693 3874 732 na-

2277 785 2474 830 turam.
2499 775 2541 812 'd
2565 777 2739 831 Audis
2771 784 3004 841 uterum,
3038 789 3274 848 agnosce
3327 771 3702 843 generationis
3755 785 3875 840 per-

2277 869 2483 938 Spicum-
2510 870 2820 924 veritatem.
2851 869 3020 924 Audis
3048 883 3167 934 cor,
3200 866 3445 922 Verbum
3478 864 3740 934 intellige.
3772 866 3874 917 Au-

2278 960 2361 1014 dis
2387 959 2689 1026 dexteram,
2723 976 2959 1031 agnosce
3011 960 3294 1014 virtutem.
3342 957 3513 1013 Audis
3540 971 3624 1021 os,
3650 969 3876 1026 agnosce

2279 1052 2626 1122 sapientiam.
2670 1053 2785 1107 Non
2817 1053 2934 1108 haec
2961 1062 3090 1108 sunt
3117 1053 3170 1106 in
3215 1052 3328 1106 Deo
3353 1049 3717 1119 corporaliter
3737 1047 3880 1102 a-sti-

2282 1144 2501 1199 manda.
2538 1144 3170 1214 lncomprchensihiliter
3226 1150 3521 1213 generatur
3551 1139 3721 1196 Filius
3745 1155 3760 1192 :
3784 1138 3880 1192 im-

2283 1235 2610 1305 passihiliter
2637 1246 2860 1307 generat
2888 1237 3082 1300 Pater;
3109 1244 3164 1290 et
3194 1244 3372 1289 tamen
3397 1247 3462 1287 ex
3492 1246 3554 1287 se
3583 1228 3882 1301 generavit,

2283 1337 2338 1384 et
2377 1339 2503 1384 ante
2557 1345 2773 1384 omnem
2822 1329 3158 1384 intellectum
3209 1325 3489 1399 generavit
3520 1325 3667 1380 Deus
3725 1337 3883 1378 verus

2288 1421 2458 1476 Deum
2483 1437 2692 1477 verum.
2718 1422 2878 1477 Pater
2912 1421 3178 1492 diligit,et
3198 1429 3252 1474 tu
3272 1419 3528 1475 discutis:
3553 1418 3716 1472 Pater
3741 1429 3881 1471 com-

2285 1513 2484 1586 placet,
2513 1525 2567 1569 et
2609 1523 2662 1568 tu
2693 1528 2816 1568 cum
2866 1512 3074 1568 Judaeis
3125 1511 3379 1567 invides:
3416 1511 3576 1565 Pater
3629 1507 3884 1565 honoriﬁ-

2288 1616 2399 1671 cat,
2433 1616 2489 1668 et
2515 1615 2567 1661 tn
2597 1621 2720 1661 cum
2745 1606 2999 1677 gentibus
3035 1605 3383 1660 comici-aris.

2880 1735 3108 1793 CAPUT
3150 1735 3238 1791 XI.

2291 1852 2412 1908 Non
2441 1869 2591 1922 posse
2617 1852 2825 1922 probari
2853 1869 2879 1906 e
2918 1850 3195 1921 Scriptura
3242 1848 3454 1904 Patrem
3483 1847 3627 1904 Filio
3670 1849 3886 1918 priorem

2360 1963 2502 2011 esse;
2527 1962 2684 2015 neque
2731 1946 2885 1998 etiam
2929 1944 3243 2014 argumentis
3282 1958 3346 1996 ea:
3383 1941 3650 1996 hominum
3679 1957 3888 2011 genera—

2360 2043 2497 2096 tione
2527 2041 2812 2112 desnmptis
2840 2055 2860 2105 ,'
2899 2056 3017 2094 cum
3053 2041 3176 2093 inde
3205 2039 3474 2093 innumera
3519 2047 3762 2092 secutura
3811 2054 3887 2092 es-

2361 2141 2471 2188 sent
2497 2133 2763 2188 absurda:
2794 2132 2934 2202 quod
2961 2142 3131 2186 autem
3172 2130 3433 2187 Christum
3456 2145 3519 2183 ea:
3552 2137 3780 2200 tmpore
3802 2147 3889 2182 na-

2362 2234 2472 2278 tum
2500 2223 2690 2278 audent
2739 2224 3104 2297 pronuntiare,
3147 2222 3202 2276 id
3237 2221 3500 2276 cumulum
3549 2237 3656 2276 esse
3711 2222 3888 2292 impie-

2361 2317 2501 2372 tatis.

2366 2440 2454 2496 68.
2490 2440 2706 2508 Quaeris
2729 2455 2758 2494 a
2789 2453 2876 2495 me
2901 2448 3083 2495 utrum
3119 2439 3269 2508 prior
3297 2453 3406 2494 non
3433 2437 3608 2509 possit
3637 2451 3780 2505 esse,
3807 2437 3890 2507 qui

2291 2533 2454 2588 Pater
2477 2542 2579 2588 est.
2615 2532 2815 2600 Quaero
2841 2546 2872 2586 a
2905 2541 2978 2596 te,
3007 2542 3065 2586 ut
3097 2531 3296 2587 doceas
3322 2529 3538 2601 quando
3560 2529 3728 2585 Pater
3751 2529 3890 2599 prior

2291 2625 2478 2690 fuerit,
2507 2625 2860 2692 testimoniis,
2889 2633 2982 2678 aut
3005 2623 3344 2694 argumentis
3365 2622 3562 2693 collige
3583 2622 3885 2678 veritatem.

2289 2720 2345 2775 Si
2405 2719 2732 2775 testimoniis
2761 2759 2776 2786 ,
2822 2718 3082 2788 accepisti
3129 2719 3314 2788 utique
3361 2715 3760 2785 sempiternam
3806 2713 3888 2768 Dei

2290 2825 2412 2866 esse
2437 2811 2714 2866 virtutem.
2742 2811 2941 2883 Legisti
2972 2811 3138 2866 etiam
3166 2811 3474 2866 dicentem:
3504 2808 3699 2876 Israel,
3745 2810 3786 2863 si
3821 2823 3888 2860 me

2287 2904 2535 2971 audieris,
2577 2921 2679 2959 non
2711 2907 2824 2966 erit
2851 2906 2904 2959 in
2932 2914 2980 2958 te
3006 2903 3148 2958 Deus
3196 2919 3395 2970 recens,
3444 2917 3608 2973 neque
3658 2901 3889 2957 adorabis

2293 2997 2460 3055 Deum
2485 2999 2716 3053 alienum
2742 2997 2858 3070 (Ps.
2893 3015 3060 3065 Lxxx,
3095 2996 3206 3069 10).
3241 2997 3398 3051 Aliud
3440 2995 3635 3051 horum
3676 2994 3888 3050 mterni-

2293 3104 2481 3159 tatem,
2507 3093 2660 3149 aliud
2689 3104 2711 3129 υ
2742 3094 3129 3164 proprietatem
3171 3091 3489 3146 substantia:
3539 3087 3890 3145 indiﬁ'ercntis

660 3174 748 3230 65.
776 3175 855 3230 Tu
887 3191 1102 3249 quoque
1135 3193 1351 3234 manum
1374 3181 1455 3236 ori
1487 3181 1738 3249 admove,
1769 3194 1790 3222 ο
1821 3187 2054 3242 scrutari
2080 3203 2186 3244 nou
2216 3183 2258 3245 C
2292 3187 2598 3257 signiﬁcat;
2633 3194 2691 3241 ut
2720 3200 2894 3256 neque
2925 3184 3285 3255 posteriorem
3331 3183 3513 3244 Patre,
3549 3197 3730 3253 neque
3764 3184 3889 3237 alte-

585 3266 713 3322 licet
742 3283 976 3338 superna
1009 3272 1290 3342 mysteria.
1320 3273 1475 3330 Licet
1528 3275 1670 3331 scire
1693 3277 1836 3346 quod
1885 3290 2044 3335 natus
2073 3281 2143 3336 sit
2173 3299 2185 3334 :

587 3376 695 3417 non
735 3362 872 3418 licet
909 3363 1186 3421 discutere
1215 3367 1671 3436 quemadmodum
1721 3381 1878 3426 natus
1928 3373 2021 3430 sit.
2054 3375 2188 3430 Illud

585 3470 784 3527 negare
814 3457 947 3512 mihi
979 3473 1087 3514 non
1113 3460 1262 3524 licet,
1295 3460 1400 3518 hoc
1444 3478 1691 3534 qumrere
1721 3473 1898 3520 metus
1919 3474 2023 3521 est.
2053 3466 2186 3523 Nam

589 3549 634 3603 si
657 3548 859 3604 Paulus
885 3565 948 3605 ea
976 3566 1098 3622 quae
1125 3552 1332 3609 audivit
1377 3563 1562 3625 raptus
1609 3557 1664 3610 in
1696 3559 1916 3612 tertium
1965 3559 2187 3620 calum.

587 3640 880 3697 ineﬁ'abilia
906 3643 1078 3710 dicit,
1107 3645 1384 3716 quomodo
1421 3661 1524 3704 nos
1552 3649 1860 3720 exprimere
1902 3665 2190 3720 possumus

590 3745 833 3805 paterna:
857 3738 1230 3807 generationis
1258 3755 1541 3810 arcanum,
1569 3742 1710 3814 quod
1731 3758 1832 3800 nec
1855 3745 2062 3801 sentire
2088 3759 2186 3814 p0-

586 3827 815 3892 tuimus,
841 3842 943 3882 nec
972 3830 1162 3885 audire
1184 3831 1207 3884 ?

657 3919 747 3974 66.
781 3919 977 3976 Verum
1005 3923 1050 3977 si
1081 3939 1168 3980 me
1198 3924 1264 3978 ad
1320 3928 1776 3984 consuetudinem
1820 3929 1993 3984 trahis
2023 3945 2189 4000 gene-

587 4011 817 4066 rationis
839 4011 1089 4069 humanze
1121 4056 1136 4082 ,
1186 4027 1242 4070 ut
1277 4017 1490 4074 Patrem
1524 4019 1678 4074 dicas
1723 4022 1966 4091 priorem
2006 4040 2022 4087 ;
2061 4023 2188 4079 vide

589 4109 768 4156 utrum
819 4103 888 4158 ad
941 4107 1354 4173 generationem
1407 4109 1500 4165 Dei
1535 4121 1770 4166 terrenae
1815 4113 2190 4182 generationis

589 4195 841 4264 exempla
867 4199 1217 4254 conveniant.
1251 4200 1305 4256 Si
1338 4202 1636 4258 secundum
1681 4204 1957 4260 hominem
2004 4205 2191 4276 loqua-

589 4300 735 4354 mur,
759 4301 958 4358 negare
985 4304 1092 4344 non
1127 4292 1332 4360 poteris
1359 4295 1571 4363 priores
1613 4310 1736 4351 esse
1767 4296 1819 4350 in
1849 4295 2071 4354 homine
2096 4313 2192 4369 pa-

585 4377 687 4431 tris
731 4392 894 4448 quam
929 4379 1022 4433 ﬁlii
1077 4383 1376 4450 passiones.
1401 4383 1564 4456 457
1593 4385 1752 4440 Prior
1799 4389 1994 4454 crevit,
2043 4391 2191 4459 prior

585 4471 794 4537 senuit,
830 4471 982 4541 prior
1011 4471 1207 4540 doluit,
1253 4475 1402 4544 prior
1433 4477 1606 4532 ﬁevit.
1633 4476 1688 4533 Si
1744 4479 1905 4548 igitur
1932 4480 2022 4535 hic
2051 4491 2190 4536 tem-

2293 3282 2405 3334 rius
2433 3279 2736 3335 divinitatis
2759 3278 2954 3334 Filium
2997 3292 3122 3334 esse
3147 3276 3456 3333 credamus.
3483 3274 3616 3330 Nam
3651 3276 3696 3328 si
3745 3275 3890 3329 Patre

2292 3374 2564 3443 posterior
2588 3381 2696 3436 est,
2723 3385 2915 3426 recens
2939 3379 3059 3424 est:
3085 3377 3140 3424 et
3161 3370 3206 3423 si
3236 3368 3395 3423 unius
3425 3381 3532 3421 non
3579 3375 3664 3421 est
3699 3365 3888 3421 divini-

2291 3468 2440 3532 tatis,
2459 3467 2670 3520 alienus
2701 3474 2804 3520 est.
2827 3464 2936 3520 Sed
2970 3478 3072 3518 nec
3097 3461 3396 3534 posterior;
3417 3461 3541 3530 quia
3571 3475 3772 3516 recens
3792 3475 3885 3514 non

2291 3567 2375 3612 est
2407 3575 2421 3610 :
2450 3572 2549 3612 nec
2592 3556 2826 3621 alienus,
2867 3555 2991 3625 quia
3024 3569 3092 3610 ex
3122 3553 3283 3608 Patre
3340 3563 3539 3618 natus;
3581 3553 3705 3624 quia
3739 3565 3888 3622 supra

2291 3651 2465 3705 omnia
2493 3659 2567 3704 est
2597 3647 2738 3704 Deus
2785 3649 3078 3703 benedictus
3104 3648 3160 3702 in
3188 3647 3378 3702 uacula
3402 3643 3582 3716 (Rom.
3608 3659 3685 3710 Ix,
3710 3645 3795 3716 5),
3822 3646 3885 3699 si-

2289 3752 2382 3798 cut
2401 3743 2664 3812 scriptum
2695 3749 2804 3796 est.

2363 3835 2452 3890 69.
2484 3833 2591 3890 Sed
2641 3833 2684 3888 si
2734 3833 2970 3887 alienum
3007 3840 3215 3900 putant,
3253 3830 3270 3868 ί
3321 3845 3418 3885 cur
3465 3829 3695 3884 adorant
3746 3844 3881 3891 eum,

2291 3945 2413 3985 cum
2463 3928 2727 3999 scriptum
2771 3927 2886 3982 sit:
2942 3925 3123 3996 Neque
3169 3924 3410 3978 adorabis
3451 3922 3618 3977 Deum
3664 3924 3883 3978 alienum

2295 4022 2413 4095 (Ps.
2439 4037 2603 4087 Lxxx,
2633 4023 2721 4089 10)
2747 4021 2771 4074 ?
2796 4022 2895 4075 Aut
2927 4019 2972 4074 si
3002 4034 3109 4074 non
3140 4019 3388 4081 adorant,
3418 4017 3716 4081 fateantur,
3743 4029 3796 4072 et
3830 4018 3882 4067 li-

2294 4117 2377 4171 nis
2399 4125 2513 4181 est;
2545 4131 2608 4169 ne
2641 4128 2804 4184 quem
2859 4111 2960 4168 sub
2991 4111 3232 4182 religiosi
3282 4110 3522 4165 nominis
3555 4108 3882 4180 professione

2292 4208 2589 4279 decipiant.
2609 4207 2732 4262 H.ec
2760 4219 2955 4275 nempe
2981 4213 3107 4260 sunt
3137 4205 3444 4259 testimonia
3465 4203 3878 4274 Scripturarum.

2293 4302 2401 4356 Aut
2428 4299 2476 4354 si
2499 4299 2671 4354 habes
2699 4297 2866 4362 aliud,
2897 4301 3145 4368 proferre
3172 4295 3418 4352 debebis.

2366 4391 2455 4446 70.
2482 4393 2742 4462 Superest
2793 4400 2852 4446 ut
2887 4400 2938 4446 et
2971 4393 3309 4461 argumentis
3353 4389 3555 4445 veritas
3577 4388 3880 4459 colligatur.

2294 4484 2631 4554 Quamquam
2689 4483 2854 4538 etiam
2912 4482 3168 4537 humanis
3218 4481 3543 4538 testimoniis
3577 4488 3885 4551 argumenta

589 4577 722 4634 pore
753 4564 952 4632 minor,
987 4565 1081 4622 ille
1109 4568 1388 4639 antiquior
1418 4571 1692 4640 passione.
1741 4573 1796 4627 Si
1845 4573 1931 4631 hic
1960 4590 2192 4645 genera-
2219 4569 2270 4629 D
2295 4579 2496 4634 cedere
2539 4577 2790 4642 soleant;
2833 4584 3217 4646 argumentare
3273 4587 3476 4639 tamen,
3527 4572 3802 4636 haeretice,
3837 4582 3888 4625 ut

660 4711 683 4781 τῇ
725 4701 846 4781 Yet.
873 4703 1008 4760 edit.
1042 4720 1167 4761 cum
1191 4721 1325 4762 mss.
1352 4707 1668 4778 perpaucis,
1699 4705 1814 4775 Est,
1836 4709 2023 4778 inquit,
2051 4712 2192 4781 quod

588 4775 938 4832 indesinenter
960 4787 1050 4832 est.

660 4845 686 4883 ι’
708 4844 834 4900 Mss.
878 4863 986 4902 non
1020 4848 1199 4919 pauci,
1227 4866 1342 4918 quae
1371 4849 1610 4905 exuberat
1635 4866 1834 4906 omnem
1873 4869 2098 4907 sensum.
2131 4852 2191 4908 Si

660 4932 695 4969 π
721 4913 915 4969 Christi
936 4930 1166 4969 superat-
1199 4932 1304 4969 etc.

589 4932 695 4987 pax
721 4927 915 4972 Christi
936 4930 1167 4990 superat,
1199 4932 1304 4977 etc.

662 4999 683 5023 ε
709 4985 943 5064 Nimiam
989 4993 1042 5045 in
1073 4993 1386 5048 scrutandis
1431 4993 1595 5048 rebus
1634 4993 1830 5049 divinis
1859 5009 1924 5049 ac
1978 4995 2195 5064 potissi-

587 5073 736 5142 mum
762 5057 900 5142 ‘Filii
937 5065 1294 5142 generatione
1324 5065 1696 5142 curiositatem
1729 5081 1834 5142 no_n
1859 5057 2012 5120 solus
2036 5067 2194 5142 dam-

587 5129 1100 5198 navitAmhrosius;
1121 5150 1240 5188 eam
1263 5135 1409 5190 enim
1435 5137 1618 5190 caeteri
1648 5136 1766 5192 fere
1787 5137 1974 5191 Patres
2005 5137 2195 5191 eodem

587 5199 750 5274 modo
774 5206 1135 5274 proscriptam
1170 5206 1482 5260 voluerunt.
1508 5207 1602 5262 Sic
1617 5207 1948 5262 Athanasius
1988 5206 2140 5262 Orat.
2167 5208 2201 5261 5

586 5273 638 5346 i_n
655 5272 870 5346 A_rian.,
902 5272 1156 5331 Basilius.
1186 5277 1342 5346 llum.
1369 5276 1462 5340 29,
1493 5276 1788 5346 Gregorius
1810 5278 2028 5332 Nazian.
2047 5280 2199 5332 Orat.

587 5343 641 5418 1,
663 5343 912 5418 _Cy_ril_lu_s
941 5347 1215 5418 llierosol.
1243 5345 1566 5418 Catech.H,
1590 5343 1830 5418 Cyrillus
1860 5349 2026 5404 Alex.
2059 5349 2198 5402 Dial.

586 5411 935 5486 ZdeiTrinit.
969 5417 1227 5482 Hilarius,
1281 5416 1440 5479 Iibu.
1489 5411 1655 5486 atque
1706 5419 1819 5472 alii.
1867 5420 1977 5474 Nec
2019 5431 2198 5475 tamen

590 5483 833 5557 theologi
877 5488 1071 5555 nostri,
1097 5489 1189 5556 qui
1220 5488 1288 5543 de
1313 5487 1503 5543 eadem
1534 5483 1894 5557 generatione
1917 5491 1970 5543 in
2000 5491 2204 5545 scholis

589 5555 1372 5636 disputanttproptereasunt
1413 5555 1861 5636 condemnandi;
1911 5575 2023 5636 non
2054 5563 2203 5636 enim

595 5626 918 5694 abinquieti
954 5626 1280 5698 ac‘superbi
1339 5629 1508 5684 animi
1536 5631 1690 5698 vitio,
1722 5637 1782 5685 ut
1829 5632 1879 5685 in
1911 5632 2204 5696 haereticis,

594 5705 901 5772 nascuntur
941 5699 1162 5772 illorum
1203 5699 1626 5772 disputationes.
1679 5702 1774 5755 sed
1823 5702 1890 5753 ab
1923 5701 2110 5757 humili
2143 5717 2207 5756 ac

598 5763 683 5832 pia
716 5763 997 5821 voluntate
1026 5764 1293 5823 discendi.

2369 4711 2396 4748 (ί
2427 4711 2556 4766 Mss.
2582 4708 2810 4777 aliquot,
2849 4709 3014 4762 Audis
3053 4725 3249 4775 verum,
3286 4723 3623 4780 agnosce.....
3653 4721 3889 4778 corpora-

2300 4783 2435 4837 libus
2461 4781 2788 4835 (estimanda.

2376 4864 2398 4889 ε
2424 4852 2583 4906 Rom.
2615 4853 2748 4907 edit.
2779 4851 2918 4916 sola,
2948 4853 3198 4906 unitatem
3218 4849 3536 4904 substantiae.

2376 4922 2396 4961 τ
2435 4923 2560 4981 Haec
2585 4921 2822 4992 objectio
2849 4922 2991 4977 haud
3021 4921 3214 4978 leviter
3237 4924 3468 4990 urgebat
3517 4919 3641 4992 illos
3681 4919 3891 4992 htcreti-

2300 5009 2414 5058 cos,
2446 5009 2607 5064 quam
2633 4991 2860 5062 proinde
2882 4992 3012 5062 ipsis
3035 4994 3268 5048 subinde
3312 4992 3550 5062 objiccre
3577 4991 3891 5064 Ambrosius

2302 5063 2780 5139 nonpraatermisit
2812 5081 2826 5117 :
2853 5074 3092 5118 attamen
3112 5065 3288 5139 eidem
3318 5063 3655 5139 reponebant
3685 5063 3889 5139 Patrem

2300 5138 2356 5192 in
2387 5135 2524 5192 Filio
2554 5146 2826 5205 tamquam
2872 5151 3054 5205 regem
3106 5135 3158 5190 in
3193 5135 3424 5205 imagine
3471 5133 3570 5205 abs
3595 5147 3657 5187 se
3684 5133 3889 5188 adorari

2303 5208 2540 5276 colique,
2592 5216 2649 5260 nt
2687 5204 2761 5261 ex
2793 5204 3075 5261 Athanasii
3104 5216 3246 5260 orat.
3275 5204 3307 5258 4
3348 5206 3398 5258 in
3427 5204 3662 5260 Arianos
3687 5205 3891 5276 discere

2305 5272 2544 5334 esthed
2591 5293 2713 5332 cum
2765 5288 3021 5346 sequatur
3063 5291 3126 5331 ex
3174 5277 3274 5331 hoc
3325 5272 3889 5346 responsoieaindem

2305 5365 2523 5419 quoque
2554 5345 2960 5403 venerationem
3013 5347 3215 5402 hoinini
3267 5355 3454 5419 utpote
3502 5346 3569 5419 ad
3613 5345 3888 5419 imaginem

2307 5413 2398 5475 Dei
2434 5413 2656 5474 condito
2701 5419 2944 5473 exhiberi
3003 5433 3206 5487 posse;
3247 5413 3344 5472 illo
3378 5417 3578 5486 eﬁ'ugio
3623 5413 3766 5487 nihil;
3802 5413 3890 5464 oh-

2304 5500 2503 5553 stante,
2549 5501 2803 5544 auctores
2845 5489 2962 5558 ejus
2993 5485 3047 5544 in
3079 5489 3420 5544 ethnicorum
3451 5485 3623 5541 ferme
3652 5485 3888 5541 ordinem

2309 5570 2677 5629 reposuerunt
2726 5560 2869 5614 idem
2914 5559 3247 5615 Athanasius
3301 5568 3439 5629 orat.
3471 5559 3529 5629 U3
3566 5558 3688 5629 et}
3713 5566 3891 5629 contra

2309 5626 2574 5698 eosdem,
2627 5631 2855 5686 Basilius
2906 5631 3054 5685 hom.
3101 5630 3170 5684 27
3221 5629 3273 5683 in
3326 5627 3556 5698 Sabell.,
3608 5626 3893 5698 Gregorius

2311 5696 2564 5809 innaret
2584 5700 2968 5809 aldii.'C£’(isule
2996 5702 3159 5756 etiam
3211 5696 3409 5755 Valesii
3442 5696 3602 5754 natas
3621 5698 3688 5753 ad
3720 5696 3809 5754 lib.
3838 5708 3889 5745 η·

2313 5766 2450 5827 llist.
2471 5766 2736 5829 Theudor.
2763 5766 2851 5824 πμ.
