3952 6178
84 178 177 237 555

1423 168 1517 230 DE
1559 167 1718 229 FIDE
1755 169 1888 229 LIB.
1935 169 1978 228 1.

3235 175 3343 236 546

85 293 232 348 voles.
264 289 388 352 Usu,
423 287 620 360 inquis,
659 287 961 356 accipimus
988 285 1058 344 eo
1080 287 1172 358 qui
1201 289 1464 353 nascitur,
1494 287 1711 355 prio-A
1741 299 1922 340 causae
1975 285 2135 341 alicui
2208 286 2297 341 vel
2350 287 2562 343 auctori
2617 287 2641 340 ἲ
2693 286 2948 345 Profecto
2998 287 3153 345 nihil.
3204 287 3343 355 Quid

84 401 179 440 rem
217 398 327 437 csso
351 381 438 451 qui
466 389 717 450 general.
761 379 1102 452 Perseqnere
1133 377 1296 450 igitur
1345 380 1526 435 omnia
1555 394 1645 433 vc-

84 477 219 546 sligia
240 472 664 539 consuetudinis,
690 482 744 528 et
763 472 1014 528 sicaetera
1037 472 1388 538 conveniunt,
1416 485 1522 526 non
1550 472 1646 526 ob-

84 569 197 623 sisto
221 567 343 637 quin
369 574 425 622 et
449 565 592 620 istud
622 564 867 635 requiras
895 581 907 618 :
941 565 986 619 si
1025 573 1205 620 autem
1228 564 1373 619 nulla
1411 577 1644 619 concor-

85 662 212 726 dant,
235 658 680 731 quemadmodum
702 673 826 712 cum
869 657 1050 713 desint
1072 667 1293 721 caetera,
1327 657 1431 712 hoc
1469 656 1643 712 solum

84 753 271 826 exigis?
300 751 437 822 Ergo
456 751 583 820 quia
627 766 782 805 usum
816 750 1077 821 requiris,
1106 748 1323 819 quando
1353 756 1646 818 generatus

85 857 152 902 cst
175 861 230 902 es
257 845 432 911 Patre,
458 843 715 914 parvulus
763 842 882 898 fuit.
913 842 1110 898 Vidisti
1141 842 1192 897 in
1225 841 1386 898 cunis
1408 841 1643 896 infantu-

85 940 172 996 lutn
207 939 520 1010 vagientem,
551 952 846 1007 processus
876 936 1090 1008 aliquos
1115 937 1328 1006 accepit
1353 936 1568 1001 aetatis;
1599 934 1644 989 si

83 1033 204 1087 enim
224 1030 582 1086 inﬁrmitatem
633 1028 1009 1101 generationis
1053 1029 1260 1096 habuit,
1307 1043 1532 1086 necesse
1562 1037 1648 1084 est

81 1121 220 1196 458
245 1130 302 1177 ut
322 1137 427 1177 non
455 1122 632 1177 solum
683 1120 963 1189 nascendi,
1007 1119 1104 1176 sed
1133 1120 1296 1176 etiam
1325 1119 1542 1176 vivendi
1573 1119 1647 1174 in-

80 1217 248 1271 ciderit
279 1215 673 1272 inﬁrmitatem.

137 1309 213 1364 7t.
243 1308 344 1364 Sed
373 1308 604 1364 fortasse
627 1323 694 1364 eo
720 1307 1025 1379 prolabaris
1069 1307 1346 1375 amentiae,
1371 1316 1430 1363 ut
1459 1307 1527 1364 de
1551 1308 1644 1364 Dei

79 1401 192 1456 lilio
221 1403 315 1457 ista
342 1418 450 1457 non
477 1403 707 1468 abnuas,
728 1404 820 1473 qui
842 1419 965 1459 eutn
992 1418 1057 1458 ex
1083 1402 1398 1459 inﬁrmitate
1438 1403 1646 1459 metiris

81 1494 480 1566 lunnana;quid
504 1495 549 1550 si
586 1496 755 1551 Deum
807 1511 1007 1566 negare
1049 1511 1156 1552 non
1206 1506 1358 1564 potes
1401 1497 1642 1564 nomine,

80 1588 360 1644 inﬁrmitate
391 1599 574 1644 tamen
632 1587 910 1644 hominem
956 1588 1042 1644 vis
1072 1589 1353 1659 probare?
1406 1589 1547 1658 Quid
1601 1589 1644 1645 si

1747 393 1881 447 ergo
1908 377 2132 432 dicitis?
2163 378 2260 434 Est
2300 378 2490 434 horum
2547 379 2750 452 aliquid
2806 395 2916 451 quo
2956 392 3112 452 egeat
3144 382 3347 436 Pater?

1745 467 1972 538 ltnpium
2010 477 2094 525 est
2121 469 2323 525 dicere.
2356 471 2498 542 Ergo
2529 484 2623 525 aut
2673 471 2932 538 desinite,
2983 488 3106 543 qua:
3134 481 3350 528 creatu-

1746 574 1928 614 rarum
1977 568 2151 629 sunt,
2205 571 2394 631 aptare
2431 561 2702 618 divinitati
2739 581 2750 616 :
2785 571 2877 618 aut
2927 564 2973 618 si
3030 578 3351 634 comparare

1746 652 2098 720 contenditis,
2150 652 2496 711 considerate
2524 670 2632 725 quo
2659 664 2840 711 vestra
2871 655 3132 728 procedat
3158 656 3351 727 impie-

1749 753 1866 812 tas;
1895 745 2038 816 quod
2071 745 2210 802 absit
2235 755 2295 802 ut
2339 747 2422 802 vel
2474 748 2527 802 in
2577 763 2771 804 sensus
2815 757 3034 804 nostros
3057 746 3350 820 aliquando

1748 840 1947 894 veniat.

1819 930 1908 986 75.
1933 931 2042 986 Nos
2071 933 2215 988 enim
2259 935 2401 1004 piam
2433 933 2845 1005 responsionem
2881 944 3148 991 tenemus.
3183 933 3348 990 Nam-

1746 1042 1852 1098 que
1880 1026 2228 1097 omnipotens
2259 1026 2401 1083 Deus
2447 1037 2555 1093 est,
2580 1038 2637 1085 et
2658 1027 2783 1083 ideo
2828 1028 2980 1082 nullo
3011 1042 3202 1082 eorum
3246 1027 3374 1082 Pa-'

1750 1128 1832 1174 ter
1858 1119 2086 1189 indiget,
2119 1120 2210 1190 qui
2243 1135 2350 1176 non
2383 1120 2548 1177 habet
2593 1121 2953 1178 mutationem
2977 1121 3060 1176 sui
3087 1120 3350 1189 aliquam,

1748 1211 1835 1266 vel
1862 1211 2165 1282 profectum
2189 1229 2298 1282 quo
2327 1229 2426 1270 nos
2453 1229 2696 1284 egemus,
2726 1230 2953 1286 quorum
2975 1215 3259 1271 inﬁrmitas
3284 1229 3353 1271 ex

1747 1303 2058 1374 hujusmodi
2088 1305 2253 1361 rebus
2275 1306 2579 1376 proiectum
2607 1309 2826 1379 accipit.
2873 1309 2976 1377 Qui
3025 1320 3205 1366 autem
3235 1323 3354 1364 om-

1749 1396 1802 1451 ni
1811 1406 2004 1467 potens
2022 1406 2126 1463 est,
2147 1397 2313 1470 459
2326 1399 2512 1469 utique
2537 1415 2646 1455 non
2663 1409 2900 1466 creatus,
2917 1411 2969 1456 et
2997 1402 3113 1457 sine
3136 1402 3280 1468 loco,
3305 1408 3361 1457 et

1747 1504 1913 1559 supra
1967 1501 2211 1561 tempora
2267 1498 2374 1547 est.
2407 1491 2551 1546 Nihil
2603 1493 2748 1548 enim
2779 1503 2906 1549 ante
2957 1494 3151 1562 Deum,
3184 1494 3352 1549 immo

1751 1582 1852 1639 hoc
1884 1585 2060 1654 ipsmn
2081 1583 2342 1652 Verbum,
2365 1594 2491 1641 ante
2523 1587 2691 1641 Deum
2712 1597 2731 1626 ε
2765 1587 2948 1644 dicere
2976 1603 3097 1644 esse
3125 1588 3352 1659 aliquid,

80 1681 181 1736 dum
206 1681 392 1737 Filium
424 1682 676 1747 discutis,
703 1681 916 1737 Patrem
945 1682 1125 1752 arguis
1150 1701 1161 1734 :
1193 1690 1248 1738 et
1272 1681 1400 1737 dum
1427 1681 1645 1738 Christo
1675 1678 1723 1738 Β
1749 1693 1935 1748 grave.
1963 1678 2104 1748 Ergo
2134 1678 2178 1732 Si
2225 1679 2296 1733 ila
2328 1688 2431 1746 est,
2463 1679 2587 1750 quia
2618 1679 2749 1735 nihil
2778 1679 2972 1735 horum
3005 1689 3092 1736 est
3138 1681 3190 1736 in
3240 1680 3355 1738 Deo

81 1773 386 1842 pTlL‘jUdlcaS,
418 1774 637 1830 Patrem
665 1772 992 1845 adjudicas?

136 1864 210 1918 7'3.
247 1865 375 1920 Nam
391 1867 435 1920 si
464 1865 654 1921 divina
681 1867 964 1936 generatio
987 1867 1232 1938 subjecta
1264 1868 1493 1938 tempori
1521 1867 1641 1934 fuit,

82 1966 122 2010 ει
144 1955 189 2011 id
208 1973 270 2012 ex
302 1974 402 2014 usu
447 1957 824 2029 generationis
855 1967 1144 2028 usurpatur
1190 1959 1440 2015 humanae
1466 1976 1481 2024 ;
1513 1975 1645 2031 ergo

84 2059 124 2102 et
167 2049 310 2106 Pater
361 2050 644 2122 corporali
696 2059 852 2107 utero
901 2053 1136 2122 portavit
1185 2054 1422 2120 Filium,
1454 2053 1642 2109 decem

84 2142 312 2197 mensium
340 2143 636 2198 curriculis
664 2157 805 2199 onus
852 2143 1023 2199 vexit.
1074 2143 1179 2200 Sed
1225 2144 1498 2216 quomodo
1526 2145 1647 2201 sine

84 2244 190 2286 sexu
215 2233 380 2290 altero
427 2235 809 2306 generationis
840 2250 970 2292 usus
992 2237 1015 2289 ?
1037 2236 1205 2292 Vides
1230 2238 1533 2294 solemnem
1554 2253 1648 2309 ge-

83 2326 340 2383 nerationis
365 2328 576 2384 seriem
607 2343 714 2384 non
738 2330 994 2400 cmpisse,
1024 2337 1080 2386 et
1108 2339 1162 2385 tu
1194 2339 1219 2367 α
1254 2341 1438 2401 partus
1465 2331 1646 2400 cujus-

83 2413 180 2468 dant
196 2432 460 2489 corporea:
488 2421 836 2476 necessitatis
864 2431 1020 2492 putas
1047 2422 1214 2479 fuisse
1245 2423 1535 2479 solemnes.
1568 2422 1648 2478 Tu

81 2521 206 2562 llSlllll
231 2513 442 2581 quaeris,
476 2526 587 2583 ego
617 2528 803 2568 sexum
838 2531 848 2566 :
886 2523 939 2569 tu
965 2523 1176 2586 tempus
1204 2515 1404 2587 exigis,
1428 2530 1532 2588 ego
1561 2531 1650 2572 or-

80 2597 266 2656 dinem:
301 2613 353 2658 tu
400 2603 570 2661 linem
626 2604 876 2674 discutis,
904 2622 1005 2678 ego
1054 2623 1240 2679 quaero
1299 2609 1646 2681 principium,

78 2686 248 2764 Nempe
266 2693 382 2752 ﬁnis
404 2713 470 2754 ex
518 2696 816 2768 principio,
847 2714 952 2754 non
997 2700 1322 2773 principium
1351 2703 1551 2774 pendet
1580 2719 1645 2760 es

80 2781 186 2838 ﬁne.

135 2874 209 2930 75.
236 2875 425 2948 Omne,
452 2879 825 2953 inquis,quod
859 2892 1045 2940 natum
1068 2893 1175 2952 est,
1203 2887 1529 2960 principium
1555 2891 1648 2944 ha—

78 2964 184 3034 bet;
212 2981 262 3026 et
287 2973 405 3030 ideo
448 2974 584 3046 quia
612 2973 784 3031 Filius
809 2987 916 3042 est,
948 2978 1267 3050 principium
1288 2981 1472 3049 habet,
1502 2992 1559 3039 ct
1583 2999 1651 3039 ex

1747 1770 1929 1837 Patre,
1961 1785 2084 1842 quae
2135 1771 2436 1840 proiectum
2488 1770 2833 1843 signiﬁcent;
2861 1771 2986 1841 quia
3027 1770 3169 1827 Deus
3218 1782 3351 1826 est:

1746 1861 1883 1917 nihil
1913 1861 2105 1917 borum
2135 1862 2310 1933 aptari
2335 1862 2498 1918 etiam
2532 1869 2716 1933 potest
2748 1862 2839 1918 Dei
2870 1862 3033 1931 Filio,
3059 1870 3118 1918 ut
3136 1862 3223 1918 vel
3253 1861 3358 1918 ini-

1747 1957 1879 2010 tium
1927 1955 2177 2027 accipiat,
2203 1955 2286 2013 vel
2327 1955 2828 2028 profectum;quia
2876 1957 3021 2012 Deus
3072 1972 3237 2014 verus
3288 1973 3358 2014 ex

1748 2046 1860 2102 Deo
1891 2062 2024 2102 vero
2051 2056 2154 2102 est.

1821 2138 1909 2193 76.
1942 2138 2088 2208 Ergo
2128 2138 2253 2210 quia
2300 2139 2560 2195 usitatum
2591 2154 2698 2196 non
2735 2141 3042 2211 reperimus
3070 2143 3349 2211 ordinem,

1749 2231 2070 2302 acquiesce,
2109 2229 2350 2300 Ariane,
2398 2234 2726 2303 praecipuam
2783 2234 2904 2290 Filii
2943 2237 3354 2306 generationem

1750 2324 1943 2380 fuisse.
1991 2325 2314 2396 Acquiesce,
2364 2326 2614 2396 inquam;
2659 2334 2714 2381 et
2743 2326 2789 2381 si
2832 2327 2964 2381 mihi
3012 2342 3119 2384 non
3151 2329 3354 2399 credis,

1753 2421 2020 2476 erubesce
2066 2419 2151 2474 vel
2197 2419 2294 2476 Dei
2322 2433 2512 2475 vocem
2566 2419 2802 2476 dicentis
2830 2419 2965 2476 :Cui
3012 2438 3093 2476 me
3133 2423 3354 2478 similem

1748 2513 2233 2585 testimastis(Esai.
2265 2527 2424 2577 XLVI,
2462 2510 2628 2583 5)?Et
2667 2514 2888 2568 iterum:
2925 2514 3062 2581 Quia
3084 2531 3188 2570 non
3220 2515 3355 2570 sicut

1752 2607 1926 2672 homo,
1948 2605 2022 2659 ita
2052 2614 2099 2659 et
2129 2603 2272 2659 Deus
2302 2604 2490 2676 (Num.
2521 2620 2678 2671 mn,
2704 2603 2818 2676 l9).
2845 2605 3058 2662 Etenim
3081 2605 3131 2662 si
3158 2621 3354 2677 opera-

1751 2698 1828 2752 tio
1857 2696 1949 2752 Dei
1979 2696 2248 2766 przecipua
2271 2705 2377 2764 est,
2405 2696 2529 2766 quia
2560 2711 2668 2752 non
2691 2697 2946 2753 manibus
2965 2707 3226 2768 cperatur
3251 2698 3354 2754 ali-

1751 2790 1901 2862 quid,
1932 2804 2038 2844 non
2071 2788 2257 2845 labore
2288 2788 2530 2858 conﬁcit,
2565 2804 2674 2846 non
2705 2789 2900 2846 diebus
2933 2790 3204 2856 absolvit;
3230 2789 3354 2861 Ipse

1750 2881 1892 2937 enim
1922 2881 2074 2947 dixit,
2106 2890 2152 2935 et
2181 2883 2319 2952 facta
2341 2891 2483 2946 sunt,
2508 2882 2619 2950 ipse
2646 2881 2932 2948 mandavit,
2961 2892 3009 2937 et
3035 2892 3209 2938 creata
3232 2891 3354 2938 sunt

1753 2973 1932 3044 (Psal.
1964 2989 2187 3040 cxnvm,
2228 2971 2334 3044 5):
2380 2991 2480 3030 cur
2526 2990 2633 3030 non
2684 2975 2975 3032 credamus
3021 2977 3351 3049 praecipuam

79 3065 286 3131 tempore
321 3079 442 3122 esse
469 3066 669 3137 capit.
697 3067 854 3135 Quod
895 3069 1137 3139 ipsorum
1179 3085 1274 3126 ore
1325 3074 1398 3128 sit
1426 3073 1648 3130 dictum.
1681 3063 1725 3125 C
1756 3067 2164 3138 generationem
2199 3079 2324 3122 esse
2352 3065 2474 3135 ejus
2503 3066 2558 3121 in
2590 3065 2753 3133 Filio,
2783 3067 2938 3138 cujus
2965 3066 2991 3104 ά
3020 3070 3353 3140 praecipuam

77 3150 355 3224 Egoautem
377 3159 587 3216 Filium
636 3169 821 3217 natum
853 3178 976 3220 esse
1020 3165 1319 3236 proﬁteor;
1351 3168 1496 3239 quod
1522 3170 1649 3226 reli-

76 3259 214 3314 quum
263 3259 345 3306 est
393 3251 722 3324 impietatis,
781 3253 1066 3311 horresco.
1122 3257 1291 3313 Deum
1349 3260 1649 3329 conﬁteris,

78 3335 240 3406 homo,
268 3351 320 3398 et
365 3345 462 3400 tali
511 3345 930 3415 circumscribis
980 3347 1291 3405 calumnia?
1330 3351 1474 3408 Deus
1516 3352 1654 3411 hanc

73 3441 372 3491 averruucet
395 3436 725 3494 amentiam.

667 3551 898 3610 CAPUT
936 3554 1054 3611 XII.

80 3653 345 3734 Iteratteiin
390 3665 602 3724 Filium
627 3667 903 3739 objectioni
961 3671 1150 3726 iterum
1194 3675 1526 3746 respondetur
1545 3691 1655 3731 eam

135 3762 397 3829 retorqueri
448 3763 615 3817 etiam
650 3761 703 3814 in
737 3760 944 3817 Patrem
974 3779 1158 3834 posse;
1192 3782 1311 3820 cum
1335 3783 1456 3838 ergo
1495 3767 1658 3822 Pater

135 3864 216 3904 nec
235 3851 365 3921 loco,
388 3870 484 3908 nec
530 3861 780 3924 tempore,
813 3853 980 3908 aliave
1002 3855 1114 3910 ulla
1143 3867 1379 3913 creatura
1406 3859 1654 3929 indigeat,

138 3941 302 3997 sicnec
330 3961 512 3999 eorum
568 3944 906 4015 indigentiam
933 3946 1314 4002 attribuenda»:
1355 3947 1533 4004 Filio:
1564 3966 1660 4004 cu-

132 4037 212 4106 jus
231 4037 515 4111 singularis
565 4039 826 4108 generatio
867 4049 940 4095 est
970 4056 1074 4095 non
1118 4042 1285 4097 solum
1315 4059 1342 4097 e
1369 4041 1545 4112 Patre,
1571 4045 1660 4098 sed

141 4129 279 4182 etiam
297 4147 324 4186 e
358 4132 581 4204 Virgine
601 4148 622 4198 ;
643 4140 1012 4204 proptereaque
1051 4149 1168 4188 cum
1194 4135 1248 4189 in
1269 4135 1367 4190 hac
1382 4152 1484 4190 non
1507 4152 1660 4191 sexus

140 4231 221 4274 aut
241 4222 432 4279 similia
473 4223 652 4278 locum
681 4223 974 4290 habuerint,
996 4225 1056 4279 in
1077 4224 1172 4280 illa
1196 4242 1396 4296 quoque
1436 4243 1536 4282 non
1570 4229 1662 4281 lia-

144 4313 312 4370 buisse.

145 4448 226 4505 il.
251 4451 465 4509 Rursus
490 4453 762 4524 objiciunt
792 4472 805 4508 :
842 4455 986 4525 Ergo
1017 4471 1126 4512 non
1155 4466 1238 4513 est
1264 4457 1456 4525 Filius,
1485 4459 1530 4514 si
1561 4475 1669 4516 non
1696 4447 1751 4507 Ῑ)

1751 3158 2084 3214 creationem
2118 3157 2172 3212 in
2215 3157 2477 3229 operibus
2504 3160 2894 3230 agnoscimus?
2933 3160 3171 3232 Dignum
3201 3170 3354 3219 certe

1751 3261 1838 3308 est
1862 3261 1920 3308 ut
1945 3251 2256 3323 specialiter
2279 3261 2334 3308 et
2359 3253 2631 3324 praecipue
2657 3253 2907 3310 videatur
2932 3270 3232 3326 generasse
3257 3256 3353 3313 Fi-

1750 3343 1906 3400 lium.
1932 3343 2140 3400 Habeat
2168 3344 2537 3416 generationis
2567 3345 2844 3403 inusitatae
2863 3346 3117 3419 gloriam,
3143 3349 3235 3421 qui
3257 3348 3356 3406 ha-

1752 3435 1846 3492 bet
1874 3437 2160 3506 potestatis
2181 3436 2453 3492 inusitata:
2479 3437 2732 3508 gratiam.

1825 3527 1913 3582 77.
1929 3527 2048 3584 Non
2064 3528 2178 3584 sola
2201 3527 2541 3586 admirabilis
2567 3544 2634 3586 ex
2653 3530 2814 3588 Patre
2831 3535 3114 3604 generatio
3127 3533 3355 3604 Christi,

1754 3620 2085 3678 admirabilis
2116 3621 2280 3678 etiam
2313 3623 2429 3692 ipsa
2452 3623 2732 3693 generatio
2761 3626 2882 3695 ejus
2907 3641 2972 3682 ex
3007 3627 3248 3698 Virgine.
3273 3626 3356 3684 Tu

1753 3713 1906 3769 illam
1927 3714 2063 3770 dicis
2085 3723 2287 3770 nostrae
2308 3714 2545 3770 similem
2569 3717 2963 3787 conccptionis,
2986 3727 3040 3773 et
3060 3732 3163 3789 ego
3185 3720 3359 3789 probo

1756 3815 1812 3862 et
1841 3807 1998 3862 istam
2023 3816 2224 3861 nostra:
2243 3819 2366 3861 esse
2394 3805 2744 3872 dissimilem,
2777 3808 2943 3863 immo
2973 3818 3027 3864 te
3057 3809 3239 3879 ipsum
3261 3825 3359 3867 co-

1757 3915 1879 3971 gam
1909 3898 2090 3954 fateri.
2122 3899 2222 3953 Dic
2251 3898 2713 3969 quemadmodum
2745 3899 2817 3954 sit
2859 3909 3017 3958 natus
3063 3917 3131 3959 ex
3167 3903 3358 3974 Maria,

1759 4008 1867 4065 quo
1897 4007 1999 4048 usu
2043 4000 2232 4049 uterus
2275 4007 2399 4048 eum
2446 3991 2700 4048 habuerit
2731 3993 3040 4064 virginalis,
3086 3999 3363 4068 quomodo

1760 4088 1880 4145 sine
1906 4088 2114 4144 semine
2137 4087 2240 4143 viri
2264 4096 2471 4158 partus,
2492 4087 2638 4144 unde
2659 4088 2813 4159 virgo
2835 4105 3146 4161 praegnans,
3175 4110 3366 4165 quem-

1764 4179 2056 4236 admodum
2092 4190 2114 4217 ε
2139 4179 2320 4250 puella
2363 4189 2538 4236 mater
2567 4189 2698 4236 ante
2724 4180 2891 4247 fetus,
2923 4198 3086 4254 quam
3115 4186 3366 4255 copulam

1764 4282 1824 4330 ut
1851 4287 1986 4330 uxor
2010 4273 2266 4344 experta?
2288 4270 2463 4328 Causa
2490 4273 2699 4338 deerat,
2723 4282 2780 4330 et
2808 4276 3174 4347 generabatur
3195 4278 3364 4336 ﬁlius.
3427 4331 3432 4338 ι

1767 4365 1922 4423 Unde
1952 4379 2085 4436 ergo
2111 4365 2246 4436 legis
2282 4373 2494 4421 novatae
2524 4365 2751 4436 partus?

1848 4460 1935 4516 78.
1971 4459 2027 4516 Si
2077 4459 2241 4531 igitur
2281 4461 2336 4515 in
2381 4459 2602 4531 Virgine
2638 4474 2768 4516 usus
2808 4461 2978 4519 deluit
3007 4465 3376 4535 generationis

93 4539 231 4598 habet
254 4561 374 4616 quae
400 4547 614 4603 habent
641 4548 756 4602 lilii.
804 4547 1055 4620 Ignoscat
1081 4549 1214 4604 mihi
1256 4551 1436 4620 Pater,
1489 4551 1672 4624 ignos-
1771 4553 2043 4621 humanae,
2078 4552 2543 4624 quemadmodum
2580 4553 2634 4608 in
2665 4553 2777 4610 Deo
2808 4553 2975 4611 Patre
3003 4556 3246 4627 propriae
3275 4573 3374 4630 ge-

93 4645 165 4688 cat
190 4636 369 4704 Filius,
424 4643 681 4712 ignoscat
711 4649 768 4697 et
820 4641 1060 4712 Spiritus
1093 4653 1332 4711 sanctus,
1358 4643 1386 4682 ιν
1416 4647 1674 4717 quaestio-
1773 4647 2076 4704 iterationis
2118 4663 2273 4703 usum
2322 4647 2594 4719 requiris?
2632 4645 2794 4704 Certe
2838 4665 2968 4706 usus
3009 4651 3063 4705 in
3098 4667 3233 4707 sexu
3263 4661 3370 4721 est,

95 4739 198 4781 nem
226 4745 318 4799 pro
343 4732 560 4802 pietate
589 4731 796 4788 referre
831 4732 1091 4802 cupienti.
1122 4734 1223 4791 Est
1247 4744 1394 4791 certe
1414 4736 1594 4805 Pater,
1620 4747 1676 4794 et
1773 4741 1900 4812 quia
1940 4755 2102 4797 sexus
2143 4741 2198 4796 in
2227 4754 2392 4796 carne
2421 4749 2506 4796 est
2548 4758 2562 4793 :
2606 4741 2698 4797 ubi
2744 4757 2875 4814 ergo
2927 4758 3058 4800 caro
3105 4761 3214 4802 non
3269 4756 3376 4813 est,

93 4834 253 4878 manet
272 4840 536 4895 semper:
570 4833 698 4882 sunt
717 4827 878 4882 etiam
901 4838 1169 4884 creaturae
1195 4843 1296 4900 pro
1322 4829 1678 4901 dispositione
1779 4831 2237 4904 quemadmodum
2288 4830 2472 4886 carnis
2521 4830 2897 4889 inﬁrmitatem
2950 4834 3158 4904 exigis?
3203 4835 3379 4894 Nemo

95 4909 273 4969 divina.
303 4917 404 4973 Est
439 4931 580 4989 ergo
607 4917 808 4988 aliquid
839 4933 1028 4975 earum
1057 4920 1200 4991 quod
1231 4936 1339 4977 non
1373 4922 1677 4993 subjectum
1782 4925 2062 4980 meliorem
2091 4923 2312 4978 discutit
2340 4940 2352 4976 :
2384 4921 2610 4978 credere
2636 4923 2736 4978 tibi
2754 4924 2965 4994 jussum
2993 4935 3100 4996 est,
3125 4943 3234 4984 non
3266 4929 3381 4986 dis-

94 5000 155 5056 sit
193 5015 279 5061 aut
323 5007 488 5077 locis,
521 5015 620 5062 aut
666 5009 1002 5079 temporibus
1036 5052 1050 5077 ,
1103 5021 1196 5067 aut
1234 5012 1498 5069 creationi
1527 5055 1546 5083 ,
1586 5023 1681 5070 aut
1781 5025 1968 5073 cutere
1993 5014 2322 5087 permissum
2353 5023 2457 5070 est.
2497 5013 2780 5086 Scriptum
2809 5024 2897 5074 est
2920 5017 3069 5073 enim
3102 5036 3115 5072 :
3149 5017 3384 5078 Credidit

159 5166 184 5194 ⁸
206 5158 403 5241 Omnes
448 5160 591 5242 edit.
615 5177 734 5242 cum
762 5165 948 5242 paucis
970 5163 1150 5232 ’mss.,
1181 5179 1361 5242 partus
1409 5172 1680 5242 cujusdam

97 5232 306 5312 corporei
345 5232 838 5312 necessitates;_alii
892 5249 1025 5290 mss.
1082 5232 1252 5293 multo
1299 5232 1485 5307 plures
1513 5245 1690 5312 potio-

98 5311 295 5386 resque,
322 5314 508 5370 partus
537 5304 1100 5386 cujusddnt_corporete
1121 5304 1434 5386 necessitatis
1453 5330 1490 5386 ίΔ
1505 5304 1556 5368 id
1579 5325 1684 5386 est,

99 5379 268 5436 partus
291 5387 586 5442 corporeae
627 5375 956 5431 conditionis
992 5381 1305 5436 necessitati
1332 5375 1581 5440 subditos
1606 5375 1692 5440 ειιὲ

97 5453 190 5513 que
212 5444 468 5513 astrictos
498 5452 683 5513 putas.

101 5508 192 5634 ml;
214 5511 420 5570 Teller.
479 5508 660 5570 codex
707 5529 850 5571 unus
881 5557 897 5584 ,
953 5521 1287 5588 quaestionem
1339 5525 1404 5579 de
1455 5527 1694 5597 proprie-

171 5662 193 5688 ε
222 5653 348 5711 Mss.
375 5655 617 5728 aliquot,
641 5657 833 5724 dicere,
867 5667 940 5713 est
966 5661 1164 5733 aliquid
1187 5681 1358 5734 grave.

1863 5173 1887 5211 ἀ
1918 5174 2121 5252 omnes
2146 5172 2370 5252 edit._a‘c
2398 5175 2558 5252 pauci
2591 5189 2750 5240 mss.,
2779 5177 3095 5252 pra’cipuam
3123 5183 3386 5252 operatio-

1794 5261 1945 5318 nem;
1973 5245 2062 5302 alii
2104 5245 2372 5318 nonnulli,
2399 5247 2718 5318 prazcipuam
2745 5245 3165 5318 generationem:
3201 5252 3387 5309 caeteri

1796 5317 2012 5396 melius,
2042 5317 2360 5396 praecipuam
2384 5317 2718 5396 creationem,
2750 5317 2983 5372 activam
3012 5319 3242 5389 scilicet,
3281 5339 3388 5396 qua

1799 5387 2006 5458 creavit
2033 5389 2279 5442 universa
2311 5403 2408 5458 per
2435 5387 2650 5442 Filium.

1875 5468 1897 5495 ο
1927 5457 2004 5513 Ita
2037 5474 2167 5515 mss.
2202 5457 2476 5535 plerique;
2512 5458 2758 5535 nonnulli
2793 5457 2907 5535 alii,
2947 5460 3130 5516 matris
3157 5473 3278 5535 ante
3311 5469 3391 5535 fe-

1801 5539 1905 5597 tus,
1938 5546 2093 5602 quant
2123 5529 2365 5602 copulam
2378 5529 2570 5602 uxoris
2586 5545 2610 5602 ;ί
2647 5528 2740 5602 alii
2777 5527 2995 5602 demum
3026 5540 3082 5602 et
3109 5533 3244 5589 edit.
3275 5527 3396 5591 oin.

1803 5615 1924 5666 nes,
1951 5598 2252 5658 nobiscum
2286 5599 2513 5666 faciunt,
2561 5599 2664 5654 nisi
2703 5598 2847 5671 quod
2884 5615 2983 5678 pro
3020 5601 3178 5674 fetus,
3209 5605 3394 5678 plures

1806 5673 2037 5727 ellcrunt
2066 5676 2186 5727 feta.

1806 5676 2037 5730 ellerunt
2063 5676 2186 5744 feta.
