  <div class='ocr_page' id='page_1' title='image "/cluster/home/n/w/nwhite01/storage/ocr_20150623/16/uva.x000826550/283.png"; bbox 0 0 3952 6178; ppageno 0'>
   <div class='ocr_carea' id='block_1_1' title="bbox 601 204 3860 277">
    <p class='ocr_par' dir='ltr' id='par_1_1' title="bbox 601 204 3860 277">
     <span class='ocr_line' id='line_1_1' title="bbox 601 204 3860 277; baseline -0.005 0"><span class='ocrx_word' id='word_1_1' title='bbox 601 220 701 277; x_wconf 74' lang='grc'><strong>651</strong></span> <span class='ocrx_word' id='word_1_2' title='bbox 1959 214 2202 272; x_wconf 83' lang='lat' dir='ltr'><strong>SANCTI</strong></span> <span class='ocrx_word' id='word_1_3' title='bbox 2241 212 2566 271; x_wconf 73' lang='lat' dir='ltr'><strong>AMBROSII</strong></span> <span class='ocrx_word' id='word_1_4' title='bbox 3779 204 3860 265; x_wconf 64' lang='lat'><strong>55!</strong></span> 
     </span>
    </p>
   </div>
   <div class='ocr_carea' id='block_1_2' title="bbox 602 321 3856 406">
    <p class='ocr_par' dir='ltr' id='par_1_2' title="bbox 602 321 3856 406">
     <span class='ocr_line' id='line_1_2' title="bbox 602 321 3856 406; baseline -0.006 -10"><span class='ocrx_word' id='word_1_5' title='bbox 602 340 804 404; x_wconf 99' lang='lat' dir='ltr'><strong>solent,</strong></span> <span class='ocrx_word' id='word_1_6' title='bbox 838 345 894 393; x_wconf 90' lang='lat' dir='ltr'><strong>et</strong></span> <span class='ocrx_word' id='word_1_7' title='bbox 920 335 1131 392; x_wconf 88' lang='lat' dir='ltr'><strong>discant</strong></span> <span class='ocrx_word' id='word_1_8' title='bbox 1173 332 1630 406; x_wconf 81' lang='lat' dir='ltr'><strong>quemadmodum</strong></span> <span class='ocrx_word' id='word_1_9' title='bbox 1659 331 1863 388; x_wconf 91' lang='lat' dir='ltr'><strong>dictum</strong></span> <span class='ocrx_word' id='word_1_10' title='bbox 1888 329 1960 385; x_wconf 91' lang='lat' dir='ltr'><strong>sit</strong></span> <span class='ocrx_word' id='word_1_11' title='bbox 1989 347 2002 382; x_wconf 91' lang='lat'><strong>:</strong></span> <span class='ocrx_word' id='word_1_12' title='bbox 2037 340 2061 366; x_wconf 75' lang='grc' dir='ltr'><strong>τι</strong></span> <span class='ocrx_word' id='word_1_13' title='bbox 2092 329 2200 384; x_wconf 89' lang='lat' dir='ltr'><strong>Do-</strong></span> <span class='ocrx_word' id='word_1_14' title='bbox 2229 331 2283 392; x_wconf 84' lang='grc' dir='ltr'><strong>Α</strong></span> <span class='ocrx_word' id='word_1_15' title='bbox 2311 333 2495 398; x_wconf 80' lang='lat' dir='ltr'><strong>putent</strong></span> <span class='ocrx_word' id='word_1_16' title='bbox 2527 340 2652 383; x_wconf 90' lang='lat' dir='ltr'><strong>esse</strong></span> <span class='ocrx_word' id='word_1_17' title='bbox 2681 325 2923 397; x_wconf 91' lang='lat' dir='ltr'><strong>genitum</strong></span> <span class='ocrx_word' id='word_1_18' title='bbox 2949 363 2966 392; x_wconf 94' lang='lat'><strong>,</strong></span> <span class='ocrx_word' id='word_1_19' title='bbox 2997 322 3138 396; x_wconf 92' lang='lat' dir='ltr'><strong>quod</strong></span> <span class='ocrx_word' id='word_1_20' title='bbox 3177 324 3466 380; x_wconf 87' lang='lat' dir='ltr'><strong>creatum?</strong></span> <span class='ocrx_word' id='word_1_21' title='bbox 3500 321 3557 380; x_wconf 91' lang='lat' dir='ltr'><strong>Si</strong></span> <span class='ocrx_word' id='word_1_22' title='bbox 3587 321 3722 379; x_wconf 89' lang='lat' dir='ltr'><strong>enim</strong></span> <span class='ocrx_word' id='word_1_23' title='bbox 3747 322 3856 378; x_wconf 83' lang='lat' dir='ltr'><strong>idem</strong></span> 
     </span>
    </p>
   </div>
   <div class='ocr_carea' id='block_1_3' title="bbox 605 416 3856 495">
    <p class='ocr_par' dir='ltr' id='par_1_3' title="bbox 605 416 3856 495">
     <span class='ocr_line' id='line_1_3' title="bbox 605 416 3856 495; baseline -0.004 -12"><span class='ocrx_word' id='word_1_24' title='bbox 605 431 772 484; x_wconf 87' lang='lat' dir='ltr'><strong>minus</strong></span> <span class='ocrx_word' id='word_1_25' title='bbox 793 428 978 482; x_wconf 81' lang='lat' dir='ltr'><strong>creavit</strong></span> <span class='ocrx_word' id='word_1_26' title='bbox 1005 443 1104 480; x_wconf 88' lang='lat' dir='ltr'><strong>me.</strong></span> <span class='ocrx_word' id='word_1_27' title='bbox 1138 427 1155 495; x_wconf 97' lang='lat'><strong>(</strong></span> <span class='ocrx_word' id='word_1_28' title='bbox 1187 425 1341 480; x_wconf 88' lang='lat' dir='ltr'><strong>Prov.</strong></span> <span class='ocrx_word' id='word_1_29' title='bbox 1375 440 1492 490; x_wconf 88' lang='lat' dir='ltr'><strong>vm,</strong></span> <span class='ocrx_word' id='word_1_30' title='bbox 1523 423 1596 478; x_wconf 59' lang='grc' dir='ltr'>εξ</span> <span class='ocrx_word' id='word_1_31' title='bbox 1620 424 1660 492; x_wconf 87' lang='grc'>).</span> <span class='ocrx_word' id='word_1_32' title='bbox 1691 422 1809 478; x_wconf 79' lang='lat' dir='ltr'><strong>Non</strong></span> <span class='ocrx_word' id='word_1_33' title='bbox 1839 421 2012 477; x_wconf 79' lang='lat' dir='ltr'><strong>dixit:</strong></span> <span class='ocrx_word' id='word_1_34' title='bbox 2041 421 2201 476; x_wconf 82' lang='lat' dir='ltr'><strong>Pater</strong></span> <span class='ocrx_word' id='word_1_35' title='bbox 2309 421 2517 488; x_wconf 89' lang='lat' dir='ltr'><strong>dicunt,</strong></span> <span class='ocrx_word' id='word_1_36' title='bbox 2554 420 2687 476; x_wconf 85' lang='lat' dir='ltr'><strong>nihil</strong></span> <span class='ocrx_word' id='word_1_37' title='bbox 2733 420 2920 490; x_wconf 93' lang='lat' dir='ltr'><strong>utique</strong></span> <span class='ocrx_word' id='word_1_38' title='bbox 2959 418 3124 474; x_wconf 90' lang='lat' dir='ltr'><strong>distat</strong></span> <span class='ocrx_word' id='word_1_39' title='bbox 3151 416 3296 474; x_wconf 85' lang='lat' dir='ltr'><strong>inter</strong></span> <span class='ocrx_word' id='word_1_40' title='bbox 3321 431 3591 488; x_wconf 86' lang='lat' dir='ltr'><strong>generare</strong></span> <span class='ocrx_word' id='word_1_41' title='bbox 3615 425 3669 474; x_wconf 91' lang='lat' dir='ltr'><strong>et</strong></span> <span class='ocrx_word' id='word_1_42' title='bbox 3689 433 3856 473; x_wconf 86' lang='lat' dir='ltr'><strong>creare.</strong></span> 
     </span>
    </p>
   </div>
   <div class='ocr_carea' id='block_1_4' title="bbox 606 508 3858 588">
    <p class='ocr_par' dir='ltr' id='par_1_4' title="bbox 606 508 3858 588">
     <span class='ocr_line' id='line_1_4' title="bbox 606 508 3858 588; baseline -0.005 -11"><span class='ocrx_word' id='word_1_43' title='bbox 606 521 848 588; x_wconf 90' lang='lat' dir='ltr'><strong>creavit,</strong></span> <span class='ocrx_word' id='word_1_44' title='bbox 900 518 996 575; x_wconf 91' lang='lat' dir='ltr'><strong>sed</strong></span> <span class='ocrx_word' id='word_1_45' title='bbox 1045 519 1299 574; x_wconf 80' lang='lat' dir='ltr'><strong>Dominus</strong></span> <span class='ocrx_word' id='word_1_46' title='bbox 1350 518 1538 573; x_wconf 89' lang='lat' dir='ltr'><strong>creavit</strong></span> <span class='ocrx_word' id='word_1_47' title='bbox 1582 533 1678 571; x_wconf 90' lang='lat' dir='ltr'><strong>me.</strong></span> <span class='ocrx_word' id='word_1_48' title='bbox 1727 513 1866 570; x_wconf 90' lang='lat' dir='ltr'><strong>Caro</strong></span> <span class='ocrx_word' id='word_1_49' title='bbox 1913 514 2200 568; x_wconf 81' lang='lat' dir='ltr'><strong>Dominum</strong></span> <span class='ocrx_word' id='word_1_50' title='bbox 2307 513 2450 583; x_wconf 88' lang='lat' dir='ltr'><strong>Ergo</strong></span> <span class='ocrx_word' id='word_1_51' title='bbox 2494 512 2753 582; x_wconf 91' lang='lat' dir='ltr'><strong>quoniam</strong></span> <span class='ocrx_word' id='word_1_52' title='bbox 2794 519 2851 566; x_wconf 91' lang='lat' dir='ltr'><strong>et</strong></span> <span class='ocrx_word' id='word_1_53' title='bbox 2899 523 2999 566; x_wconf 88' lang='lat' dir='ltr'><strong>nos</strong></span> <span class='ocrx_word' id='word_1_54' title='bbox 3039 509 3210 566; x_wconf 86' lang='lat' dir='ltr'><strong>creati</strong></span> <span class='ocrx_word' id='word_1_55' title='bbox 3251 523 3472 576; x_wconf 88' lang='lat' dir='ltr'><strong>sumus,</strong></span> <span class='ocrx_word' id='word_1_56' title='bbox 3521 508 3662 564; x_wconf 90' lang='lat' dir='ltr'><strong>inter</strong></span> <span class='ocrx_word' id='word_1_57' title='bbox 3702 523 3787 563; x_wconf 87' lang='lat' dir='ltr'><strong>nos</strong></span> <span class='ocrx_word' id='word_1_58' title='bbox 3819 516 3858 563; x_wconf 84' lang='lat' dir='ltr'><strong>et</strong></span> 
     </span>
    </p>
   </div>
   <div class='ocr_carea' id='block_1_5' title="bbox 606 602 3859 682">
    <p class='ocr_par' dir='ltr' id='par_1_5' title="bbox 606 602 3859 682">
     <span class='ocr_line' id='line_1_5' title="bbox 606 602 3859 682; baseline -0.004 -14"><span class='ocrx_word' id='word_1_59' title='bbox 606 611 871 682; x_wconf 79' lang='lat' dir='ltr'><strong>agnoscit,</strong></span> <span class='ocrx_word' id='word_1_60' title='bbox 902 610 1075 680; x_wconf 91' lang='lat' dir='ltr'><strong>gloria</strong></span> <span class='ocrx_word' id='word_1_61' title='bbox 1124 610 1340 666; x_wconf 87' lang='lat' dir='ltr'><strong>Patrem</strong></span> <span class='ocrx_word' id='word_1_62' title='bbox 1371 609 1641 680; x_wconf 78' lang='lat' dir='ltr'><strong>signiﬁcat</strong></span> <span class='ocrx_word' id='word_1_63' title='bbox 1670 626 1684 661; x_wconf 91' lang='lat'><strong>:</strong></span> <span class='ocrx_word' id='word_1_64' title='bbox 1726 617 1974 663; x_wconf 85' lang='lat' dir='ltr'><strong>creatura</strong></span> <span class='ocrx_word' id='word_1_65' title='bbox 2018 619 2202 661; x_wconf 71' lang='lat' dir='ltr'><strong>noswa</strong></span> <span class='ocrx_word' id='word_1_66' title='bbox 2306 604 2583 661; x_wconf 87' lang='lat' dir='ltr'><strong>Christum</strong></span> <span class='ocrx_word' id='word_1_67' title='bbox 2615 614 2671 661; x_wconf 91' lang='lat' dir='ltr'><strong>et</strong></span> <span class='ocrx_word' id='word_1_68' title='bbox 2694 605 2968 660; x_wconf 89' lang='lat' dir='ltr'><strong>elementa</strong></span> <span class='ocrx_word' id='word_1_69' title='bbox 3009 603 3158 659; x_wconf 91' lang='lat' dir='ltr'><strong>nulla</strong></span> <span class='ocrx_word' id='word_1_70' title='bbox 3182 602 3436 659; x_wconf 88' lang='lat' dir='ltr'><strong>distantia</strong></span> <span class='ocrx_word' id='word_1_71' title='bbox 3459 611 3566 658; x_wconf 91' lang='lat' dir='ltr'><strong>est.</strong></span> <span class='ocrx_word' id='word_1_72' title='bbox 3590 602 3694 660; x_wconf 92' lang='lat' dir='ltr'><strong>Sed</strong></span> <span class='ocrx_word' id='word_1_73' title='bbox 3713 617 3859 672; x_wconf 82' lang='lat' dir='ltr'><strong>quam-</strong></span> 
     </span>
    </p>
   </div>
   <div class='ocr_carea' id='block_1_6' title="bbox 608 696 3770 769">
    <p class='ocr_par' dir='ltr' id='par_1_6' title="bbox 608 696 3770 769">
     <span class='ocr_line' id='line_1_6' title="bbox 608 696 3770 769; baseline -0.004 -8"><span class='ocrx_word' id='word_1_74' title='bbox 608 704 894 761; x_wconf 90' lang='lat' dir='ltr'><strong>Dominum</strong></span> <span class='ocrx_word' id='word_1_75' title='bbox 921 703 1233 768; x_wconf 80' lang='lat' dir='ltr'><strong>conﬁtetur,</strong></span> <span class='ocrx_word' id='word_1_76' title='bbox 1262 701 1289 740; x_wconf 75' lang='grc' dir='ltr'><strong>ι)</strong></span> <span class='ocrx_word' id='word_1_77' title='bbox 1316 702 1556 758; x_wconf 89' lang='lat' dir='ltr'><strong>charitas</strong></span> <span class='ocrx_word' id='word_1_78' title='bbox 1586 702 1800 757; x_wconf 89' lang='lat' dir='ltr'><strong>Patrem</strong></span> <span class='ocrx_word' id='word_1_79' title='bbox 1825 700 1994 756; x_wconf 90' lang='lat' dir='ltr'><strong>novit.</strong></span> <span class='ocrx_word' id='word_1_80' title='bbox 2020 698 2206 769; x_wconf 86' lang='lat' dir='ltr'><strong>Itaque</strong></span> <span class='ocrx_word' id='word_1_81' title='bbox 2306 699 2391 754; x_wconf 90' lang='lat' dir='ltr'><strong>vis</strong></span> <span class='ocrx_word' id='word_1_82' title='bbox 2415 707 2658 755; x_wconf 88' lang='lat' dir='ltr'><strong>amentes</strong></span> <span class='ocrx_word' id='word_1_83' title='bbox 2691 699 2820 764; x_wconf 87' lang='lat' dir='ltr'><strong>sint,</strong></span> <span class='ocrx_word' id='word_1_84' title='bbox 2849 697 2903 754; x_wconf 88' lang='lat' dir='ltr'><strong>id</strong></span> <span class='ocrx_word' id='word_1_85' title='bbox 2930 706 3108 754; x_wconf 90' lang='lat' dir='ltr'><strong>tamen</strong></span> <span class='ocrx_word' id='word_1_86' title='bbox 3139 713 3247 752; x_wconf 92' lang='lat' dir='ltr'><strong>non</strong></span> <span class='ocrx_word' id='word_1_87' title='bbox 3277 696 3560 753; x_wconf 88' lang='lat' dir='ltr'><strong>audebunt</strong></span> <span class='ocrx_word' id='word_1_88' title='bbox 3583 696 3770 753; x_wconf 86' lang='lat' dir='ltr'><strong>dicere.</strong></span> 
     </span>
    </p>
   </div>
   <div class='ocr_carea' id='block_1_7' title="bbox 605 790 2207 868">
    <p class='ocr_par' dir='ltr' id='par_1_7' title="bbox 605 790 2207 868">
     <span class='ocr_line' id='line_1_7' title="bbox 605 790 2207 868; baseline -0.004 -16"><span class='ocrx_word' id='word_1_89' title='bbox 605 797 729 868; x_wconf 86' lang='lat' dir='ltr'><strong>quis</strong></span> <span class='ocrx_word' id='word_1_90' title='bbox 755 796 970 866; x_wconf 79' lang='lat' dir='ltr'><strong>ignoret</strong></span> <span class='ocrx_word' id='word_1_91' title='bbox 998 795 1122 866; x_wconf 89' lang='lat' dir='ltr'><strong>quia</strong></span> <span class='ocrx_word' id='word_1_92' title='bbox 1151 795 1221 851; x_wconf 85' lang='lat' dir='ltr'><strong>ob</strong></span> <span class='ocrx_word' id='word_1_93' title='bbox 1253 809 1473 850; x_wconf 90' lang='lat' dir='ltr'><strong>causam</strong></span> <span class='ocrx_word' id='word_1_94' title='bbox 1506 791 1962 865; x_wconf 81' lang='lat' dir='ltr'><strong>incorporationis</strong></span> <span class='ocrx_word' id='word_1_95' title='bbox 1995 791 2098 847; x_wconf 91' lang='lat' dir='ltr'><strong>hoc</strong></span> <span class='ocrx_word' id='word_1_96' title='bbox 2127 790 2207 845; x_wconf 91' lang='lat' dir='ltr'><strong>di-</strong></span> 
     </span>
    </p>
   </div>
   <div class='ocr_carea' id='block_1_8' title="bbox 603 883 2207 958">
    <p class='ocr_par' dir='ltr' id='par_1_8' title="bbox 603 883 2207 958">
     <span class='ocr_line' id='line_1_8' title="bbox 603 883 2207 958; baseline -0.004 -14"><span class='ocrx_word' id='word_1_97' title='bbox 603 888 788 945; x_wconf 87' lang='lat' dir='ltr'><strong>citur?</strong></span> <span class='ocrx_word' id='word_1_98' title='bbox 815 887 872 943; x_wconf 89' lang='lat' dir='ltr'><strong>lu</strong></span> <span class='ocrx_word' id='word_1_99' title='bbox 899 902 966 942; x_wconf 92' lang='lat' dir='ltr'><strong>eo</strong></span> <span class='ocrx_word' id='word_1_100' title='bbox 996 887 1158 958; x_wconf 88' lang='lat' dir='ltr'><strong>igitur</strong></span> <span class='ocrx_word' id='word_1_101' title='bbox 1189 901 1248 942; x_wconf 90' lang='lat' dir='ltr'><strong>se</strong></span> <span class='ocrx_word' id='word_1_102' title='bbox 1273 894 1515 942; x_wconf 88' lang='lat' dir='ltr'><strong>creatum</strong></span> <span class='ocrx_word' id='word_1_103' title='bbox 1545 885 1696 953; x_wconf 87' lang='lat' dir='ltr'><strong>dicit,</strong></span> <span class='ocrx_word' id='word_1_104' title='bbox 1728 885 1780 940; x_wconf 92' lang='lat' dir='ltr'><strong>in</strong></span> <span class='ocrx_word' id='word_1_105' title='bbox 1808 899 1919 956; x_wconf 87' lang='lat' dir='ltr'><strong>quo</strong></span> <span class='ocrx_word' id='word_1_106' title='bbox 1944 893 2001 940; x_wconf 90' lang='lat' dir='ltr'><strong>et</strong></span> <span class='ocrx_word' id='word_1_107' title='bbox 2031 883 2207 938; x_wconf 89' lang='lat' dir='ltr'><strong>homi-</strong></span> 
     </span>
    </p>
   </div>
   <div class='ocr_carea' id='block_1_9' title="bbox 607 976 2209 1048">
    <p class='ocr_par' dir='ltr' id='par_1_9' title="bbox 607 976 2209 1048">
     <span class='ocr_line' id='line_1_9' title="bbox 607 976 2209 1048; baseline -0.004 -11"><span class='ocrx_word' id='word_1_108' title='bbox 607 995 732 1037; x_wconf 89' lang='lat' dir='ltr'><strong>nem</strong></span> <span class='ocrx_word' id='word_1_109' title='bbox 779 977 1107 1035; x_wconf 81' lang='lat' dir='ltr'><strong>testiﬁcatur</strong></span> <span class='ocrx_word' id='word_1_110' title='bbox 1133 977 1358 1034; x_wconf 88' lang='lat' dir='ltr'><strong>dicens:</strong></span> <span class='ocrx_word' id='word_1_111' title='bbox 1390 978 1532 1046; x_wconf 89' lang='lat' dir='ltr'><strong>Quid</strong></span> <span class='ocrx_word' id='word_1_112' title='bbox 1574 995 1653 1032; x_wconf 87' lang='lat' dir='ltr'><strong>me</strong></span> <span class='ocrx_word' id='word_1_113' title='bbox 1704 977 1932 1048; x_wconf 77' lang='lat' dir='ltr'><strong>quwritis</strong></span> <span class='ocrx_word' id='word_1_114' title='bbox 1978 976 2209 1030; x_wconf 89' lang='lat' dir='ltr'><strong>occidere</strong></span> 
     </span>
    </p>
   </div>
   <div class='ocr_carea' id='block_1_10' title="bbox 609 1069 2206 1143">
    <p class='ocr_par' dir='ltr' id='par_1_10' title="bbox 609 1069 2206 1143">
     <span class='ocr_line' id='line_1_10' title="bbox 609 1069 2206 1143; baseline -0.001 -17"><span class='ocrx_word' id='word_1_115' title='bbox 609 1072 893 1139; x_wconf 81' lang='lat' dir='ltr'><strong>hominem,</strong></span> <span class='ocrx_word' id='word_1_116' title='bbox 925 1074 1014 1143; x_wconf 88' lang='lat' dir='ltr'><strong>qui</strong></span> <span class='ocrx_word' id='word_1_117' title='bbox 1043 1073 1308 1128; x_wconf 88' lang='lat' dir='ltr'><strong>veritatem</strong></span> <span class='ocrx_word' id='word_1_118' title='bbox 1336 1073 1540 1126; x_wconf 89' lang='lat' dir='ltr'><strong>locutus</strong></span> <span class='ocrx_word' id='word_1_119' title='bbox 1571 1088 1686 1126; x_wconf 89' lang='lat' dir='ltr'><strong>sum</strong></span> <span class='ocrx_word' id='word_1_120' title='bbox 1715 1073 1858 1126; x_wconf 92' lang='lat' dir='ltr'><strong>vobis</strong></span> <span class='ocrx_word' id='word_1_121' title='bbox 1885 1069 2077 1142; x_wconf 82' lang='lat' dir='ltr'><strong>(Joan.</strong></span> <span class='ocrx_word' id='word_1_122' title='bbox 2110 1086 2206 1136; x_wconf 85' lang='lat' dir='ltr'><strong>vu,</strong></span> 
     </span>
    </p>
   </div>
   <div class='ocr_carea' id='block_1_11' title="bbox 606 1164 2209 1238">
    <p class='ocr_par' dir='ltr' id='par_1_11' title="bbox 606 1164 2209 1238">
     <span class='ocr_line' id='line_1_11' title="bbox 606 1164 2209 1238; baseline -0.002 -16"><span class='ocrx_word' id='word_1_123' title='bbox 606 1167 682 1224; x_wconf 65' lang='lat'><strong>20</strong></span> <span class='ocrx_word' id='word_1_124' title='bbox 703 1164 759 1237; x_wconf 91' lang='lat'><strong>)?</strong></span> <span class='ocrx_word' id='word_1_125' title='bbox 787 1167 1072 1224; x_wconf 82' lang='lat' dir='ltr'><strong>Hominem</strong></span> <span class='ocrx_word' id='word_1_126' title='bbox 1119 1166 1291 1234; x_wconf 90' lang='lat' dir='ltr'><strong>dicit,</strong></span> <span class='ocrx_word' id='word_1_127' title='bbox 1337 1166 1391 1221; x_wconf 92' lang='lat' dir='ltr'><strong>in</strong></span> <span class='ocrx_word' id='word_1_128' title='bbox 1422 1181 1529 1238; x_wconf 92' lang='lat' dir='ltr'><strong>quo</strong></span> <span class='ocrx_word' id='word_1_129' title='bbox 1559 1174 1613 1222; x_wconf 90' lang='lat' dir='ltr'><strong>et</strong></span> <span class='ocrx_word' id='word_1_130' title='bbox 1651 1165 1945 1221; x_wconf 75' lang='lat' dir='ltr'><strong>crucifixus</strong></span> <span class='ocrx_word' id='word_1_131' title='bbox 1975 1175 2031 1221; x_wconf 89' lang='lat' dir='ltr'><strong>et</strong></span> <span class='ocrx_word' id='word_1_132' title='bbox 2061 1180 2209 1220; x_wconf 86' lang='lat' dir='ltr'><strong>mor-</strong></span> 
     </span>
    </p>
   </div>
   <div class='ocr_carea' id='block_1_12' title="bbox 612 1245 3865 1331">
    <p class='ocr_par' dir='ltr' id='par_1_12' title="bbox 612 1245 3865 1331">
     <span class='ocr_line' id='line_1_12' title="bbox 612 1245 3865 1331; baseline -0.003 -17"><span class='ocrx_word' id='word_1_133' title='bbox 612 1267 757 1325; x_wconf 90' lang='lat' dir='ltr'><strong>tuus,</strong></span> <span class='ocrx_word' id='word_1_134' title='bbox 788 1268 843 1315; x_wconf 91' lang='lat' dir='ltr'><strong>et</strong></span> <span class='ocrx_word' id='word_1_135' title='bbox 871 1259 1120 1331; x_wconf 91' lang='lat' dir='ltr'><strong>sepultus</strong></span> <span class='ocrx_word' id='word_1_136' title='bbox 1146 1270 1252 1315; x_wconf 90' lang='lat' dir='ltr'><strong>est.</strong></span> <span class='ocrx_word' id='word_1_137' title='bbox 1583 1245 1586 1247; x_wconf 12' lang='grc' dir='ltr'><strong>Α</strong></span> <span class='ocrx_word' id='word_1_138' title='bbox 2390 1257 2512 1312; x_wconf 76' lang='grc'>102.</span> <span class='ocrx_word' id='word_1_139' title='bbox 2558 1255 2615 1312; x_wconf 90' lang='lat' dir='ltr'><strong>Si</strong></span> <span class='ocrx_word' id='word_1_140' title='bbox 2642 1265 2826 1310; x_wconf 89' lang='lat' dir='ltr'><strong>autem</strong></span> <span class='ocrx_word' id='word_1_141' title='bbox 2855 1254 3022 1310; x_wconf 76' lang='lat' dir='ltr'><strong>distat</strong></span> <span class='ocrx_word' id='word_1_142' title='bbox 3048 1255 3188 1310; x_wconf 90' lang='lat' dir='ltr'><strong>inter</strong></span> <span class='ocrx_word' id='word_1_143' title='bbox 3211 1261 3454 1309; x_wconf 87' lang='lat' dir='ltr'><strong>creatum</strong></span> <span class='ocrx_word' id='word_1_144' title='bbox 3485 1261 3541 1309; x_wconf 92' lang='lat' dir='ltr'><strong>et</strong></span> <span class='ocrx_word' id='word_1_145' title='bbox 3565 1253 3798 1324; x_wconf 89' lang='lat' dir='ltr'><strong>genitum,</strong></span> <span class='ocrx_word' id='word_1_146' title='bbox 3823 1258 3865 1305; x_wconf 89' lang='lat' dir='ltr'><strong>ut</strong></span> 
     </span>
    </p>
   </div>
   <div class='ocr_carea' id='block_1_13' title="bbox 685 1346 3865 1422">
    <p class='ocr_par' dir='ltr' id='par_1_13' title="bbox 685 1346 3865 1422">
     <span class='ocr_line' id='line_1_13' title="bbox 685 1346 3865 1422; baseline -0.002 -16"><span class='ocrx_word' id='word_1_147' title='bbox 685 1351 775 1406; x_wconf 86' lang='lat'><strong>97.</strong></span> <span class='ocrx_word' id='word_1_148' title='bbox 819 1349 932 1406; x_wconf 86' lang='lat' dir='ltr'><strong>Nec</strong></span> <span class='ocrx_word' id='word_1_149' title='bbox 983 1351 1342 1408; x_wconf 86' lang='lat' dir='ltr'><strong>dubitandum</strong></span> <span class='ocrx_word' id='word_1_150' title='bbox 1394 1352 1538 1422; x_wconf 90' lang='lat' dir='ltr'><strong>quod</strong></span> <span class='ocrx_word' id='word_1_151' title='bbox 1593 1351 1931 1422; x_wconf 66' lang='lat' dir='ltr'><strong>praeteritum</strong></span> <span class='ocrx_word' id='word_1_152' title='bbox 1994 1348 2210 1420; x_wconf 90' lang='lat' dir='ltr'><strong>posuit,</strong></span> <span class='ocrx_word' id='word_1_153' title='bbox 2315 1365 2416 1422; x_wconf 86' lang='lat' dir='ltr'><strong>ego</strong></span> <span class='ocrx_word' id='word_1_154' title='bbox 2457 1350 2718 1417; x_wconf 88' lang='lat' dir='ltr'><strong>arbitror,</strong></span> <span class='ocrx_word' id='word_1_155' title='bbox 2765 1365 2888 1405; x_wconf 91' lang='lat' dir='ltr'><strong>cum</strong></span> <span class='ocrx_word' id='word_1_156' title='bbox 2931 1350 3226 1420; x_wconf 86' lang='lat' dir='ltr'><strong>legerimus</strong></span> <span class='ocrx_word' id='word_1_157' title='bbox 3264 1348 3528 1417; x_wconf 82' lang='lat' dir='ltr'><strong>genitum,</strong></span> <span class='ocrx_word' id='word_1_158' title='bbox 3574 1361 3676 1403; x_wconf 92' lang='lat' dir='ltr'><strong>non</strong></span> <span class='ocrx_word' id='word_1_159' title='bbox 3721 1346 3865 1416; x_wconf 88' lang='lat' dir='ltr'><strong>utique</strong></span> 
     </span>
    </p>
   </div>
   <div class='ocr_carea' id='block_1_14' title="bbox 617 1439 3865 1515">
    <p class='ocr_par' dir='ltr' id='par_1_14' title="bbox 617 1439 3865 1515">
     <span class='ocr_line' id='line_1_14' title="bbox 617 1439 3865 1515; baseline -0.002 -16"><span class='ocrx_word' id='word_1_160' title='bbox 617 1443 763 1515; x_wconf 89' lang='lat' dir='ltr'><strong>quod</strong></span> <span class='ocrx_word' id='word_1_161' title='bbox 791 1453 910 1500; x_wconf 88' lang='lat' dir='ltr'><strong>erat</strong></span> <span class='ocrx_word' id='word_1_162' title='bbox 952 1443 1194 1500; x_wconf 77' lang='lat' dir='ltr'><strong>futurum</strong></span> <span class='ocrx_word' id='word_1_163' title='bbox 1221 1462 1234 1497; x_wconf 87' lang='lat'><strong>:</strong></span> <span class='ocrx_word' id='word_1_164' title='bbox 1268 1443 1384 1499; x_wconf 68' lang='lat' dir='ltr'><strong>haec</strong></span> <span class='ocrx_word' id='word_1_165' title='bbox 1411 1444 1556 1500; x_wconf 91' lang='lat' dir='ltr'><strong>enim</strong></span> <span class='ocrx_word' id='word_1_166' title='bbox 1585 1442 1924 1499; x_wconf 87' lang='lat' dir='ltr'><strong>consuetudo</strong></span> <span class='ocrx_word' id='word_1_167' title='bbox 1963 1450 2048 1498; x_wconf 91' lang='lat' dir='ltr'><strong>est</strong></span> <span class='ocrx_word' id='word_1_168' title='bbox 2093 1457 2216 1510; x_wconf 86' lang='lat' dir='ltr'><strong>pro-</strong></span> <span class='ocrx_word' id='word_1_169' title='bbox 2319 1445 2462 1502; x_wconf 91' lang='lat' dir='ltr'><strong>idem</strong></span> <span class='ocrx_word' id='word_1_170' title='bbox 2493 1453 2551 1500; x_wconf 93' lang='lat' dir='ltr'><strong>et</strong></span> <span class='ocrx_word' id='word_1_171' title='bbox 2575 1444 2817 1514; x_wconf 89' lang='lat' dir='ltr'><strong>genitum</strong></span> <span class='ocrx_word' id='word_1_172' title='bbox 2844 1443 3200 1514; x_wconf 88' lang='lat' dir='ltr'><strong>intelligimus</strong></span> <span class='ocrx_word' id='word_1_173' title='bbox 3225 1450 3280 1498; x_wconf 90' lang='lat' dir='ltr'><strong>et</strong></span> <span class='ocrx_word' id='word_1_174' title='bbox 3304 1451 3570 1498; x_wconf 88' lang='lat' dir='ltr'><strong>creatum.</strong></span> <span class='ocrx_word' id='word_1_175' title='bbox 3600 1441 3772 1497; x_wconf 85' lang='lat' dir='ltr'><strong>Dicant</strong></span> <span class='ocrx_word' id='word_1_176' title='bbox 3792 1439 3865 1508; x_wconf 83' lang='lat' dir='ltr'><strong>igi-</strong></span> 
     </span>
    </p>
   </div>
   <div class='ocr_carea' id='block_1_15' title="bbox 617 1531 3864 1612">
    <p class='ocr_par' dir='ltr' id='par_1_15' title="bbox 617 1531 3864 1612">
     <span class='ocr_line' id='line_1_15' title="bbox 617 1531 3864 1612; baseline 0.001 -22"><span class='ocrx_word' id='word_1_177' title='bbox 617 1535 834 1606; x_wconf 68' lang='lat' dir='ltr'><strong>phetiae,</strong></span> <span class='ocrx_word' id='word_1_178' title='bbox 872 1543 932 1588; x_wconf 92' lang='lat' dir='ltr'><strong>ut</strong></span> <span class='ocrx_word' id='word_1_179' title='bbox 958 1550 1079 1606; x_wconf 75' lang='lat' dir='ltr'><strong>qua:</strong></span> <span class='ocrx_word' id='word_1_180' title='bbox 1109 1535 1284 1589; x_wconf 83' lang='lat' dir='ltr'><strong>futura</strong></span> <span class='ocrx_word' id='word_1_181' title='bbox 1311 1544 1457 1601; x_wconf 91' lang='lat' dir='ltr'><strong>sunt,</strong></span> <span class='ocrx_word' id='word_1_182' title='bbox 1483 1535 1569 1590; x_wconf 91' lang='lat' dir='ltr'><strong>vel</strong></span> <span class='ocrx_word' id='word_1_183' title='bbox 1600 1535 1756 1602; x_wconf 90' lang='lat' dir='ltr'><strong>quasi</strong></span> <span class='ocrx_word' id='word_1_184' title='bbox 1788 1533 2097 1606; x_wconf 65' lang='lat' dir='ltr'><strong>praesentia,</strong></span> <span class='ocrx_word' id='word_1_185' title='bbox 2131 1531 2217 1588; x_wconf 92' lang='lat' dir='ltr'><strong>vel</strong></span> <span class='ocrx_word' id='word_1_186' title='bbox 2321 1550 2408 1596; x_wconf 81' lang='grc' dir='ltr'>ιιιι·</span> <span class='ocrx_word' id='word_1_187' title='bbox 2451 1547 2767 1612; x_wconf 70' lang='lat' dir='ltr'><strong>generatum</strong></span> <span class='ocrx_word' id='word_1_188' title='bbox 2808 1555 2873 1594; x_wconf 77' lang='lat' dir='ltr'><strong>ex</strong></span> <span class='ocrx_word' id='word_1_189' title='bbox 2906 1538 3068 1594; x_wconf 83' lang='lat' dir='ltr'><strong>Patre</strong></span> <span class='ocrx_word' id='word_1_190' title='bbox 3092 1579 3108 1604; x_wconf 93' lang='lat'><strong>,</strong></span> <span class='ocrx_word' id='word_1_191' title='bbox 3154 1552 3224 1593; x_wconf 81' lang='lat' dir='ltr'><strong>ex</strong></span> <span class='ocrx_word' id='word_1_192' title='bbox 3270 1535 3494 1608; x_wconf 81' lang='lat' dir='ltr'><strong>Virgine</strong></span> <span class='ocrx_word' id='word_1_193' title='bbox 3535 1543 3864 1606; x_wconf 79' lang='lat' dir='ltr'><strong>procrealum:</strong></span> 
     </span>
    </p>
   </div>
   <div class='ocr_carea' id='block_1_16' title="bbox 619 1625 3864 1704">
    <p class='ocr_par' dir='ltr' id='par_1_16' title="bbox 619 1625 3864 1704">
     <span class='ocr_line' id='line_1_16' title="bbox 619 1625 3864 1704; baseline -0.004 -15"><span class='ocrx_word' id='word_1_194' title='bbox 619 1626 774 1696; x_wconf 75' lang='lat' dir='ltr'><strong>quasi</strong></span> <span class='ocrx_word' id='word_1_195' title='bbox 803 1625 947 1680; x_wconf 69' lang='lat' dir='ltr'><strong>facta</strong></span> <span class='ocrx_word' id='word_1_196' title='bbox 978 1626 1248 1681; x_wconf 62' lang='lat' dir='ltr'><strong>dicantur.</strong></span> <span class='ocrx_word' id='word_1_197' title='bbox 1283 1626 1526 1696; x_wconf 79' lang='lat' dir='ltr'><strong>Denique</strong></span> <span class='ocrx_word' id='word_1_198' title='bbox 1557 1626 1613 1681; x_wconf 80' lang='lat' dir='ltr'><strong>in</strong></span> <span class='ocrx_word' id='word_1_199' title='bbox 1641 1628 1850 1697; x_wconf 83' lang='lat' dir='ltr'><strong>psalmo</strong></span> <span class='ocrx_word' id='word_1_200' title='bbox 1877 1643 1966 1680; x_wconf 75' lang='lat' dir='ltr'><strong>XXI</strong></span> <span class='ocrx_word' id='word_1_201' title='bbox 1997 1626 2172 1696; x_wconf 72' lang='lat' dir='ltr'><strong>legisti</strong></span> <span class='ocrx_word' id='word_1_202' title='bbox 2201 1643 2214 1680; x_wconf 76' lang='grc' dir='ltr'>ε</span> <span class='ocrx_word' id='word_1_203' title='bbox 2321 1641 2415 1688; x_wconf 88' lang='lat' dir='ltr'><strong>aut</strong></span> <span class='ocrx_word' id='word_1_204' title='bbox 2443 1632 2631 1688; x_wconf 82' lang='lat' dir='ltr'><strong>dicant</strong></span> <span class='ocrx_word' id='word_1_205' title='bbox 2653 1631 2929 1704; x_wconf 92' lang='lat' dir='ltr'><strong>quomodo</strong></span> <span class='ocrx_word' id='word_1_206' title='bbox 2962 1630 3056 1687; x_wconf 89' lang='lat' dir='ltr'><strong>Dei</strong></span> <span class='ocrx_word' id='word_1_207' title='bbox 3099 1629 3268 1685; x_wconf 88' lang='lat' dir='ltr'><strong>Filius</strong></span> <span class='ocrx_word' id='word_1_208' title='bbox 3290 1638 3347 1686; x_wconf 90' lang='lat' dir='ltr'><strong>et</strong></span> <span class='ocrx_word' id='word_1_209' title='bbox 3367 1630 3582 1700; x_wconf 87' lang='lat' dir='ltr'><strong>genitus</strong></span> <span class='ocrx_word' id='word_1_210' title='bbox 3601 1637 3652 1684; x_wconf 90' lang='lat' dir='ltr'><strong>et</strong></span> <span class='ocrx_word' id='word_1_211' title='bbox 3673 1635 3864 1683; x_wconf 85' lang='lat' dir='ltr'><strong>creatus.</strong></span> 
     </span>
    </p>
   </div>
   <div class='ocr_carea' id='block_1_17' title="bbox 619 1717 2203 1800">
    <p class='ocr_par' dir='ltr' id='par_1_17' title="bbox 619 1717 2202 1793">
     <span class='ocr_line' id='line_1_17' title="bbox 619 1717 2202 1793; baseline 0 -19"><span class='ocrx_word' id='word_1_212' title='bbox 619 1717 785 1774; x_wconf 81' lang='lat' dir='ltr'><strong>Tauri</strong></span> <span class='ocrx_word' id='word_1_213' title='bbox 811 1719 1032 1792; x_wconf 85' lang='lat' dir='ltr'><strong>pingues</strong></span> <span class='ocrx_word' id='word_1_214' title='bbox 1061 1719 1368 1774; x_wconf 88' lang='lat' dir='ltr'><strong>obsederunt</strong></span> <span class='ocrx_word' id='word_1_215' title='bbox 1401 1737 1479 1775; x_wconf 90' lang='lat' dir='ltr'><strong>me</strong></span> <span class='ocrx_word' id='word_1_216' title='bbox 1505 1719 1694 1793; x_wconf 90' lang='lat' dir='ltr'><strong>(Psal.</strong></span> <span class='ocrx_word' id='word_1_217' title='bbox 1724 1736 1836 1787; x_wconf 72' lang='lat' dir='ltr'><strong>XXI,</strong></span> <span class='ocrx_word' id='word_1_218' title='bbox 1872 1721 2004 1788; x_wconf 78' lang='lat' dir='ltr'><strong>l3);</strong></span> <span class='ocrx_word' id='word_1_219' title='bbox 2043 1719 2202 1790; x_wconf 84' lang='lat' dir='ltr'><strong>legist</strong></span> 
     </span>
    </p>
   </div>
   <div class='ocr_carea' id='block_1_18' title="bbox 2314 1717 3867 1800">
    <p class='ocr_par' dir='ltr' id='par_1_18' title="bbox 2325 1720 3867 1792">
     <span class='ocr_line' id='line_1_18' title="bbox 2325 1720 3867 1792; baseline -0.007 -9"><span class='ocrx_word' id='word_1_220' title='bbox 2325 1726 2443 1783; x_wconf 89' lang='lat' dir='ltr'><strong>Una</strong></span> <span class='ocrx_word' id='word_1_221' title='bbox 2475 1734 2664 1782; x_wconf 90' lang='lat' dir='ltr'><strong>natura</strong></span> <span class='ocrx_word' id='word_1_222' title='bbox 2688 1765 2706 1792; x_wconf 95' lang='lat'><strong>,</strong></span> <span class='ocrx_word' id='word_1_223' title='bbox 2750 1734 2804 1781; x_wconf 89' lang='lat' dir='ltr'><strong>et</strong></span> <span class='ocrx_word' id='word_1_224' title='bbox 2853 1724 3090 1780; x_wconf 85' lang='lat' dir='ltr'><strong>maxime</strong></span> <span class='ocrx_word' id='word_1_225' title='bbox 3125 1723 3269 1779; x_wconf 89' lang='lat' dir='ltr'><strong>Deus</strong></span> <span class='ocrx_word' id='word_1_226' title='bbox 3294 1720 3662 1778; x_wconf 81' lang='lat' dir='ltr'><strong>diversitatem</strong></span> <span class='ocrx_word' id='word_1_227' title='bbox 3688 1733 3780 1775; x_wconf 91' lang='lat' dir='ltr'><strong>non</strong></span> <span class='ocrx_word' id='word_1_228' title='bbox 3803 1731 3867 1773; x_wconf 58' lang='lat' dir='ltr'><strong>reo</strong></span> 
     </span>
    </p>
   </div>
   <div class='ocr_carea' id='block_1_19' title="bbox 617 1810 2476 1890">
    <p class='ocr_par' dir='ltr' id='par_1_19' title="bbox 617 1810 2476 1890">
     <span class='ocr_line' id='line_1_19' title="bbox 617 1810 2476 1890; baseline 0.003 -28"><span class='ocrx_word' id='word_1_229' title='bbox 617 1811 781 1867; x_wconf 88' lang='lat' dir='ltr'><strong>etiam</strong></span> <span class='ocrx_word' id='word_1_230' title='bbox 814 1827 828 1863; x_wconf 88' lang='lat'><strong>:</strong></span> <span class='ocrx_word' id='word_1_231' title='bbox 866 1810 1158 1866; x_wconf 84' lang='lat' dir='ltr'><strong>Diuiserunt</strong></span> <span class='ocrx_word' id='word_1_232' title='bbox 1184 1812 1282 1866; x_wconf 91' lang='lat' dir='ltr'><strong>sibi</strong></span> <span class='ocrx_word' id='word_1_233' title='bbox 1325 1813 1623 1866; x_wconf 85' lang='lat' dir='ltr'><strong>vestimenta</strong></span> <span class='ocrx_word' id='word_1_234' title='bbox 1671 1829 1783 1867; x_wconf 83' lang='lat' dir='ltr'><strong>utea</strong></span> <span class='ocrx_word' id='word_1_235' title='bbox 1820 1811 2027 1882; x_wconf 79' lang='lat' dir='ltr'><strong>(Ibid.,</strong></span> <span class='ocrx_word' id='word_1_236' title='bbox 2065 1811 2171 1883; x_wconf 84' lang='grc'><strong>19)</strong></span> <span class='ocrx_word' id='word_1_237' title='bbox 2205 1830 2217 1866; x_wconf 90' lang='lat'>:</span> <span class='ocrx_word' id='word_1_238' title='bbox 2325 1819 2476 1890; x_wconf 81' lang='lat' dir='ltr'><strong>cipit.</strong></span> 
     </span>
    </p>
   </div>
   <div class='ocr_carea' id='block_1_20' title="bbox 621 1900 3867 1976">
    <p class='ocr_par' dir='ltr' id='par_1_20' title="bbox 621 1900 3867 1976">
     <span class='ocr_line' id='line_1_20' title="bbox 621 1900 3867 1976; baseline -0.002 -16"><span class='ocrx_word' id='word_1_239' title='bbox 621 1903 766 1976; x_wconf 92' lang='lat' dir='ltr'><strong>quod</strong></span> <span class='ocrx_word' id='word_1_240' title='bbox 795 1904 1130 1976; x_wconf 88' lang='lat' dir='ltr'><strong>evangelista</strong></span> <span class='ocrx_word' id='word_1_241' title='bbox 1157 1905 1224 1962; x_wconf 89' lang='lat' dir='ltr'><strong>de</strong></span> <span class='ocrx_word' id='word_1_242' title='bbox 1263 1914 1511 1976; x_wconf 89' lang='lat' dir='ltr'><strong>tempore</strong></span> <span class='ocrx_word' id='word_1_243' title='bbox 1538 1905 1809 1976; x_wconf 86' lang='lat' dir='ltr'><strong>passionis</strong></span> <span class='ocrx_word' id='word_1_244' title='bbox 1840 1904 2220 1976; x_wconf 88' lang='lat' dir='ltr'><strong>prophetatum</strong></span> <span class='ocrx_word' id='word_1_245' title='bbox 2402 1909 2523 1966; x_wconf 81' lang='grc'>105.</span> <span class='ocrx_word' id='word_1_246' title='bbox 2565 1906 2725 1964; x_wconf 88' lang='lat' dir='ltr'><strong>Certe</strong></span> <span class='ocrx_word' id='word_1_247' title='bbox 2755 1908 2990 1963; x_wconf 81' lang='lat' dir='ltr'><strong>facessat</strong></span> <span class='ocrx_word' id='word_1_248' title='bbox 3018 1917 3207 1962; x_wconf 92' lang='lat' dir='ltr'><strong>nostra</strong></span> <span class='ocrx_word' id='word_1_249' title='bbox 3237 1904 3512 1962; x_wconf 88' lang='lat' dir='ltr'><strong>sententia</strong></span> <span class='ocrx_word' id='word_1_250' title='bbox 3539 1923 3552 1958; x_wconf 90' lang='lat'><strong>:</strong></span> <span class='ocrx_word' id='word_1_251' title='bbox 3581 1902 3782 1960; x_wconf 87' lang='lat' dir='ltr'><strong>Paulum</strong></span> <span class='ocrx_word' id='word_1_252' title='bbox 3807 1900 3867 1955; x_wconf 86' lang='lat' dir='ltr'><strong>in-</strong></span> 
     </span>
    </p>
   </div>
   <div class='ocr_carea' id='block_1_21' title="bbox 623 1993 3868 2073">
    <p class='ocr_par' dir='ltr' id='par_1_21' title="bbox 623 1993 3868 2073">
     <span class='ocr_line' id='line_1_21' title="bbox 623 1993 3868 2073; baseline -0.002 -22"><span class='ocrx_word' id='word_1_253' title='bbox 623 2010 745 2052; x_wconf 87' lang='lat' dir='ltr'><strong>esse</strong></span> <span class='ocrx_word' id='word_1_254' title='bbox 773 1996 1078 2068; x_wconf 72' lang='lat' dir='ltr'><strong>significat;</strong></span> <span class='ocrx_word' id='word_1_255' title='bbox 1112 1998 1222 2054; x_wconf 91' lang='lat' dir='ltr'><strong>Deo</strong></span> <span class='ocrx_word' id='word_1_256' title='bbox 1249 1998 1397 2053; x_wconf 90' lang='lat' dir='ltr'><strong>enim</strong></span> <span class='ocrx_word' id='word_1_257' title='bbox 1429 2013 1550 2069; x_wconf 74' lang='lat' dir='ltr'><strong>quae</strong></span> <span class='ocrx_word' id='word_1_258' title='bbox 1576 2008 1702 2053; x_wconf 91' lang='lat' dir='ltr'><strong>sunt</strong></span> <span class='ocrx_word' id='word_1_259' title='bbox 1747 1997 1950 2066; x_wconf 83' lang='lat' dir='ltr'><strong>futura,</strong></span> <span class='ocrx_word' id='word_1_260' title='bbox 1987 2013 2222 2068; x_wconf 85' lang='lat' dir='ltr'><strong>praesen-</strong></span> <span class='ocrx_word' id='word_1_261' title='bbox 2326 2011 2705 2073; x_wconf 87' lang='lat' dir='ltr'><strong>terrogemus,</strong></span> <span class='ocrx_word' id='word_1_262' title='bbox 2749 2001 2840 2071; x_wconf 90' lang='lat' dir='ltr'><strong>qui</strong></span> <span class='ocrx_word' id='word_1_263' title='bbox 2867 1998 3076 2070; x_wconf 90' lang='lat' dir='ltr'><strong>Spiritu</strong></span> <span class='ocrx_word' id='word_1_264' title='bbox 3110 1999 3205 2054; x_wconf 89' lang='lat' dir='ltr'><strong>Dei</strong></span> <span class='ocrx_word' id='word_1_265' title='bbox 3239 1999 3433 2068; x_wconf 91' lang='lat' dir='ltr'><strong>plenus</strong></span> <span class='ocrx_word' id='word_1_266' title='bbox 3479 1997 3575 2052; x_wconf 90' lang='lat' dir='ltr'><strong>has</strong></span> <span class='ocrx_word' id='word_1_267' title='bbox 3616 1993 3868 2067; x_wconf 66' lang='lat' dir='ltr'><strong>praevidens</strong></span> 
     </span>
    </p>
   </div>
   <div class='ocr_carea' id='block_1_22' title="bbox 623 2083 3867 2166">
    <p class='ocr_par' dir='ltr' id='par_1_22' title="bbox 623 2083 3867 2166">
     <span class='ocr_line' id='line_1_22' title="bbox 623 2083 3867 2166; baseline -0.002 -22"><span class='ocrx_word' id='word_1_268' title='bbox 623 2087 697 2144; x_wconf 89' lang='lat' dir='ltr'><strong>tia</strong></span> <span class='ocrx_word' id='word_1_269' title='bbox 725 2098 852 2144; x_wconf 89' lang='lat' dir='ltr'><strong>sunt</strong></span> <span class='ocrx_word' id='word_1_270' title='bbox 878 2105 891 2142; x_wconf 90' lang='lat'><strong>:</strong></span> <span class='ocrx_word' id='word_1_271' title='bbox 920 2097 977 2144; x_wconf 90' lang='lat' dir='ltr'><strong>et</strong></span> <span class='ocrx_word' id='word_1_272' title='bbox 1002 2091 1052 2145; x_wconf 87' lang='lat' dir='ltr'><strong>ei</strong></span> <span class='ocrx_word' id='word_1_273' title='bbox 1081 2091 1168 2146; x_wconf 92' lang='lat' dir='ltr'><strong>cui</strong></span> <span class='ocrx_word' id='word_1_274' title='bbox 1201 2091 1529 2162; x_wconf 66' lang='lat' dir='ltr'><strong>praecognita</strong></span> <span class='ocrx_word' id='word_1_275' title='bbox 1555 2098 1681 2146; x_wconf 90' lang='lat' dir='ltr'><strong>sunt</strong></span> <span class='ocrx_word' id='word_1_276' title='bbox 1707 2090 1913 2156; x_wconf 88' lang='lat' dir='ltr'><strong>omnia,</strong></span> <span class='ocrx_word' id='word_1_277' title='bbox 1943 2101 1964 2128; x_wconf 76' lang='grc' dir='ltr'>ε</span> <span class='ocrx_word' id='word_1_278' title='bbox 1995 2098 2220 2145; x_wconf 89' lang='lat' dir='ltr'><strong>ventura</strong></span> <span class='ocrx_word' id='word_1_279' title='bbox 2326 2093 2692 2166; x_wconf 75' lang='lat' dir='ltr'><strong>quaestiones,</strong></span> <span class='ocrx_word' id='word_1_280' title='bbox 2735 2091 3066 2162; x_wconf 86' lang='lat' dir='ltr'><strong>generaliter</strong></span> <span class='ocrx_word' id='word_1_281' title='bbox 3111 2097 3302 2146; x_wconf 87' lang='lat' dir='ltr'><strong>contra</strong></span> <span class='ocrx_word' id='word_1_282' title='bbox 3347 2097 3543 2160; x_wconf 89' lang='lat' dir='ltr'><strong>gentes</strong></span> <span class='ocrx_word' id='word_1_283' title='bbox 3567 2130 3582 2155; x_wconf 94' lang='lat'><strong>,</strong></span> <span class='ocrx_word' id='word_1_284' title='bbox 3613 2083 3867 2158; x_wconf 81' lang='lat' dir='ltr'><strong>specialiter</strong></span> 
     </span>
    </p>
   </div>
   <div class='ocr_carea' id='block_1_23' title="bbox 625 2180 2203 2254">
    <p class='ocr_par' dir='ltr' id='par_1_23' title="bbox 625 2180 2203 2254">
     <span class='ocr_line' id='line_1_23' title="bbox 625 2180 2203 2254; baseline -0.001 -18"><span class='ocrx_word' id='word_1_285' title='bbox 625 2195 723 2252; x_wconf 90' lang='lat' dir='ltr'><strong>pro</strong></span> <span class='ocrx_word' id='word_1_286' title='bbox 748 2180 906 2238; x_wconf 86' lang='lat' dir='ltr'><strong>factis</strong></span> <span class='ocrx_word' id='word_1_287' title='bbox 956 2190 1113 2249; x_wconf 90' lang='lat' dir='ltr'><strong>sunt,</strong></span> <span class='ocrx_word' id='word_1_288' title='bbox 1164 2181 1305 2238; x_wconf 90' lang='lat' dir='ltr'><strong>sicut</strong></span> <span class='ocrx_word' id='word_1_289' title='bbox 1347 2182 1606 2254; x_wconf 90' lang='lat' dir='ltr'><strong>scriptum</strong></span> <span class='ocrx_word' id='word_1_290' title='bbox 1655 2190 1776 2239; x_wconf 88' lang='lat' dir='ltr'><strong>est:</strong></span> <span class='ocrx_word' id='word_1_291' title='bbox 1810 2181 1910 2249; x_wconf 88' lang='lat' dir='ltr'><strong>Qui</strong></span> <span class='ocrx_word' id='word_1_292' title='bbox 1959 2182 2078 2252; x_wconf 79' lang='lat' dir='ltr'><strong>fecit</strong></span> <span class='ocrx_word' id='word_1_293' title='bbox 2108 2198 2203 2252; x_wconf 84' lang='lat' dir='ltr'><strong>qua</strong></span> 
     </span>
    </p>
   </div>
   <div class='ocr_carea' id='block_1_24' title="bbox 2314 2180 3865 2254">
    <p class='ocr_par' dir='ltr' id='par_1_24' title="bbox 2323 2180 3865 2252">
     <span class='ocr_line' id='line_1_24' title="bbox 2323 2180 3865 2252; baseline -0.006 -11"><span class='ocrx_word' id='word_1_294' title='bbox 2323 2194 2514 2242; x_wconf 86' lang='lat' dir='ltr'><strong>contra</strong></span> <span class='ocrx_word' id='word_1_295' title='bbox 2562 2185 2797 2240; x_wconf 86' lang='lat' dir='ltr'><strong>Arianos</strong></span> <span class='ocrx_word' id='word_1_296' title='bbox 2821 2184 3056 2250; x_wconf 89' lang='lat' dir='ltr'><strong>locutus,</strong></span> <span class='ocrx_word' id='word_1_297' title='bbox 3089 2183 3168 2238; x_wconf 91' lang='lat' dir='ltr'><strong>ait</strong></span> <span class='ocrx_word' id='word_1_298' title='bbox 3193 2181 3382 2238; x_wconf 89' lang='lat' dir='ltr'><strong>divino</strong></span> <span class='ocrx_word' id='word_1_299' title='bbox 3425 2180 3630 2252; x_wconf 87' lang='lat' dir='ltr'><strong>judicio</strong></span> <span class='ocrx_word' id='word_1_300' title='bbox 3668 2192 3751 2235; x_wconf 87' lang='lat' dir='ltr'><strong>eos</strong></span> <span class='ocrx_word' id='word_1_301' title='bbox 3774 2189 3865 2232; x_wconf 83' lang='lat' dir='ltr'><strong>esse</strong></span> 
     </span>
    </p>
   </div>
   <div class='ocr_carea' id='block_1_25' title="bbox 621 2271 2203 2351">
    <p class='ocr_par' dir='ltr' id='par_1_25' title="bbox 621 2274 1425 2348">
     <span class='ocr_line' id='line_1_25' title="bbox 621 2274 1425 2348; baseline 0.001 -19"><span class='ocrx_word' id='word_1_302' title='bbox 621 2283 834 2329; x_wconf 83' lang='lat' dir='ltr'><strong>ventura</strong></span> <span class='ocrx_word' id='word_1_303' title='bbox 861 2284 982 2330; x_wconf 87' lang='lat' dir='ltr'><strong>sunt</strong></span> <span class='ocrx_word' id='word_1_304' title='bbox 1012 2274 1197 2348; x_wconf 85' lang='lat' dir='ltr'><strong>(Esai.</strong></span> <span class='ocrx_word' id='word_1_305' title='bbox 1233 2291 1337 2332; x_wconf 75' lang='lat' dir='ltr'><strong>XLV</strong></span> <span class='ocrx_word' id='word_1_306' title='bbox 1360 2276 1425 2346; x_wconf 67' lang='grc' dir='ltr'><strong>).ἶ</strong></span> 
     </span>
    </p>
   </div>
   <div class='ocr_carea' id='block_1_26' title="bbox 2314 2271 3865 2351">
    <p class='ocr_par' dir='ltr' id='par_1_26' title="bbox 2321 2271 3865 2351">
     <span class='ocr_line' id='line_1_26' title="bbox 2321 2271 3865 2351; baseline -0.008 -14"><span class='ocrx_word' id='word_1_307' title='bbox 2321 2281 2635 2348; x_wconf 88' lang='lat' dir='ltr'><strong>damnatos,</strong></span> <span class='ocrx_word' id='word_1_308' title='bbox 2664 2281 2756 2351; x_wconf 89' lang='lat' dir='ltr'><strong>qui</strong></span> <span class='ocrx_word' id='word_1_309' title='bbox 2785 2281 3055 2336; x_wconf 82' lang='lat' dir='ltr'><strong>servirent</strong></span> <span class='ocrx_word' id='word_1_310' title='bbox 3081 2288 3350 2335; x_wconf 68' lang='lat' dir='ltr'><strong>creatura:</strong></span> <span class='ocrx_word' id='word_1_311' title='bbox 3369 2279 3549 2349; x_wconf 88' lang='lat' dir='ltr'><strong>potius</strong></span> <span class='ocrx_word' id='word_1_312' title='bbox 3576 2291 3720 2348; x_wconf 87' lang='lat' dir='ltr'><strong>quam</strong></span> <span class='ocrx_word' id='word_1_313' title='bbox 3738 2271 3865 2330; x_wconf 86' lang='lat' dir='ltr'><strong>Crea-</strong></span> 
     </span>
    </p>
   </div>
   <div class='ocr_carea' id='block_1_27' title="bbox 695 2364 3866 2445">
    <p class='ocr_par' dir='ltr' id='par_1_27' title="bbox 695 2364 3866 2445">
     <span class='ocr_line' id='line_1_27' title="bbox 695 2364 3866 2445; baseline -0.003 -19"><span class='ocrx_word' id='word_1_314' title='bbox 695 2370 788 2426; x_wconf 88' lang='lat'><strong>98.</strong></span> <span class='ocrx_word' id='word_1_315' title='bbox 831 2368 941 2426; x_wconf 85' lang='lat' dir='ltr'><strong>Nec</strong></span> <span class='ocrx_word' id='word_1_316' title='bbox 969 2370 1166 2427; x_wconf 91' lang='lat' dir='ltr'><strong>mirum</strong></span> <span class='ocrx_word' id='word_1_317' title='bbox 1196 2371 1242 2426; x_wconf 92' lang='lat' dir='ltr'><strong>si</strong></span> <span class='ocrx_word' id='word_1_318' title='bbox 1269 2380 1394 2427; x_wconf 82' lang='lat' dir='ltr'><strong>ante</strong></span> <span class='ocrx_word' id='word_1_319' title='bbox 1441 2371 1642 2427; x_wconf 66' lang='lat' dir='ltr'><strong>saecula</strong></span> <span class='ocrx_word' id='word_1_320' title='bbox 1689 2369 1968 2426; x_wconf 80' lang='lat' dir='ltr'><strong>fundatum</strong></span> <span class='ocrx_word' id='word_1_321' title='bbox 2005 2385 2065 2426; x_wconf 91' lang='lat' dir='ltr'><strong>se</strong></span> <span class='ocrx_word' id='word_1_322' title='bbox 2099 2384 2221 2426; x_wconf 91' lang='lat' dir='ltr'><strong>esse</strong></span> <span class='ocrx_word' id='word_1_323' title='bbox 2325 2375 2449 2430; x_wconf 93' lang='lat' dir='ltr'><strong>tori.</strong></span> <span class='ocrx_word' id='word_1_324' title='bbox 2483 2374 2725 2445; x_wconf 90' lang='lat' dir='ltr'><strong>Denique</strong></span> <span class='ocrx_word' id='word_1_325' title='bbox 2753 2373 2834 2429; x_wconf 91' lang='lat' dir='ltr'><strong>sic</strong></span> <span class='ocrx_word' id='word_1_326' title='bbox 2862 2372 3031 2429; x_wconf 89' lang='lat' dir='ltr'><strong>habes</strong></span> <span class='ocrx_word' id='word_1_327' title='bbox 3059 2389 3072 2427; x_wconf 90' lang='lat'>:</span> <span class='ocrx_word' id='word_1_328' title='bbox 3102 2370 3348 2426; x_wconf 81' lang='lat' dir='ltr'><strong>Tradidit</strong></span> <span class='ocrx_word' id='word_1_329' title='bbox 3373 2371 3494 2426; x_wconf 89' lang='lat' dir='ltr'><strong>illos</strong></span> <span class='ocrx_word' id='word_1_330' title='bbox 3526 2369 3659 2425; x_wconf 90' lang='lat' dir='ltr'><strong>Deus</strong></span> <span class='ocrx_word' id='word_1_331' title='bbox 3683 2369 3730 2422; x_wconf 89' lang='lat' dir='ltr'><strong>in</strong></span> <span class='ocrx_word' id='word_1_332' title='bbox 3763 2364 3866 2418; x_wconf 76' lang='lat' dir='ltr'><strong>desi-</strong></span> 
     </span>
    </p>
   </div>
   <div class='ocr_carea' id='block_1_28' title="bbox 619 2461 3862 2536">
    <p class='ocr_par' dir='ltr' id='par_1_28' title="bbox 619 2461 3862 2536">
     <span class='ocr_line' id='line_1_28' title="bbox 619 2461 3862 2536; baseline -0.002 -16"><span class='ocrx_word' id='word_1_333' title='bbox 619 2462 912 2530; x_wconf 88' lang='lat' dir='ltr'><strong>dicit,cum</strong></span> <span class='ocrx_word' id='word_1_334' title='bbox 939 2463 1135 2535; x_wconf 88' lang='lat' dir='ltr'><strong>legeris</strong></span> <span class='ocrx_word' id='word_1_335' title='bbox 1156 2463 1600 2535; x_wconf 62' lang='lat' dir='ltr'><strong>praedestinatum</strong></span> <span class='ocrx_word' id='word_1_336' title='bbox 1625 2473 1751 2519; x_wconf 88' lang='lat' dir='ltr'><strong>ante</strong></span> <span class='ocrx_word' id='word_1_337' title='bbox 1779 2473 2020 2535; x_wconf 85' lang='lat' dir='ltr'><strong>tempora</strong></span> <span class='ocrx_word' id='word_1_338' title='bbox 2045 2478 2220 2518; x_wconf 66' lang='lat' dir='ltr'><strong>saecu-</strong></span> <span class='ocrx_word' id='word_1_339' title='bbox 2323 2467 2468 2521; x_wconf 86' lang='lat' dir='ltr'><strong>deria</strong></span> <span class='ocrx_word' id='word_1_340' title='bbox 2495 2465 2664 2524; x_wconf 87' lang='lat' dir='ltr'><strong>cordis</strong></span> <span class='ocrx_word' id='word_1_341' title='bbox 2702 2465 2965 2536; x_wconf 88' lang='lat' dir='ltr'><strong>ipsorum,</strong></span> <span class='ocrx_word' id='word_1_342' title='bbox 3003 2473 3059 2518; x_wconf 90' lang='lat' dir='ltr'><strong>ut</strong></span> <span class='ocrx_word' id='word_1_343' title='bbox 3088 2463 3412 2518; x_wconf 76' lang='lat' dir='ltr'><strong>contumeliis</strong></span> <span class='ocrx_word' id='word_1_344' title='bbox 3441 2461 3658 2532; x_wconf 71' lang='lat' dir='ltr'><strong>afﬁciant</strong></span> <span class='ocrx_word' id='word_1_345' title='bbox 3691 2469 3862 2526; x_wconf 85' lang='lat' dir='ltr'><strong>corpora</strong></span> 
     </span>
    </p>
   </div>
   <div class='ocr_carea' id='block_1_29' title="bbox 620 2549 3861 2627">
    <p class='ocr_par' dir='ltr' id='par_1_29' title="bbox 620 2549 3861 2627">
     <span class='ocr_line' id='line_1_29' title="bbox 620 2549 3861 2627; baseline -0.004 -13"><span class='ocrx_word' id='word_1_346' title='bbox 620 2558 776 2614; x_wconf 85' lang='lat' dir='ltr'><strong>laria.</strong></span> <span class='ocrx_word' id='word_1_347' title='bbox 800 2558 974 2627; x_wconf 89' lang='lat' dir='ltr'><strong>Quam</strong></span> <span class='ocrx_word' id='word_1_348' title='bbox 1003 2572 1129 2614; x_wconf 90' lang='lat' dir='ltr'><strong>vere</strong></span> <span class='ocrx_word' id='word_1_349' title='bbox 1149 2558 1218 2614; x_wconf 91' lang='lat' dir='ltr'><strong>de</strong></span> <span class='ocrx_word' id='word_1_350' title='bbox 1241 2559 1616 2614; x_wconf 89' lang='lat' dir='ltr'><strong>incarnatione</strong></span> <span class='ocrx_word' id='word_1_351' title='bbox 1643 2558 1694 2612; x_wconf 92' lang='lat' dir='ltr'><strong>id</strong></span> <span class='ocrx_word' id='word_1_352' title='bbox 1725 2557 1970 2614; x_wconf 87' lang='lat' dir='ltr'><strong>videatur</strong></span> <span class='ocrx_word' id='word_1_353' title='bbox 1999 2572 2222 2627; x_wconf 77' lang='lat' dir='ltr'><strong>expres-</strong></span> <span class='ocrx_word' id='word_1_354' title='bbox 2322 2575 2417 2614; x_wconf 89' lang='lat' dir='ltr'><strong>sua</strong></span> <span class='ocrx_word' id='word_1_355' title='bbox 2462 2560 2596 2612; x_wconf 87' lang='lat' dir='ltr'><strong>inter</strong></span> <span class='ocrx_word' id='word_1_356' title='bbox 2649 2557 2950 2627; x_wconf 87' lang='lat' dir='ltr'><strong>semetipsos</strong></span> <span class='ocrx_word' id='word_1_357' title='bbox 2986 2571 3006 2610; x_wconf 88' lang='lat'><strong><em>:</em></strong></span> <span class='ocrx_word' id='word_1_358' title='bbox 3045 2556 3135 2626; x_wconf 87' lang='lat' dir='ltr'><strong>qui</strong></span> <span class='ocrx_word' id='word_1_359' title='bbox 3178 2562 3614 2610; x_wconf 87' lang='lat' dir='ltr'><strong>commutaverunt</strong></span> <span class='ocrx_word' id='word_1_360' title='bbox 3656 2549 3861 2605; x_wconf 68' lang='lat' dir='ltr'><strong>veritates</strong></span> 
     </span>
    </p>
   </div>
   <div class='ocr_carea' id='block_1_30' title="bbox 617 2648 3860 2720">
    <p class='ocr_par' dir='ltr' id='par_1_30' title="bbox 617 2648 3860 2720">
     <span class='ocr_line' id='line_1_30' title="bbox 617 2648 3860 2720; baseline -0.003 -15"><span class='ocrx_word' id='word_1_361' title='bbox 617 2664 774 2717; x_wconf 88' lang='lat' dir='ltr'><strong>sum,</strong></span> <span class='ocrx_word' id='word_1_362' title='bbox 811 2649 1091 2706; x_wconf 83' lang='lat' dir='ltr'><strong>declarant</strong></span> <span class='ocrx_word' id='word_1_363' title='bbox 1133 2652 1419 2720; x_wconf 88' lang='lat' dir='ltr'><strong>sequentia</strong></span> <span class='ocrx_word' id='word_1_364' title='bbox 1460 2668 1473 2704; x_wconf 87' lang='lat'><strong>:</strong></span> <span class='ocrx_word' id='word_1_365' title='bbox 1509 2649 1805 2720; x_wconf 84' lang='lat' dir='ltr'><strong>Sapientia,</strong></span> <span class='ocrx_word' id='word_1_366' title='bbox 1839 2648 2038 2719; x_wconf 89' lang='lat' dir='ltr'><strong>inquit,</strong></span> <span class='ocrx_word' id='word_1_367' title='bbox 2089 2648 2222 2702; x_wconf 71' lang='lat' dir='ltr'><strong>aztli-</strong></span> <span class='ocrx_word' id='word_1_368' title='bbox 2322 2651 2426 2707; x_wconf 91' lang='lat' dir='ltr'><strong>Dei</strong></span> <span class='ocrx_word' id='word_1_369' title='bbox 2452 2653 2508 2707; x_wconf 85' lang='lat' dir='ltr'><strong>in</strong></span> <span class='ocrx_word' id='word_1_370' title='bbox 2535 2651 2881 2717; x_wconf 81' lang='lat' dir='ltr'><strong>mendacium,</strong></span> <span class='ocrx_word' id='word_1_371' title='bbox 2911 2659 2961 2704; x_wconf 83' lang='lat' dir='ltr'><strong>et</strong></span> <span class='ocrx_word' id='word_1_372' title='bbox 2985 2650 3274 2716; x_wconf 88' lang='lat' dir='ltr'><strong>coluerunt,</strong></span> <span class='ocrx_word' id='word_1_373' title='bbox 3293 2659 3344 2704; x_wconf 87' lang='lat' dir='ltr'><strong>et</strong></span> <span class='ocrx_word' id='word_1_374' title='bbox 3372 2649 3644 2716; x_wconf 74' lang='lat' dir='ltr'><strong>servierunt</strong></span> <span class='ocrx_word' id='word_1_375' title='bbox 3663 2652 3860 2700; x_wconf 72' lang='lat' dir='ltr'><strong>creatura</strong></span> 
     </span>
    </p>
   </div>
   <div class='ocr_carea' id='block_1_31' title="bbox 619 2740 3857 2818">
    <p class='ocr_par' dir='ltr' id='par_1_31' title="bbox 619 2740 3857 2818">
     <span class='ocr_line' id='line_1_31' title="bbox 619 2740 3857 2818; baseline -0.002 -24"><span class='ocrx_word' id='word_1_376' title='bbox 619 2740 794 2808; x_wconf 77' lang='lat' dir='ltr'><strong>ﬁcavtt</strong></span> <span class='ocrx_word' id='word_1_377' title='bbox 840 2740 937 2794; x_wconf 89' lang='lat' dir='ltr'><strong>sibi</strong></span> <span class='ocrx_word' id='word_1_378' title='bbox 978 2742 1210 2806; x_wconf 86' lang='lat' dir='ltr'><strong>domum,</strong></span> <span class='ocrx_word' id='word_1_379' title='bbox 1260 2751 1309 2796; x_wconf 90' lang='lat' dir='ltr'><strong>et</strong></span> <span class='ocrx_word' id='word_1_380' title='bbox 1353 2741 1582 2796; x_wconf 86' lang='lat' dir='ltr'><strong>subdidit</strong></span> <span class='ocrx_word' id='word_1_381' title='bbox 1613 2741 1879 2794; x_wconf 85' lang='lat' dir='ltr'><strong>columnas</strong></span> <span class='ocrx_word' id='word_1_382' title='bbox 1928 2748 2142 2811; x_wconf 85' lang='lat' dir='ltr'><strong>septem,</strong></span> <span class='ocrx_word' id='word_1_383' title='bbox 2175 2751 2221 2794; x_wconf 91' lang='lat' dir='ltr'><strong>et</strong></span> <span class='ocrx_word' id='word_1_384' title='bbox 2324 2746 2496 2816; x_wconf 86' lang='lat' dir='ltr'><strong>potius</strong></span> <span class='ocrx_word' id='word_1_385' title='bbox 2527 2762 2680 2818; x_wconf 90' lang='lat' dir='ltr'><strong>quam</strong></span> <span class='ocrx_word' id='word_1_386' title='bbox 2717 2745 2970 2810; x_wconf 80' lang='lat' dir='ltr'><strong>Creatori,</strong></span> <span class='ocrx_word' id='word_1_387' title='bbox 2997 2745 3088 2815; x_wconf 86' lang='lat' dir='ltr'><strong>qui</strong></span> <span class='ocrx_word' id='word_1_388' title='bbox 3117 2754 3190 2799; x_wconf 88' lang='lat' dir='ltr'><strong>est</strong></span> <span class='ocrx_word' id='word_1_389' title='bbox 3221 2743 3365 2800; x_wconf 85' lang='lat' dir='ltr'><strong>Deus</strong></span> <span class='ocrx_word' id='word_1_390' title='bbox 3395 2745 3675 2801; x_wconf 82' lang='lat' dir='ltr'><strong>benedictus</strong></span> <span class='ocrx_word' id='word_1_391' title='bbox 3710 2740 3753 2793; x_wconf 88' lang='lat' dir='ltr'><strong>in</strong></span> <span class='ocrx_word' id='word_1_392' title='bbox 3785 2749 3857 2789; x_wconf 72' lang='lat' dir='ltr'><strong>str-</strong></span> 
     </span>
    </p>
   </div>
   <div class='ocr_carea' id='block_1_32' title="bbox 616 2831 3010 2910">
    <p class='ocr_par' dir='ltr' id='par_1_32' title="bbox 616 2831 3010 2910">
     <span class='ocr_line' id='line_1_32' title="bbox 616 2831 3010 2910; baseline 0.001 -25"><span class='ocrx_word' id='word_1_393' title='bbox 616 2831 877 2902; x_wconf 76' lang='lat' dir='ltr'><strong>interfecit</strong></span> <span class='ocrx_word' id='word_1_394' title='bbox 900 2843 1022 2887; x_wconf 86' lang='lat' dir='ltr'><strong>suas</strong></span> <span class='ocrx_word' id='word_1_395' title='bbox 1047 2833 1242 2888; x_wconf 84' lang='lat' dir='ltr'><strong>hostias</strong></span> <span class='ocrx_word' id='word_1_396' title='bbox 1267 2849 1286 2886; x_wconf 89' lang='lat'><strong><em>:</em></strong></span> <span class='ocrx_word' id='word_1_397' title='bbox 1313 2834 1518 2886; x_wconf 84' lang='lat' dir='ltr'><strong>miscuit</strong></span> <span class='ocrx_word' id='word_1_398' title='bbox 1541 2834 1593 2886; x_wconf 89' lang='lat' dir='ltr'><strong>in</strong></span> <span class='ocrx_word' id='word_1_399' title='bbox 1625 2842 1826 2886; x_wconf 88' lang='lat' dir='ltr'><strong>cratera</strong></span> <span class='ocrx_word' id='word_1_400' title='bbox 1845 2833 2021 2886; x_wconf 88' lang='lat' dir='ltr'><strong>vinum</strong></span> <span class='ocrx_word' id='word_1_401' title='bbox 2045 2849 2219 2899; x_wconf 86' lang='lat' dir='ltr'><strong>suum,</strong></span> <span class='ocrx_word' id='word_1_402' title='bbox 2322 2839 2439 2892; x_wconf 87' lang='lat' dir='ltr'><strong>cula</strong></span> <span class='ocrx_word' id='word_1_403' title='bbox 2469 2836 2660 2910; x_wconf 85' lang='lat' dir='ltr'><strong>(Rom.</strong></span> <span class='ocrx_word' id='word_1_404' title='bbox 2693 2853 2733 2901; x_wconf 88' lang='grc' dir='ltr'><strong>ι,</strong></span> <span class='ocrx_word' id='word_1_405' title='bbox 2759 2835 2852 2902; x_wconf 74' lang='grc'><strong>24,</strong></span> <span class='ocrx_word' id='word_1_406' title='bbox 2884 2833 3010 2906; x_wconf 76' lang='grc'><strong>25).</strong></span> 
     </span>
    </p>
   </div>
   <div class='ocr_carea' id='block_1_33' title="bbox 619 2919 3855 2998">
    <p class='ocr_par' dir='ltr' id='par_1_33' title="bbox 619 2919 3855 2998">
     <span class='ocr_line' id='line_1_33' title="bbox 619 2919 3855 2998; baseline -0.002 -21"><span class='ocrx_word' id='word_1_407' title='bbox 619 2931 669 2977; x_wconf 86' lang='lat' dir='ltr'><strong>et</strong></span> <span class='ocrx_word' id='word_1_408' title='bbox 701 2923 904 2993; x_wconf 88' lang='lat' dir='ltr'><strong>paravit</strong></span> <span class='ocrx_word' id='word_1_409' title='bbox 933 2939 1082 2976; x_wconf 91' lang='lat' dir='ltr'><strong>suam</strong></span> <span class='ocrx_word' id='word_1_410' title='bbox 1121 2938 1394 2988; x_wconf 89' lang='lat' dir='ltr'><strong>mensam;</strong></span> <span class='ocrx_word' id='word_1_411' title='bbox 1423 2932 1472 2977; x_wconf 91' lang='lat' dir='ltr'><strong>et</strong></span> <span class='ocrx_word' id='word_1_412' title='bbox 1499 2923 1638 2978; x_wconf 85' lang='lat' dir='ltr'><strong>misit</strong></span> <span class='ocrx_word' id='word_1_413' title='bbox 1659 2939 1781 2978; x_wconf 89' lang='lat' dir='ltr'><strong>suos</strong></span> <span class='ocrx_word' id='word_1_414' title='bbox 1811 2939 2002 2991; x_wconf 88' lang='lat' dir='ltr'><strong>servos,</strong></span> <span class='ocrx_word' id='word_1_415' title='bbox 2035 2939 2220 2979; x_wconf 89' lang='lat' dir='ltr'><strong>convo-</strong></span> <span class='ocrx_word' id='word_1_416' title='bbox 2396 2930 2520 2986; x_wconf 79' lang='grc'>104.</span> <span class='ocrx_word' id='word_1_417' title='bbox 2552 2929 2812 2985; x_wconf 87' lang='lat' dir='ltr'><strong>Prohibet</strong></span> <span class='ocrx_word' id='word_1_418' title='bbox 2837 2930 3019 2998; x_wconf 90' lang='lat' dir='ltr'><strong>itaque</strong></span> <span class='ocrx_word' id='word_1_419' title='bbox 3049 2942 3136 2983; x_wconf 90' lang='lat' dir='ltr'><strong>me</strong></span> <span class='ocrx_word' id='word_1_420' title='bbox 3165 2927 3366 2984; x_wconf 89' lang='lat' dir='ltr'><strong>Paulus</strong></span> <span class='ocrx_word' id='word_1_421' title='bbox 3398 2935 3655 2984; x_wconf 69' lang='lat' dir='ltr'><strong>creaturae</strong></span> <span class='ocrx_word' id='word_1_422' title='bbox 3680 2919 3855 2979; x_wconf 85' lang='lat' dir='ltr'><strong>servire,</strong></span> 
     </span>
    </p>
   </div>
   <div class='ocr_carea' id='block_1_34' title="bbox 616 3013 3858 3086">
    <p class='ocr_par' dir='ltr' id='par_1_34' title="bbox 616 3013 3858 3086">
     <span class='ocr_line' id='line_1_34' title="bbox 616 3013 3858 3086; baseline -0.002 -18"><span class='ocrx_word' id='word_1_423' title='bbox 616 3029 742 3068; x_wconf 87' lang='lat' dir='ltr'><strong>cans</strong></span> <span class='ocrx_word' id='word_1_424' title='bbox 769 3029 883 3068; x_wconf 86' lang='lat' dir='ltr'><strong>cum</strong></span> <span class='ocrx_word' id='word_1_425' title='bbox 905 3014 1160 3070; x_wconf 88' lang='lat' dir='ltr'><strong>altissima</strong></span> <span class='ocrx_word' id='word_1_426' title='bbox 1183 3016 1575 3086; x_wconf 61' lang='lat' dir='ltr'><strong>praedicatione,</strong></span> <span class='ocrx_word' id='word_1_427' title='bbox 1607 3016 1783 3071; x_wconf 86' lang='lat' dir='ltr'><strong>dicens</strong></span> <span class='ocrx_word' id='word_1_428' title='bbox 1809 3031 1828 3070; x_wconf 88' lang='lat'><strong><em>:</em></strong></span> <span class='ocrx_word' id='word_1_429' title='bbox 1850 3013 1876 3052; x_wconf 71' lang='grc' dir='ltr'><em>δ</em></span> <span class='ocrx_word' id='word_1_430' title='bbox 1913 3016 2014 3084; x_wconf 86' lang='lat' dir='ltr'><strong>Qui</strong></span> <span class='ocrx_word' id='word_1_431' title='bbox 2039 3027 2111 3072; x_wconf 90' lang='lat' dir='ltr'><strong>est</strong></span> <span class='ocrx_word' id='word_1_432' title='bbox 2138 3017 2219 3070; x_wconf 83' lang='lat' dir='ltr'><strong>in-</strong></span> <span class='ocrx_word' id='word_1_433' title='bbox 2320 3032 2376 3078; x_wconf 85' lang='lat' dir='ltr'><strong>ct</strong></span> <span class='ocrx_word' id='word_1_434' title='bbox 2403 3021 2628 3077; x_wconf 83' lang='lat' dir='ltr'><strong>Christo</strong></span> <span class='ocrx_word' id='word_1_435' title='bbox 2657 3019 2918 3076; x_wconf 86' lang='lat' dir='ltr'><strong>admonet</strong></span> <span class='ocrx_word' id='word_1_436' title='bbox 2954 3018 3330 3075; x_wconf 88' lang='lat' dir='ltr'><strong>serviendum.</strong></span> <span class='ocrx_word' id='word_1_437' title='bbox 3367 3017 3487 3074; x_wconf 82' lang='lat' dir='ltr'><strong>Non</strong></span> <span class='ocrx_word' id='word_1_438' title='bbox 3514 3031 3636 3086; x_wconf 81' lang='lat' dir='ltr'><strong>ergo</strong></span> <span class='ocrx_word' id='word_1_439' title='bbox 3660 3019 3858 3069; x_wconf 83' lang='lat' dir='ltr'><strong>creatura</strong></span> 
     </span>
    </p>
   </div>
   <div class='ocr_carea' id='block_1_35' title="bbox 616 3099 3856 3186">
    <p class='ocr_par' dir='ltr' id='par_1_35' title="bbox 616 3099 3856 3186">
     <span class='ocr_line' id='line_1_35' title="bbox 616 3099 3856 3186; baseline -0.003 -24"><span class='ocrx_word' id='word_1_440' title='bbox 616 3106 814 3174; x_wconf 83' lang='lat' dir='ltr'><strong>sipiens</strong></span> <span class='ocrx_word' id='word_1_441' title='bbox 861 3106 1079 3162; x_wconf 83' lang='lat' dir='ltr'><strong>declinet</strong></span> <span class='ocrx_word' id='word_1_442' title='bbox 1124 3107 1194 3161; x_wconf 89' lang='lat' dir='ltr'><strong>ad</strong></span> <span class='ocrx_word' id='word_1_443' title='bbox 1233 3124 1312 3162; x_wconf 91' lang='lat' dir='ltr'><strong>me</strong></span> <span class='ocrx_word' id='word_1_444' title='bbox 1357 3107 1544 3180; x_wconf 88' lang='lat' dir='ltr'><strong>(Prov.</strong></span> <span class='ocrx_word' id='word_1_445' title='bbox 1577 3125 1652 3174; x_wconf 81' lang='lat' dir='ltr'><strong>rx,</strong></span> <span class='ocrx_word' id='word_1_446' title='bbox 1699 3109 1724 3163; x_wconf 83' lang='grc'><strong>1</strong></span> <span class='ocrx_word' id='word_1_447' title='bbox 1758 3119 1806 3164; x_wconf 91' lang='lat' dir='ltr'><strong>el</strong></span> <span class='ocrx_word' id='word_1_448' title='bbox 1835 3108 1990 3180; x_wconf 86' lang='lat' dir='ltr'><strong>seq.).</strong></span> <span class='ocrx_word' id='word_1_449' title='bbox 2023 3108 2216 3166; x_wconf 86' lang='lat' dir='ltr'><strong>Nonne</strong></span> <span class='ocrx_word' id='word_1_450' title='bbox 2243 3121 2289 3186; x_wconf 71' lang='grc' dir='ltr'>ο</span> <span class='ocrx_word' id='word_1_451' title='bbox 2321 3112 2595 3169; x_wconf 87' lang='lat' dir='ltr'><strong>Christus.</strong></span> <span class='ocrx_word' id='word_1_452' title='bbox 2629 3110 2856 3179; x_wconf 81' lang='lat' dir='ltr'><strong>Paulus,</strong></span> <span class='ocrx_word' id='word_1_453' title='bbox 2901 3111 3098 3181; x_wconf 87' lang='lat' dir='ltr'><strong>inquit,</strong></span> <span class='ocrx_word' id='word_1_454' title='bbox 3129 3125 3306 3165; x_wconf 80' lang='lat' dir='ltr'><strong>servus</strong></span> <span class='ocrx_word' id='word_1_455' title='bbox 3334 3109 3468 3164; x_wconf 80' lang='lat' dir='ltr'><strong>Jesu</strong></span> <span class='ocrx_word' id='word_1_456' title='bbox 3505 3106 3684 3165; x_wconf 82' lang='lat' dir='ltr'><strong>Christi</strong></span> <span class='ocrx_word' id='word_1_457' title='bbox 3707 3099 3856 3175; x_wconf 63' lang='lat' dir='ltr'><strong>(Ibid,</strong></span> 
     </span>
    </p>
   </div>
   <div class='ocr_carea' id='block_1_36' title="bbox 616 3196 3860 3277">
    <p class='ocr_par' dir='ltr' id='par_1_36' title="bbox 616 3196 3860 3277">
     <span class='ocr_line' id='line_1_36' title="bbox 616 3196 3860 3277; baseline -0.001 -23"><span class='ocrx_word' id='word_1_458' title='bbox 616 3198 672 3254; x_wconf 92' lang='lat' dir='ltr'><strong>in</strong></span> <span class='ocrx_word' id='word_1_459' title='bbox 719 3197 1014 3269; x_wconf 85' lang='lat' dir='ltr'><strong>Evangelio</strong></span> <span class='ocrx_word' id='word_1_460' title='bbox 1061 3207 1184 3270; x_wconf 89' lang='lat' dir='ltr'><strong>post</strong></span> <span class='ocrx_word' id='word_1_461' title='bbox 1228 3199 1658 3256; x_wconf 89' lang='lat' dir='ltr'><strong>incarnationem</strong></span> <span class='ocrx_word' id='word_1_462' title='bbox 1710 3200 1826 3256; x_wconf 62' lang='lat' dir='ltr'><strong>haec</strong></span> <span class='ocrx_word' id='word_1_463' title='bbox 1854 3201 2032 3256; x_wconf 91' lang='lat' dir='ltr'><strong>omnia</strong></span> <span class='ocrx_word' id='word_1_464' title='bbox 2065 3201 2212 3257; x_wconf 85' lang='lat' dir='ltr'><strong>vide-</strong></span> <span class='ocrx_word' id='word_1_465' title='bbox 2323 3205 2416 3277; x_wconf 93' lang='grc'>1).</span> <span class='ocrx_word' id='word_1_466' title='bbox 2450 3205 2521 3262; x_wconf 82' lang='grc' dir='ltr'><strong>Ει</strong></span> <span class='ocrx_word' id='word_1_467' title='bbox 2549 3207 2723 3263; x_wconf 89' lang='lat' dir='ltr'><strong>bonus</strong></span> <span class='ocrx_word' id='word_1_468' title='bbox 2752 3219 2943 3261; x_wconf 90' lang='lat' dir='ltr'><strong>servus</strong></span> <span class='ocrx_word' id='word_1_469' title='bbox 2965 3205 3058 3275; x_wconf 89' lang='lat' dir='ltr'><strong>qui</strong></span> <span class='ocrx_word' id='word_1_470' title='bbox 3091 3204 3382 3259; x_wconf 90' lang='lat' dir='ltr'><strong>Dominum</strong></span> <span class='ocrx_word' id='word_1_471' title='bbox 3413 3199 3750 3274; x_wconf 88' lang='lat' dir='ltr'><strong>recognoscit,</strong></span> <span class='ocrx_word' id='word_1_472' title='bbox 3773 3196 3860 3264; x_wconf 77' lang='lat' dir='ltr'><strong>ipse</strong></span> 
     </span>
    </p>
   </div>
   <div class='ocr_carea' id='block_1_37' title="bbox 620 3292 3857 3370">
    <p class='ocr_par' dir='ltr' id='par_1_37' title="bbox 620 3292 3857 3370">
     <span class='ocr_line' id='line_1_37' title="bbox 620 3292 3857 3370; baseline 0 -23"><span class='ocrx_word' id='word_1_473' title='bbox 620 3307 742 3348; x_wconf 89' lang='lat' dir='ltr'><strong>mus</strong></span> <span class='ocrx_word' id='word_1_474' title='bbox 788 3306 910 3348; x_wconf 90' lang='lat' dir='ltr'><strong>esse</strong></span> <span class='ocrx_word' id='word_1_475' title='bbox 935 3292 1231 3364; x_wconf 90' lang='lat' dir='ltr'><strong>completa,</strong></span> <span class='ocrx_word' id='word_1_476' title='bbox 1276 3293 1420 3365; x_wconf 91' lang='lat' dir='ltr'><strong>quod</strong></span> <span class='ocrx_word' id='word_1_477' title='bbox 1452 3295 1593 3350; x_wconf 90' lang='lat' dir='ltr'><strong>sacri</strong></span> <span class='ocrx_word' id='word_1_478' title='bbox 1641 3295 1874 3351; x_wconf 82' lang='lat' dir='ltr'><strong>convivii</strong></span> <span class='ocrx_word' id='word_1_479' title='bbox 1915 3295 2218 3352; x_wconf 86' lang='lat' dir='ltr'><strong>celebravit</strong></span> <span class='ocrx_word' id='word_1_480' title='bbox 2319 3311 2585 3357; x_wconf 71' lang='lat' dir='ltr'><strong>creatura:</strong></span> <span class='ocrx_word' id='word_1_481' title='bbox 2612 3299 2825 3356; x_wconf 89' lang='lat' dir='ltr'><strong>servire</strong></span> <span class='ocrx_word' id='word_1_482' title='bbox 2862 3313 2961 3354; x_wconf 93' lang='lat' dir='ltr'><strong>nos</strong></span> <span class='ocrx_word' id='word_1_483' title='bbox 2987 3293 3741 3370; x_wconf 87' lang='lat' dir='ltr'><strong>prohibet:quemadmodum</strong></span> <span class='ocrx_word' id='word_1_484' title='bbox 3761 3299 3857 3356; x_wconf 73' lang='lat' dir='ltr'><strong>ergo</strong></span> 
     </span>
    </p>
   </div>
   <div class='ocr_carea' id='block_1_38' title="bbox 613 3384 3857 3462">
    <p class='ocr_par' dir='ltr' id='par_1_38' title="bbox 613 3384 3857 3462">
     <span class='ocr_line' id='line_1_38' title="bbox 613 3384 3857 3462; baseline -0.003 -22"><span class='ocrx_word' id='word_1_485' title='bbox 613 3384 896 3456; x_wconf 87' lang='lat' dir='ltr'><strong>mysteria,</strong></span> <span class='ocrx_word' id='word_1_486' title='bbox 925 3384 1069 3456; x_wconf 89' lang='lat' dir='ltr'><strong>quod</strong></span> <span class='ocrx_word' id='word_1_487' title='bbox 1115 3385 1392 3456; x_wconf 87' lang='lat' dir='ltr'><strong>apostolos</strong></span> <span class='ocrx_word' id='word_1_488' title='bbox 1423 3385 1590 3453; x_wconf 90' lang='lat' dir='ltr'><strong>misit,</strong></span> <span class='ocrx_word' id='word_1_489' title='bbox 1633 3401 1768 3444; x_wconf 89' lang='lat' dir='ltr'><strong>voce</strong></span> <span class='ocrx_word' id='word_1_490' title='bbox 1793 3403 1988 3458; x_wconf 88' lang='lat' dir='ltr'><strong>magna</strong></span> <span class='ocrx_word' id='word_1_491' title='bbox 2018 3389 2218 3442; x_wconf 81' lang='lat' dir='ltr'><strong>clatna-</strong></span> <span class='ocrx_word' id='word_1_492' title='bbox 2318 3392 2538 3448; x_wconf 80' lang='lat' dir='ltr'><strong>Christo</strong></span> <span class='ocrx_word' id='word_1_493' title='bbox 2569 3392 2686 3462; x_wconf 80' lang='lat' dir='ltr'><strong>ipse</strong></span> <span class='ocrx_word' id='word_1_494' title='bbox 2719 3391 2972 3458; x_wconf 63' lang='lat' dir='ltr'><strong>serviret,</strong></span> <span class='ocrx_word' id='word_1_495' title='bbox 3023 3390 3069 3446; x_wconf 74' lang='lat' dir='ltr'><strong>si</strong></span> <span class='ocrx_word' id='word_1_496' title='bbox 3112 3400 3424 3447; x_wconf 62' lang='lat' dir='ltr'><strong>creaturam</strong></span> <span class='ocrx_word' id='word_1_497' title='bbox 3455 3389 3716 3445; x_wconf 64' lang='lat' dir='ltr'><strong>Christum</strong></span> <span class='ocrx_word' id='word_1_498' title='bbox 3739 3385 3857 3452; x_wconf 81' lang='lat' dir='ltr'><strong>puta-</strong></span> 
     </span>
    </p>
   </div>
   <div class='ocr_carea' id='block_1_39' title="bbox 615 3477 3855 3554">
    <p class='ocr_par' dir='ltr' id='par_1_39' title="bbox 615 3477 3855 3554">
     <span class='ocr_line' id='line_1_39' title="bbox 615 3477 3855 3554; baseline -0.002 -21"><span class='ocrx_word' id='word_1_499' title='bbox 615 3479 694 3534; x_wconf 88' lang='lat' dir='ltr'><strong>vit</strong></span> <span class='ocrx_word' id='word_1_500' title='bbox 727 3477 950 3536; x_wconf 88' lang='lat' dir='ltr'><strong>dicens:</strong></span> <span class='ocrx_word' id='word_1_501' title='bbox 985 3478 1046 3536; x_wconf 89' lang='lat' dir='ltr'><strong>Si</strong></span> <span class='ocrx_word' id='word_1_502' title='bbox 1071 3481 1186 3551; x_wconf 84' lang='lat' dir='ltr'><strong>quis</strong></span> <span class='ocrx_word' id='word_1_503' title='bbox 1204 3480 1335 3548; x_wconf 86' lang='lat' dir='ltr'><strong>sitit,</strong></span> <span class='ocrx_word' id='word_1_504' title='bbox 1365 3481 1532 3535; x_wconf 86' lang='lat' dir='ltr'><strong>veniat</strong></span> <span class='ocrx_word' id='word_1_505' title='bbox 1561 3482 1630 3535; x_wconf 91' lang='lat' dir='ltr'><strong>ad</strong></span> <span class='ocrx_word' id='word_1_506' title='bbox 1655 3498 1754 3551; x_wconf 86' lang='lat' dir='ltr'><strong>me,</strong></span> <span class='ocrx_word' id='word_1_507' title='bbox 1787 3492 1834 3537; x_wconf 94' lang='lat' dir='ltr'><strong>et</strong></span> <span class='ocrx_word' id='word_1_508' title='bbox 1864 3483 2001 3536; x_wconf 87' lang='lat' dir='ltr'><strong>bibat</strong></span> <span class='ocrx_word' id='word_1_509' title='bbox 2029 3482 2212 3554; x_wconf 82' lang='lat' dir='ltr'><strong>(Joan.</strong></span> <span class='ocrx_word' id='word_1_510' title='bbox 2320 3484 2443 3539; x_wconf 88' lang='lat' dir='ltr'><strong>ret?</strong></span> <span class='ocrx_word' id='word_1_511' title='bbox 2485 3483 2592 3538; x_wconf 83' lang='lat' dir='ltr'><strong>Aut</strong></span> <span class='ocrx_word' id='word_1_512' title='bbox 2651 3483 2812 3554; x_wconf 89' lang='lat' dir='ltr'><strong>igitur</strong></span> <span class='ocrx_word' id='word_1_513' title='bbox 2867 3482 3120 3538; x_wconf 91' lang='lat' dir='ltr'><strong>desinant</strong></span> <span class='ocrx_word' id='word_1_514' title='bbox 3154 3483 3338 3538; x_wconf 90' lang='lat' dir='ltr'><strong>colere</strong></span> <span class='ocrx_word' id='word_1_515' title='bbox 3389 3497 3553 3553; x_wconf 88' lang='lat' dir='ltr'><strong>quem</strong></span> <span class='ocrx_word' id='word_1_516' title='bbox 3603 3483 3855 3534; x_wconf 83' lang='lat' dir='ltr'><strong>creaturam</strong></span> 
     </span>
    </p>
   </div>
   <div class='ocr_carea' id='block_1_40' title="bbox 615 3561 3856 3648">
    <p class='ocr_par' dir='ltr' id='par_1_40' title="bbox 615 3561 3856 3648">
     <span class='ocr_line' id='line_1_40' title="bbox 615 3561 3856 3648; baseline -0.003 -22"><span class='ocrx_word' id='word_1_517' title='bbox 615 3585 711 3639; x_wconf 87' lang='lat' dir='ltr'><strong>vn,</strong></span> <span class='ocrx_word' id='word_1_518' title='bbox 742 3571 889 3643; x_wconf 76' lang='lat'><strong>37)?</strong></span> <span class='ocrx_word' id='word_1_519' title='bbox 935 3571 1080 3644; x_wconf 88' lang='lat' dir='ltr'><strong>Ergo</strong></span> <span class='ocrx_word' id='word_1_520' title='bbox 1121 3574 1404 3644; x_wconf 87' lang='lat' dir='ltr'><strong>sequentia</strong></span> <span class='ocrx_word' id='word_1_521' title='bbox 1436 3574 1767 3645; x_wconf 89' lang='lat' dir='ltr'><strong>respondent</strong></span> <span class='ocrx_word' id='word_1_522' title='bbox 1815 3577 2089 3646; x_wconf 87' lang='lat' dir='ltr'><strong>prioribus</strong></span> <span class='ocrx_word' id='word_1_523' title='bbox 2109 3619 2123 3644; x_wconf 98' lang='lat'><strong>,</strong></span> <span class='ocrx_word' id='word_1_524' title='bbox 2162 3587 2218 3633; x_wconf 91' lang='lat' dir='ltr'><strong>et</strong></span> <span class='ocrx_word' id='word_1_525' title='bbox 2321 3576 2629 3648; x_wconf 89' lang='lat' dir='ltr'><strong>appellant,</strong></span> <span class='ocrx_word' id='word_1_526' title='bbox 2653 3585 2748 3632; x_wconf 88' lang='lat' dir='ltr'><strong>aut</strong></span> <span class='ocrx_word' id='word_1_527' title='bbox 2775 3576 3029 3632; x_wconf 86' lang='lat' dir='ltr'><strong>desinant</strong></span> <span class='ocrx_word' id='word_1_528' title='bbox 3050 3590 3213 3648; x_wconf 90' lang='lat' dir='ltr'><strong>quem</strong></span> <span class='ocrx_word' id='word_1_529' title='bbox 3240 3573 3430 3632; x_wconf 89' lang='lat' dir='ltr'><strong>colere</strong></span> <span class='ocrx_word' id='word_1_530' title='bbox 3454 3589 3514 3631; x_wconf 90' lang='lat' dir='ltr'><strong>se</strong></span> <span class='ocrx_word' id='word_1_531' title='bbox 3532 3561 3856 3632; x_wconf 82' lang='lat' dir='ltr'><strong>simulsnt,di-</strong></span> 
     </span>
    </p>
   </div>
   <div class='ocr_carea' id='block_1_41' title="bbox 612 3656 3854 3740">
    <p class='ocr_par' dir='ltr' id='par_1_41' title="bbox 612 3656 3854 3740">
     <span class='ocr_line' id='line_1_41' title="bbox 612 3656 3854 3740; baseline -0.003 -20"><span class='ocrx_word' id='word_1_532' title='bbox 612 3664 780 3720; x_wconf 88' lang='lat' dir='ltr'><strong>totius</strong></span> <span class='ocrx_word' id='word_1_533' title='bbox 806 3679 1026 3721; x_wconf 83' lang='lat' dir='ltr'><strong>cursum</strong></span> <span class='ocrx_word' id='word_1_534' title='bbox 1056 3666 1470 3736; x_wconf 30' lang='lat' dir='ltr'><strong>(incarnationis</strong></span> <span class='ocrx_word' id='word_1_535' title='bbox 1499 3666 1745 3723; x_wconf 90' lang='lat' dir='ltr'><strong>videmus</strong></span> <span class='ocrx_word' id='word_1_536' title='bbox 1789 3668 2094 3738; x_wconf 73' lang='lat' dir='ltr'><strong>prophetia:</strong></span> <span class='ocrx_word' id='word_1_537' title='bbox 2121 3683 2216 3726; x_wconf 83' lang='lat' dir='ltr'><strong>ex-</strong></span> <span class='ocrx_word' id='word_1_538' title='bbox 2319 3685 2447 3728; x_wconf 91' lang='lat' dir='ltr'><strong>cere</strong></span> <span class='ocrx_word' id='word_1_539' title='bbox 2469 3680 2808 3736; x_wconf 88' lang='lat' dir='ltr'><strong>creaturam;</strong></span> <span class='ocrx_word' id='word_1_540' title='bbox 2837 3684 2905 3725; x_wconf 93' lang='lat' dir='ltr'><strong>ne</strong></span> <span class='ocrx_word' id='word_1_541' title='bbox 2929 3669 3030 3725; x_wconf 85' lang='lat' dir='ltr'><strong>sub</strong></span> <span class='ocrx_word' id='word_1_542' title='bbox 3054 3669 3425 3740; x_wconf 88' lang='lat' dir='ltr'><strong>appellatione</strong></span> <span class='ocrx_word' id='word_1_543' title='bbox 3453 3667 3705 3724; x_wconf 88' lang='lat' dir='ltr'><strong>cultorum</strong></span> <span class='ocrx_word' id='word_1_544' title='bbox 3724 3656 3854 3716; x_wconf 85' lang='lat' dir='ltr'><strong>sacri-</strong></span> 
     </span>
    </p>
   </div>
   <div class='ocr_carea' id='block_1_42' title="bbox 613 3752 3856 3836">
    <p class='ocr_par' dir='ltr' id='par_1_42' title="bbox 613 3752 3856 3836">
     <span class='ocr_line' id='line_1_42' title="bbox 613 3752 3856 3836; baseline -0.004 -22"><span class='ocrx_word' id='word_1_545' title='bbox 613 3758 886 3828; x_wconf 89' lang='lat' dir='ltr'><strong>positione</strong></span> <span class='ocrx_word' id='word_1_546' title='bbox 911 3757 1206 3830; x_wconf 87' lang='lat' dir='ltr'><strong>digestum.</strong></span> <span class='ocrx_word' id='word_1_547' title='bbox 2318 3765 2456 3836; x_wconf 87' lang='lat' dir='ltr'><strong>legia</strong></span> <span class='ocrx_word' id='word_1_548' title='bbox 2479 3763 2724 3836; x_wconf 89' lang='lat' dir='ltr'><strong>graviora</strong></span> <span class='ocrx_word' id='word_1_549' title='bbox 2743 3763 3103 3820; x_wconf 87' lang='lat' dir='ltr'><strong>committant.</strong></span> <span class='ocrx_word' id='word_1_550' title='bbox 3130 3761 3516 3818; x_wconf 86' lang='lat' dir='ltr'><strong>Detestabilior</strong></span> <span class='ocrx_word' id='word_1_551' title='bbox 3545 3759 3678 3816; x_wconf 91' lang='lat' dir='ltr'><strong>enim</strong></span> <span class='ocrx_word' id='word_1_552' title='bbox 3709 3752 3856 3809; x_wconf 84' lang='lat' dir='ltr'><strong>dome-</strong></span> 
     </span>
    </p>
   </div>
   <div class='ocr_carea' id='block_1_43' title="bbox 605 3846 3856 3932">
    <p class='ocr_par' dir='ltr' id='par_1_43' title="bbox 605 3846 3856 3932">
     <span class='ocr_line' id='line_1_43' title="bbox 605 3846 3856 3932; baseline -0.004 -24"><span class='ocrx_word' id='word_1_553' title='bbox 605 3929 608 3932; x_wconf 8' lang='grc' dir='ltr'><strong><em>ἢ</em></strong></span> <span class='ocrx_word' id='word_1_554' title='bbox 693 3849 785 3908; x_wconf 80' lang='lat'><strong>99.</strong></span> <span class='ocrx_word' id='word_1_555' title='bbox 816 3852 981 3909; x_wconf 82' lang='lat' dir='ltr'><strong>Multa</strong></span> <span class='ocrx_word' id='word_1_556' title='bbox 1007 3853 1111 3908; x_wconf 91' lang='lat' dir='ltr'><strong>alia</strong></span> <span class='ocrx_word' id='word_1_557' title='bbox 1139 3853 1465 3910; x_wconf 90' lang='lat' dir='ltr'><strong>documenta</strong></span> <span class='ocrx_word' id='word_1_558' title='bbox 1495 3862 1694 3925; x_wconf 60' lang='lat' dir='ltr'><strong>praesto</strong></span> <span class='ocrx_word' id='word_1_559' title='bbox 1715 3869 1837 3911; x_wconf 87' lang='lat' dir='ltr'><strong>esse</strong></span> <span class='ocrx_word' id='word_1_560' title='bbox 1865 3865 2091 3927; x_wconf 89' lang='lat' dir='ltr'><strong>possent</strong></span> <span class='ocrx_word' id='word_1_561' title='bbox 2118 3856 2217 3912; x_wconf 82' lang='lat' dir='ltr'><strong>hu-</strong></span> <span class='ocrx_word' id='word_1_562' title='bbox 2321 3857 2489 3914; x_wconf 90' lang='lat' dir='ltr'><strong>sticus</strong></span> <span class='ocrx_word' id='word_1_563' title='bbox 2523 3857 2698 3912; x_wconf 91' lang='lat' dir='ltr'><strong>hostis</strong></span> <span class='ocrx_word' id='word_1_564' title='bbox 2739 3870 2902 3925; x_wconf 85' lang='lat' dir='ltr'><strong>quam</strong></span> <span class='ocrx_word' id='word_1_565' title='bbox 2933 3863 3227 3912; x_wconf 79' lang='lat' dir='ltr'><strong>extraneus</strong></span> <span class='ocrx_word' id='word_1_566' title='bbox 3265 3870 3280 3908; x_wconf 88' lang='lat'><strong>:</strong></span> <span class='ocrx_word' id='word_1_567' title='bbox 3321 3864 3378 3909; x_wconf 92' lang='lat' dir='ltr'><strong>et</strong></span> <span class='ocrx_word' id='word_1_568' title='bbox 3403 3853 3617 3925; x_wconf 88' lang='lat' dir='ltr'><strong>gravius</strong></span> <span class='ocrx_word' id='word_1_569' title='bbox 3644 3847 3793 3906; x_wconf 86' lang='lat' dir='ltr'><strong>scelus</strong></span> <span class='ocrx_word' id='word_1_570' title='bbox 3815 3846 3856 3894; x_wconf 84' lang='lat' dir='ltr'><strong>ut</strong></span> 
     </span>
    </p>
   </div>
   <div class='ocr_carea' id='block_1_44' title="bbox 609 3945 3690 4020">
    <p class='ocr_par' dir='ltr' id='par_1_44' title="bbox 609 3945 3690 4020">
     <span class='ocr_line' id='line_1_44' title="bbox 609 3945 3690 4020; baseline 0 -20"><span class='ocrx_word' id='word_1_571' title='bbox 609 3945 848 4016; x_wconf 87' lang='lat' dir='ltr'><strong>jusmodi</strong></span> <span class='ocrx_word' id='word_1_572' title='bbox 896 3947 966 4004; x_wconf 90' lang='lat' dir='ltr'><strong>de</strong></span> <span class='ocrx_word' id='word_1_573' title='bbox 995 3947 1370 4004; x_wconf 89' lang='lat' dir='ltr'><strong>incarnatione</strong></span> <span class='ocrx_word' id='word_1_574' title='bbox 1398 3948 1566 4020; x_wconf 29' lang='lat' dir='ltr'><strong>dicta‘</strong></span> <span class='ocrx_word' id='word_1_575' title='bbox 1591 3949 1766 4005; x_wconf 90' lang='lat' dir='ltr'><strong>videri</strong></span> <span class='ocrx_word' id='word_1_576' title='bbox 1801 3966 1816 4004; x_wconf 88' lang='lat'><strong>:</strong></span> <span class='ocrx_word' id='word_1_577' title='bbox 1851 3949 1947 4005; x_wconf 89' lang='lat' dir='ltr'><strong>sed</strong></span> <span class='ocrx_word' id='word_1_578' title='bbox 1973 3965 2082 4004; x_wconf 91' lang='lat' dir='ltr'><strong>non</strong></span> <span class='ocrx_word' id='word_1_579' title='bbox 2129 3965 2217 4007; x_wconf 89' lang='lat' dir='ltr'><strong>me</strong></span> <span class='ocrx_word' id='word_1_580' title='bbox 2321 3951 2582 4008; x_wconf 88' lang='lat' dir='ltr'><strong>adversus</strong></span> <span class='ocrx_word' id='word_1_581' title='bbox 2605 3949 2884 4006; x_wconf 87' lang='lat' dir='ltr'><strong>Christum</strong></span> <span class='ocrx_word' id='word_1_582' title='bbox 2910 3949 3200 4005; x_wconf 85' lang='lat' dir='ltr'><strong>abutantur</strong></span> <span class='ocrx_word' id='word_1_583' title='bbox 3230 3945 3436 4003; x_wconf 91' lang='lat' dir='ltr'><strong>Christi</strong></span> <span class='ocrx_word' id='word_1_584' title='bbox 3469 3946 3690 4003; x_wconf 88' lang='lat' dir='ltr'><strong>nomine.</strong></span> 
     </span>
    </p>
   </div>
   <div class='ocr_carea' id='block_1_45' title="bbox 616 4028 3854 4113">
    <p class='ocr_par' dir='ltr' id='par_1_45' title="bbox 616 4028 3854 4113">
     <span class='ocr_line' id='line_1_45' title="bbox 616 4028 3854 4113; baseline -0.003 -20"><span class='ocrx_word' id='word_1_585' title='bbox 616 4037 837 4094; x_wconf 87' lang='lat' dir='ltr'><strong>involvo</strong></span> <span class='ocrx_word' id='word_1_586' title='bbox 864 4037 1041 4107; x_wconf 88' lang='lat' dir='ltr'><strong>libris,</strong></span> <span class='ocrx_word' id='word_1_587' title='bbox 1074 4055 1144 4096; x_wconf 92' lang='lat' dir='ltr'><strong>ne</strong></span> <span class='ocrx_word' id='word_1_588' title='bbox 1175 4047 1436 4096; x_wconf 84' lang='lat' dir='ltr'><strong>tractatus</strong></span> <span class='ocrx_word' id='word_1_589' title='bbox 1465 4039 1712 4096; x_wconf 86' lang='lat' dir='ltr'><strong>videatur</strong></span> <span class='ocrx_word' id='word_1_590' title='bbox 1741 4055 1864 4097; x_wconf 90' lang='lat' dir='ltr'><strong>esse</strong></span> <span class='ocrx_word' id='word_1_591' title='bbox 1887 4041 2153 4098; x_wconf 74' lang='lat' dir='ltr'><strong>diﬂusior.</strong></span> <span class='ocrx_word' id='word_1_592' title='bbox 2393 4041 2517 4100; x_wconf 74' lang='grc'>105.</span> <span class='ocrx_word' id='word_1_593' title='bbox 2548 4043 2722 4112; x_wconf 86' lang='lat' dir='ltr'><strong>Quem</strong></span> <span class='ocrx_word' id='word_1_594' title='bbox 2750 4042 2912 4113; x_wconf 92' lang='lat' dir='ltr'><strong>igitur</strong></span> <span class='ocrx_word' id='word_1_595' title='bbox 2931 4041 3215 4098; x_wconf 89' lang='lat' dir='ltr'><strong>meliorem</strong></span> <span class='ocrx_word' id='word_1_596' title='bbox 3243 4039 3595 4109; x_wconf 83' lang='lat' dir='ltr'><strong>interpretem</strong></span> <span class='ocrx_word' id='word_1_597' title='bbox 3613 4028 3854 4108; x_wconf 62' lang='lat' dir='ltr'><strong>quaerimus</strong></span> 
     </span>
    </p>
   </div>
   <div class='ocr_carea' id='block_1_46' title="bbox 1107 4131 3853 4207">
    <p class='ocr_par' dir='ltr' id='par_1_46' title="bbox 1107 4131 3853 4207">
     <span class='ocr_line' id='line_1_46' title="bbox 1107 4131 3853 4207; baseline -0.009 0"><span class='ocrx_word' id='word_1_598' title='bbox 1107 4133 1271 4206; x_wconf 61' lang='lat'><strong>465</strong></span> <span class='ocrx_word' id='word_1_599' title='bbox 1307 4133 1534 4192; x_wconf 71' lang='lat' dir='ltr'><strong>CAPUT</strong></span> <span class='ocrx_word' id='word_1_600' title='bbox 1573 4133 1716 4190; x_wconf 74' lang='grc' dir='ltr'><strong>Χνίι</strong></span> <span class='ocrx_word' id='word_1_601' title='bbox 2320 4137 2744 4207; x_wconf 87' lang='lat' dir='ltr'><strong>Scripturarum,</strong></span> <span class='ocrx_word' id='word_1_602' title='bbox 2775 4150 2936 4206; x_wconf 91' lang='lat' dir='ltr'><strong>quam</strong></span> <span class='ocrx_word' id='word_1_603' title='bbox 2987 4135 3140 4190; x_wconf 93' lang='lat' dir='ltr'><strong>illum</strong></span> <span class='ocrx_word' id='word_1_604' title='bbox 3180 4133 3463 4190; x_wconf 90' lang='lat' dir='ltr'><strong>doctorem</strong></span> <span class='ocrx_word' id='word_1_605' title='bbox 3506 4131 3746 4206; x_wconf 87' lang='lat' dir='ltr'><strong>gentium,</strong></span> <span class='ocrx_word' id='word_1_606' title='bbox 3785 4131 3853 4174; x_wconf 69' lang='lat' dir='ltr'><strong>VaS</strong></span> 
     </span>
    </p>
   </div>
   <div class='ocr_carea' id='block_1_47' title="bbox 611 4218 3850 4298">
    <p class='ocr_par' dir='ltr' id='par_1_47' title="bbox 611 4218 3850 4298">
     <span class='ocr_line' id='line_1_47' title="bbox 611 4218 3850 4298; baseline -0.002 -15"><span class='ocrx_word' id='word_1_607' title='bbox 611 4225 856 4294; x_wconf 82' lang='lat' dir='ltr'><strong>Arianos,</strong></span> <span class='ocrx_word' id='word_1_608' title='bbox 887 4227 932 4282; x_wconf 94' lang='lat' dir='ltr'><strong>si</strong></span> <span class='ocrx_word' id='word_1_609' title='bbox 957 4235 1188 4282; x_wconf 89' lang='lat' dir='ltr'><strong>creatum</strong></span> <span class='ocrx_word' id='word_1_610' title='bbox 1220 4237 1265 4281; x_wconf 90' lang='lat' dir='ltr'><strong>et</strong></span> <span class='ocrx_word' id='word_1_611' title='bbox 1293 4227 1522 4298; x_wconf 84' lang='lat' dir='ltr'><strong>genitum</strong></span> <span class='ocrx_word' id='word_1_612' title='bbox 1552 4227 1657 4281; x_wconf 91' lang='lat' dir='ltr'><strong>illis</strong></span> <span class='ocrx_word' id='word_1_613' title='bbox 1697 4227 1833 4283; x_wconf 85' lang='lat' dir='ltr'><strong>idem</strong></span> <span class='ocrx_word' id='word_1_614' title='bbox 1875 4229 1964 4296; x_wconf 86' lang='lat' dir='ltr'><strong>sit,</strong></span> <span class='ocrx_word' id='word_1_615' title='bbox 2012 4226 2215 4281; x_wconf 86' lang='lat' dir='ltr'><strong>Christo</strong></span> <span class='ocrx_word' id='word_1_616' title='bbox 2321 4230 2627 4298; x_wconf 78' lang='lat' dir='ltr'><strong>electionis,</strong></span> <span class='ocrx_word' id='word_1_617' title='bbox 2671 4228 2904 4285; x_wconf 86' lang='lat' dir='ltr'><strong>electum</strong></span> <span class='ocrx_word' id='word_1_618' title='bbox 2947 4226 3018 4284; x_wconf 89' lang='lat' dir='ltr'><strong>de</strong></span> <span class='ocrx_word' id='word_1_619' title='bbox 3063 4227 3536 4298; x_wconf 80' lang='lat' dir='ltr'><strong>persecutoribus?</strong></span> <span class='ocrx_word' id='word_1_620' title='bbox 3576 4222 3671 4293; x_wconf 88' lang='lat' dir='ltr'><strong>Qui</strong></span> <span class='ocrx_word' id='word_1_621' title='bbox 3706 4218 3850 4275; x_wconf 77' lang='lat' dir='ltr'><strong>Jesum</strong></span> 
     </span>
    </p>
   </div>
   <div class='ocr_carea' id='block_1_48' title="bbox 2387 788 3859 861">
    <p class='ocr_par' dir='ltr' id='par_1_48' title="bbox 2387 788 3859 861">
     <span class='ocr_line' id='line_1_48' title="bbox 2387 788 3859 861; baseline -0.003 -15"><span class='ocrx_word' id='word_1_622' title='bbox 2387 793 2509 849; x_wconf 87' lang='grc'>101.</span> <span class='ocrx_word' id='word_1_623' title='bbox 2552 793 2837 848; x_wconf 90' lang='lat' dir='ltr'><strong>Postremo</strong></span> <span class='ocrx_word' id='word_1_624' title='bbox 2881 800 2941 846; x_wconf 92' lang='lat' dir='ltr'><strong>ut</strong></span> <span class='ocrx_word' id='word_1_625' title='bbox 2982 790 3310 861; x_wconf 64' lang='lat' dir='ltr'><strong>insipientia</strong></span> <span class='ocrx_word' id='word_1_626' title='bbox 3334 805 3526 847; x_wconf 91' lang='lat' dir='ltr'><strong>eorum</strong></span> <span class='ocrx_word' id='word_1_627' title='bbox 3555 788 3695 861; x_wconf 90' lang='lat' dir='ltr'><strong>quod</strong></span> <span class='ocrx_word' id='word_1_628' title='bbox 3717 803 3859 844; x_wconf 87' lang='lat' dir='ltr'><strong>verum</strong></span> 
     </span>
    </p>
   </div>
   <div class='ocr_carea' id='block_1_49' title="bbox 2313 881 3858 955">
    <p class='ocr_par' dir='ltr' id='par_1_49' title="bbox 2313 881 3858 955">
     <span class='ocr_line' id='line_1_49' title="bbox 2313 881 3858 955; baseline -0.004 -14"><span class='ocrx_word' id='word_1_629' title='bbox 2313 900 2423 941; x_wconf 90' lang='lat' dir='ltr'><strong>non</strong></span> <span class='ocrx_word' id='word_1_630' title='bbox 2455 893 2557 950; x_wconf 89' lang='lat' dir='ltr'><strong>est,</strong></span> <span class='ocrx_word' id='word_1_631' title='bbox 2611 885 2948 955; x_wconf 86' lang='lat' dir='ltr'><strong>indulgeam;</strong></span> <span class='ocrx_word' id='word_1_632' title='bbox 2999 883 3044 938; x_wconf 90' lang='lat' dir='ltr'><strong>si</strong></span> <span class='ocrx_word' id='word_1_633' title='bbox 3095 883 3251 948; x_wconf 88' lang='lat' dir='ltr'><strong>nihil,</strong></span> <span class='ocrx_word' id='word_1_634' title='bbox 3282 894 3337 938; x_wconf 92' lang='lat' dir='ltr'><strong>ut</strong></span> <span class='ocrx_word' id='word_1_635' title='bbox 3387 892 3613 954; x_wconf 92' lang='lat' dir='ltr'><strong>putant,</strong></span> <span class='ocrx_word' id='word_1_636' title='bbox 3652 881 3795 938; x_wconf 79' lang='lat' dir='ltr'><strong>distat</strong></span> <span class='ocrx_word' id='word_1_637' title='bbox 3822 882 3858 935; x_wconf 92' lang='lat' dir='ltr'><strong>in</strong></span> 
     </span>
    </p>
   </div>
   <div class='ocr_carea' id='block_1_50' title="bbox 2315 975 3861 1047">
    <p class='ocr_par' dir='ltr' id='par_1_50' title="bbox 2315 975 3861 1047">
     <span class='ocr_line' id='line_1_50' title="bbox 2315 975 3861 1047; baseline -0.001 -17"><span class='ocrx_word' id='word_1_638' title='bbox 2315 977 2486 1033; x_wconf 90' lang='lat' dir='ltr'><strong>verbo</strong></span> <span class='ocrx_word' id='word_1_639' title='bbox 2512 979 2534 1031; x_wconf 72' lang='grc' dir='ltr'><strong>τ’</strong></span> <span class='ocrx_word' id='word_1_640' title='bbox 2557 992 2655 1032; x_wconf 91' lang='lat' dir='ltr'><strong>cur</strong></span> <span class='ocrx_word' id='word_1_641' title='bbox 2683 992 2788 1031; x_wconf 92' lang='lat' dir='ltr'><strong>non</strong></span> <span class='ocrx_word' id='word_1_642' title='bbox 2818 992 2941 1032; x_wconf 90' lang='lat' dir='ltr'><strong>eum</strong></span> <span class='ocrx_word' id='word_1_643' title='bbox 2965 991 3127 1047; x_wconf 90' lang='lat' dir='ltr'><strong>quem</strong></span> <span class='ocrx_word' id='word_1_644' title='bbox 3151 977 3356 1042; x_wconf 91' lang='lat' dir='ltr'><strong>colunt,</strong></span> <span class='ocrx_word' id='word_1_645' title='bbox 3383 976 3613 1032; x_wconf 90' lang='lat' dir='ltr'><strong>meliore</strong></span> <span class='ocrx_word' id='word_1_646' title='bbox 3639 975 3861 1046; x_wconf 79' lang='lat' dir='ltr'><strong>appellant</strong></span> 
     </span>
    </p>
   </div>
   <div class='ocr_carea' id='block_1_51' title="bbox 2313 1067 3862 1137">
    <p class='ocr_par' dir='ltr' id='par_1_51' title="bbox 2313 1067 3862 1137">
     <span class='ocr_line' id='line_1_51' title="bbox 2313 1067 3862 1137; baseline -0.003 -11"><span class='ocrx_word' id='word_1_647' title='bbox 2313 1071 2572 1126; x_wconf 85' lang='lat' dir='ltr'><strong>nomine?</strong></span> <span class='ocrx_word' id='word_1_648' title='bbox 2601 1085 2698 1126; x_wconf 89' lang='lat' dir='ltr'><strong>cur</strong></span> <span class='ocrx_word' id='word_1_649' title='bbox 2725 1069 2892 1125; x_wconf 88' lang='lat' dir='ltr'><strong>verbo</strong></span> <span class='ocrx_word' id='word_1_650' title='bbox 2918 1085 3024 1124; x_wconf 93' lang='lat' dir='ltr'><strong>non</strong></span> <span class='ocrx_word' id='word_1_651' title='bbox 3050 1077 3276 1124; x_wconf 90' lang='lat' dir='ltr'><strong>utuntur</strong></span> <span class='ocrx_word' id='word_1_652' title='bbox 3299 1069 3513 1125; x_wconf 85' lang='lat' dir='ltr'><strong>Patris?</strong></span> <span class='ocrx_word' id='word_1_653' title='bbox 3540 1083 3634 1124; x_wconf 91' lang='lat' dir='ltr'><strong>cur</strong></span> <span class='ocrx_word' id='word_1_654' title='bbox 3653 1067 3862 1137; x_wconf 85' lang='lat' dir='ltr'><strong>abjiciur.t</strong></span> 
     </span>
    </p>
   </div>
   <div class='ocr_carea' id='block_1_52' title="bbox 2313 1158 3791 1232">
    <p class='ocr_par' dir='ltr' id='par_1_52' title="bbox 2313 1158 3791 1232">
     <span class='ocr_line' id='line_1_52' title="bbox 2313 1158 3791 1232; baseline -0.003 -16"><span class='ocrx_word' id='word_1_655' title='bbox 2313 1161 2459 1232; x_wconf 90' lang='lat' dir='ltr'><strong>quod</strong></span> <span class='ocrx_word' id='word_1_656' title='bbox 2495 1160 2925 1217; x_wconf 67' lang='lat' dir='ltr'><strong>honorificentia:</strong></span> <span class='ocrx_word' id='word_1_657' title='bbox 2951 1168 3058 1230; x_wconf 88' lang='lat' dir='ltr'><strong>est,</strong></span> <span class='ocrx_word' id='word_1_658' title='bbox 3089 1167 3371 1216; x_wconf 90' lang='lat' dir='ltr'><strong>assumunt</strong></span> <span class='ocrx_word' id='word_1_659' title='bbox 3391 1158 3536 1231; x_wconf 89' lang='lat' dir='ltr'><strong>quod</strong></span> <span class='ocrx_word' id='word_1_660' title='bbox 3569 1158 3791 1230; x_wconf 66' lang='lat' dir='ltr'><strong>injuria}?</strong></span> 
     </span>
    </p>
   </div>
   <div class='ocr_carea' id='block_1_53' title="bbox 681 4318 2213 4392">
    <p class='ocr_par' dir='ltr' id='par_1_53' title="bbox 681 4318 2213 4392">
     <span class='ocr_line' id='line_1_53' title="bbox 681 4318 2213 4392; baseline -0.001 -18"><span class='ocrx_word' id='word_1_661' title='bbox 681 4321 875 4390; x_wconf 78' lang='lat' dir='ltr'><strong>inferre</strong></span> <span class='ocrx_word' id='word_1_662' title='bbox 920 4319 1174 4392; x_wconf 86' lang='lat' dir='ltr'><strong>injuriam</strong></span> <span class='ocrx_word' id='word_1_663' title='bbox 1215 4333 1234 4371; x_wconf 91' lang='lat'><strong><em>:</em></strong></span> <span class='ocrx_word' id='word_1_664' title='bbox 1276 4319 1357 4372; x_wconf 89' lang='lat' dir='ltr'><strong>sin</strong></span> <span class='ocrx_word' id='word_1_665' title='bbox 1402 4327 1573 4372; x_wconf 88' lang='lat' dir='ltr'><strong>autem</strong></span> <span class='ocrx_word' id='word_1_666' title='bbox 1612 4319 1707 4373; x_wconf 91' lang='lat' dir='ltr'><strong>illa</strong></span> <span class='ocrx_word' id='word_1_667' title='bbox 1741 4320 1938 4374; x_wconf 88' lang='lat' dir='ltr'><strong>distare</strong></span> <span class='ocrx_word' id='word_1_668' title='bbox 1980 4318 2213 4386; x_wconf 79' lang='lat' dir='ltr'><strong>credant,</strong></span> 
     </span>
    </p>
   </div>
   <div class='ocr_carea' id='block_1_54' title="bbox 680 4411 2212 4485">
    <p class='ocr_par' dir='ltr' id='par_1_54' title="bbox 680 4411 2212 4485">
     <span class='ocr_line' id='line_1_54' title="bbox 680 4411 2212 4485; baseline -0.001 -17"><span class='ocrx_word' id='word_1_669' title='bbox 680 4429 830 4485; x_wconf 86' lang='lat' dir='ltr'><strong>quem</strong></span> <span class='ocrx_word' id='word_1_670' title='bbox 857 4413 1071 4483; x_wconf 79' lang='lat' dir='ltr'><strong>legerint</strong></span> <span class='ocrx_word' id='word_1_671' title='bbox 1093 4411 1344 4483; x_wconf 86' lang='lat' dir='ltr'><strong>genitum,</strong></span> <span class='ocrx_word' id='word_1_672' title='bbox 1367 4419 1619 4466; x_wconf 72' lang='lat' dir='ltr'><strong>creatura:</strong></span> <span class='ocrx_word' id='word_1_673' title='bbox 1639 4411 1752 4466; x_wconf 92' lang='lat' dir='ltr'><strong>loco</strong></span> <span class='ocrx_word' id='word_1_674' title='bbox 1779 4428 1882 4466; x_wconf 87' lang='lat' dir='ltr'><strong>non</strong></span> <span class='ocrx_word' id='word_1_675' title='bbox 1903 4411 2212 4467; x_wconf 88' lang='lat' dir='ltr'><strong>habendum.</strong></span> 
     </span>
    </p>
   </div>
   <div class='ocr_carea' id='block_1_55' title="bbox 2320 4309 3854 4407">
    <p class='ocr_par' dir='ltr' id='par_1_55' title="bbox 2320 4309 3854 4407">
     <span class='ocr_line' id='line_1_55' title="bbox 2320 4309 3854 4407; baseline -0.012 -24"><span class='ocrx_word' id='word_1_676' title='bbox 2320 4333 2642 4398; x_wconf 87' lang='lat' dir='ltr'><strong>persecutus</strong></span> <span class='ocrx_word' id='word_1_677' title='bbox 2709 4325 2920 4390; x_wconf 87' lang='lat' dir='ltr'><strong>luerat,</strong></span> <span class='ocrx_word' id='word_1_678' title='bbox 2970 4321 3189 4378; x_wconf 82' lang='lat' dir='ltr'><strong>fatetur.</strong></span> <span class='ocrx_word' id='word_1_679' title='bbox 3243 4321 3477 4394; x_wconf 84' lang='lat' dir='ltr'><strong>Legerat</strong></span> <span class='ocrx_word' id='word_1_680' title='bbox 3520 4318 3671 4392; x_wconf 62' lang='lat'><strong>5,65</strong></span> <span class='ocrx_word' id='word_1_681' title='bbox 3712 4309 3854 4407; x_wconf 63' lang='lat' dir='ltr'><strong>utique</strong></span> 
     </span>
    </p>
   </div>
   <div class='ocr_carea' id='block_1_56' title="bbox 2319 4406 3851 4488">
    <p class='ocr_par' dir='ltr' id='par_1_56' title="bbox 2319 4406 3851 4488">
     <span class='ocr_line' id='line_1_56' title="bbox 2319 4406 3851 4488; baseline -0.012 -12"><span class='ocrx_word' id='word_1_682' title='bbox 2319 4419 2667 4476; x_wconf 89' lang='lat' dir='ltr'><strong>Salomonem</strong></span> <span class='ocrx_word' id='word_1_683' title='bbox 2715 4417 2837 4488; x_wconf 90' lang='lat' dir='ltr'><strong>plus</strong></span> <span class='ocrx_word' id='word_1_684' title='bbox 2885 4431 3046 4487; x_wconf 87' lang='lat' dir='ltr'><strong>quam</strong></span> <span class='ocrx_word' id='word_1_685' title='bbox 3096 4415 3296 4482; x_wconf 87' lang='lat' dir='ltr'><strong>Arius,</strong></span> <span class='ocrx_word' id='word_1_686' title='bbox 3344 4423 3402 4471; x_wconf 90' lang='lat' dir='ltr'><strong>et</strong></span> <span class='ocrx_word' id='word_1_687' title='bbox 3447 4421 3563 4472; x_wconf 89' lang='lat' dir='ltr'><strong>erat</strong></span> <span class='ocrx_word' id='word_1_688' title='bbox 3603 4406 3780 4482; x_wconf 90' lang='lat' dir='ltr'><strong>peritus</strong></span> <span class='ocrx_word' id='word_1_689' title='bbox 3813 4410 3851 4450; x_wconf 86' lang='lat' dir='ltr'><strong>In</strong></span> 
     </span>
    </p>
   </div>
   <div class='ocr_carea' id='block_1_57' title="bbox 688 4497 3850 4587">
    <p class='ocr_par' dir='ltr' id='par_1_57' title="bbox 688 4497 3850 4587">
     <span class='ocr_line' id='line_1_57' title="bbox 688 4497 3850 4587; baseline -0.005 -27"><span class='ocrx_word' id='word_1_690' title='bbox 688 4503 803 4560; x_wconf 82' lang='lat' dir='ltr'><strong>Hoc</strong></span> <span class='ocrx_word' id='word_1_691' title='bbox 858 4502 1014 4558; x_wconf 88' lang='lat' dir='ltr'><strong>Pauli</strong></span> <span class='ocrx_word' id='word_1_692' title='bbox 1071 4521 1132 4558; x_wconf 90' lang='lat' dir='ltr'><strong>ne</strong></span> <span class='ocrx_word' id='word_1_693' title='bbox 1196 4512 1445 4558; x_wconf 81' lang='lat' dir='ltr'><strong>creatura:</strong></span> <span class='ocrx_word' id='word_1_694' title='bbox 1507 4504 1796 4569; x_wconf 89' lang='lat' dir='ltr'><strong>serviatur,</strong></span> <span class='ocrx_word' id='word_1_695' title='bbox 1852 4504 2164 4575; x_wconf 84' lang='lat' dir='ltr'><strong>prohibentis</strong></span> <span class='ocrx_word' id='word_1_696' title='bbox 2195 4522 2212 4572; x_wconf 88' lang='lat'><em>;</em></span> <span class='ocrx_word' id='word_1_697' title='bbox 2242 4525 2294 4587; x_wconf 73' lang='grc' dir='ltr'><strong>Ι)</strong></span> <span class='ocrx_word' id='word_1_698' title='bbox 2320 4512 2496 4584; x_wconf 72' lang='lat' dir='ltr'><strong>Lege;</strong></span> <span class='ocrx_word' id='word_1_699' title='bbox 2530 4522 2584 4568; x_wconf 84' lang='lat' dir='ltr'><strong>et</strong></span> <span class='ocrx_word' id='word_1_700' title='bbox 2614 4511 2738 4568; x_wconf 87' lang='lat' dir='ltr'><strong>ideo</strong></span> <span class='ocrx_word' id='word_1_701' title='bbox 2768 4509 2892 4581; x_wconf 89' lang='lat' dir='ltr'><strong>quia</strong></span> <span class='ocrx_word' id='word_1_702' title='bbox 2925 4509 3160 4580; x_wconf 86' lang='lat' dir='ltr'><strong>legerat,</strong></span> <span class='ocrx_word' id='word_1_703' title='bbox 3209 4522 3317 4564; x_wconf 91' lang='lat' dir='ltr'><strong>non</strong></span> <span class='ocrx_word' id='word_1_704' title='bbox 3343 4515 3582 4564; x_wconf 88' lang='lat' dir='ltr'><strong>creatum</strong></span> <span class='ocrx_word' id='word_1_705' title='bbox 3623 4497 3850 4587; x_wconf 84' lang='lat' dir='ltr'><strong>Christqu</strong></span> 
     </span>
    </p>
   </div>
   <div class='ocr_carea' id='block_1_58' title="bbox 682 4597 2209 4668">
    <p class='ocr_par' dir='ltr' id='par_1_58' title="bbox 682 4597 2209 4668">
     <span class='ocr_line' id='line_1_58' title="bbox 682 4597 2209 4668; baseline -0.001 -14"><span class='ocrx_word' id='word_1_706' title='bbox 682 4597 877 4654; x_wconf 86' lang='lat' dir='ltr'><strong>Christi</strong></span> <span class='ocrx_word' id='word_1_707' title='bbox 930 4607 1100 4654; x_wconf 83' lang='lat' dir='ltr'><strong>tamen</strong></span> <span class='ocrx_word' id='word_1_708' title='bbox 1129 4614 1184 4653; x_wconf 89' lang='lat' dir='ltr'><strong>se</strong></span> <span class='ocrx_word' id='word_1_709' title='bbox 1211 4613 1413 4651; x_wconf 90' lang='lat' dir='ltr'><strong>servum</strong></span> <span class='ocrx_word' id='word_1_710' title='bbox 1438 4612 1545 4652; x_wconf 85' lang='lat' dir='ltr'><strong>esse</strong></span> <span class='ocrx_word' id='word_1_711' title='bbox 1572 4597 1884 4668; x_wconf 79' lang='lat' dir='ltr'><strong>proﬁtentis,</strong></span> <span class='ocrx_word' id='word_1_712' title='bbox 1918 4598 2209 4653; x_wconf 86' lang='lat' dir='ltr'><strong>testimonio</strong></span> 
     </span>
    </p>
   </div>
   <div class='ocr_carea' id='block_1_59' title="bbox 680 4687 2206 4761">
    <p class='ocr_par' dir='ltr' id='par_1_59' title="bbox 680 4687 2206 4761">
     <span class='ocr_line' id='line_1_59' title="bbox 680 4687 2206 4761; baseline -0.001 -15"><span class='ocrx_word' id='word_1_713' title='bbox 680 4690 979 4761; x_wconf 74' lang='lat' dir='ltr'><strong>conﬁrmari</strong></span> <span class='ocrx_word' id='word_1_714' title='bbox 1003 4707 1022 4744; x_wconf 91' lang='lat'><strong><em>:</em></strong></span> <span class='ocrx_word' id='word_1_715' title='bbox 1053 4689 1139 4744; x_wconf 87' lang='lat' dir='ltr'><strong>cui</strong></span> <span class='ocrx_word' id='word_1_716' title='bbox 1167 4689 1339 4760; x_wconf 88' lang='lat' dir='ltr'><strong>potius</strong></span> <span class='ocrx_word' id='word_1_717' title='bbox 1365 4687 1675 4743; x_wconf 88' lang='lat' dir='ltr'><strong>credendum</strong></span> <span class='ocrx_word' id='word_1_718' title='bbox 1705 4705 1853 4756; x_wconf 87' lang='lat' dir='ltr'><strong>quam</strong></span> <span class='ocrx_word' id='word_1_719' title='bbox 1882 4689 2027 4744; x_wconf 86' lang='lat' dir='ltr'><strong>Aria.</strong></span> <span class='ocrx_word' id='word_1_720' title='bbox 2067 4689 2206 4745; x_wconf 86' lang='lat' dir='ltr'><strong>Sub-</strong></span> 
     </span>
    </p>
   </div>
   <div class='ocr_carea' id='block_1_60' title="bbox 681 4780 2210 4853">
    <p class='ocr_par' dir='ltr' id='par_1_60' title="bbox 681 4780 2210 4853">
     <span class='ocr_line' id='line_1_60' title="bbox 681 4780 2210 4853; baseline 0.001 -17"><span class='ocrx_word' id='word_1_721' title='bbox 681 4783 824 4838; x_wconf 82' lang='lat' dir='ltr'><strong>ditur</strong></span> <span class='ocrx_word' id='word_1_722' title='bbox 851 4783 1006 4838; x_wconf 87' lang='lat' dir='ltr'><strong>etiam</strong></span> <span class='ocrx_word' id='word_1_723' title='bbox 1034 4791 1319 4836; x_wconf 88' lang='lat' dir='ltr'><strong>creaturam</strong></span> <span class='ocrx_word' id='word_1_724' title='bbox 1345 4782 1398 4835; x_wconf 90' lang='lat' dir='ltr'><strong>in</strong></span> <span class='ocrx_word' id='word_1_725' title='bbox 1424 4780 1531 4837; x_wconf 90' lang='lat' dir='ltr'><strong>Deo</strong></span> <span class='ocrx_word' id='word_1_726' title='bbox 1560 4797 1659 4836; x_wconf 87' lang='lat' dir='ltr'><strong>non</strong></span> <span class='ocrx_word' id='word_1_727' title='bbox 1687 4797 1816 4850; x_wconf 77' lang='lat' dir='ltr'><strong>esse,</strong></span> <span class='ocrx_word' id='word_1_728' title='bbox 1847 4798 1964 4836; x_wconf 89' lang='lat' dir='ltr'><strong>cum</strong></span> <span class='ocrx_word' id='word_1_729' title='bbox 1985 4783 2210 4853; x_wconf 76' lang='lat' dir='ltr'><strong>simplex</strong></span> 
     </span>
    </p>
   </div>
   <div class='ocr_carea' id='block_1_61' title="bbox 678 4873 2205 4947">
    <p class='ocr_par' dir='ltr' id='par_1_61' title="bbox 678 4873 2205 4947">
     <span class='ocr_line' id='line_1_61' title="bbox 678 4873 2205 4947; baseline 0 -17"><span class='ocrx_word' id='word_1_730' title='bbox 678 4876 791 4930; x_wconf 84' lang='lat' dir='ltr'><strong>sit:</strong></span> <span class='ocrx_word' id='word_1_731' title='bbox 819 4892 911 4932; x_wconf 90' lang='lat' dir='ltr'><strong>nec</strong></span> <span class='ocrx_word' id='word_1_732' title='bbox 957 4873 1159 4930; x_wconf 87' lang='lat' dir='ltr'><strong>Filium</strong></span> <span class='ocrx_word' id='word_1_733' title='bbox 1187 4875 1240 4928; x_wconf 90' lang='lat' dir='ltr'><strong>in</strong></span> <span class='ocrx_word' id='word_1_734' title='bbox 1269 4884 1518 4930; x_wconf 76' lang='lat' dir='ltr'><strong>creatura:</strong></span> <span class='ocrx_word' id='word_1_735' title='bbox 1564 4874 1800 4930; x_wconf 86' lang='lat' dir='ltr'><strong>ordinem</strong></span> <span class='ocrx_word' id='word_1_736' title='bbox 1830 4875 2205 4947; x_wconf 86' lang='lat' dir='ltr'><strong>redigendum;</strong></span> 
     </span>
    </p>
   </div>
   <div class='ocr_carea' id='block_1_62' title="bbox 680 4967 1513 5038">
    <p class='ocr_par' dir='ltr' id='par_1_62' title="bbox 680 4967 1513 5038">
     <span class='ocr_line' id='line_1_62' title="bbox 680 4967 1513 5038; baseline -0.001 -15"><span class='ocrx_word' id='word_1_737' title='bbox 680 4985 797 5023; x_wconf 88' lang='lat' dir='ltr'><strong>cum</strong></span> <span class='ocrx_word' id='word_1_738' title='bbox 825 4969 880 5022; x_wconf 90' lang='lat' dir='ltr'><strong>in</strong></span> <span class='ocrx_word' id='word_1_739' title='bbox 908 4983 968 5022; x_wconf 89' lang='lat' dir='ltr'><strong>eo</strong></span> <span class='ocrx_word' id='word_1_740' title='bbox 997 4967 1145 5022; x_wconf 87' lang='lat' dir='ltr'><strong>Patri</strong></span> <span class='ocrx_word' id='word_1_741' title='bbox 1175 4969 1513 5038; x_wconf 88' lang='lat' dir='ltr'><strong>complaceat.</strong></span> 
     </span>
    </p>
   </div>
   <div class='ocr_carea' id='block_1_63' title="bbox 680 5060 2202 5134">
    <p class='ocr_par' dir='ltr' id='par_1_63' title="bbox 680 5060 2202 5134">
     <span class='ocr_line' id='line_1_63' title="bbox 680 5060 2202 5134; baseline 0.001 -17"><span class='ocrx_word' id='word_1_742' title='bbox 680 5060 804 5118; x_wconf 89' lang='grc'>100.</span> <span class='ocrx_word' id='word_1_743' title='bbox 846 5060 1001 5118; x_wconf 85' lang='lat' dir='ltr'><strong>Nunc</strong></span> <span class='ocrx_word' id='word_1_744' title='bbox 1037 5061 1187 5132; x_wconf 86' lang='lat' dir='ltr'><strong>ipsos</strong></span> <span class='ocrx_word' id='word_1_745' title='bbox 1225 5061 1459 5118; x_wconf 85' lang='lat' dir='ltr'><strong>Arianos</strong></span> <span class='ocrx_word' id='word_1_746' title='bbox 1491 5062 1802 5134; x_wconf 90' lang='lat' dir='ltr'><strong>interrogo,</strong></span> <span class='ocrx_word' id='word_1_747' title='bbox 1852 5071 2030 5119; x_wconf 92' lang='lat' dir='ltr'><strong>utrum</strong></span> <span class='ocrx_word' id='word_1_748' title='bbox 2063 5062 2202 5118; x_wconf 92' lang='lat' dir='ltr'><strong>idem</strong></span> 
     </span>
    </p>
   </div>
   <div class='ocr_carea' id='block_1_64' title="bbox 681 5217 2203 5290">
    <p class='ocr_par' dir='ltr' id='par_1_64' title="bbox 681 5217 2203 5290">
     <span class='ocr_line' id='line_1_64' title="bbox 681 5217 2203 5290; baseline -0.003 -14"><span class='ocrx_word' id='word_1_749' title='bbox 681 5228 705 5258; x_wconf 78' lang='grc' dir='ltr'><strong>ο</strong></span> <span class='ocrx_word' id='word_1_750' title='bbox 748 5218 884 5276; x_wconf 82' lang='lat' dir='ltr'><strong>iluic</strong></span> <span class='ocrx_word' id='word_1_751' title='bbox 930 5220 1053 5276; x_wconf 89' lang='lat' dir='ltr'><strong>loco</strong></span> <span class='ocrx_word' id='word_1_752' title='bbox 1105 5234 1266 5290; x_wconf 90' lang='lat' dir='ltr'><strong>quem</strong></span> <span class='ocrx_word' id='word_1_753' title='bbox 1338 5233 1447 5290; x_wconf 86' lang='lat' dir='ltr'><strong>non</strong></span> <span class='ocrx_word' id='word_1_754' title='bbox 1522 5218 1869 5290; x_wconf 83' lang='lat' dir='ltr'><strong>mediocriter</strong></span> <span class='ocrx_word' id='word_1_755' title='bbox 1924 5217 2203 5290; x_wconf 81' lang='lat' dir='ltr'><strong>jactabant</strong></span> 
     </span>
    </p>
   </div>
   <div class='ocr_carea' id='block_1_65' title="bbox 2316 4581 3850 4673">
    <p class='ocr_par' dir='ltr' id='par_1_65' title="bbox 2316 4581 3850 4673">
     <span class='ocr_line' id='line_1_65' title="bbox 2316 4581 3850 4673; baseline -0.011 -13"><span class='ocrx_word' id='word_1_756' title='bbox 2316 4581 2450 4662; x_wconf 82' lang='lat' dir='ltr'><strong>dicit</strong></span> <span class='ocrx_word' id='word_1_757' title='bbox 2476 4619 2622 4672; x_wconf 89' lang='lat' dir='ltr'><strong>esse,</strong></span> <span class='ocrx_word' id='word_1_758' title='bbox 2665 4602 2760 4658; x_wconf 90' lang='lat' dir='ltr'><strong>sed</strong></span> <span class='ocrx_word' id='word_1_759' title='bbox 2803 4602 3072 4673; x_wconf 86' lang='lat' dir='ltr'><strong>genitum.</strong></span> <span class='ocrx_word' id='word_1_760' title='bbox 3106 4601 3337 4672; x_wconf 83' lang='lat' dir='ltr'><strong>Legerat</strong></span> <span class='ocrx_word' id='word_1_761' title='bbox 3376 4599 3557 4656; x_wconf 89' lang='lat' dir='ltr'><strong>enim:</strong></span> <span class='ocrx_word' id='word_1_762' title='bbox 3589 4592 3699 4664; x_wconf 82' lang='lat' dir='ltr'><strong>Ipse</strong></span> <span class='ocrx_word' id='word_1_763' title='bbox 3733 4581 3850 4673; x_wconf 68' lang='lat' dir='ltr'><strong>dixih</strong></span> 
     </span>
    </p>
   </div>
   <div class='ocr_carea' id='block_1_66' title="bbox 2315 4671 3850 4766">
    <p class='ocr_par' dir='ltr' id='par_1_66' title="bbox 2315 4671 3850 4766">
     <span class='ocr_line' id='line_1_66' title="bbox 2315 4671 3850 4766; baseline 0 -14"><span class='ocrx_word' id='word_1_764' title='bbox 2315 4707 2363 4752; x_wconf 91' lang='lat' dir='ltr'><strong>et</strong></span> <span class='ocrx_word' id='word_1_765' title='bbox 2414 4697 2554 4766; x_wconf 79' lang='lat' dir='ltr'><strong>facta</strong></span> <span class='ocrx_word' id='word_1_766' title='bbox 2601 4671 2723 4750; x_wconf 85' lang='lat' dir='ltr'><strong>sunt</strong></span> <span class='ocrx_word' id='word_1_767' title='bbox 2751 4710 2769 4750; x_wconf 90' lang='lat'><strong><em>:</em></strong></span> <span class='ocrx_word' id='word_1_768' title='bbox 2796 4671 2908 4766; x_wconf 78' lang='lat' dir='ltr'><strong>ipse</strong></span> <span class='ocrx_word' id='word_1_769' title='bbox 2951 4671 3234 4761; x_wconf 77' lang='lat' dir='ltr'><strong>mandavit,</strong></span> <span class='ocrx_word' id='word_1_770' title='bbox 3267 4702 3316 4748; x_wconf 89' lang='lat' dir='ltr'><strong>et</strong></span> <span class='ocrx_word' id='word_1_771' title='bbox 3362 4703 3536 4748; x_wconf 87' lang='lat' dir='ltr'><strong>creata</strong></span> <span class='ocrx_word' id='word_1_772' title='bbox 3560 4695 3666 4745; x_wconf 72' lang='lat' dir='ltr'><strong>sunt</strong></span> <span class='ocrx_word' id='word_1_773' title='bbox 3701 4671 3850 4766; x_wconf 61' lang='lat' dir='ltr'><strong>(P‘a‘j</strong></span> 
     </span>
    </p>
   </div>
   <div class='ocr_carea' id='block_1_67' title="bbox 2314 4763 3853 4860">
    <p class='ocr_par' dir='ltr' id='par_1_67' title="bbox 2314 4763 3853 4860">
     <span class='ocr_line' id='line_1_67' title="bbox 2314 4763 3853 4860; baseline -0.014 -16"><span class='ocrx_word' id='word_1_774' title='bbox 2314 4763 2550 4854; x_wconf 76' lang='lat' dir='ltr'><strong>cvatn,</strong></span> <span class='ocrx_word' id='word_1_775' title='bbox 2581 4787 2672 4860; x_wconf 81' lang='lat'><strong>5).</strong></span> <span class='ocrx_word' id='word_1_776' title='bbox 2721 4763 2991 4858; x_wconf 84' lang='lat' dir='ltr'><strong>Numquid</strong></span> <span class='ocrx_word' id='word_1_777' title='bbox 3048 4786 3195 4842; x_wconf 90' lang='lat' dir='ltr'><strong>dicto</strong></span> <span class='ocrx_word' id='word_1_778' title='bbox 3255 4786 3429 4842; x_wconf 81' lang='lat' dir='ltr'><strong>lactus</strong></span> <span class='ocrx_word' id='word_1_779' title='bbox 3480 4790 3562 4842; x_wconf 89' lang='lat' dir='ltr'><strong>est</strong></span> <span class='ocrx_word' id='word_1_780' title='bbox 3605 4763 3853 4836; x_wconf 77' lang='lat' dir='ltr'><strong>Christus?</strong></span> 
     </span>
    </p>
   </div>
   <div class='ocr_carea' id='block_1_68' title="bbox 2314 4876 3514 4951">
    <p class='ocr_par' dir='ltr' id='par_1_68' title="bbox 2314 4876 3514 4951">
     <span class='ocr_line' id='line_1_68' title="bbox 2314 4876 3514 4951; baseline -0.002 -17"><span class='ocrx_word' id='word_1_781' title='bbox 2314 4879 2576 4951; x_wconf 82' lang='lat' dir='ltr'><strong>numquid</strong></span> <span class='ocrx_word' id='word_1_782' title='bbox 2599 4878 2854 4934; x_wconf 87' lang='lat' dir='ltr'><strong>mandato</strong></span> <span class='ocrx_word' id='word_1_783' title='bbox 2877 4887 3094 4934; x_wconf 87' lang='lat' dir='ltr'><strong>creatus</strong></span> <span class='ocrx_word' id='word_1_784' title='bbox 3121 4886 3206 4933; x_wconf 91' lang='lat' dir='ltr'><strong>est</strong></span> <span class='ocrx_word' id='word_1_785' title='bbox 3227 4876 3514 4934; x_wconf 83' lang='lat' dir='ltr'><strong>Christus?</strong></span> 
     </span>
    </p>
   </div>
   <div class='ocr_carea' id='block_1_69' title="bbox 2386 4965 3848 5039">
    <p class='ocr_par' dir='ltr' id='par_1_69' title="bbox 2386 4965 3848 5039">
     <span class='ocr_line' id='line_1_69' title="bbox 2386 4965 3848 5039; baseline -0.008 -13"><span class='ocrx_word' id='word_1_786' title='bbox 2386 4971 2510 5028; x_wconf 88' lang='grc'>106.</span> <span class='ocrx_word' id='word_1_787' title='bbox 2551 4969 2837 5039; x_wconf 87' lang='lat' dir='ltr'><strong>Quomodo</strong></span> <span class='ocrx_word' id='word_1_788' title='bbox 2881 4977 3062 5026; x_wconf 90' lang='lat' dir='ltr'><strong>autem</strong></span> <span class='ocrx_word' id='word_1_789' title='bbox 3106 4978 3356 5026; x_wconf 89' lang='lat' dir='ltr'><strong>creatura</strong></span> <span class='ocrx_word' id='word_1_790' title='bbox 3400 4969 3454 5024; x_wconf 92' lang='lat' dir='ltr'><strong>in</strong></span> <span class='ocrx_word' id='word_1_791' title='bbox 3500 4967 3605 5022; x_wconf 90' lang='lat' dir='ltr'><strong>Deo</strong></span> <span class='ocrx_word' id='word_1_792' title='bbox 3634 4972 3742 5018; x_wconf 88' lang='lat' dir='ltr'><strong>esse</strong></span> <span class='ocrx_word' id='word_1_793' title='bbox 3773 4965 3848 5024; x_wconf 75' lang='grc' dir='ltr'><strong>ροσ</strong></span> 
     </span>
    </p>
   </div>
   <div class='ocr_carea' id='block_1_70' title="bbox 2314 5058 3849 5132">
    <p class='ocr_par' dir='ltr' id='par_1_70' title="bbox 2314 5058 3849 5132">
     <span class='ocr_line' id='line_1_70' title="bbox 2314 5058 3849 5132; baseline -0.01 -14"><span class='ocrx_word' id='word_1_794' title='bbox 2314 5063 2466 5119; x_wconf 85' lang='lat' dir='ltr'><strong>test?</strong></span> <span class='ocrx_word' id='word_1_795' title='bbox 2523 5062 2740 5120; x_wconf 87' lang='lat' dir='ltr'><strong>Etenim</strong></span> <span class='ocrx_word' id='word_1_796' title='bbox 2773 5062 2916 5118; x_wconf 90' lang='lat' dir='ltr'><strong>Deus</strong></span> <span class='ocrx_word' id='word_1_797' title='bbox 2958 5070 3168 5118; x_wconf 71' lang='lat' dir='ltr'><strong>natura:</strong></span> <span class='ocrx_word' id='word_1_798' title='bbox 3195 5060 3460 5132; x_wconf 89' lang='lat' dir='ltr'><strong>simplicis</strong></span> <span class='ocrx_word' id='word_1_799' title='bbox 3499 5065 3599 5124; x_wconf 89' lang='lat' dir='ltr'><strong>est,</strong></span> <span class='ocrx_word' id='word_1_800' title='bbox 3627 5066 3723 5110; x_wconf 86' lang='lat' dir='ltr'><strong>non</strong></span> <span class='ocrx_word' id='word_1_801' title='bbox 3749 5058 3849 5103; x_wconf 80' lang='lat' dir='ltr'><strong>con-</strong></span> 
     </span>
    </p>
   </div>
   <div class='ocr_carea' id='block_1_71' title="bbox 2313 5216 3843 5290">
    <p class='ocr_par' dir='ltr' id='par_1_71' title="bbox 2313 5216 3843 5290">
     <span class='ocr_line' id='line_1_71' title="bbox 2313 5216 3843 5290; baseline 0.002 -18"><span class='ocrx_word' id='word_1_802' title='bbox 2313 5218 2465 5273; x_wconf 92' lang='lat' dir='ltr'><strong>illum</strong></span> <span class='ocrx_word' id='word_1_803' title='bbox 2495 5219 2670 5290; x_wconf 90' lang='lat' dir='ltr'><strong>ipsum</strong></span> <span class='ocrx_word' id='word_1_804' title='bbox 2706 5218 2885 5275; x_wconf 91' lang='lat' dir='ltr'><strong>locum</strong></span> <span class='ocrx_word' id='word_1_805' title='bbox 2911 5218 3133 5290; x_wconf 84' lang='lat' dir='ltr'><strong>diverso</strong></span> <span class='ocrx_word' id='word_1_806' title='bbox 3171 5218 3335 5274; x_wconf 92' lang='lat' dir='ltr'><strong>modo</strong></span> <span class='ocrx_word' id='word_1_807' title='bbox 3378 5216 3843 5290; x_wconf 59' lang='lat' dir='ltr'><strong>interpretargnwf&#39;</strong></span> 
     </span>
    </p>
   </div>
   <div class='ocr_carea' id='block_1_72' title="bbox 2304 5281 3842 5359">
    <p class='ocr_par' dir='ltr' id='par_1_72' title="bbox 2304 5281 3842 5359">
     <span class='ocr_line' id='line_1_72' title="bbox 2304 5281 3842 5359; baseline 0.003 -17"><span class='ocrx_word' id='word_1_808' title='bbox 2304 5305 2409 5356; x_wconf 92' lang='lat' dir='ltr'><strong>qua</strong></span> <span class='ocrx_word' id='word_1_809' title='bbox 2437 5281 2594 5345; x_wconf 61' lang='lat' dir='ltr'><strong>de&#39;re</strong></span> <span class='ocrx_word' id='word_1_810' title='bbox 2633 5291 2844 5345; x_wconf 88' lang='lat' dir='ltr'><strong>consuli</strong></span> <span class='ocrx_word' id='word_1_811' title='bbox 2890 5298 3068 5359; x_wconf 90' lang='lat' dir='ltr'><strong>potest</strong></span> <span class='ocrx_word' id='word_1_812' title='bbox 3115 5289 3368 5346; x_wconf 88' lang='lat' dir='ltr'><strong>Petavius</strong></span> <span class='ocrx_word' id='word_1_813' title='bbox 3393 5331 3408 5356; x_wconf 96' lang='lat'><strong>,</strong></span> <span class='ocrx_word' id='word_1_814' title='bbox 3461 5281 3646 5344; x_wconf 77' lang='lat' dir='ltr'><strong>Theol.</strong></span> <span class='ocrx_word' id='word_1_815' title='bbox 3688 5281 3842 5346; x_wconf 49' lang='lat'><strong>008&quot;”</strong></span> 
     </span>
    </p>
   </div>
   <div class='ocr_carea' id='block_1_73' title="bbox 2306 5359 3773 5432">
    <p class='ocr_par' dir='ltr' id='par_1_73' title="bbox 2306 5359 3773 5432">
     <span class='ocr_line' id='line_1_73' title="bbox 2306 5359 3773 5432; baseline 0.008 -18"><span class='ocrx_word' id='word_1_816' title='bbox 2306 5359 2402 5432; x_wconf 90' lang='lat' dir='ltr'><strong>lih_.</strong></span> <span class='ocrx_word' id='word_1_817' title='bbox 2435 5375 2495 5432; x_wconf 67' lang='lat' dir='ltr'><strong>ll,</strong></span> <span class='ocrx_word' id='word_1_818' title='bbox 2529 5360 2597 5416; x_wconf 92' lang='lat' dir='ltr'><strong>de</strong></span> <span class='ocrx_word' id='word_1_819' title='bbox 2625 5360 2824 5416; x_wconf 83' lang='lat' dir='ltr'><strong>Trinit.</strong></span> <span class='ocrx_word' id='word_1_820' title='bbox 2854 5376 2976 5432; x_wconf 87' lang='lat' dir='ltr'><strong>cap.</strong></span> <span class='ocrx_word' id='word_1_821' title='bbox 3013 5361 3066 5416; x_wconf 91' lang='grc'><strong>1.</strong></span> <span class='ocrx_word' id='word_1_822' title='bbox 3244 5430 3269 5432; x_wconf 17' lang='grc' dir='ltr'>ᾧ</span> <span class='ocrx_word' id='word_1_823' title='bbox 3589 5429 3599 5432; x_wconf 48' lang='grc'><em>,</em></span> <span class='ocrx_word' id='word_1_824' title='bbox 3764 5416 3773 5426; x_wconf 95' lang='grc'><strong>.</strong></span> 
     </span>
    </p>
   </div>
   <div class='ocr_carea' id='block_1_74' title="bbox 2375 5422 3845 5501">
    <p class='ocr_par' dir='ltr' id='par_1_74' title="bbox 2375 5422 3845 5501">
     <span class='ocr_line' id='line_1_74' title="bbox 2375 5422 3845 5501; baseline -0.016 -7"><span class='ocrx_word' id='word_1_825' title='bbox 2375 5429 2403 5468; x_wconf 69' lang='grc' dir='ltr'>δ</span> <span class='ocrx_word' id='word_1_826' title='bbox 2441 5422 2560 5485; x_wconf 82' lang='lat' dir='ltr'><strong>Non</strong></span> <span class='ocrx_word' id='word_1_827' title='bbox 2607 5432 2763 5501; x_wconf 89' lang='lat' dir='ltr'><strong>pauci</strong></span> <span class='ocrx_word' id='word_1_828' title='bbox 2801 5422 2962 5500; x_wconf 54' lang='lat' dir='ltr'><strong>mssf,</strong></span> <span class='ocrx_word' id='word_1_829' title='bbox 2992 5431 3205 5486; x_wconf 87' lang='lat' dir='ltr'><strong>claritas</strong></span> <span class='ocrx_word' id='word_1_830' title='bbox 3234 5430 3446 5489; x_wconf 89' lang='lat' dir='ltr'><strong>Patrem</strong></span> <span class='ocrx_word' id='word_1_831' title='bbox 3486 5429 3638 5486; x_wconf 78' lang='lat' dir='ltr'><strong>novit.</strong></span> <span class='ocrx_word' id='word_1_832' title='bbox 3669 5422 3845 5479; x_wconf 75' lang='lat' dir='ltr'><strong>Minime</strong></span> 
     </span>
    </p>
   </div>
   <div class='ocr_carea' id='block_1_75' title="bbox 2304 5502 3772 5645">
    <p class='ocr_par' dir='ltr' id='par_1_75' title="bbox 2304 5502 3772 5645">
     <span class='ocr_line' id='line_1_75' title="bbox 2304 5502 3772 5645; baseline -0.02 3"><span class='ocrx_word' id='word_1_833' title='bbox 2304 5502 2567 5645; x_wconf 50' lang='grc' dir='ltr'><strong>ωῧῗιθρξδδο</strong></span> <span class='ocrx_word' id='word_1_834' title='bbox 2598 5570 2822 5645; x_wconf 60' lang='grc' dir='ltr'><strong>διὶαυοι.</strong></span> <span class='ocrx_word' id='word_1_835' title='bbox 2855 5582 3070 5645; x_wconf 47' lang='lat' dir='ltr'><strong>Ventura</strong></span> <span class='ocrx_word' id='word_1_836' title='bbox 3100 5578 3329 5645; x_wconf 75' lang='lat' dir='ltr'><strong>perfecta</strong></span> <span class='ocrx_word' id='word_1_837' title='bbox 3355 5583 3494 5645; x_wconf 72' lang='lat' dir='ltr'><strong>sunt,</strong></span> <span class='ocrx_word' id='word_1_838' title='bbox 3523 5571 3664 5645; x_wconf 81' lang='lat' dir='ltr'><strong>sicut,</strong></span> <span class='ocrx_word' id='word_1_839' title='bbox 3685 5569 3772 5645; x_wconf 68' lang='lat' dir='ltr'><strong>etc-</strong></span> 
     </span>
    </p>
   </div>
   <div class='ocr_carea' id='block_1_76' title="bbox 2375 5633 3836 5716">
    <p class='ocr_par' dir='ltr' id='par_1_76' title="bbox 2375 5633 3836 5716">
     <span class='ocr_line' id='line_1_76' title="bbox 2375 5633 3836 5716; baseline -0.004 -19"><span class='ocrx_word' id='word_1_840' title='bbox 2375 5638 2398 5677; x_wconf 77' lang='grc' dir='ltr'><strong>ι¹</strong></span> <span class='ocrx_word' id='word_1_841' title='bbox 2442 5643 2569 5697; x_wconf 84' lang='lat' dir='ltr'><strong>Mss.</strong></span> <span class='ocrx_word' id='word_1_842' title='bbox 2602 5633 2827 5714; x_wconf 76' lang='lat' dir='ltr'><strong>aliquot,</strong></span> <span class='ocrx_word' id='word_1_843' title='bbox 2859 5644 2986 5712; x_wconf 87' lang='lat' dir='ltr'><strong>Quis</strong></span> <span class='ocrx_word' id='word_1_844' title='bbox 3011 5656 3085 5701; x_wconf 87' lang='lat' dir='ltr'><strong>est</strong></span> <span class='ocrx_word' id='word_1_845' title='bbox 3101 5633 3391 5716; x_wconf 78' lang='lat' dir='ltr'><strong>insipiens?</strong></span> <span class='ocrx_word' id='word_1_846' title='bbox 3421 5633 3641 5700; x_wconf 78' lang='lat' dir='ltr'><strong>Declinet</strong></span> <span class='ocrx_word' id='word_1_847' title='bbox 3675 5633 3734 5690; x_wconf 82' lang='lat' dir='ltr'><strong>ad</strong></span> <span class='ocrx_word' id='word_1_848' title='bbox 3763 5638 3836 5680; x_wconf 69' lang='lat' dir='ltr'><strong>W-</strong></span> 
     </span>
    </p>
   </div>
   <div class='ocr_carea' id='block_1_77' title="bbox 606 5287 2199 5360">
    <p class='ocr_par' dir='ltr' id='par_1_77' title="bbox 606 5287 2199 5360">
     <span class='ocr_line' id='line_1_77' title="bbox 606 5287 2199 5360; baseline -0.003 -13"><span class='ocrx_word' id='word_1_849' title='bbox 606 5290 817 5358; x_wconf 88' lang='lat' dir='ltr'><strong>Ariaui,</strong></span> <span class='ocrx_word' id='word_1_850' title='bbox 855 5287 1146 5360; x_wconf 83' lang='lat' dir='ltr'><strong>numquam</strong></span> <span class='ocrx_word' id='word_1_851' title='bbox 1178 5305 1284 5344; x_wconf 92' lang='lat' dir='ltr'><strong>non</strong></span> <span class='ocrx_word' id='word_1_852' title='bbox 1314 5289 1505 5344; x_wconf 87' lang='lat' dir='ltr'><strong>eodem</strong></span> <span class='ocrx_word' id='word_1_853' title='bbox 1532 5287 1694 5342; x_wconf 89' lang='lat' dir='ltr'><strong>modo</strong></span> <span class='ocrx_word' id='word_1_854' title='bbox 1736 5287 2199 5360; x_wconf 10' lang='lat' dir='ltr'><strong>reSpondetpAm-</strong></span> 
     </span>
    </p>
   </div>
   <div class='ocr_carea' id='block_1_78' title="bbox 605 5358 2196 5431">
    <p class='ocr_par' dir='ltr' id='par_1_78' title="bbox 605 5358 2196 5431">
     <span class='ocr_line' id='line_1_78' title="bbox 605 5358 2196 5431; baseline -0.002 -14"><span class='ocrx_word' id='word_1_855' title='bbox 605 5361 842 5427; x_wconf 87' lang='lat' dir='ltr'><strong>brosius,</strong></span> <span class='ocrx_word' id='word_1_856' title='bbox 869 5371 991 5430; x_wconf 87' lang='lat' dir='ltr'><strong>puta</strong></span> <span class='ocrx_word' id='word_1_857' title='bbox 1007 5358 1065 5416; x_wconf 82' lang='lat' dir='ltr'><strong>in</strong></span> <span class='ocrx_word' id='word_1_858' title='bbox 1091 5361 1288 5431; x_wconf 77' lang='lat' dir='ltr'><strong>psalm.</strong></span> <span class='ocrx_word' id='word_1_859' title='bbox 1313 5374 1499 5424; x_wconf 81' lang='lat' dir='ltr'><strong>cxvut,</strong></span> <span class='ocrx_word' id='word_1_860' title='bbox 1528 5372 1692 5431; x_wconf 75' lang='lat' dir='ltr'><strong>Serm.</strong></span> <span class='ocrx_word' id='word_1_861' title='bbox 1721 5359 1775 5421; x_wconf 83' lang='lat'><strong>5,</strong></span> <span class='ocrx_word' id='word_1_862' title='bbox 1801 5370 1855 5412; x_wconf 90' lang='lat' dir='ltr'><strong>et</strong></span> <span class='ocrx_word' id='word_1_863' title='bbox 1877 5359 2016 5431; x_wconf 83' lang='lat' dir='ltr'><strong>infra</strong></span> <span class='ocrx_word' id='word_1_864' title='bbox 2039 5358 2196 5428; x_wconf 88' lang='lat' dir='ltr'><strong>hujus</strong></span> 
     </span>
    </p>
   </div>
   <div class='ocr_carea' id='block_1_79' title="bbox 603 5429 2195 5503">
    <p class='ocr_par' dir='ltr' id='par_1_79' title="bbox 603 5429 2195 5503">
     <span class='ocr_line' id='line_1_79' title="bbox 603 5429 2195 5503; baseline -0.003 -14"><span class='ocrx_word' id='word_1_865' title='bbox 603 5431 796 5501; x_wconf 89' lang='lat' dir='ltr'><strong>Operis</strong></span> <span class='ocrx_word' id='word_1_866' title='bbox 831 5429 924 5488; x_wconf 86' lang='lat' dir='ltr'><strong>lib.</strong></span> <span class='ocrx_word' id='word_1_867' title='bbox 955 5448 1032 5503; x_wconf 81' lang='lat' dir='ltr'><strong>In,</strong></span> <span class='ocrx_word' id='word_1_868' title='bbox 1067 5429 1190 5503; x_wconf 76' lang='lat' dir='ltr'><strong>cap.</strong></span> <span class='ocrx_word' id='word_1_869' title='bbox 1217 5433 1270 5495; x_wconf 78' lang='grc'><strong>4,</strong></span> <span class='ocrx_word' id='word_1_870' title='bbox 1307 5431 1400 5485; x_wconf 90' lang='lat' dir='ltr'><strong>ubi</strong></span> <span class='ocrx_word' id='word_1_871' title='bbox 1440 5430 1690 5503; x_wconf 82' lang='lat' dir='ltr'><strong>eumdem</strong></span> <span class='ocrx_word' id='word_1_872' title='bbox 1733 5429 2042 5503; x_wconf 85' lang='lat' dir='ltr'><strong>accuratius</strong></span> <span class='ocrx_word' id='word_1_873' title='bbox 2066 5445 2195 5503; x_wconf 47' lang='lat' dir='ltr'><strong>exaf</strong></span> 
     </span>
    </p>
   </div>
   <div class='ocr_carea' id='block_1_80' title="bbox 603 5499 2195 5573">
    <p class='ocr_par' dir='ltr' id='par_1_80' title="bbox 603 5499 2195 5573">
     <span class='ocr_line' id='line_1_80' title="bbox 603 5499 2195 5573; baseline -0.003 -13"><span class='ocrx_word' id='word_1_874' title='bbox 603 5499 795 5560; x_wconf 85' lang='lat' dir='ltr'><strong>minat.</strong></span> <span class='ocrx_word' id='word_1_875' title='bbox 830 5501 1089 5573; x_wconf 89' lang='lat' dir='ltr'><strong>Eamdem</strong></span> <span class='ocrx_word' id='word_1_876' title='bbox 1135 5499 1394 5573; x_wconf 13' lang='lat' dir='ltr'><strong>fquoquer</strong></span> <span class='ocrx_word' id='word_1_877' title='bbox 1426 5500 1750 5573; x_wconf 74' lang='lat' dir='ltr'><strong>solutionem</strong></span> <span class='ocrx_word' id='word_1_878' title='bbox 1817 5499 1986 5573; x_wconf 68' lang='lat' dir='ltr'><strong>habes</strong></span> <span class='ocrx_word' id='word_1_879' title='bbox 2054 5501 2195 5568; x_wconf 90' lang='lat' dir='ltr'><strong>apud</strong></span> 
     </span>
    </p>
   </div>
   <div class='ocr_carea' id='block_1_81' title="bbox 603 5568 2193 5643">
    <p class='ocr_par' dir='ltr' id='par_1_81' title="bbox 603 5568 2193 5643">
     <span class='ocr_line' id='line_1_81' title="bbox 603 5568 2193 5643; baseline -0.001 -16"><span class='ocrx_word' id='word_1_880' title='bbox 603 5573 958 5643; x_wconf 57' lang='lat' dir='ltr'><strong>Athanasium</strong></span> <span class='ocrx_word' id='word_1_881' title='bbox 1005 5568 1249 5643; x_wconf 83' lang='lat' dir='ltr'><strong>pluribus</strong></span> <span class='ocrx_word' id='word_1_882' title='bbox 1280 5568 1452 5636; x_wconf 75' lang='lat' dir='ltr'><strong>locis,</strong></span> <span class='ocrx_word' id='word_1_883' title='bbox 1495 5571 1750 5643; x_wconf 66' lang='lat' dir='ltr'><strong>Basiliam</strong></span> <span class='ocrx_word' id='word_1_884' title='bbox 1781 5568 2193 5643; x_wconf 76' lang='lat' dir='ltr'><strong>et_Creg_orium</strong></span> 
     </span>
    </p>
   </div>
   <div class='ocr_carea' id='block_1_82' title="bbox 602 5639 2196 5714">
    <p class='ocr_par' dir='ltr' id='par_1_82' title="bbox 602 5639 2196 5714">
     <span class='ocr_line' id='line_1_82' title="bbox 602 5639 2196 5714; baseline -0.001 -17"><span class='ocrx_word' id='word_1_885' title='bbox 602 5641 766 5714; x_wconf 80' lang='lat' dir='ltr'><strong>Nyss.</strong></span> <span class='ocrx_word' id='word_1_886' title='bbox 791 5639 1054 5700; x_wconf 81' lang='lat' dir='ltr'><strong>adversus</strong></span> <span class='ocrx_word' id='word_1_887' title='bbox 1095 5643 1420 5714; x_wconf 83' lang='lat' dir='ltr'><strong>Eunomium</strong></span> <span class='ocrx_word' id='word_1_888' title='bbox 1445 5641 1808 5714; x_wconf 73' lang='lat' dir='ltr'><strong>,Cregorjum</strong></span> <span class='ocrx_word' id='word_1_889' title='bbox 1843 5639 1973 5694; x_wconf 83' lang='lat' dir='ltr'><strong>Naz.</strong></span> <span class='ocrx_word' id='word_1_890' title='bbox 1994 5639 2196 5696; x_wconf 87' lang='lat' dir='ltr'><strong>lliero-</strong></span> 
     </span>
    </p>
   </div>
   <div class='ocr_carea' id='block_1_83' title="bbox 606 5711 2196 5785">
    <p class='ocr_par' dir='ltr' id='par_1_83' title="bbox 606 5711 2196 5785">
     <span class='ocr_line' id='line_1_83' title="bbox 606 5711 2196 5785; baseline 0.001 -17"><span class='ocrx_word' id='word_1_891' title='bbox 606 5711 850 5784; x_wconf 56' lang='lat' dir='ltr'><strong>nimum,</strong></span> <span class='ocrx_word' id='word_1_892' title='bbox 883 5713 1238 5785; x_wconf 78' lang='lat' dir='ltr'><strong>Augustinum</strong></span> <span class='ocrx_word' id='word_1_893' title='bbox 1289 5723 1451 5784; x_wconf 86' lang='lat' dir='ltr'><strong>atque</strong></span> <span class='ocrx_word' id='word_1_894' title='bbox 1480 5711 1635 5770; x_wconf 80' lang='lat' dir='ltr'><strong>alios.</strong></span> <span class='ocrx_word' id='word_1_895' title='bbox 1667 5711 1845 5769; x_wconf 87' lang='lat' dir='ltr'><strong>Fuere</strong></span> <span class='ocrx_word' id='word_1_896' title='bbox 1893 5721 2073 5770; x_wconf 85' lang='lat' dir='ltr'><strong>tamen</strong></span> <span class='ocrx_word' id='word_1_897' title='bbox 2103 5714 2196 5784; x_wconf 91' lang='lat' dir='ltr'><strong>qui</strong></span> 
     </span>
    </p>
   </div>
  </div>
