3952 6178
106 221 205 279 555

1441 223 1530 278 DE
1571 222 1730 280 FIDE
1755 222 1884 279 LIB.
1929 224 1969 278 Ι.

3252 229 3358 292 554

98 341 278 410 juncta
323 348 477 409 atque
503 336 819 406 composita:
849 352 863 389 :
896 345 921 373 α
952 337 1038 392 cui
1089 337 1221 392 nihil
1273 337 1516 405 accedat,
1563 337 1659 393 sed
1690 341 1917 402 Aexire
1969 346 1991 374 ο
2044 337 2188 406 quod
2237 337 2348 408 jam
2387 339 2479 404 sit,
2528 348 2582 394 et
2626 354 2692 394 ex
2732 339 3083 398 interioribus
3127 347 3358 402 secretis

104 433 258 488 solum
310 430 446 502 quod
495 430 736 486 divinum
787 438 864 484 est
923 429 975 484 in
1029 438 1219 485 natura
1270 429 1466 485 habeat
1519 445 1660 488 sua:

102 526 352 596 complens
373 525 572 592 omnia,
606 539 870 595 nusquam
903 526 1020 596 ipse
1046 526 1336 582 confusus:
1371 536 1664 595 penetrans

100 620 278 684 omnia,
324 632 584 688 nusquam
628 618 747 689 ipse
792 617 1158 688 penetrandus
1187 637 1199 672 :
1229 618 1428 690 ubique
1475 625 1659 686 totus,

100 709 371 781 eodemque
421 719 664 782 tempore
693 710 778 766 vel
815 710 867 766 in
915 710 1090 780 caelo,
1124 710 1205 767 vel
1256 711 1308 766 itt
1339 711 1530 778 terris,
1574 711 1664 767 vel

101 800 144 856 in
171 801 449 857 novissimo
497 802 665 858 maris
711 816 952 873 prmsens
980 819 993 856 :
1023 803 1139 858 visu
1190 803 1662 874 incomprehensi-

102 891 224 960 bilis,
244 891 348 948 iatu
373 894 880 967 ininterpretabilis,
919 909 1082 951 sensu
1114 895 1533 964 inmstimabilis,
1559 895 1664 953 ﬁde

100 987 413 1058 sequendus,
460 987 724 1060 religione
752 989 1127 1058 venerandus;
1159 997 1220 1045 ut
1247 989 1506 1061 quidquid
1537 989 1665 1045 reli-

98 1084 257 1154 giosus
283 1085 473 1142 sentiri
504 1095 703 1156 potest,
733 1086 995 1159 quidquid
1025 1089 1373 1158 praestantius
1400 1088 1466 1144 ad
1497 1088 1661 1144 deco—

97 1195 215 1245 rem,
244 1180 494 1252 quidquid
520 1180 804 1237 sublimius
831 1181 896 1237 ad
927 1190 1276 1253 potestatem,
1309 1182 1410 1238 hoc
1437 1183 1549 1239 Deo
1576 1183 1661 1238 in-

97 1271 283 1342 telligas
310 1273 625 1328 convenire.

157 1367 268 1420 1υ7.
308 1367 450 1438 Ergo
479 1367 608 1438 quia
641 1367 694 1422 in
730 1367 872 1423 Filio
895 1369 1200 1440 cumplacet
1228 1369 1388 1425 Pater
1428 1367 1659 1439 (Matth.

98 1474 209 1524 χιιι,
245 1459 333 1530 5),
361 1460 531 1516 crede
555 1461 680 1531 quia
707 1462 902 1534 dignus
932 1464 1090 1519 Patre
1128 1463 1319 1529 Filius,
1349 1462 1510 1519 crede
1538 1462 1662 1532 quia

96 1568 120 1608 a
144 1552 243 1608 Deo
271 1553 434 1610 exivit
476 1553 675 1622 Filius,
705 1565 761 1609 ιιι
789 1557 904 1626 ipse
934 1563 1167 1612 testatur
1187 1556 1373 1612 dicens
1402 1571 1415 1608 :
1446 1553 1530 1610 Ex
1557 1553 1662 1608 Deo

99 1647 328 1716 processi,
375 1657 424 1702 et
463 1647 580 1702 veni
623 1647 816 1720 (Joan.
846 1665 961 1715 vnt,
993 1647 1131 1721 42);
1177 1659 1233 1705 et
1275 1649 1441 1703 alibi:
1475 1647 1519 1701 A
1551 1645 1662 1701 Deo

1767 430 1986 501 prodire
2025 430 2309 495 videatur,
2359 432 2502 502 quod
2533 433 2688 489 exire
2728 435 3046 505 Perltibetur
3075 456 3088 491 :
3119 443 3362 510 angustis

1765 524 1890 578 licet
1929 525 2274 581 sermonibus
2311 528 2700 598 proprietatem
2749 529 2946 584 divina:
2991 535 3362 602 generationis

1765 619 2128 686 advertimus;
2172 631 2228 676 ut
2260 637 2366 676 non
2399 636 2469 677 ex
2503 621 2625 678 loco
2664 623 2850 693 aliquo
2879 624 3130 681 videatur
3157 627 3361 694 exisse,

1765 712 1863 769 sed
1895 723 1953 768 ut
1985 713 2126 770 Deus
2166 730 2232 770 ex
2279 715 2410 781 Deo,
2451 713 2619 770 Filius
2650 731 2715 770 ex
2742 715 2935 782 Patre;
2970 733 3069 773 nec
3115 718 3362 775 videatur

1766 807 1999 876 empisse
2025 822 2092 862 ex
2121 819 2382 878 tempore,
2407 808 2498 878 qui
2529 824 2595 864 ex
2629 809 2789 864 Patre
2837 810 3112 868 nascendo
3158 811 3360 882 prodit,

1765 909 1825 955 ut
1865 899 2000 954 dixit
2048 902 2164 970 ipse
2193 902 2284 972 qui
2314 910 2475 957 natus
2521 907 2641 956 est:
2676 899 2759 957 Ex
2787 917 2875 957 ore
2902 902 3158 958 Altissimi
3193 904 3364 976 prodii

1770 991 2009 1064 (Eccles.
2043 1011 2191 1062 xxiv,
2220 997 2308 1065 5).

1839 1087 1962 1142 111.
1993 1086 2099 1144 Sed
2132 1087 2175 1142 si
2220 1097 2466 1144 naturam
2519 1104 2627 1145 non
2672 1100 2997 1161 agnoscunt,
3030 1092 3074 1146 si
3105 1107 3210 1148 non
3244 1109 3360 1150 cre-

1766 1177 1902 1234 dunt
1927 1177 2244 1249 Seriptnris,
2277 1183 2361 1236 vel
2393 1181 2654 1253 operibus
2684 1183 2933 1239 credant.
2966 1183 3069 1241 Cui
3099 1186 3232 1242 dicit
3263 1187 3364 1243 Pa-

1768 1281 1890 1328 ter:
1923 1270 2202 1329 Faciamus
2245 1275 2503 1330 hominem
2544 1274 2708 1349 (Gen.
2742 1293 2782 1343 ι,
2818 1278 2948 1350 26),
2983 1279 3086 1334 nisi
3119 1281 3169 1335 ci
3202 1297 3361 1349 quem

1765 1380 1954 1422 verum
2005 1365 2198 1422 Filium
2251 1367 2457 1424 sciret?
2497 1368 2554 1423 In
2605 1385 2715 1438 quo
2763 1370 2869 1425 nisi
2927 1373 2977 1426 in
3026 1387 3159 1427 vero
3208 1389 3360 1429 suam

1765 1457 2056 1528 imaginem
2090 1460 2550 1525 recognosceret?
2583 1459 2701 1515 Non
2733 1472 2818 1518 est
2863 1478 3028 1518 unum
3074 1465 3365 1536 adoptivus

1765 1558 1822 1607 et
1848 1565 2046 1615 verus;
2092 1566 2194 1606 nec
2227 1549 2401 1606 Filius
2450 1552 2699 1607 diceret:
2737 1551 2911 1609 Unum
2951 1570 3127 1611 sumus
3167 1556 3362 1628 (Joan.

1766 1659 1876 1710 xvt,
1899 1642 2034 1715 22);
2066 1641 2087 1682 τ
2121 1645 2166 1698 si
2192 1659 2252 1700 se
2280 1659 2403 1700 eum
2436 1659 2588 1710 vero,
2616 1646 2704 1715 qui
2728 1661 2890 1702 verus
2918 1663 3025 1703 non
3053 1659 3200 1704 esset
3222 1650 3361 1719 ipse,

98 1739 208 1794 exiri
253 1738 446 1812 (Joan.
485 1756 610 1804 xvr.
659 1739 790 1810 27).
822 1741 923 1810 Qui
951 1758 1014 1797 ex
1063 1743 1176 1798 Deo
1218 1741 1515 1814 processit,
1558 1749 1668 1796 eta
1701 1731 2069 1795 Bconlerret.
2120 1736 2399 1793 Faciamus
2444 1754 2576 1811 ergo
2620 1739 2752 1794 dicit
2799 1741 2982 1797 Pater.
3038 1742 3143 1812 Qui
3188 1743 3367 1813 dixit,

99 1833 192 1891 Deo
219 1837 394 1906 exivit,
449 1837 592 1893 nihil
618 1837 761 1893 aliud
796 1848 973 1909 potest
1001 1839 1227 1908 habere,
1268 1840 1371 1896 nisi
1402 1839 1544 1912 quod
1575 1839 1665 1894 Dei

99 1937 165 1982 CSl
174 1970 183 1979 .

639 2022 872 2080 CAPUT
912 2023 1074 2079 XVII.

102 2151 330 2211 Christum
375 2157 549 2213 Deum
596 2176 768 2215 verum
807 2176 918 2216 esse
955 2177 1018 2215 ex
1052 2177 1110 2215 eo
1156 2163 1370 2232 probat,
1415 2163 1551 2233 quod
1605 2163 1672 2218 sit

159 2252 378 2322 praprius
406 2249 514 2307 Dei
542 2249 713 2308 Filius
736 2270 755 2320 ;
783 2253 1150 2325 praemissaque
1174 2255 1494 2326 diﬂicultatis
1519 2255 1672 2310 subo-

158 2345 314 2399 rientis
337 2347 622 2412 solutione,
651 2348 884 2402 eamdem
911 2365 1020 2402 rem
1049 2348 1171 2402 inde
1209 2350 1506 2418 conﬁrmat,
1533 2350 1672 2420 quod

159 2436 213 2488 sit
251 2439 480 2508 genitus,
535 2439 773 2509 quodque
825 2456 891 2494 ex
939 2439 1051 2495 Deo
1100 2442 1305 2496 exierit.
1357 2441 1458 2496 His
1502 2442 1672 2496 subdit

161 2528 319 2586 Patris
345 2547 407 2586 ac
435 2530 578 2586 Filii
621 2533 871 2587 unitatem
911 2534 1225 2603 operationis
1268 2551 1329 2589 ac
1368 2535 1668 2591 voluntatis.

161 2620 274 2676 Tum
301 2624 560 2695 apostolis
584 2633 632 2678 et
659 2623 968 2682 Centurione
992 2641 1145 2697 quem
1170 2642 1289 2680 cum
1314 2627 1523 2682 Arionis
1545 2643 1669 2682 con-

161 2718 338 2786 tendit,
379 2721 434 2774 in
483 2720 847 2775 testimonium
882 2721 1121 2776 adductis
1151 2719 1366 2776 Esaiam
1397 2722 1574 2794 jungit
1611 2738 1674 2776 ac

161 2808 411 2866 Joannem.

165 2943 271 3000 tos.
311 2943 464 3003 Unde
515 2960 630 3002 non
660 2945 688 2984 ι’
718 2946 894 3002 solum
936 2948 1114 3017 Deus,
1162 2949 1260 3005 sed
1303 2951 1466 3006 etiam
1511 2966 1674 3008 verus

105 3031 242 3103 Deus,
273 3053 430 3095 verus
461 3054 492 3094 c
532 3053 689 3106 vero,
736 3047 794 3094 et
821 3039 958 3096 adeo
980 3055 1162 3105 verus,
1199 3051 1257 3096 ut
1294 3043 1408 3113 ipse
1437 3045 1508 3099 sit
1532 3045 1675 3101 veri-

1770 1847 1932 1888 verus
1960 1841 2083 1887 est:
2125 1840 2374 1900 potestne
2405 1848 2536 1903 ergo
2566 1847 2730 1888 verus
2770 1849 2876 1887 non
2925 1849 3049 1890 esse
3099 1837 3223 1901 ille,
3270 1837 3364 1907 qui

1770 1924 1926 1990 fecit;
1959 1933 2015 1981 et
2045 1924 2190 1996 quod
2217 1925 2421 1981 dicenti
2450 1925 2716 1992 defertur,
2750 1923 2970 1981 facienti
3005 1929 3278 1999 negatur?

1845 2017 1971 2074 ιη.
1999 2017 2284 2085 Quomodo
2313 2031 2498 2073 autem
2547 2019 2649 2072 nisi
2699 2034 2886 2075 verum
2934 2019 3130 2076 Filium
3179 2024 3367 2089 sciret,

1771 2113 2142 2168 committeret
2171 2113 2222 2166 ci
2265 2111 2560 2166 voluntatis
2603 2127 2716 2167 sum
2749 2114 3040 2179 unitatem,
3093 2123 3148 2170 et
3188 2116 3373 2185 aperis

1770 2205 2096 2261 veritatem?
2140 2203 2279 2260 Cum
2325 2206 2470 2260 enim
2502 2204 2691 2259 eadem
2747 2205 2910 2262 faciat
2954 2207 3126 2264 Filius
3173 2225 3361 2281 opera,

1773 2312 1893 2368 qua:
1924 2297 2081 2352 Pater
2111 2295 2261 2359 facit,
2296 2308 2349 2351 ct
2376 2312 2512 2367 quos
2544 2298 2662 2351 vult
2707 2297 2942 2353 viviﬁeet
2991 2298 3182 2364 Filius,
3229 2303 3368 2356 sicut

1774 2393 2034 2462 scriptum
2060 2399 2147 2446 est
2174 2387 2366 2456 (Joan.
2395 2406 2446 2456 v,
2479 2391 2569 2456 19,
2597 2390 2735 2461 2|);
2769 2407 2867 2445 nec
2897 2391 3155 2447 differens
3191 2402 3372 2463 poles-

1776 2494 1907 2553 tate,
1932 2485 2144 2541 etliber
2172 2492 2257 2540 est
2278 2487 2552 2541 voluntate
2578 2503 2590 2539 :
2624 2485 2694 2540 ita
2724 2486 2904 2541 unitas
2933 2497 3214 2553 servatur;
3247 2491 3370 2554 quia

1775 2587 1830 2634 et
1860 2577 2032 2637 virtus
2065 2577 2158 2632 Dei
2190 2577 2241 2632 in
2274 2577 2576 2634 divinitatis
2607 2580 2939 2649 proprietate
2974 2591 3091 2647 est;
3121 2591 3179 2638 et
3206 2582 3371 2639 liber-

1777 2677 1859 2724 tas
1886 2684 1991 2723 non
2023 2669 2075 2723 in
2107 2668 2282 2740 aliqua
2330 2667 2631 2726 differentia
2654 2711 2669 2738 ,
2702 2671 2798 2727 sed
2838 2672 2890 2726 in
2931 2672 3136 2730 unitate
3165 2685 3249 2731 est
3275 2691 3371 2730 vo-

1773 2759 2017 2816 luntatis.
2699 2832 2704 2838 _

1848 2853 1972 2910 115.
2015 2853 2238 2909 Turbati
2287 2855 2342 2910 in
2375 2854 2514 2910 freto
2543 2865 2569 2904 ε
2599 2859 2857 2927 apostoli,
2891 2858 3017 2915 licet
3056 2859 3233 2917 adhuc
3265 2878 3372 2920 non

1777 2945 2064 3002 credentes
2113 2946 2299 3011 corde,
2335 2947 2423 3002 ubi
2458 2949 2688 3018 primum
2738 2952 2840 3007 sub
2886 2953 3114 3023 pedibus
3163 2956 3375 3013 Domini

1779 3037 1970 3094 indere
2004 3054 2190 3105 aquas,
2225 3051 2280 3093 et
2309 3039 2552 3110 inquieto
2605 3044 2768 3098 maris
2798 3055 2932 3100 testu
2977 3045 3378 3105 deambulantis

104 3134 190 3182 tas.
212 3129 384 3203 Itaque
411 3133 458 3188 si
482 3147 690 3188 nomen
708 3133 1026 3204 quaerimus,
1050 3135 1257 3190 veritas
1278 3136 1456 3191 estzsi
1478 3137 1677 3207 majes-
1703 3122 1750 3187 C
1781 3129 1991 3184 Domini
2027 3146 2192 3200 super
2222 3147 2388 3202 aquas
2421 3134 2685 3204 intrepida
2719 3136 2906 3193 videre
2933 3139 3164 3209 vestigia
3189 3159 3202 3207 ;
3233 3143 3380 3196 subi-

103 3226 244 3277 tatem
273 3235 294 3264 ε
325 3226 629 3297 qumrimus
678 3227 980 3283 naturalem
1002 3269 1016 3294 ,
1051 3243 1119 3284 eo
1159 3245 1332 3300 usque
1376 3229 1547 3285 Filius
1579 3231 1672 3287 Dei

103 3330 240 3373 verus
267 3329 368 3388 est,
396 3333 457 3377 ut
487 3330 552 3378 et
597 3321 868 3392 proprius.
907 3323 1179 3394 Scriptum
1227 3335 1310 3380 est
1347 3325 1535 3381 enim:
1572 3327 1676 3395 Qui

106 3414 290 3482 proprio
317 3413 454 3470 Filio
481 3432 594 3471 non
635 3417 883 3488 pepercit,
921 3419 1013 3471 sed
1039 3433 1132 3488 pro
1158 3419 1303 3474 nobis
1325 3420 1537 3474 tradidit
1561 3437 1676 3476 eum

108 3501 260 3572 (Rom.
289 3523 402 3577 vm,
429 3509 570 3574 52):
602 3508 823 3563 tradidit
853 3510 1039 3580 utique
1087 3510 1383 3567 secundum
1431 3527 1671 3569 carnem.

105 3593 386 3670 Proprietas
405 3602 719 3659 divinitatis
745 3611 850 3669 est,
879 3605 1082 3661 veritas
1106 3607 1475 3677 proprietatis,
1509 3609 1674 3666 mise-

105 3693 307 3750 ricortlia
337 3698 587 3768 pietatis,
611 3696 820 3753 oblatio
847 3699 1174 3754 securitatis.
1223 3733 1234 3754 ς

169 3786 277 3843 109.
313 3787 418 3845 Sed
448 3805 519 3846 ne
560 3789 1057 3858 calumniarentur,
1090 3792 1211 3863 quia
1239 3793 1502 3864 scriptum
1549 3801 1673 3851 est:

107 3875 312 3935 Tradidit
359 3900 478 3939 eum
547 3881 751 3950 Pater;
793 3883 910 3954 ipse
956 3882 1253 3954 Apostolus
1310 3885 1440 3941 alibi
1496 3886 1675 3941 dixit:

111 3968 209 4027 Par
232 3992 258 4027 a
284 3974 388 4031 Deo
418 3977 604 4041 Patre,
635 3985 680 4031 et
723 3975 946 4032 Domino
975 3987 1148 4032 nostro
1174 3975 1302 4032 Jesu
1337 3977 1564 4045 Christo,
1591 3979 1678 4049 qui

109 4079 155 4119 se
175 4069 298 4125 dedit
325 4088 420 4143 pro
443 4069 676 4142 peccatis
701 4072 888 4125 nostris
916 4069 1117 4139 (Galat.
1145 4087 1184 4134 ι,
1215 4073 1266 4136 5,
1295 4071 1353 4143 4)
1377 4088 1392 4138 ;
1424 4081 1476 4127 et
1507 4071 1633 4126 alibi
1662 4090 1674 4126 :

113 4156 242 4214 Sicut
273 4161 508 4220 Christus
547 4160 573 4200 ά
607 4163 786 4218 dilexit
839 4179 953 4228 nos,
997 4173 1045 4218 et
1092 4163 1306 4217 tradidit
1353 4164 1678 4234 semetipsum

111 4270 190 4321 pro
211 4257 343 4312 nobis
370 4257 597 4331 (Ephes.
622 4271 677 4322 v,
701 4256 782 4325 2).
812 4256 867 4312 Si
896 4270 1026 4328 ergo
1055 4264 1110 4311 et
1146 4255 1378 4312 traditus
1408 4265 1494 4312 est
1520 4271 1549 4309 a
1578 4255 1682 4310 Pa-

111 4350 201 4414 tre,
227 4358 275 4403 et
296 4351 408 4419 ipse
436 4365 498 4405 se
529 4348 777 4414 tradidit,
805 4358 1031 4419 apparet
1059 4363 1218 4402 unam
1261 4361 1384 4404 esse
1409 4347 1682 4418 operatio-

112 4450 236 4506 nem,
265 4459 418 4498 unam
448 4457 577 4498 esse
605 4441 780 4497 Patris
805 4451 858 4496 et
885 4440 1006 4496 Filii
1034 4441 1391 4497 voluntatem.

1783 3233 1946 3296 toquc
1979 3226 2098 3280 navi
2127 3241 2248 3295 qua:
2279 3226 2532 3282 ﬂuetibus
2555 3229 2894 3296 turbaretur;
2921 3231 3012 3288 ubi
3044 3249 3162 3288 eam
3197 3245 3376 3291 tamen

1780 3318 2032 3375 Christus
2078 3319 2358 3385 ascendit;
2412 3321 2680 3390 placidata
2731 3339 2971 3394 aequora,
3013 3336 3066 3380 et
3109 3327 3376 3384 elementa

1779 3426 2124 3483 conspexere
2169 3411 2517 3478 famulantia,
2548 3429 2735 3470 verum
2772 3415 2862 3470 Dei
2895 3414 3090 3472 Filium
3132 3419 3374 3475 credideo

1780 3513 1906 3559 runt
1932 3546 1947 3570 ,
1981 3503 2227 3559 dicentes
2253 3522 2265 3558 :
2306 3503 2436 3560 Vere
2463 3505 2560 3560 Dei
2589 3505 2764 3560 Filius
2794 3523 2846 3561 es
2877 3506 2896 3576 (
2921 3505 3107 3564 Matth.
3144 3526 3241 3566 xxv
3263 3553 3278 3577 ,
3310 3512 3382 3567 25

1781 3609 1829 3655 et
1856 3617 1959 3671 seq.
1981 3601 2026 3673 ).

1853 3695 1980 3753 114.
2023 3696 2137 3752 [ioc
2182 3695 2326 3752 idem
2377 3695 2639 3752 Centurio
2689 3711 2812 3751 cum
2858 3696 2984 3750 aliis
3041 3697 3134 3767 qui
3191 3711 3376 3754 secum

1781 3798 1960 3853 erant,
1995 3786 2331 3843 tremefactis
2359 3786 2542 3841 tnundi
2573 3786 2884 3841 cardinibus
2914 3787 2965 3840 in
3000 3788 3249 3856 passione
3274 3788 3373 3843 Do-

1781 3883 1917 3936 mini
1967 3880 2293 3936 conﬁtetur:
2328 3887 2384 3934 et
2413 3888 2466 3932 tu
2491 3920 2505 3943 ,
2554 3877 2832 3935 haeretica.
2868 3881 3070 3948 negas!
3124 3879 3378 3937 Centurio

1782 3971 1915 4029 dicit
1942 3993 1954 4030 :
1999 3972 2121 4027 Vere
2151 3970 2198 4024 F
2203 3972 2322 4025 ilius
2354 3969 2443 4024 Dei
2488 3980 2598 4024 erat
2648 3971 2742 4023 iste
2770 3969 2791 4040 (
2817 3969 3001 4025 Matth.
3042 3988 3212 4040 xxvtt,
3241 3973 3309 4030 51
3336 3974 3375 4046 ).

1783 4065 1934 4135 Erat,
1961 4066 2134 4138 inquit
2159 4065 2442 4130 Centurio,
2470 4071 2526 4120 et
2543 4064 2777 4119 Arianus
2803 4065 2956 4130 dicit,
2987 4083 3093 4122 non
3121 4082 3257 4124 erat.
3284 4069 3382 4128 Ille

1784 4175 1916 4232 ergo
1940 4159 2306 4231 generationis
2335 4167 2390 4214 et
2411 4159 2696 4214 veritatem
2721 4165 2779 4212 et
2801 4159 3161 4215 mternitatem
3186 4163 3381 4218 asserit

1785 4270 1945 4310 manu
1978 4261 2267 4315 cruentus,
2316 4251 2410 4306 sed
2443 4259 2626 4308 mente
2657 4252 2884 4307 devotus
2921 4269 2934 4305 :
2969 4260 3045 4319 tu,
3081 4253 3338 4312 lueretice
3363 4298 3377 4320 .

1784 4352 2067 4404 veritatem
2096 4345 2465 4418 generationis
2507 4359 2694 4416 negas.
2729 4354 2939 4416 tempus
2964 4346 3216 4404 ascribis.
3271 4345 3385 4404 Uti-

1737 4441 1742 4447 ’
1795 4456 1919 4496 nam
1949 4455 2141 4495 manus
2180 4441 2357 4510 potius
2403 4454 2563 4509 quam
2595 4440 2830 4494 animum
2863 4441 3244 4496 cruentasses!
3276 4438 3384 4496 Sed

175 4534 283 4591 110.
306 4538 360 4594 Si
383 4537 689 4593 naturalem
707 4547 837 4606 ergo
853 4534 1191 4606 maiestatem
1208 4533 1524 4607 quaerimus,
1542 4534 1688 4606 geni-
1713 4515 1766 4577 Ῐ)
1793 4552 1894 4593 nec
1923 4551 2082 4592 manu
2114 4536 2400 4602 innocens,
2430 4545 2484 4588 et
2514 4543 2696 4589 mente
2719 4533 2924 4598 feralis,
2958 4543 3218 4604 quantum
3251 4533 3301 4588 in
3334 4540 3388 4588 to

113 4630 297 4682 tusest.
315 4629 414 4697 Qui
437 4629 682 4700 genitum
708 4627 1004 4692 inliciatur,
1049 4628 1323 4699 preprium
1366 4629 1688 4699 negatzqui

113 4722 362 4789 proprium
391 4721 604 4783 abnuit.
633 4736 980 4776 communem
1007 4719 1221 4776 emteris
1250 4720 1569 4775 arbitratur.
1591 4720 1684 4778 Sin

113 4823 227 4868 vero
253 4816 625 4885 generationis
669 4815 838 4884 ipsius
881 4815 1269 4884 proprietatem
1318 4815 1685 4886 requirimus,

113 4912 174 4954 ex
200 4903 297 4958 Deo
322 4906 514 4960 exivit.
559 4903 690 4959 Nam
715 4902 884 4975 466
917 4919 1036 4959 cum
1081 4904 1133 4959 itt
1163 4919 1260 4959 usu
1306 4913 1493 4959 nostro
1537 4904 1588 4959 id
1617 4905 1688 4960 sit

113 5047 140 5074 τ’
179 5049 202 5077 ⁸
242 5041 353 5099 Vet.
386 5043 522 5100 edit.
574 5057 637 5097 ac
678 5056 808 5097 mss.
857 5041 1126 5102 nonnulli.
1162 5041 1245 5095 cui
1273 5040 1404 5094 nihil
1445 5040 1683 5105 accidat;

115 5107 260 5166 Rom.
286 5114 415 5169 edit.
449 5124 506 5168 et
535 5113 622 5167 alii
655 5128 785 5168 mss.
831 5113 1331 5178 nutttcrosiorcs,...
1357 5112 1586 5166 accedat.
1623 5111 1689 5164 Et

114 5180 238 5253 inira
269 5185 352 5240 ubi
403 5201 506 5240 nos
548 5200 666 5239 cum
708 5184 896 5240 eadem
939 5184 1097 5238 Rom.
1127 5183 1260 5238 edit.
1291 5198 1375 5237 ac.
1405 5199 1535 5237 mss.
1565 5183 1685 5253 pitt-

114 5252 271 5326 ribns,
303 5260 414 5326 fatu
449 5255 877 5326 interpretabilts,
909 5265 1000 5310 aut
1029 5255 1202 5325 affatu
1233 5265 1290 5308 ιιι
1320 5255 1372 5308 ἱιι
1405 5269 1536 5308 mss.
1566 5252 1686 5326 qni-

116 5321 355 5397 busdam;
404 5321 606 5381 exteri
629 5342 758 5383 mss.
790 5337 845 5383 et
883 5327 1041 5391 edit.,
1064 5321 1234 5397 'faetu
1267 5321 1684 5397 interpretahilis.

115 5391 222 5468 Non
262 5391 484 5452 omnino
513 5399 672 5464 male,
713 5398 759 5451 si
784 5403 921 5468 facta
951 5391 1183 5468 positum
1213 5395 1374 5451 fuerit
1404 5391 1518 5464 'pro
1548 5394 1692 5448 facto

120 5467 223 5519 SiVe
268 5469 609 5535 operatione,
663 5467 804 5524 unde
859 5467 1026 5524 Deum
1081 5469 1504 5537 interpretamur
1527 5474 1693 5537 atque

118 5540 499 5595 eoanoseitnus.

251 5613 319 5680 Ita
348 5610 477 5666 Gill.
527 5624 592 5664 ac
628 5611 790 5666 Rom.
839 5609 972 5666 edit.
1026 5623 1150 5664 cum
1195 5623 1325 5664 mss.
1377 5609 1696 5680 plerisque:

123 5677 330 5733 Ainerb.
356 5696 488 5751 vero
515 5691 575 5735 et
595 5681 767 5747 Eras.,
801 5691 845 5735 et
871 5699 902 5734 a
926 5681 1033 5735 Deo
1053 5696 1226 5745 verus;
1255 5677 1447 5751 reliqui
1468 5677 1704 5751 denique

123 5763 271 5816 mss.,
301 5760 344 5806 et
371 5769 404 5808 a
429 5750 547 5807 Deo
579 5751 734 5808 Deus.

557 5843 828 5905 Pax-non.
878 5843 1042 5905 XVI.

1793 4637 1895 4694 est,
1933 4637 2160 4683 mortem
2189 4625 2377 4692 infers,
2427 4626 2518 4694 qui
2553 4624 2824 4679 inlirtnnm
2867 4626 3149 4694 Opinaris;
3195 4627 3383 4694 immo,

1792 4719 1934 4792 quod
1965 4719 2182 4790 gravius
2209 4727 2311 4784 est,
2344 4716 2448 4772 etsi
2493 4716 2748 4770 divinitas
2784 4718 2980 4772 vulnus
3025 4719 3229 4774 sentire
3273 4734 3386 4774 non

1792 4811 1988 4882 possit,
2016 4809 2158 4880 quod
2206 4811 2258 4864 in
2302 4818 2355 4863 te
2388 4820 2566 4863 tamen
2606 4817 2710 4877 est,
2760 4809 3097 4879 maiestatem
3144 4826 3296 4866 suam
3330 4811 3384 4867 in

1793 4903 2036 4968 Clit-isto,
2072 4918 2179 4956 non
2209 4916 2406 4972 corpus
2433 4899 2744 4956 interﬁcere
2771 4903 3006 4957 conaris.

1868 5048 1889 5075 ε
1931 5035 2057 5090 Mss.
2084 5051 2192 5090 non
2222 5037 2396 5104 pauci,
2420 5034 2696 5101 quaerimus
2721 5038 3031 5103 naturalem,
3054 5039 3273 5104 gemitus
3294 5049 3372 5094 est.

1865 5105 1891 5144 ά
1933 5107 2061 5161 Mss.
2095 5109 2320 5171 ιιΙίιιιιυι,
2347 5105 2529 5160 dilexit
2557 5121 2665 5171 vos,
2695 5117 2832 5162 et....
2861 5125 2956 5177 pro
2983 5105 3139 5165 voliis.

1871 5188 1893 5214 ε
1936 5179 2061 5232 Mss.
2091 5190 2223 5234 tres,
2265 5179 2402 5247 quod
2443 5177 2553 5248 jam
2596 5179 2661 5231 sit
2705 5195 2768 5232 ex
2811 5181 3139 5236 interioribus
3191 5187 3395 5239 secretis

1795 5250 1974 5308 exire.
2006 5249 2173 5319 quod,
2210 5262 2308 5305 etc.
2331 5266 2357 5321 7;
2407 5265 2576 5312 unus,
2619 5249 2756 5320 quod
2797 5252 2908 5321 jam
2959 5268 3023 5306 ex
3071 5255 3397 5311 interioribus

1796 5321 2001 5376 secretis
2024 5323 2230 5388 prodire
2253 5320 2512 5383 videatur.
2543 5331 2650 5374 etc.

1879 5391 1898 5429 τ
1941 5391 2141 5447 Omnes
2172 5393 2303 5446 edit.
2342 5407 2405 5446 ac
2457 5394 2608 5465 [taltt‘i
2640 5407 2794 5459 mss.,
2824 5394 2870 5446 si
2898 5409 2952 5447 se
2981 5410 3094 5449 cum
3127 5413 3262 5465 uno;
3291 5413 3400 5454 ete-

1802 5465 2006 5538 teri,_s_i
2032 5480 2086 5518 se
2115 5479 2417 5538 cuntgvero:
2453 5463 2664 5538 melius.
2699 5474 2754 5538 ut
2775 5480 2880 5538 per
2910 5481 2969 5520 se
2999 5468 3184 5538 liquet.

1879 5546 1904 5583 ts
1945 5535 2060 5590 Non
2105 5535 2257 5603 panei
2305 5551 2462 5597 mss.,
2506 5533 2724 5607 Turbati
2768 5535 2820 5588 in
2866 5539 2996 5606 freto
3048 5533 3402 5607 apostolorum

1807 5607 1924 5662 licet
1950 5607 2124 5661 adhuc
2153 5623 2254 5660 non
2287 5605 2604 5660 credentium
2629 5605 2811 5671 chori;
2843 5605 3001 5673 unus,
3039 5605 3321 5666 Turbatam
3353 5615 3406 5669 in

1811 5678 1941 5748 freto
1983 5679 2333 5755 apostolorum
2389 5678 2503 5755 licet
2551 5675 2722 5755 adhuc
2765 5695 2864 5733 non
2913 5681 3228 5739 credentium
3253 5701 3409 5755 cor._,°

1806 5744 2145 5807 commodius
2175 5750 2263 5804 alii
2293 5756 2350 5804 et
2377 5744 2508 5802 edit.
2541 5756 2599 5800 ut
2631 5748 2684 5801 in
2715 5757 2884 5804 textu.
3369 5748 3376 5757 '

2903 5841 2976 5906 18
