3952 6178
124 254 218 321 557

1474 274 1563 345 DE
1602 272 1762 347 FIDE
1801 278 1933 346 LIB.
1973 282 2015 343 Ι.

3275 296 3380 357 558

120 380 265 479 ellnsa
290 395 348 437 se
375 395 468 443 sua
491 382 700 442 viscera
733 385 1030 458 volutanti;
1062 397 1123 451 ut
1152 405 1581 464 agnosceremus
1606 398 1681 454 si-
1707 401 1754 461 Δ
1784 397 1914 461 lium
1942 400 2210 465 creaturis
2238 400 2433 474 quibus
2462 398 2719 474 praeferre
2747 403 2774 455 ι»
2802 418 2863 465 se
2889 406 3170 479 simulant,
3194 413 3380 467 conte—

119 473 279 529 milem
305 474 452 531 ludar
478 477 769 548 proditoris
795 481 907 537 Arii
939 499 1155 558 quoque
1187 488 1351 544 fuisse
1376 490 1678 560 perlidianl.

115 583 255 637 quem
281 570 473 625 similis
503 586 657 641 pcena
686 574 999 633 damnavit?

176 659 288 716 121.
329 660 503 725 Eliusa
534 675 660 720 sunt
689 668 832 723 enim
861 678 918 727 et
949 670 1063 728 Arii
1094 674 1328 741 viscera,
1380 678 1549 746 pudet
1594 678 1679 737 di-

112 764 220 807 cere
243 752 345 816 ubi,
376 764 535 827 atque
566 757 637 812 ita
667 760 885 829 crepuit
916 764 1154 832 medius,
1188 778 1495 836 prostratus
1522 771 1572 825 iu
1605 770 1685 827 la—

111 843 259 909 ciem;
287 860 348 901 ea
374 846 570 917 quibus
598 848 877 908 Christum
910 869 1222 928 negaverat,
1250 860 1390 917 {teda
1433 878 1529 918 ora
1561 864 1681 933 pol-

113 935 257 992 lutus.
305 938 528 1010 Crepuit
565 944 739 1012 enim,
793 946 935 1014 sient
985 951 1150 1006 etiam
1203 953 1271 1009 de
1321 953 1459 1010 .luda
1488 956 1687 1015 Petrus

111 1033 366 1102 apostolus
393 1034 528 1093 dixit
561 1037 701 1111 (Act.
733 1056 772 1105 ι,
800 1041 911 1112 18),
952 1046 1078 1113 quia
1111 1047 1357 1115 possedit
1398 1064 1587 1120 agrum
1615 1051 1686 1107 de

110 1127 340 1184 mercede
373 1131 676 1199 injustitiw,
709 1145 761 1190 et
787 1135 840 1190 in
880 1135 1072 1193 faciem
1123 1148 1429 1209 prostratus
1472 1143 1687 1214 crepuit

109 1225 317 1287 medius,
348 1235 404 1281 et
431 1226 603 1283 eﬂ'usa
645 1240 773 1285 sunt
810 1234 992 1287 omnia
1034 1236 1245 1291 viscera
1274 1236 1413 1306 ejus.
1445 1237 1559 1295 Non
1603 1247 1688 1297 est

106 1314 301 1375 fortuita
354 1334 530 1388 mors,
584 1322 674 1381 ubi
704 1322 759 1395 in
804 1326 1096 1398 sacrilegio
1124 1329 1240 1398 pari
1268 1344 1441 1399 pecua:
1499 1331 1688 1401 parilis

105 1411 351 1479 processit
377 1413 739 1484 exemplum;
761 1425 823 1473 ut
878 1417 1022 1474 idem
1074 1420 1327 1490 subirent
1364 1422 1686 1493 supplicium

104 1501 181 1572 qui
207 1504 453 1563 eumdem
485 1506 777 1571 Dominum
822 1522 1185 1581 negaverunt;
1217 1523 1272 1575 et
1296 1514 1388 1585 qui
1436 1514 1687 1573 eumdem

105 1594 368 1661 Dominum
408 1599 800 1671 prodiderunt.

165 1687 274 1743 125,
298 1688 601 1746 Veniamus
620 1692 687 1747 ad
704 1694 834 1752 alia.
852 1695 1015 1751 Arius
1049 1696 1180 1754 dicit
1207 1716 1220 1753 :
1248 1699 1548 1770 Antequam
1565 1715 1689 1757 nas-

106 1792 315 1889 geretur,
345 1797 454 1840 non
487 1793 636 1839 erat:
664 1786 758 1840 sed
790 1786 1068 1857 Scriptura
1089 1789 1223 1845 dicit
1250 1793 1429 1845 omnia
1450 1806 1571 1847 esse
1593 1807 1690 1862 per
1866 1811 2087 1881 aliquem
2111 1813 2359 1877 ατιυοιρτε
2385 1814 2576 1881 “3mm,
2598 1830 2719 1872 vero
2738 1817 2808 1873 αα
2829 1834 2905 1889 δε,

105 1870 296 1926 Filium.
337 1874 632 1942 Quomodo
657 1893 790 1949 ergo
819 1878 939 1934 aliis
965 1880 1115 1935 dedit
1136 1896 1277 1949 esse,
1300 1884 1389 1956 qni
1410 1899 1513 1940 non
1534 1885 1686 1941 erat?

105 1962 217 2021 Cum
241 1978 419 2023 autem
452 1969 591 2024 dicit
621 1970 843 2041 impius,
868 1974 1089 2043 quando
1112 1984 1164 2028 et
1187 1984 1331 2043 ante,
1359 1976 1472 2032 hcce
1503 1978 1687 2047 utique

106 2059 193 2114 duo
218 2061 374 2116 verba
409 2072 632 2132 tempus
654 2065 969 2121 ostendunt.
1008 2067 1299 2134 Quomodo
1326 2083 1459 2139 ergo
1488 2077 1688 2140 negant

106 2162 291 2225 tempus
307 2166 433 2211 ante
462 2155 694 2225 Filium,
725 2168 778 2211 et
800 2159 989 2213 volunt
1021 2160 1175 2231 prius
1206 2160 1374 2217 fuisse
1400 2178 1521 2232 qum
1553 2172 1689 2217 tem-

107 2249 229 2314 poris
248 2258 368 2303 sunt
384 2266 397 2302 :
414 2264 547 2305 cum
566 2249 823 2320 illipsum,
844 2253 1059 2322 quando
1085 2259 1141 2311 et
1167 2260 1293 2319 ante
1313 2262 1369 2309 et
1395 2253 1689 2326 aliquando

106 2351 193 2391 non
220 2338 399 2405 luisse,
425 2341 506 2395 sit
535 2342 826 2409 temporis?

161 2428 310 2505 569
346 2433 474 2488 126.
527 2434 695 2487 Arius
713 2434 844 2489 dicit
866 2450 932 2490 ex
965 2436 1136 2491 nihilo
1169 2437 1263 2492 Dei
1307 2436 1691 2515 Filium.Quo-

106 2525 248 2577 modo
276 2542 401 2597 ergo
441 2526 542 2587 Dei
574 2525 790 2583 Filius?
818 2528 1094 2598 quomodo
1134 2539 1363 2600 paterno
1393 2540 1689 2602 generatus

105 2632 158 2671 ex
185 2622 369 2675 utero?
396 2621 684 2691 quomodo
705 2632 1008 2677 eructatum
1039 2639 1103 2678 ex
1131 2624 1300 2679 corde
1333 2623 1573 2680 Verbum
1608 2625 1684 2681 le-

104 2712 247 2780 gitur,
269 2715 366 2771 nisi
396 2724 457 2771 ut
480 2730 558 2771 ex
590 2714 785 2770 intimo
806 2726 862 2770 ct
891 2717 1257 2772 inaestimabili
1288 2716 1468 2773 Patris
1491 2718 1691 2774 intelli-

105 2815 345 2875 gatur,ut
390 2810 665 2879 scriptum
722 2818 846 2874 est,
891 2809 1157 2879 prodiisse
1210 2812 1468 2866 secreto?
1522 2812 1690 2868 Filius

103 2899 226 2953 enim
256 2910 345 2955 aut
371 2916 469 2971 per
501 2899 883 2970 adoptionem,
927 2910 1135 2971 autper
1167 2913 1412 2957 naturam
1445 2913 1568 2959 est:
1597 2921 1691 2975 per

104 2988 419 3060 adoptionem
451 3007 564 3048 nos
600 2992 690 3046 lilii
723 2992 977 3057 dicimur,
1006 2994 1100 3048 ille
1149 3009 1247 3063 per
1278 2997 1565 3051 veritatem
1598 3013 1692 3050 na-

78 3092 216 3148 ,tnrzc
239 3097 337 3147 est.
360 3086 661 3157 Quomodo
689 3102 821 3157 ergo
850 3104 913 3143 ex
949 3087 1122 3143 nihilo
1145 3088 1266 3153 ille,
1300 3089 1392 3159 qui
1422 3104 1489 3145 ex
1520 3090 1690 3146 nihilo

100 3176 211 3237 fecit
238 3179 416 3239 omnia
448 3178 637 3252 (Psal.
660 3194 806 3237 xuv.
843 3178 938 3251 l)?

159 3272 270 3332 127.
308 3272 427 3335 Non
458 3272 633 3333 habet
660 3272 883 3340 Filium,
913 3273 1005 3343 qui
1036 3274 1213 3329 nescit
1246 3273 1390 3330 unde
1415 3274 1505 3330 sit.
1534 3275 1696 3330 Deniv

1784 490 1974 546 rendo.

1860 584 1985 642 150.
2023 584 2188 641 Arius
2214 586 2347 643 dicit
2374 599 2682 649 creaturam
2708 591 2805 648 Dei
2837 592 3057 665 Filium,
3095 611 3201 653 non
3242 599 3385 656 sicut

1784 683 2013 731 cmleras
2040 685 2339 734 creaturas.
2394 679 2527 747 Qua:
2576 684 2721 745 enim
2755 692 3005 747 creatura
3041 696 3063 727 ε
3091 702 3199 743 non
3243 690 3386 751 sicut

1785 766 1891 821 alia
1912 778 2159 823 creatura
2183 785 2291 825 non
2322 773 2447 827 est?
2495 772 2671 829 Homo
2705 790 2809 829 non
2843 786 2902 831 ut
2927 776 3189 849 Angelus,
3236 789 3384 847 terra

1788 875 1893 913 non
1924 870 1977 915 ιιι
2001 862 2221 927 ctelum,
2245 864 2328 918 sol
2357 879 2464 923 non
2490 873 2548 927 ut
2570 881 2729 937 aqua,
2764 867 2945 933 iumen
3000 885 3107 929 non
3138 881 3197 927 ut
3232 882 3389 935 tene-

1790 950 1922 1013 braa.
1952 950 2094 1009 Nihil
2123 968 2253 1025 ergo
2282 955 2625 1023 pra~ferendo
2648 957 2892 1026 donavit,
2945 961 3041 1025 sed
3072 962 3139 1025 ad
3179 966 3389 1035 simpli-

1786 1060 1879 1101 ces
1908 1045 2262 1116 decipiendos
2290 1051 2496 1109 misero
2526 1052 2712 1120 colore
2741 1053 2988 1121 fraudem
3045 1070 3157 1113 sua:
3197 1057 3388 1129 impie-

1788 1137 1914 1190 tatis
1941 1137 2187 1193 obduxit.

1861 1230 1985 1291 151,
2026 1230 2192 1286 Arius
2219 1232 2352 1293 dicit
2398 1235 2722 1305 mutabilem
2748 1249 2799 1295 et
2825 1240 3243 1305 convertibilcm
3297 1242 3391 1305 Dei

1789 1319 2009 1379 Filium.
2041 1321 2332 1391 Quomodo
2354 1341 2484 1396 ergo
2515 1327 2679 1395 Dens,
2710 1330 2755 1387 si
2780 1330 3097 1397 mutabilis;
3130 1348 3252 1399 cum
3275 1333 3393 1404 ipse

1787 1411 1993 1473 dixerit
2019 1432 2031 1467 :
2071 1413 2186 1487 Ego
2215 1433 2349 1484 sum,
2382 1433 2473 1493 ego
2503 1436 2639 1490 sum,
2668 1430 2834 1485 etnon
2855 1439 2968 1489 sum
2994 1434 3223 1491 mutatus
3246 1424 3391 1499 (Ma-

1790 1506 1891 1565 lae.
1925 1523 2004 1577 ιιι,
2039 1507 2095 1580 6)
2114 1508 2137 1563 ?

2431 1604 2813 1664 CAPUT,XX.

1796 1713 1954 1785 Optat
1978 1716 2048 1773 ad
2082 1734 2136 1773 se
2163 1719 2524 1775 mandandum
2546 1730 2605 1779 ut
2627 1722 2753 1777 olim
2776 1723 2847 1778 ad
2869 1722 3088 1781 Esaiam
3109 1725 3390 1799 Seraphin:

2936 1820 3005 1883 ad
3018 1817 3392 1891 Imperatorem

1860 1906 2089 1976 aliosque
2119 1908 2332 1965 lectores
2378 1923 2499 1967 suos
2551 1906 2817 1969 Christum
2843 1912 3024 1967 inuitat
3053 1927 3071 1966 :
3096 1929 3158 1967 as
3186 1914 3407 1968 tandem-

1860 1996 2133 2052 Dominieo
2159 1999 2345 2070 poculo
2366 2000 2578 2071 mystice
2606 2000 2897 2070 designato,
2949 2011 3003 2054 ut
3038 2006 3155 2076 ejus
3208 2006 3394 2060 uirtute

1863 2090 2149 2145 Gratianus
2183 2094 2458 2162 ceterique
2478 2092 2657 2161 ﬁdeles
2683 2093 3026 2165 inebrientur,
3054 2096 3197 2164 petit.

1861 2248 1984 2303 152.
2028 2248 2227 2309 Verum
2257 2264 2402 2315 nunc
2428 2249 2558 2319 mihi
2581 2250 2957 2321 propheticum
2990 2252 3126 2323 illud
3153 2266 3237 2310 est
3260 2271 3390 2319 con-

1791 2340 2073 2406 litendum,
2105 2340 2249 2408 quod
2297 2341 2719 2411 prophetatnrus
2749 2342 2817 2397 de
2846 2343 3075 2400 Domino
3105 2347 3390 2415 praemittit

1790 2432 1977 2487 Esaias
2015 2431 2207 2487 dicens
2241 2450 2255 2484 :
2292 2433 2338 2487 υ
2369 2434 2526 2487 miser
2550 2452 2667 2511 ego,
2701 2445 2747 2489 et
2774 2447 3078 2507 cpmpuncto
3106 2439 3278 2507 corde,
3308 2444 3395 2514 qui

1790 2540 1909 2580 cum
1930 2526 2198 2581 immunda
2221 2526 2359 2583 labia
2382 2527 2617 2587 habeam.
2661 2529 2715 2583 in
2755 2528 2923 2595 medio
2970 2546 3171 2601 quoque
3213 2535 3396 2605 populi

1790 2618 2068 2674 inhabilem
2089 2620 2357 2677 immunda
2379 2620 2517 2675 labia
2533 2620 2805 2688 habentis;
2834 2625 2942 2679 vidi
2964 2623 3244 2682 Dominum
3287 2628 3392 2683 Sa?

1792 2711 1946 2765 baotlt
1978 2710 2149 2783 (Esai.
2184 2727 2260 2779 vr,
2290 2713 2369 2781 5).
2406 2712 2550 2783 Ergo
2571 2715 2617 2768 si
2648 2714 2839 2771 Esaias
2872 2718 3130 2773 miserum
3159 2735 3219 2775 se
3238 2720 3391 2787 dicit,

1791 2806 1881 2874 qui
1931 2804 2063 2861 vidit
2096 2804 2383 2869 Dominum
2410 2803 2575 2877 470
2600 2806 2839 2862 διιιιιιοιιι
2872 2827 2884 2861 :
2915 2810 3042 2879 quid
3069 2826 3174 2883 ego
3203 2811 3271 2868 de
3302 2828 3392 2868 me

1791 2895 1990 2961 dicam,
2036 2896 2126 2967 qui
2182 2910 2304 2951 cum
2367 2897 2644 2951 immunda
2686 2898 2822 2953 labia
2855 2898 3107 2969 habeam,
3139 2918 3299 2974 cogor
3325 2903 3394 2960 de

1796 2990 1886 3044 Dei
1917 2976 2269 3059 generatione
2299 2988 2572 3044 tractare?
2601 2989 2719 3057 Quo
2746 2991 2910 3061 igitur
2934 2992 3001 3048 de
3041 2993 3104 3047 iis
3132 3009 3250 3064 quae
3280 3012 3396 3051 mc-

1793 3091 1906 3148 tuo,
1942 3083 2224 3138 locuturus
2254 3097 2482 3152 crinupo
2505 3099 2519 3148 ;
2542 3097 2665 3141 cum
2697 3084 2860 3155 Daild
2885 3084 2957 3147 de
2988 3084 3055 3142 iis
3080 3102 3201 3157 quae
3255 3090 3395 3143 sciat

1713 3172 1757 3236 C
1789 3182 1868 3234 ori
1901 3194 2001 3236 suo
2020 3178 2322 3235 custodiam
2359 3188 2504 3263 petat
2531 3176 2709 3252 (Prol.
2744 3195 2968 3251 sxxvm,
2994 3181 3093 3253 2)?
3122 3181 3167 3237 Ο
3188 3184 3232 3237 si
3259 3182 3390 3237 mihi

1796 3289 2012 3345 quoque
2043 3290 2182 3330 unus
2207 3273 2275 3329 de
2306 3271 2590 3345 Seraphim
2624 3274 2945 3333 candentem
3002 3275 3155 3331 illum
3202 3278 3392 3334 carbo—

99 3377 189 3429 que
237 3381 335 3427 nec
376 3366 564 3423 Judaei
623 3364 891 3423 habebant
946 3365 1169 3432 Filium,
1222 3369 1345 3437 quia
1379 3367 1519 3423 unde
1547 3377 1697 3425 esset
1797 3384 1940 3437 nem,
1970 3385 2131 3441 quem
2163 3368 2230 3423 de
2251 3367 2409 3423 altari
2437 3366 2621 3424 divino
2649 3370 2900 3441 sumpsit,
2942 3371 3226 3449 utriusque
3273 3372 3387 3429 for-

100 3458 412 3515 nesciebant.
450 3460 528 3515 Et
560 3456 685 3513 ideo
713 3457 853 3513 dixit
889 3458 974 3513 his
1002 3458 1541 3516 Dominus:Nesritis
1562 3461 1699 3517 unde
1793 3462 1913 3532 cipe
1936 3461 2189 3518 deferens
2210 3460 2567 3535 Tcstamenti,
2605 3462 2881 3518 immunda
2918 3465 3112 3520 adurat
3134 3467 3275 3522 labia
3302 3467 3315 3520 !

97 3552 219 3623 υειιι(
238 3552 395 3611 Joan.
422 3570 514 3610 vm
541 3594 557 3617 ,
584 3551 674 3620 14)
702 3568 716 3617 ;
740 3560 797 3608 et
826 3550 964 3606 inira
988 3569 1001 3605 :
1032 3551 1210 3623 Neque
1233 3570 1311 3609 me
1332 3554 1693 3624 nostis,neque

99 3640 283 3703 Patrem
311 3664 483 3703 meum
504 3645 657 3703 scitis
682 3642 852 3717 (Ibid.
874 3643 985 3715 19).
1013 3645 1112 3713 Qui
1143 3646 1284 3703 enim
1315 3656 1471 3717 negat
1502 3662 1567 3703 ex
1593 3646 1693 3702 Pa-

99 3741 166 3793 tre
188 3736 397 3806 Filium,
431 3754 547 3797 nec
570 3737 787 3795 Patrem
821 3753 885 3792 ex
917 3752 1025 3808 quo
1050 3744 1136 3794 est
1164 3737 1516 3805 Filius,uovit
1549 3758 1562 3795 :
1591 3755 1689 3795 ne-

97 3842 182 3898 que
210 3830 398 3897 Filium
432 3831 636 3895 novit;
663 3831 788 3903 quia
814 3831 1027 3886 Patrem
1054 3832 1225 3887 nescit
1253 3830 1451 3903 (ϐαιαι.
1480 3846 1554 3899 tv,
1603 3833 1685 3903 5).

157 3923 270 3987 128.
311 3927 477 3982 Arius
510 3924 654 3983 dicit
686 3942 699 3978 :
731 3924 814 3981 Ex
847 3924 949 3978 alia
979 3924 1304 3981 substantia.
1348 3923 1481 3991 Qua:
1524 3924 1689 3994 igitur

98 4012 185 4073 alia
203 4018 510 4077 substantia
546 4027 796 4088 sequatur
825 4017 920 4078 Dei
947 4018 1104 4085 Filio,
1140 4027 1198 4077 ut
1223 4034 1287 4073 ex
1318 4019 1434 4088 ipsa
1480 4017 1573 4084 Dei
1602 4016 1687 4072 Fi-

99 4107 187 4169 lius
208 4112 309 4170 sit?
334 4115 445 4173 Aut
474 4112 757 4184 quomodo
788 4112 1197 4183 reprehendunt
1222 4113 1344 4183 quia
1372 4128 1471 4167 nos
1493 4112 1545 4166 in
1576 4110 1686 4168 Deo

95 4214 172 4257 aut
213 4208 388 4267 οὐσίαν
434 4208 666 4273 Grzrce,
694 4215 787 4261 aut
817 4204 1009 4265 Latine
1039 4206 1397 4263 substantiam
1430 4205 1683 4271 dicimus,

100 4309 206 4359 cum
236 4316 300 4359 ex
345 4303 455 4357 alia
490 4299 737 4359 dicendo
778 4299 1080 4361 substantia
1123 4309 1148 4337 ιι
1183 4301 1274 4356 Dei
1306 4316 1429 4356 esse
1459 4300 1682 4369 Filium,

98 4390 239 4450 etiam
265 4395 369 4466 ipsi
401 4394 776 4459 substantiam
808 4393 905 4453 Dei
932 4408 1054 4453 esse
1082 4393 1442 4450 conﬁrment?

158 4484 269 4541 l29.
311 4486 421 4547 Sed
445 4487 497 4547 si
525 4486 848 4554 de-nomine
899 4487 1220 4543 substantiae
1250 4496 1344 4543 aut
1371 4494 1575 4543 natura:
1604 4486 1684 4541 di-

97 4578 519 4640 vinaevoluerint
565 4583 775 4648 dicere,
806 4581 970 4639 facile
1018 4582 1401 4647 revincentur;
1458 4583 1578 4652 quia
1624 4592 1681 4637 et
1708 4555 1756 4614 Ῑ)

95 4671 251 4727 οὐσίαν
263 4672 481 4742 Graece,
504 4685 565 4731 et
592 4673 788 4733 Latine
809 4673 1168 4731 substantiam
1201 4672 1517 4745 frequenter
1539 4673 1686 4729 Scri-

94 4770 230 4830 ptura
255 4767 609 4827 memoravit.
643 4767 709 4824 Et
744 4768 939 4824 Petrus
960 4768 1074 4824 vult
1101 4784 1224 4834 nos,
1249 4778 1311 4822 ut
1339 4768 1569 4837 legimus
1592 4767 1610 4838 (
1633 4766 1677 4822 11

96 4851 224 4913 Patr.
245 4875 282 4923 ι,
311 4860 392 4932 ὁ),
427 4861 632 4918 divinae
657 4870 942 4923 consortes
964 4860 1084 4916 ﬁeri
1114 4868 1342 4916 naturae.
1367 4859 1525 4927 Quod
1547 4859 1679 4925 sie:

92 4947 184 5011 alia
213 4953 523 5011 substantia
569 4954 762 5010 Filium
814 4954 1016 5022 dicent,
1052 4954 1243 5025 ipsise
1289 4954 1594 5017 revincunt.
1626 4961 1683 5010 et

90 5041 300 5101 verbum
321 5047 652 5105 substantia:
678 5046 825 5119 quod
850 5056 1100 5105 metuunt
1124 5046 1459 5111 conﬁtendo,
1503 5057 1556 5103 et
1590 5046 1681 5102 Fi-

90 5234 186 5301 tegl
204 5229 546 5297 Athanasius
574 5240 851 5291 memorat
875 5232 1026 5288 Orat.
1062 5248 1079 5287 ι
1109 5233 1159 5287 in
1203 5231 1390 5288 Arian.
1417 5240 1473 5286 et
1494 5230 1665 5286 fusius

91 5242 186 5350 ιρῖ
204 5242 546 5297 ᾼιιιαιιιιειιιε
574 5242 851 5291 memorat
875 5242 1026 5288 Urat.
1062 5248 1079 5287 ι
1109 5242 1159 5315 in
1203 5242 1390 5288 Arian.
1417 5242 1473 5286 et
1494 5242 1663 5286 t'usms

91 5298 148 5379 ad
191 5316 252 5384 ne
280 5304 442 5374 epist.
469 5301 788 5384 ad.Serap.,
823 5303 911 5384 ubi
958 5303 1267 5384 Maearturn_
1288 5305 1663 5384 presbyterum

92 5368 972 5445 eiusdemnarrationis'prmdem
1019 5378 1167 5429 citat.
1223 5368 1467 5429 Meminit
1500 5373 1663 5445 etiam

89 5439 195 5514 ejus
216 5445 557 5513 Epiphanius
588 5439 777 5500 hmrcsi
807 5444 1073 5514 69.,Qnod
1101 5454 1277 5500 autem
1296 5444 1668 5500 adhistoricos

1864 3555 1986 3609 155.
2026 3554 2097 3608 At
2125 3554 2255 3625 quia
2286 3563 2412 3609 tunc
2439 3554 2723 3625 Seraphim
2769 3556 3052 3612 descendit
3101 3558 3156 3612 in
3219 3558 3385 3630 ﬁgura

1792 3647 1858 3701 ad
1892 3646 2210 3721 prophetam
2261 3644 2433 3719 (Esai.
2495 3662 2571 3714 vt,
2624 3646 2719 3717 6):
2759 3657 2812 3715 tu
2867 3659 3077 3714 autem,
3140 3649 3389 3715 lTomine,

1791 3742 2033 3797 revelato
2090 3741 2350 3813 mysterio
2399 3741 2463 3796 ad
2514 3756 2612 3795 nos
2642 3742 2692 3795 in
2724 3758 2887 3809 carne
2916 3743 3135 3811 venisti,
3165 3760 3268 3809 non
3298 3761 3395 3817 per

1788 3832 2044 3904 legatum,
2080 3847 2255 3905 neque
2279 3846 2376 3900 per
2403 3832 2671 3897 nttntium,
2700 3833 2794 3899 sed
2825 3835 2941 3913 ipse
2969 3850 3063 3915 per
3097 3846 3168 3903 te,
3209 3837 3279 3892 ab
3299 3852 3395 3894 oc-

1789 3923 1950 3979 cultis
1976 3926 2112 3978 meis
2139 3923 2528 3979 conscientiam
2563 3940 2743 3981 meam
2780 3928 3043 3992 mundos;
3065 3937 3123 3991 ut
3144 3945 3243 4002 ego
3260 3947 3390 4001 quo.

1788 4033 1891 4089 que
1915 4017 2116 4073 dudum
2161 4018 2494 4083 immundus,
2527 4019 2620 4073 sed
2642 4019 2754 4091 jam
2787 4029 3043 4090 pertuam
3070 4026 3387 4083 misericor-

1787 4112 1928 4168 diam
1962 4113 2066 4169 lide
2101 4113 2355 4177 mundus,
2401 4111 2530 4177 illud
2567 4112 2878 4179 Davidicum
2912 4122 3126 4182 canam,
3153 4117 3341 4174 dicens
3369 4136 3385 4175 :

1788 4204 2023 4260 Psallam
2055 4204 2144 4260 tibi
2163 4205 2216 4259 in
2243 4204 2464 4271 cithara,
2492 4204 2629 4261 Deus
2667 4204 2839 4267 Israel
2870 4225 2882 4260 :
2908 4207 3204 4280 gaudebunt
3249 4209 3387 4263 labia

1788 4314 1921 4363 mea,
1949 4294 2073 4351 'dum
2098 4307 2366 4351 cantavero
2388 4297 2508 4365 tibi;
2537 4308 2585 4353 et
2606 4298 2781 4352 anima
2802 4315 3101 4370 numquam
3126 4299 3386 4357 redemisti

1788 4391 1959 4464 (Psal.
1984 4407 2078 4458 vn,
2101 4391 2193 4456 22,
2224 4391 2339 4455 25).

1858 4486 1981 4542 154.
2024 4484 2229 4555 Itaque,
2254 4485 2506 4552 Domine,
2528 4486 2948 4542 calumniatores
2973 4495 3093 4543 tuos
3118 4498 3171 4543 et
3201 4486 3385 4544 hostes

1785 4579 2126 4645 relinquens,
2176 4578 2364 4635 confer
2405 4588 2457 4635 te
2502 4581 2568 4635 ad
2619 4595 2757 4647 nos;
2791 4590 2845 4635 et
2896 4581 3172 4636 sanctilica
3220 4596 3383 4637 aures

1787 4673 2048 4745 principis
2084 4674 2349 4741 Gratiani,
2381 4674 2733 4746 omniumque
2761 4686 3022 4746 praeterea
3052 4691 3279 4747 quorum
3324 4675 3379 4730 in

1785 4782 1979 4822 manus
2003 4766 2091 4821 hic
2110 4766 2323 4821 libellus
2350 4768 2583 4834 venerit,
2610 4783 2807 4823 vacuas
2828 4768 2956 4823 mihi
2984 4776 3176 4837 praesta
3199 4784 3381 4835 mures;

1787 4858 1981 4915 necubi
2014 4857 2213 4912 auditae
2265 4856 2504 4927 perﬁdia:
2558 4859 2750 4914 sordes
2804 4859 3095 4915 resideant.
3138 4860 3383 4918 Emnnda

1787 4967 1939 5023 ergo,
1970 4950 2203 5006 emunda
2249 4964 2436 5005 aurem
2493 4965 2599 5006 non
2630 4951 2867 5006 fontanis
2897 4952 3125 5022 poeulis.
3156 4967 3256 5008 nec
3281 4954 3383 5009 llu-

1786 5046 1912 5101 viali
1961 5045 2190 5113 haustu,
2251 5057 2352 5099 nec
2402 5057 2629 5100 susurro
2682 5045 3119 5116 praetermeantis
3165 5046 3378 5103 rivuli:

1770 5241 1870 5282 nec
1892 5224 2197 5293 inferiores,
2219 5223 2319 5280 Dei
2339 5242 2448 5281 esse
2474 5224 2672 5281 Filium
2702 5243 2717 5280 :
2744 5235 2801 5281 ιιι
2831 5241 2925 5296 per
2953 5240 3013 5283 se
3036 5225 3241 5283 clarum
3270 5240 3375 5289 est.

1840 5372 1869 5411 ι)
1911 5371 2075 5438 Edit.,
2104 5370 2174 5427 Se
2198 5370 2461 5439 simulant,
2490 5369 2839 5439 cotequubnnt.

1846 5456 1869 5483 ο
1914 5444 2052 5498 Edit.
2082 5458 2290 5502 omnes,
2325 5452 2378 5497 et
2406 5457 2536 5498 is.
2568 5441 2791 5511 aliquot.
2820 5455 2927 5495 non
2948 5441 3077 5496 sicut
3099 5442 3205 5496 alia
3232 5460 3375 5499 erea-

93 5508 519 5587 Ecclesiasticos.
547 5531 667 5571 cum
698 5518 786 5571 vix
816 5508 965 5572 ullus
982 5518 1334 5573 eorumillam
1363 5516 1672 5587 prmtermi-
1772 5525 1889 5571 tura
1908 5525 1983 5569 est
2008 5516 2034 5568 ?
2066 5515 2233 5579 Male;
2286 5513 2391 5587 hoc
2435 5513 2578 5587 enim
2625 5508 3037 5587 signiﬁcaretur
3075 5515 3376 5582 quamlibet

91 5583 233 5703 fierit,
259 5602 729 5667 supervacaneum
762 5596 909 5655 esset
936 5590 1175 5660 ipsorum
1190 5583 1406 5655 nomina
1436 5589 1528 5651 hic
1549 5601 1675 5658 pro-

125 5667 230 5703 ere.

125 5667 230 5709 ere.

156 5732 180 5759 "
220 5727 423 5802 omnes
449 5728 734 5802 editaeum
759 5739 914 5802 parte
945 5746 1050 5787 non
1098 5730 1320 5786 minima
1351 5745 1481 5786 mss.
1512 5728 1680 5802 Deum

95 5810 190 5851 esse
241 5800 415 5868 ﬁlium
447 5818 461 5854 :
499 5799 694 5858 melius
750 5799 931 5859 tamen
961 5803 1075 5869 alii,
1123 5802 1214 5875 qui
1249 5815 1350 5857 nec
1374 5800 1681 5872 pauciores,

1775 5596 2077 5661 creaturam
2133 5583 2435 5661 essc‘sicut
2464 5586 2651 5661 aliam,
2684 5584 2829 5652 quod
2847 5601 2987 5661 eum
3016 5587 3375 5661 sequentibus

1779 5675 1888 5713 non
1941 5656 2197 5730 cohmret.
2254 5654 2468 5723 Optime
2521 5655 2683 5730 igitur
2718 5672 2782 5723 εξ
2812 5656 2935 5719 aliis
2964 5654 3377 5730 mssInegatio.

1784 5745 1909 5855 ne":
1964 5727 2183 5803 quidam
2230 5724 2905 5805 removent,plu.resvero
2938 5724 3373 5809 geminant'utiu

1813 5816 1878 5855 ex
1910 5816 1964 5855 υ.

1813 5816 1964 5857 ΘΧῐυ.
