3948 6172
511 319 617 375 559

1857 284 2103 348 SANCTI
2141 278 2469 344 AMBROSII

3669 260 3689 282 '
3704 260 3801 318 560

508 437 606 496 sed
635 431 976 491 sermonibus
1004 425 1070 480 ad
1103 425 1278 478 vicem
1305 426 1567 490 aquarum
1611 408 1990 482 operantibus,
2023 420 2116 460 su-
2145 406 2195 464 Α
2223 413 2311 456 res
2339 392 2570 467 AuguSli
2596 389 2793 446 mentis
2818 384 3075 449 emunda,
3127 387 3188 437 ut
3224 380 3364 435 sicut
3412 377 3541 432 vino
3584 373 3798 428 naturali

512 548 608 605 pra
637 530 868 583 nitorem
903 533 1168 589 aquarum
1211 511 1536 586 perspicuis,
1564 517 1618 564 et
1645 505 1791 561 omni
1811 500 2116 572 purioribus

513 626 684 686 nive;
720 619 824 674 illis
878 615 1065 685 utique
1114 607 1491 671 sermonibus,
1545 601 1738 672 quibus
1793 594 1974 650 dixi~ti
2011 608 2023 644 :
2057 591 2118 646 Si

514 713 707 786 fuerint
733 716 941 779 peccata
967 681 1136 759 uestra
1168 702 1299 756 sicut
1341 694 1670 769 phwnicium,
1703 699 1756 744 ut
1787 689 1951 742 nivem
1973 681 2120 739 deal-

514 805 642 860 babo
665 800 836 875 (Esai.
865 815 904 862 t,
932 795 1046 866 18).

587 895 712 975 155.
754 892 846 949 Est
881 889 1046 946 etiam
1075 884 1329 958 poculum
1361 896 1468 953 quo
1498 884 1708 934 secreta
1739 868 1936 930 mentis
1963 884 2120 924 mun-

515 968 648 1047 dare
668 984 1027 1050 consuevisti,
1059 980 1310 1052 poculum
1340 991 1446 1032 non
1497 984 1704 1028 natura:
1744 968 1968 1031 veteris,
2020 979 2122 1019 nec

516 1099 586 1140 ex
611 1081 723 1136 vite
759 1077 990 1134 solemni
1023 1092 1037 1130 :
1062 1071 1158 1128 sed
1184 1069 1435 1142 poculum
1464 1080 1662 1123 novum
1693 1062 1762 1118 de
1803 1058 1944 1115 coelo
1973 1056 2123 1112 dela—

520 1186 634 1232 tum
667 1175 722 1228 in
775 1181 998 1235 terram,
1061 1179 1383 1236 expressum
1414 1177 1480 1217 ex
1512 1161 1604 1214 illo
1647 1157 1918 1228 botryone
1961 1165 2122 1222 perc-

511 1272 689 1344 grino,
744 1266 835 1338 qui
864 1265 1006 1320 sicut
1034 1276 1138 1317 uva
1160 1260 1231 1316 de
1255 1259 1388 1322 vite,
1421 1257 1493 1310 ita
1527 1253 1619 1307 ille
1668 1251 1721 1305 iu
1753 1262 1918 1305 carne
1945 1243 2125 1301 crucis

515 1340 776 1439 pependit
800 1378 832 1417 e
862 1361 1027 1433 ligno.
1064 1357 1142 1411 Ex
1167 1356 1271 1409 hoc
1295 1366 1425 1422 ergo
1447 1349 1714 1419 botryone
1743 1352 1768 1380 α
1815 1350 1901 1398 est
1940 1340 2125 1394 vinum

517 1459 663 1532 quod
717 1448 958 1511 laetiﬁcat
1007 1466 1101 1507 cor
1153 1444 1412 1508 hominis,
1461 1440 1813 1496 sobrietatem
1868 1433 2122 1498 inebriat,

518 1551 796 1623 crapulam
825 1547 950 1602 ﬁdei
974 1554 1030 1600 et
1061 1554 1204 1598 vera:
1232 1535 1513 1609 religionis
1541 1531 1791 1598 exhalat,
1845 1527 2123 1598 crapulam

526 1641 795 1701 castitatis
827 1636 1080 1694 infundit.

595 1736 719 1794 156.
774 1734 890 1790 Hoc
925 1730 1090 1802 igitur
1109 1728 1257 1794 vino,
1281 1723 1509 1782 Domine
1535 1735 1712 1784 meus,
1744 1717 1771 1756 ἲ)
1806 1715 2011 1774 domini
2035 1729 2129 1768 au—

2220 491 2472 548 homines
2496 485 2776 550 inebriati,
2816 483 3054 552 quietem
3086 475 3348 544 diligunt,
3382 472 3632 525 timorem
3672 483 3801 520 tuor-

2223 583 2291 638 lis
2313 598 2382 638 ex
2398 581 2624 651 pellunt,
2660 574 2885 645 injurias
2907 587 3012 627 non
3044 568 3307 626 sentiunt,
3340 564 3518 618 aliena
3549 572 3802 628 nonquat-

2222 687 2372 741 runt,
2403 687 2624 729 suorum
2676 666 3108 726 obliviscuntur:
3138 662 3209 716 ita
3236 661 3396 714 etiam
3426 655 3555 710 vino
3578 662 3669 708 tuo
3695 667 3802 707 cra-

2223 771 2462 844 pulatus,
2498 780 2684 837 pacem
2707 762 2915 834 diligat,
2948 771 3000 816 et
3031 757 3153 812 ﬁdei
3181 752 3548 811 exsultatione
3577 760 3803 810 securus,

2224 872 2454 922 mortem
2511 857 2850 916 iutidelitatis
2894 856 3126 926 ignoret,
3175 846 3488 920 patientiam
3541 838 3804 897 charitatis

2226 957 2478 1013 exhibeat
2501 999 2516 1022 ,
2547 950 2830 1020 sacrilegia
2861 948 3036 1002 aliena
3065 960 3172 1000 non
3202 949 3382 998 teneat
3411 980 3426 1003 ,
3455 935 3615 992 ﬁdem
3658 933 3801 989 etiam

2231 1062 2253 1089 ο
2277 1049 2596 1120 pignoribus
2623 1044 2735 1100 suis
2763 1044 3038 1114 prmlerat,
3059 1034 3356 1093 secundum
3390 1028 3534 1102 quod
3563 1026 3805 1095 scriptum

2227 1117 2310 1198 est
2391 1140 2646 1209 Relinque
2667 1135 2840 1191 omnia
2872 1144 2979 1198 tua,
3017 1140 3062 1186 et
3088 1129 3202 1185 veni
3220 1170 3235 1196 ,
3266 1140 3476 1196 sequere
3505 1137 3584 1176 me
3610 1117 3803 1194 (Matth.

2228 1251 2344 1300 xu,
2374 1233 2491 1304 21).

2304 1332 2429 1386 157.
2462 1328 2576 1384 Hoc
2603 1328 2752 1393 vino,
2788 1323 3018 1380 Domine
3043 1319 3193 1387 Jesu,
3217 1329 3409 1373 sensus
3428 1311 3594 1369 etiam
3618 1313 3810 1363 nostros

2233 1426 2400 1491 dilue,
2435 1434 2496 1480 ιιι
2524 1433 2576 1480 te
2605 1421 2920 1483 adoremus,
2969 1427 3023 1473 te
3062 1414 3306 1470 colamus
3336 1405 3640 1464 visibilium
3667 1410 3717 1456 et
3742 1399 3812 1455 in—

2229 1518 2528 1574 visibiliutn
2549 1525 2873 1572 creatorem.
2931 1508 3050 1566 Non
3077 1514 3232 1578 potes
3259 1516 3390 1574 ergo
3421 1493 3709 1554 invisibilis
3733 1497 3814 1545 aut

2231 1613 2408 1668 bonus
2457 1625 2563 1666 non
2620 1622 2764 1674 esse,
2819 1603 2913 1677 qui
2950 1601 3004 1658 id
3047 1600 3210 1657 etiam
3240 1597 3346 1651 tuis
3371 1589 3628 1664 operibus
3646 1591 3811 1642 contu—

2236 1705 2369 1761 listi.

594 1873 620 1899 ιι
667 1859 764 1914 llic
785 1863 842 1912 et
869 1853 1006 1908 intra
1031 1851 1118 1906 ubi
1147 1848 1386 1919 plurium
1411 1845 1797 1919 potiorumque
1829 1854 1961 1919 mss.
1997 1855 2126 1919 att-c-
2160 1844 2208 1903 B
2235 1835 2672 1919 diligentissimis
2701 1847 2917 1906 quoque
2946 1826 3210 1902 librariis,
3269 1833 3449 1878 tamen
3501 1817 3674 1919 eidept
3709 1812 3811 1919 'jam

2586 1911 2596 1919 .
2659 1907 2670 1919 ι
2759 1907 2770 1917 ι
2948 1903 2981 1919 ο.
3036 1899 3304 1919 1ις--2------
3323 1895 3487 1919 2-ζι..-
3516 1906 3578 1919 ,ιο
3654 1902 3700 1919 m
3726 1898 3811 1919 im.

519 1911 1332 1990 toritate‘restituitnus,'uinum
1361 1911 1598 1990 et'vino;
1634 1916 1686 1968 in
1734 1913 1942 1967 cunctis
1990 1911 2126 1966 edit.

524 1985 744 2063 etin-1s
769 1997 1046 2055 nonnullis
1069 1985 1299 2048 habetur
1327 1989 1568 2058 poculum
1593 1998 1648 2040 et
1676 1994 1868 2055 quater
1915 1985 2125 2063 poculo.

599 2055 797 2131 ιῖ-Μέε.
862 2068 1089 2138 aliquot,
1147 2055 1381 2125 Domine,
1436 2076 1588 2114 aures
1633 2067 1867 2128 augustae
1918 2055 2127 2109 mentis.

528 2149 706 2206 Minus
731 2139 1035 2199 Commode.

603 2231 624 2258 ε
649 2197 769 2272 lilii
800 2211 946 2266 aliud
974 2206 1342 2264 testimonium
1362 2203 1429 2258 de
1450 2201 1701 2272 Gratiani
1735 2198 1924 2272 liberis
1965 2197 2133 2252 habe-

526 2306 652 2348 mus
679 2270 956 2360 quatnhuc
971 2271 1712 2360 All-[bI'OSiillll‘l‘mzClwbjlllﬂ‘
1728 2271 1945 2360 quidem
1970 2270 2132 2350 etiam

526 2339 816 2432 Ligustini
839 2357 990 2410 locus
1022 2353 1116 2407 lib.
1211 2349 1278 2432 d_e
1307 2344 1597 2432 Civit._Dei
1621 2339 1868 2413 Cap—25,
1902 2343 1954 2432 in
1990 2339 2136 2432 aliti-

527 2411 651 2506 qui:
675 2411 806 2487 edit.
840 2424 1210 2492 conceptusin
1243 2422 1356 2473 lucc
1390 2411 1704 2479 verba,cuni
1735 2413 2010 2506 parvulum
2037 2411 2135 2464 Iza-

1065 2505 1068 2506 ν
1255 2493 1265 2503 .
1444 2504 1455 2506 ,
1658 2488 1861 2506 Amph
1892 2500 1913 2506 Α
1945 2493 1985 2506 Α,
2013 2484 2109 2506 mh

530 2484 955 2569 bereteifratrettt
981 2515 994 2552 :
1018 2484 1078 2550 ἐι
1097 2509 1221 2550 cum
1255 2493 1306 2545 in
1331 2504 1467 2545 nova
1493 2489 1624 2569 edit.
1657 2485 1917 2569 particula
1935 2493 1985 2539 et
2012 2484 2140 2536 sub-

532 2557 658 2632 lata?
681 2557 846 2630 fuerit
874 2570 1195 2624 auctoritate
1227 2577 1359 2618 mss.
1395 2561 1766 2632 probatiorum
1792 2573 1807 2632 _;
1838 2557 1966 2610 licet
1989 2569 2138 2632 _n_eu-

532 2624 892 2720 tiquatuvraro
921 2639 1158 2704 eveniat,
1183 2645 1243 2689 ut
1287 2624 1596 2703 huiusmodi
1646 2629 1856 2696 copulae
1882 2624 2136 2681 excidant

557 2744 2996 2788 ___________________________________

2237 1885 2391 1980 ριριῗει
2422 1909 2558 1964 ﬁdes
2586 1885 3008 1980 liabe'rivn‘equit.
3036 1885 3487 1980 Discintusigitur
3513 1906 3578 1980 ei:
3607 1885 3813 1942 Ambro-

2236 1963 2318 2037 sio
2343 1963 2550 2036 liberos
2598 1978 2860 2034 Gratiano
2888 1963 3252 2037 'l'uissc,dtun
3283 1967 3396 2020 huc
3439 1963 3809 2017 scriberentur.

2235 2052 2316 2109 Au
2341 2068 2477 2126 vero
2509 2066 2694 2126 unum
2717 2049 2997 2126 pluresve_
3021 2039 3406 2126 prpgentter-it,‘
3437 2037 3811 2126 incomperttlnn

2237 2116 2350 2181 est:
2375 2125 2538 2178 Certe
2566 2121 2697 2176 illud
2850 2097 3212 2177 est—dubitint,
3255 2097 3502 2163 sobolem
3527 2097 3715 2181 de_qua
3740 2097 3814 2181 hic

2240 2199 2446 2266 agitur,
2475 2174 2888 2266 nou—esecunda
2918 2186 3146 2253 conjuge
3167 2174 3330 2252 quam
3364 2192 3556 2266 {ﬁgens
3585 2174 3810 2229 duxerat,

2240 2250 2557 2322 ui‘dixi'mus
2585 2264 2649 2317 ad
2681 2262 2887 2333 Expos.
2917 2250 3052 2333 psal.
3075 2250 3320 2333 “apag.
3350 2250 3480 2313 965,
3507 2253 3811 2333 nata'tnesse:

2242 2354 2432 2393 verum
2461 2353 2492 2390 e
2521 2316 2728 2405 priore,
2759 2316 2931 2401 quain
2950 2316 3571 2405 Qoustautiaiu.vocant.
3599 2316 3686 2405 His
3703 2326 3814 2405 rpor-

2240 2425 2304 2465 ro
2325 2384 2598 2464 Attiliriisii
2623 2384 3100 2461 colioitationibus
3121 2394 3463 2465 attribuitur,
3521 2387 3658 2465 quod
3701 2384 3816 2465 Graj

2243 2482 2424 2535 tianus
2463 2457 2941 2546 amorevvpropria:
2989 2471 3178 2540 prolis,
3236 2457 3817 2546 quoiniutts'adoptaret

2243 2551 2633 2610 Theodosium,
2663 2535 2908 2604 revocari
2933 2535 3002 2599 se'
3020 2559 3127 2597 nou
3157 2535 3348 2611 passus
3372 2535 3558 2592 luerit.

3011 2723 3821 2751 ._______________...

1646 2820 1992 2904 LIBER
2066 2817 2727 2903 SECUNDUS.

1054 3091 1215 3166 [επ
1257 3084 1647 3145 PROLOGUS.

553 3238 852 3296 Ambrosius
879 3235 1012 3290 libro
1039 3230 1293 3305 superiori
1322 3228 1461 3282 hunc
1503 3226 1826 3296 adiecturus,
1878 3222 2151 3279 duodecim

628 3330 840 3385 nontina
873 3325 998 3382 Filii
1028 3324 1127 3380 Dei
1158 3323 1327 3393 primo
1381 3319 1637 3390 trifariam
1689 3318 1856 3372 divisa
1900 3333 2003 3370 non
2043 3320 2156 3389 ejus

633 3431 854 3485 tantum,
889 3418 976 3473 sed
1003 3416 1180 3471 Patris
1210 3415 1362 3469 etiam
1411 3412 1750 3467 wternitatent
1797 3411 2015 3480 probare
2067 3409 2161 3463 do-

633 3526 730 3573 cet.
765 3514 893 3569 Mox
921 3513 1098 3568 eadem
1149 3527 1261 3564 cum
1310 3507 1585 3562 duodecim
1637 3506 1976 3561 sacerdotalis
2008 3507 2161 3560 uestis

638 3608 902 3677 lapidibus
929 3605 1120 3661 cursim
1142 3618 1475 3672 comparans,
1500 3615 1657 3664 quam
1706 3599 1992 3654 necessario
2040 3614 2164 3652 con-

629 3701 901 3776 jungenda
929 3700 1052 3760 sint,
1085 3695 1299 3751 inducta
1323 3696 1561 3764 ipsorum
1609 3707 1742 3746 nova
1795 3692 2166 3746 distributione

642 3795 906 3866 patefacit.
945 3788 1148 3844 Deinde
1169 3787 1237 3842 ad
1279 3789 1600 3858 propositam
1632 3784 2068 3854 comparationem
2091 3798 2167 3836 re-

643 3890 812 3952 diens,
851 3882 1130 3953 allegorice
1152 3877 1421 3933 memorati
1444 3876 1666 3930 amictus
1691 3884 1948 3930 texturam
1992 3891 2053 3928 ac
2093 3874 2172 3928 la-

649 3979 805 4051 pillos
833 3975 1032 4031 laudat.
1066 3971 1205 4027 Hinc
1229 3973 1446 4042 mystica
1473 3971 1628 4024 etiam
1661 3969 1882 4038 gemina:
1905 3966 2174 4020 divisionis

650 4075 850 4128 ratione
876 4070 1058 4132 allata,
1087 4067 1374 4121 institutam
1397 4062 1840 4135 comparationem
1885 4060 2051 4131 pergit
2081 4075 2174 4114 ea:-

653 4184 867 4241 ponere;
903 4181 966 4219 ea:
985 4179 1084 4233 qua
1111 4162 1266 4230 ﬁdem
1289 4157 1532 4229 operibus
1561 4156 1816 4226 colligens
1843 4153 2178 4208 auertendam

655 4277 782 4326 esse,
815 4265 1130 4312 contractam
1155 4250 1391 4323 ejusdem
1423 4247 1542 4317 fidei
1594 4247 1659 4301 de
1700 4244 1840 4300 Filio
1872 4244 2180 4313 descriptio-

662 4369 774 4407 nem
801 4349 992 4405 subdit.

2179 3104 2226 3164 α
2254 3081 2437 3138 dinem
2472 3077 2654 3135 Patris
2684 3084 2740 3132 et
2770 3074 2894 3131 Filii
2925 3092 2938 3128 :
2982 3082 3112 3129 sunt
3137 3071 3300 3128 etiam
3343 3083 3471 3141 qua:
3512 3062 3821 3139 perspicuam

2257 3173 2457 3229 divina:
2491 3169 2796 3240 majestatis
2826 3167 3136 3237 exprimant
3161 3165 3448 3218 unitatem.
3501 3151 3825 3229 Proprietatis

2264 3266 2446 3336 itaque
2494 3272 2653 3329 sunt,
2682 3261 2984 3332 generatio,
3035 3259 3181 3314 Deus
3205 3299 3219 3323 ,
3242 3256 3438 3322 Filius,
3470 3252 3698 3311 Verbum
3727 3264 3738 3300 :
3768 3245 3824 3298 si-

2262 3357 2606 3420 militudinis,
2640 3355 2927 3426 splendor,
2959 3353 3268 3418 character,
3297 3350 3606 3422 speculum,
3634 3345 3823 3412 imago:

2265 3452 2491 3508 unitatis
2519 3459 2766 3516 aeternas,
2798 3449 3093 3520 sapientia,
3120 3446 3295 3501 virtus
3315 3487 3329 3511 ,
3362 3444 3592 3508 veritas,
3624 3440 3741 3493 vita.

2339 3546 2395 3602 5.
2437 3545 2563 3600 Ηωο
2590 3543 2787 3599 iudicia
2827 3543 2900 3597 ita
2932 3541 3029 3598 Dei
3073 3539 3268 3596 Filium
3310 3537 3554 3608 signant,
3610 3542 3664 3590 ut
3687 3545 3745 3586 ex
3763 3525 3830 3582 his

2269 3647 2323 3695 et
2351 3638 2743 3708 sempiternum
2777 3635 2995 3690 Patrem
3031 3647 3154 3690 esse
3183 3645 3508 3703 cognoscas,
3555 3642 3649 3684 nec
3694 3622 3755 3678 ab
3779 3631 3831 3674 eo

2272 3730 2468 3786 Filium
2501 3728 2932 3796 discrepantem.
2965 3725 3044 3780 Ex
3071 3740 3136 3780 eo
3170 3724 3318 3780 enim
3346 3721 3443 3792 qui
3483 3729 3605 3788 est,
3636 3724 3832 3790 genera-

2275 3827 2389 3892 tio;
2434 3840 2500 3882 ex
2549 3823 2890 3896 sempiterno
2942 3822 3110 3888 Deus,
3149 3835 3216 3875 ex
3245 3819 3404 3873 Patre
3435 3816 3627 3880 Filius,
3657 3825 3717 3868 ex
3735 3807 3831 3862 Deo

2279 3920 2553 3985 Verbum,
2606 3917 2867 3988 splendor
2917 3915 3144 3987 gloriae,
3178 3912 3468 3967 character
3513 3901 3831 3966 substantiae.

2279 4013 2557 4085 speculum
2584 4011 2704 4077 Dei,
2735 4008 3036 4080 maiestatis
3065 4007 3266 4076 imago,
3313 4003 3340 4042 ιι
3368 4003 3439 4059 de
3473 4003 3614 4059 bono
3635 3995 3834 4055 bonitaS.

2281 4106 2350 4163 de
2376 4106 2620 4176 sapiente
2649 4103 2938 4173 sapientia,
2969 4099 3038 4155 de
3074 4099 3198 4152 lorti
3228 4097 3422 4161 virtus,
3472 4095 3542 4152 de
3567 4104 3688 4149 vero
3715 4082 3836 4140 veri-

2285 4211 2389 4270 tas,
2435 4174 2504 4256 de
2523 4200 2742 4255 vivente
2765 4196 2898 4252 vita.
2923 4193 3273 4251 Concordant
3305 4192 3473 4263 igitur
3508 4188 3678 4245 Patris
3703 4189 3751 4237 et
3775 4174 3840 4232 Fr

2287 4295 2346 4350 lii
2379 4294 2599 4359 indicia,
2632 4292 2828 4364 quibus
2856 4304 2964 4347 non
2987 4289 3302 4359 discrepare
3332 4287 3475 4342 inter
3496 4300 3576 4349 se,
3599 4279 3689 4338 sed
3710 4273 3840 4331 unius

2290 4387 2594 4460 maiestatis
2623 4400 2746 4442 esse
2777 4398 2941 4441 nemo
2971 4381 3322 4440 dubitaverit.
3353 4380 3595 4448 Quorum
3629 4366 3840 4442 singulm

659 4494 714 4548 1ο
757 4488 922 4550 Salis-
955 4494 1016 4541 υῑ
1041 4481 1304 4542 πυκνοῖς
1334 4476 1474 4532 “bro
1503 4474 1809 4546 ευρετῖοτθ.
1862 4481 2054 4527 sane“?
2077 4471 2184 4526 lm-
2213 4497 2264 4559 ι)
2290 4499 2412 4540 rum
2441 4481 2819 4553 prolerremus
2845 4478 3093 4550 exempla
3122 4477 3426 4542 nominum,
3459 4473 3560 4530 nisi
3597 4473 3840 4527 coarctan«

597 4595 839 4658 perator,
868 4580 1124 4637 edoctum
1153 4582 1239 4630 est
1260 4569 1656 4641 sempiternum
1683 4581 1806 4623 esse
1836 4565 1932 4621 Dei
1964 4565 2185 4632 Filium,

593 4697 700 4737 ηοιι
720 4674 1043 4733 dissimilem
1075 4667 1247 4731 Patri,
1277 4665 1542 4738 genitum,
1576 4675 1683 4717 non
1707 4668 1986 4716 creatum:
2017 4659 2185 4714 Deum

592 4788 808 4846 quoque
835 4781 1024 4824 verum
1053 4761 1147 4818 Dei
1171 4759 1368 4816 Filium
1407 4755 1817 4826 Scripturarum
1865 4752 2190 4807 lectionibus

596 4845 1039 4939 approliaviinus,
1067 4865 1122 4914 et
1152 4854 1358 4928 apertis
1389 4851 1697 4922 majestatis
1724 4863 1836 4904 sua:
1861 4846 2076 4902 indiciis
2097 4845 2191 4901 de-

599 4963 896 5034 signatum.

2295 4574 2349 4630 di
2381 4571 2655 4630 sermonis
2685 4569 2868 4626 studio
2900 4579 3235 4626 teneremur.

2365 4667 2422 4721 4.
2467 4665 2562 4720 His
2589 4661 2880 4718 duodecim
2913 4671 3191 4732 tamquam
3222 4658 3494 4731 lapidibus
3525 4647 3755 4729 pretiosis
3797 4640 3845 4696 ﬁ-

2295 4757 2382 4813 dei
2413 4757 2666 4812 columna
2696 4754 2995 4823 consurgit.
3032 4751 3094 4807 lli
3122 4761 3250 4807 sunt
3275 4751 3420 4807 enim
3451 4745 3666 4821 pretiosi
3694 4738 3758 4796 illi
3786 4734 3847 4789 la—

2297 4848 2454 4922 pides
2479 4847 2690 4918 (Exod.
2755 4862 2946 4910 xxvnt,
2986 4846 3048 4900 l7
3092 4855 3139 4899 et
3169 4861 3274 4916 seq.
3303 4845 3345 4915 ),
3385 4843 3628 4907 sardins,
3662 4829 3842 4907 iaspis,

2300 4940 2644 5013 smaragdus,
2703 4939 3104 5012 chrysolitbus,
3139 4947 3195 4993 et
3244 4937 3424 4993 ca'teri
3451 4979 3467 5004 ,
3494 4933 3680 5006 quibus
3705 4917 3846 4981 sancti

2302 5008 2509 5098 Aaron,
2551 5031 2696 5087 illius
2725 5008 2912 5102 utique
2938 5032 3030 5102 qui
3063 5031 3290 5100 ﬁguram
3317 5027 3459 5099 gerit
3503 5020 3728 5083 Christi,
3755 5008 3844 5064 vrri

2300 5126 2514 5182 scilicet
2567 5125 2954 5180 vestimentum
2994 5122 3298 5179 sacerdotis
3335 5112 3846 5176 iutexitur:circumv

2303 5217 2414 5273 dati
2456 5234 2592 5273 auro
2635 5216 2867 5287 lapides,
2901 5224 2956 5271 et
3005 5214 3262 5284 insculpti
3297 5213 3365 5268 de
3393 5208 3692 5268 nominibus
3713 5194 3846 5271 4⁵12

672 5056 728 5110 9..
772 5054 958 5123 Itaque
1006 5044 1254 5120 quamvis
1297 5043 1398 5097 ista
1449 5039 1517 5095 ad
1547 5036 1709 5093 ﬁdem
1749 5035 1972 5107 capiose
1998 5031 2196 5088 redun-

605 5150 786 5206 dantia
814 5149 947 5211 sint,
971 5141 1115 5211 quod
1143 5154 1173 5192 a
1204 5134 1372 5191 fontis
1403 5138 1583 5186 meatu
1619 5127 1934 5200 magnitudo
1957 5125 2196 5196 plerum-

603 5260 707 5316 que
733 5237 1072 5298 decurrentis
1099 5228 1342 5288 ﬂuminis
1369 5225 1711 5286 aestimatur;
1750 5231 1936 5275 tamen
1961 5234 2068 5290 quo
2093 5232 2196 5287 pu-

602 5339 718 5394 rius
744 5335 914 5391 niteat
945 5329 1079 5385 ﬁdes
1110 5335 1322 5384 nostra,
1356 5315 1630 5388 tripartito
1691 5313 1907 5369 videtur
1948 5313 2201 5366 derivan-
2304 5311 2542 5364 ﬁliorqu
2577 5309 2766 5377 Israel,
2809 5307 3095 5363 duodecim
3144 5305 3352 5376 lapides
3385 5304 3486 5361 sibi
3539 5298 3748 5356 invicem
3775 5301 3847 5340 c0-

603 5430 670 5487 da
721 5423 1026 5484 distinctio.
1069 5428 1096 5456 ἰ
1149 5418 1290 5473 Sunt
1327 5411 1478 5466 enim
1524 5405 1792 5462 evidentia
1831 5403 2031 5458 indicia
2077 5418 2200 5473 qua:
2307 5403 2600 5458 hmrcutes.
2627 5402 2761 5456 Nam
2793 5401 2836 5456 si
2867 5415 2962 5457 eos
2985 5401 3179 5470 aliquis
3203 5408 3590 5469 separetatque
3616 5386 3845 5447 secernat,

606 5523 998 5598 pr0prietatem
1032 5511 1250 5570 deitatis
1281 5502 1611 5560 ostendant:
1641 5508 1770 5552 sunt
1795 5513 1916 5567 qu:c
1946 5495 2204 5551 siniilitu-
2307 5496 2487 5550 omnis
2517 5494 2640 5549 ﬁdei
2675 5504 2947 5549 διτυειυη
2987 5491 3321 5548 dissolvm“

2307 5617 2580 5666 moratum
2610 5617 2714 5672 est,
2751 5607 2914 5662 etiam
2952 5606 3005 5660 iu
3039 5603 3312 5676 plerisque
3337 5619 3470 5660 mss.
3495 5601 3733 5676 omissum
3755 5582 3845 5676 luit;

2292 5689 2630 5811 ξὶιξῗῦΐιειηειι
2683 5665 2734 5734 in
2781 5677 2902 5734 aliis
2939 5665 3182 5748 aliquot,
3225 5665 3300 5731 'et
3331 5674 3537 5731 cunctis
3577 5669 3696 5726 cdit.
3721 5665 3847 5726 repe-

683 5649 706 5676 δ
749 5638 908 5692 Rom.
940 5629 1072 5686 edit.
1104 5623 1218 5679 sola
1241 5664 1255 5688 ,
1286 5620 1421 5676 Sunt
1474 5615 1609 5670 enim
1658 5611 1866 5667 nomina
1913 5610 2147 5681 quredam
2176 5651 2192 5678 ,

608 5726 718 5779 quia
741 5705 996 5779 euidenter
1013 5697 1410 5779 proprietatem,
1439 5699 1546 5744 etc.

679 5760 710 5819 ἶ
747 5760 824 5830 De
852 5775 983 5826 bono
1008 5760 1204 5823 bonitas
1235 5761 1375 5834 quod
1400 5760 1708 5818 membrum
1735 5769 1900 5830 supra
1932 5767 2042 5813 non
2069 5769 2185 5812 me-
