3948 6172
530 274 634 333 563

1070 387 1297 444 CAPUT
1336 385 1621 444 PRIMUM.

1891 266 2140 327 SANCTI
2178 262 2503 328 8519110311

2156 390 2206 449 Α
2237 399 2358 441 nem
2389 387 2705 457 magistrum
2734 383 2958 449 bonum,
2981 398 3141 453 quam
3168 378 3462 436 secundum
3485 377 3813 434 divinitatem

3720 260 3816 319 5131

524 504 855 561 Arianorum
890 496 988 557 Det
1021 499 1166 555 Filio
1198 496 1473 555 bonitdient
1496 498 1856 571 abrogantium
1888 492 2134 570 objectio-
2236 465 2403 534 Delii“
2432 479 2633 534 mnum
2662 477 2905 533 Credam-

607 602 724 650 nem
754 590 855 650 non
880 594 990 649 sine
1020 588 1235 648 horrore
1270 592 1591 663 propbsitam
1633 601 1689 645 ut
1734 592 1923 655 soluat,
1980 584 2134 644 Citri-

2860 588 3089 646 CAPU'I’
3128 587 3193 644 ll.

612 682 679 744 sti
707 689 1011 744 sententiam
1059 704 1124 742 ea:
1173 686 1407 758 personis
1456 684 1793 758 loquentium,
1827 698 2045 742 necnon
2072 701 2137 741 ea:
2236 705 2437 763 Bonum
2468 721 2575 760 esse
2608 703 2702 759 υρί
2744 703 2938 759 Filium
2968 702 3031 757 ab
3053 703 3291 775 operibus
3324 700 3525 773 proba,’
3577 699 3811 760 "imm",

611 779 741 851 ipsis
767 778 1079 834 dictionibus
1104 778 1345 848 explicat.

616 938 702 993 15.
747 936 953 1007 Stupeo
993 937 1174 1008 itaque
1199 936 1267 991 ad
1294 936 1529 1006 reliqua,
1563 945 1752 992 sancte
1793 936 2095 1007 imperator
2120 976 2137 1003 ,

546 1041 600 1088 et
631 1039 750 1086 toto
781 1037 1011 1102 corpore
1034 1032 1324 1102 animoque
1352 1031 1545 1105 deﬁcio
1569 1072 1584 1097 ,
1629 1046 1751 1087 esse
1795 1031 2008 1102 aliquos
2043 1031 2141 1087 ho-

549 1126 744 1192 mines;
779 1126 866 1181 vel
901 1126 1079 1196 potius
1109 1141 1214 1181 non
1258 1125 1533 1191 homines,
1585 1126 1681 1182 sed
1738 1125 1973 1181 humana
2013 1125 2143 1181 ado-

549 1228 732 1290 pertus
768 1221 975 1289 Specie,
1000 1218 1144 1274 intus
1189 1224 1372 1274 autem
1410 1218 1702 1275 dementia:
1740 1218 2021 1285 beStialis;
2050 1218 2142 1289 qui

546 1321 671 1381 post
700 1321 846 1366 tanta
880 1311 1096 1367 Domini
1121 1323 1177 1369 et
1205 1323 1311 1367 tam
1362 1312 1543 1367 divina
1586 1312 1845 1368 beneﬁcia
1871 1352 1886 1380 ,
1936 1312 2142 1367 bonum

547 1414 745 1477 negent
772 1406 945 1472 ipsum
981 1416 1259 1463 auctorem
1284 1406 1570 1461 bonorum.

624 1496 711 1552 16.
755 1497 1031 1567 Scriptum
1083 1508 1187 1563 est,
1233 1499 1523 1569 inquiunt:
1570 1498 1740 1553 Nemo
1786 1500 1969 1565 bonus,
2043 1501 2147 1555 nisi

548 1605 683 1643 unus
706 1587 867 1643 Deus.
901 1589 1175 1660 Scriptum
1209 1605 1449 1661 agnosco
1477 1608 1489 1644 :
1525 1590 1619 1646 sed
1677 1591 1852 1646 littera
1904 1607 2147 1648 errorem

547 1698 655 1738 non
686 1682 880 1748 habet;
906 1683 1108 1738 utinam
1131 1682 1332 1739 Ariona
1362 1684 1735 1755 interpretatio
1760 1699 1866 1739 nou
1897 1684 2144 1740 haberet!

2310 800 2374 855 ab
2415 801 2525 870 ejus
2549 801 2601 853 in
2638 799 2912 853 lsraetitas
2957 795 3048 851 sub
3098 794 3422 850 Testamento
3463 792 3644 861 veteri,
3680 800 3725 845 et
3771 792 3820 846 in

2311 893 2631 950 Christianos
2666 892 2758 948 sub
2799 909 2947 957 novo,
2981 891 3258 953 beneﬁciis.
3315 882 3451 942 Tum
3482 887 3570 941 ubi
3613 885 3821 956 subjecit

2313 987 2438 1041 utile
2459 985 2557 1041 sibi
2581 1002 2689 1041 esse
2722 996 2775 1039 ut
2808 985 2995 1039 bonum
3026 978 3293 1037 dominum
3324 998 3384 1034 ac
3419 978 3657 1051 iudicem
3682 996 3822 1033 suum

2314 1084 2633 1137 arbitretur:
2662 1091 2935 1151 paternum
2979 1079 3040 1132 de
3070 1075 3213 1131 Filio
3262 1076 3607 1131 testimonium
3646 1071 3825 1140 aﬂ'ert;

2316 1175 2417 1228 imo
2448 1175 2601 1228 etiam
2629 1172 2791 1241 partis
2811 1189 2912 1225 non
2933 1171 3132 1240 exigua:
3153 1167 3479 1232 Juda’orum,
3504 1166 3691 1237 quibus
3717 1181 3824 1233 pro-

2317 1265 2435 1320 inde
2466 1270 2668 1339 pejores
2693 1263 2876 1316 Ariani
2924 1280 3030 1317 esse
3085 1258 3440 1316 declarantur.
3494 1259 3625 1326 Quae
3667 1268 3827 1312 omnia

2318 1356 2586 1414 verborum
2615 1358 2857 1427 Sponsas,
2893 1355 3126 1409 eamdem
3155 1352 3352 1408 Christi
3412 1350 3693 1407 bonitatem
3747 1349 3828 1404 de-

2319 1450 2651 1525 signantium,
2685 1448 2882 1504 claudit
2921 1447 3197 1520 expositio.

2319 1585 2409 1641 20.
2452 1583 2558 1640 Sed
2590 1582 2719 1637 nolo
2747 1580 3107 1653 praerogativa
3134 1587 3344 1633 naturai
3374 1592 3490 1633 sure
3525 1584 3586 1632 et
3612 1574 3825 1647 privile-

2250 1680 2339 1750 gio
2390 1675 2676 1749 potestatis
2737 1684 2939 1728 utatur.
2995 1671 3113 1727 Non
3152 1671 3368 1727 dicatur
3412 1670 3616 1737 bonus,
3649 1667 3692 1723 si
3735 1681 3831 1723 non

549 1774 750 1843 Apices
780 1776 898 1830 sine
956 1776 1185 1831 crimine
1212 1786 1362 1844 sunt,
1393 1782 1584 1833 sensus
1634 1777 1690 1832 in
1736 1778 1985 1833 crimine.
2027 1779 2149 1833 Dic-
2180 1786 2227 1850 Β
2256 1782 2516 1836 meretur,
2551 1786 2580 1823 a
2611 1769 2785 1824 nobis.
2827 1768 2881 1823 Si
2912 1767 3016 1822 hoc
3053 1783 3158 1820 non
3213 1774 3456 1820 meretur
3480 1764 3756 1834 operibus,
3792 1759 3831 1814 si

552 1876 664 1922 tum
694 1867 911 1923 Domini
941 1868 1238 1927 Saliatoris
1263 1876 1502 1941 agnosco
1529 1889 1541 1926 :
1582 1870 1746 1944 474
1773 1872 1865 1927 sed
1895 1853 2149 1928 conside-

552 1975 735 2015 remus
763 1961 979 2031 quando
1005 1963 1169 2031 dicat,
1206 1965 1294 2020 cui
1328 1964 1495 2032 dicat,
1525 1981 1628 2036 qua
1654 1968 2149 2038 circumspectione

551 2053 718 2111 dicat.

628 2147 719 2201 17.
764 2148 1107 2222 Dicitutique
1129 2151 1179 2206 in
1204 2151 1442 2208 hominis
1488 2149 1659 2208 forma
1702 2154 1798 2209 Dei
1830 2153 2039 2221 Filius,
2096 2162 2152 2209 et

557 2237 692 2293 dicit
720 2239 947 2311 Scriba},
993 2242 1042 2297 ei
1088 2245 1295 2300 scilicet
1327 2246 1415 2316 qui
1462 2247 1782 2317 magistrum
1823 2246 2023 2302 bonum
2055 2247 2152 2302 Dei

563 2333 759 2389 Filium
810 2338 1141 2401 nominaret,
1190 2338 1361 2395 Deum
1418 2350 1660 2411 negaret.
1694 2340 1848 2408 Quod
1903 2341 1998 2397 ille
2042 2356 2151 2396 non

553 2426 745 2493 credit,
778 2427 1029 2485 Christus
1060 2431 1330 2502 adlungit;
1368 2442 1421 2488 ut
1457 2434 1551 2489 Dei
1577 2431 1776 2488 Filium
1811 2450 1917 2488 non
1967 2442 2024 2489 ut
2056 2436 2153 2491 bo-

556 2535 684 2574 num
716 2523 1034 2591 magistrum
1060 2565 1073 2589 ,
1124 2526 1221 2579 sed
1250 2536 1307 2580 ut
1338 2527 1535 2582 bonum
1568 2528 1738 2583 Deum
1777 2529 1985 2584 Credat.
2017 2529 2151 2584 Nam

559 2611 734 2666 sicubi
767 2629 906 2668 unus
955 2615 1099 2669 Detts
1147 2616 1343 2671 dicitur
1372 2657 1385 2679 ,
1443 2634 1780 2689 nequaquam
1818 2628 1999 2675 tamen
2058 2621 2156 2676 Dei

561 2699 730 2755 Filius
755 2708 780 2739 α
811 2704 879 2759 ab
905 2705 1127 2761 unitatis
1151 2702 1489 2776 plenitudine
1534 2718 1850 2779 separatur;
1885 2714 2157 2781 Quomodo

566 2791 655 2845 ubi
683 2808 822 2849 unus
852 2795 992 2851 Deus
1015 2797 1192 2851 bonus
1220 2807 1561 2868 nuncupatur
1584 2840 1599 2865 ,
1643 2816 1673 2854 a
1706 2802 2040 2871 plenitiulin'e
2077 2805 2158 2860 dl-

566 2883 707 2938 vina:
759 2885 1019 2941 bonitatis
1063 2890 1377 2957 unigenitus
1409 2888 1754 2947 excluditur?
1799 2892 2035 2952 Necesse
2075 2908 2161 2953 est

565 2974 730 3044 igitur
759 2985 852 3029 aut
881 2977 1046 3032 Deum
1072 2984 1274 3049 negent
1315 2980 1407 3036 Del
1458 2982 1678 3049 Filium,
1720 2995 1811 3040 aut
1840 2987 2005 3042 Deum
2059 2990 2159 3045 bo-

567 3084 693 3122 num
746 3084 870 3125 esse
895 3070 1187 3128 fateantur.

2254 1862 2534 1919 beneﬁciis
2565 1876 2670 1915 non
2693 1868 2959 1924 meretur,
2991 1857 3276 1912 abdicetur
3308 1872 3422 1910 sua:
3446 1855 3577 1925 jure
3609 1862 3829 1918 naturae,

2253 1955 2518 2011 subdatur
2562 1962 2751 2008 nostro
2789 1950 3019 2021 judicio.
3065 1947 3169 2016 Qui
3196 1946 3544 2017 judicaturus
3595 1945 3663 2001 de
3692 1944 3834 1999 nobis

2252 2061 2355 2116 est,
2396 2063 2504 2104 non
2534 2042 3146 2116 dedignaturjudicari;
3193 2051 3248 2095 ut
3285 2037 3621 2109 iustiﬁcetur
3658 2038 3709 2092 in
3735 2051 3837 2091 ser-

2256 2143 2508 2198 monibus
2534 2140 2670 2207 suis,
2705 2149 2760 2193 et
2789 2138 2967 2193 vincat
2998 2152 3121 2191 cum
3144 2134 3423 2205 judicatur
3448 2133 3467 2201 (
3491 2132 3640 2187 Psat.
3674 2148 3724 2197 ι,
3767 2127 3833 2202 6),

2325 2235 2487 2308 475
2511 2236 2599 2291 21.
2636 2233 2856 2289 lliccinc
2879 2246 3008 2301 ergo
3030 2245 3137 2285 non
3166 2229 3361 2295 bonus,
3388 2228 3479 2297 qui
3506 2227 3647 2282 bona
3671 2224 3838 2279 tribuit

2256 2331 2386 2385 mihi
2420 2330 2591 2399 (Psut.
2629 2324 3075 2399 xu,6)?llircine
3103 2338 3215 2377 non
3248 2320 3443 2384 bonus,
3475 2321 3709 2390 quicum
3730 2332 3839 2371 sex-

2257 2433 2412 2480 centa
2459 2421 2626 2477 millia
2664 2419 2846 2490 populi
2899 2416 3211 2472 Judaeornnt
3260 2412 3700 2482 persecutoribus
3741 2409 3839 2464 suis

2257 2518 2534 2583 cederent,
2586 2514 2957 2570 dehiscentem
3002 2509 3185 2564 subito
3234 2506 3404 2562 Rubri
3454 2505 3627 2561 maris
3668 2513 3838 2561 aestum

2260 2611 2539 2668 individua
2590 2623 2849 2678 aquarum
2896 2604 3042 2659 mole
3095 2602 3281 2658 divisit
3318 2600 3521 2673 (Exod.
3577 2615 3683 2667 λιν,
3730 2599 3760 2654 6
3800 2606 3839 2650 et

2258 2707 2425 2777 seq.);
2467 2715 2520 2759 nt
2562 2703 2750 2763 ﬁdeles
2790 2698 3119 2755 circumfusa
3163 2697 3305 2752 unda
3358 2695 3623 2763 muniret,
3665 2692 3839 2749 inﬁdos

2260 2799 2438 2854 refusa
2472 2797 2812 2867 demergeret
2832 2792 2855 2845 ?

2332 2892 2421 2945 2‘2.
2462 2890 2683 2944 lliccinc
2712 2903 2816 2942 non
2847 2888 3041 2947 bonus,
3069 2883 3223 2953 cujus
3255 2881 3486 2951 imperio
3518 2877 3685 2934 maria
3721 2874 3838 2931 soli-

2261 2987 2380 3041 data
2408 2983 2758 3055 fugientibus,
2787 2996 2914 3034 saxa
2940 2977 3247 3034 [tumefacta
3273 2973 3620 3042 sitientibus;
3649 2980 3703 3027 ut
3721 2982 3840 3039 opus

2264 3085 2374 3136 vcri
2402 3085 2792 3150 agnosceretur
2834 3070 3095 3137 auctoris,
3139 3086 3261 3126 cum
3309 3069 3509 3123 humor
3546 3067 3837 3137 rigesceret,

639 3162 726 3215 18.
770 3163 837 3218 Et
866 3164 987 3218 ideo
1020 3166 1509 3238 circumspectione
1558 3166 1767 3227 caelesti
1823 3172 1928 3229 non
1981 3172 2155 3232 dign:
2188 3175 2229 3240 Ε
2266 3183 2416 3243 petra
2465 3169 2757 3226 inundaret
2783 3165 2985 3236 (Exod.
3021 3179 3154 3227 xm,
3189 3161 3283 3225 6ιῖ
3326 3158 3480 3226 Quod
3513 3169 3571 3214 ut
3601 3169 3838 3228 agnosce-

569 3252 740 3309 Nento
778 3254 972 3323 bonus,
1015 3259 1119 3313 nisi
1167 3272 1306 3317 unus
1338 3256 1531 3329 Pater;
1582 3264 1718 3319 sed:
1754 3265 1919 3321 Nenio
1958 3268 2119 3323 bonus
2143 3311 2159 3337 ,

566 3347 669 3399 nisi
701 3363 834 3403 unus
875 3349 1033 3407 Deus.
1068 3352 1230 3409 Pater
1253 3355 1397 3410 enini
1432 3360 1713 3427 propritim
1746 3363 2055 3430 generantls
2082 3371 2167 3418 est

567 3452 788 3507 nomen,
823 3441 963 3497 Deus
990 3452 1173 3500 autem
1198 3456 1335 3502 unus
1373 3456 1712 3521 nequaquam
1762 3450 2017 3507 deitatem
2045 3454 2167 3509 Tri-

568 3535 753 3591 nitatis
794 3537 1060 3605 excludit,
1121 3550 1176 3595 et
1231 3541 1353 3597 ideo
1386 3546 1575 3597 ttatuta
1609 3545 1880 3600 landntnr.
1938 3545 2162 3601 Bonitas

566 3626 771 3697 ergolii
803 3636 991 3685 natura
1039 3640 1121 3687 est
1154 3634 1284 3700 Dei,
1323 3636 1461 3691 etin
1504 3644 1692 3691 natura
1732 3638 1824 3693 Del
1866 3640 2029 3693 etiam
2066 3639 2159 3695 Dei

563 3717 764 3787 Filius;
797 3729 853 3777 et
880 3716 1002 3778 ideo
1034 3730 1143 3779 non
1175 3727 1319 3795 quod
1357 3728 1775 3801 Singularilatis,
1820 3729 1847 3769 ι’
1887 3730 1983 3786 sed
2012 3729 2157 3803 quod

565 3814 789 3867 unitatis
817 3806 924 3880 esi,
960 3816 1307 3885 prmdlcatnr.

641 3902 732 3962 19.
773 3907 888 3963 Νοιι
941 3910 1106 3981 igitur
1142 3924 1169 3966 a
1220 3912 1452 3969 Domino
1508 3915 1723 3971 bonitas
1760 3924 2015 3989 negatur,
2062 3916 2160 3971 sed

565 3997 689 4053 talis
717 3999 1016 4071 discipulus
1048 4005 1339 4063 refutatur.
1369 4008 1501 4063 Nam
1532 4008 1653 4064 cuin
1685 4011 1866 4065 Scriba
1889 4010 2157 4066 dixisset:

568 4087 824 4161 Magister
852 4094 1001 4163 bone,
1034 4100 1314 4168 reSpondit
1348 4102 1612 4157 Dominus
1655 4119 1669 4157 :
1708 4102 1849 4171 Quid
1908 4120 1988 4158 me
2029 4102 2163 4157 dicis

567 4178 761 4234 bonum
791 4182 1011 4254 (Mare,
1037 4203 1092 4253 κ,
1113 4188 1254 4260 28)?
1284 4190 1334 4245 id
1365 4204 1469 4258 est,
1503 4209 1663 4262 quem
1693 4192 1864 4248 Deum
1898 4210 2004 4249 non
2047 4209 2168 4250 cre-

567 4270 677 4335 dis,
724 4289 833 4328 non
882 4288 966 4330 εει
1004 4278 1137 4333 satis
1183 4291 1239 4334 ut
1289 4281 1489 4337 bonum
1541 4284 1711 4339 dicas.
1743 4284 1858 4338 Non
1894 4286 2031 4341 tales
2064 4300 2166 4356 ego

562 4378 749 4433 quaero
792 4363 1114 4437 discipulos,
1172 4370 1263 4441 qui
1294 4382 1383 4429 me
1415 4375 1587 4446 magis
1634 4374 1935 4431 secundum
1984 4376 2163 4433 homi-

2266 3283 2355 3323 res
2387 3282 2521 3336 opus
2548 3263 2770 3327 Christi,
2803 3258 3098 3327 Apostolus
3137 3255 3276 3312 dixit
3308 3275 3322 3311 :
3358 3251 3519 3308 Petra
3548 3262 3717 3307 autem
3749 3254 3839 3303 erat

2267 3359 2504 3413 Christus
2531 3356 2575 3429 (l
2607 3354 2726 3409 Cor.
2760 3369 2818 3418 ιι,
2840 3355 2918 3421 4).

2338 3451 2427 3506 23.
2461 3450 2682 3505 Hiccine
2724 3463 2829 3501 non
2862 3445 3060 3508 bonus,
3094 3442 3182 3512 qui
3214 3452 3321 3495 tam
3361 3438 3651 3494 innumera
3682 3432 3838 3506 populi

2270 3545 2458 3610 tnillia,
2488 3557 2555 3597 ne
2579 3552 2682 3612 qua
2705 3539 3002 3595 incesseret
3027 3535 3216 3598 fames,
3244 3535 3295 3587 in
3316 3531 3534 3588 deserto
3560 3530 3701 3601 pavit
3723 3540 3840 3595 pane

2268 3636 2499 3701 cmlesti,
2531 3635 2649 3688 sine
2677 3648 2777 3686 usu
2808 3631 3028 3689 laboris,
3062 3643 3183 3683 cum
3214 3625 3389 3681 fructu
3419 3624 3622 3692 quietis
3662 3618 3837 3695 (Exod.

2269 3746 2383 3796 xvr,
2417 3731 2484 3783 15
2505 3737 2552 3782 et
2585 3742 2669 3795 seq
2699 3726 2754 3796 )'.
2786 3725 2855 3779 ita
2884 3734 2941 3776 nt
2971 3736 3159 3777 eorum
3190 3734 3282 3789 per
3307 3716 3662 3788 quadraginta
3691 3724 3840 3768 annos

2268 3836 2368 3879 nec
2392 3821 2718 3876 vestimenta
2761 3822 3186 3881 veterascerent.
3237 3826 3337 3867 nec
3373 3810 3736 3866 calceamenta
3774 3814 3839 3858 tc-

2267 3922 2517 3972 rerentur
2568 3911 2747 3980 (Deut.
2796 3924 2908 3976 vm,
2952 3906 3032 3979 4),
3084 3916 3107 3944 ο
3150 3906 3321 3960 instar
3374 3902 3626 3958 ﬁdelibus
3666 3899 3839 3955 futura:

2269 4003 2695 4061 resurrectionis
2725 3999 3043 4066 ostendens,
3086 3997 3226 4067 quod
3259 4010 3359 4051 nec
3404 3994 3669 4050 iacturum
3695 3992 3839 4049 drcor

2268 4096 2701 4169 splendidorum,
2744 4107 2848 4149 nec
2891 4088 3232 4147 circumfusae
3279 4088 3495 4143 virtutis
3539 4090 3700 4153 nitor,
3755 4094 3839 4137 uec

2270 4192 2393 4246 vita:
2420 4204 2611 4245 cursus
2641 4187 2844 4258 periret
2873 4182 3161 4239 humanas?

2342 4283 2436 4337 24.
2474 4282 2693 4337 lliCCine
2743 4292 2851 4334 non
2896 4278 3093 4337 bonus.
3133 4275 3223 4345 qui
3277 4272 3436 4328 nobis
3487 4271 3684 4329 caelum
3734 4264 3841 4322 fecit

2270 4386 2415 4443 esse,
2446 4372 2592 4446 quod
2624 4380 2767 4429 terra
2798 4376 2920 4435 eSt;
2952 4378 3009 4423 ut
3035 4367 3177 4422 sicut
3202 4366 3256 4421 in
3287 4364 3451 4431 caelo,
3480 4362 3635 4434 quasi
3655 4361 3705 4417 in
3732 4371 3839 4429 spe-

564 4580 685 4638 cap.
719 4556 899 4641 citatis
929 4581 1260 4628 memoratos
1284 4614 1300 4639 ,
1354 4574 1699 4630 Basiliuslib.
1744 4590 1798 4629 tv
1828 4582 2017 4631 contra
2048 4574 2160 4632 Eu-
2190 4580 2246 4641 Ι)
2270 4575 2427 4631 aliter
2482 4576 2535 4630 in
2568 4574 2804 4631 Arianos
2854 4570 3282 4631 inveherentur,
3313 4582 3478 4641 quam
3533 4578 3650 4641 quo
3695 4562 3839 4641 modo

565 4652 737 4706 nom.,
771 4640 1067 4715 Gregorius
1094 4643 1252 4715 Nyss.
1281 4645 1432 4701 Orat.
1460 4647 1519 4700 11
1552 4648 1603 4701 iu
1641 4647 1888 4702 eumdem
1927 4647 2162 4703 hmretii-

563 4723 686 4795 cum
711 4751 726 4775 ,
767 4721 843 4795 et
865 4714 1101 4795 Cyrillus
1130 4714 1291 4795 Alex.
1316 4717 1378 4795 _in
1411 4717 1715 4795 Thesauro,
1745 4719 1905 4795 simili
1952 4721 2163 4795 ratione

566 4787 924 4855 argumentati
975 4794 1118 4840 sunt.
1175 4787 1328 4855 Quod
1375 4796 1553 4843 autem
1606 4788 1862 4846 Petavius
1918 4801 2066 4846 totnu
2121 4789 2163 4846 ll

566 4849 829 4931 Tlteolog.
860 4854 1049 4931 Dugm.
1077 4898 1091 4922 ,
1125 4849 1221 4913 lib'.
1270 4875 1327 4922 ll,
1358 4859 1428 4916 de
1475 4860 1695 4924 ’l‘rinit.,
1724 4875 1847 4931 cap.
1888 4863 1942 4927 4,
1974 4863 2164 4917 scribit

564 4923 826 5007 quqsdum
864 4923 1085 5007 Yetercs
1114 4943 1255 4994 esse,
1308 4946 1447 5007 quos
1469 4931 1612 4988 inter
1648 4923 1967 5007 Gregorium
2000 4934 2159 5005 Nyss.

565 4993 991 5078 etIAmbrosiutn
1017 4993 1290 5078 nutrierat,
1318 4993 1408 5078 qui
1432 5020 1535 5078 non
1559 5006 1683 5060 satis
1709 4993 2069 5059 animaduersa
2085 5022 2159 5071 re,

562 5062 907 5144 vehementius
931 5069 986 5144 i_n
1011 5062 1287 5144 ntereticos
1308 5062 1429 5129 ittos
1456 5077 1640 5129 invecti
1665 5086 1785 5131 sunt
1815 5118 1829 5141 ,
1890 5062 2159 5144 tamquam

564 5139 759 5222 malum
789 5154 898 5193 esse
1066 5140 1266 5222 Filium
1289 5160 1354 5200 ex
1376 5160 1554 5200 eorum
1584 5139 1823 5201 oratione
1839 5139 2160 5222 consequens

564 5209 738 5287 foret.-
770 5212 1263 5287 n0n__videtur_vir
1316 5233 1546 5286 magnus
1590 5232 1704 5272 rem
1748 5218 1881 5271 satis
1914 5209 2028 5287 ipse
2056 5234 2158 5272 ex-

560 5277 836 5357 pendisse.
886 5280 1019 5357 Nam
1065 5287 1109 5338 si
1149 5285 1322 5342 Filius
1372 5277 1478 5341 nim
1512 5302 1608 5357 per
1654 5304 1714 5344 se
1751 5298 1807 5342 et
1834 5277 2026 5343 natura
2058 5305 2155 5345 sua

563 5346 736 5404 bonus
766 5361 871 5415 est,
900 5354 996 5406 sed
1028 5362 1242 5410 tantum
1272 5346 1583 5412 externa'ct
1606 5358 1906 5414 adventitia
1934 5359 2153 5415 bonita-

564 5425 616 5499 te
647 5429 701 5500 ιιι
728 5431 992 5504 creaturae
1016 5426 1160 5504 alias,
1197 5428 1439 5504 qundexA
1465 5442 1658 5504 eorum
1701 5431 1950 5504 oratione
1988 5431 2156 5485 dedet-

562 5492 611 5575 ci
646 5492 760 5575 ipse
800 5492 1056 5575 Pe‘tayius
1081 5492 1319 5575 fatetur;
1347 5500 1474 5554 inde
1500 5503 1744 5575 proiecto
1774 5500 1874 5554 rite
1895 5503 2148 5570 sequitur

562 5562 815 5641 eumdem
846 5562 1041 5621 Filium
1072 5569 1286 5625 seclusa
1306 5562 1560 5640 precaria
1586 5571 1679 5624 illa
1704 5572 1949 5625 bmntate
1978 5562 2151 5641 "spec-

569 5636 760 5714 ἒτηηηιν
795 5636 897 5690 hoc
928 5652 1091 5714 sensu
1125 5636 1333 5714 malum
1353 5643 1656 5714 fore,'quod
1690 5652 1835 5699 esset
1861 5636 2150 5713 imperfec-

569 5708 687 5789 [⁸ξῇ
721 5711 1182 5789 εξβίῖττυυιξοηί,
1238 5717 1435 5781 θιτοτὶ,
1462 5708 1689 5789 peccato
1709 5708 1953 5789 denique
1974 5716 2148 5772 obno-

577 5770 714 5830 sius.
758 5776 824 5834 Et
866 5779 970 5837 hoc
993 5770 1300 5859 plusquam
1324 5770 1919 5875 satis'crati’atribtis,
1948 5770 2147 5867 utin—on

2270 4648 2513 4703 invectus
2543 4645 2865 4712 reperimus.
2923 4642 3015 4696 llis
3043 4642 3212 4712 etiam
3226 4636 3438 4712 accedit
3463 4640 3606 4710 quod
3625 4636 3838 4712 Ambro-

2269 4721 2405 4783 sius,
2436 4720 2527 4772 lib.
2558 4733 2575 4771 ι
2606 4707 2791 4781 Οιίιυ..
2825 4730 2876 4768 c.
2908 4713 3000 4778 25,
3032 4728 3087 4766 ιι.
3114 4711 3242 4774 117,
3278 4707 3602 4783 Ειιιιιιιιιίιιιιι
3633 4707 3841 4783 Mat-rio-

2269 4793 2324 4845 ni
2350 4779 2548 4860 jungit,
2573 4789 2724 4856 quasi
2758 4779 2949 4860 eadem
2969 4784 3039 4839 de
3067 4783 3282 4838 duobus
3307 4782 3593 4852 principiis
3618 4779 3842 4835 sentien-

2269 4870 2403 4917 tem.
2440 4858 2513 4914 De
2543 4874 2651 4926 quo
2676 4873 2777 4912 nos
2804 4858 2901 4912 ibi.

2344 4942 2369 4969 τι
2410 4932 2487 4985 Ita
2519 4923 2673 4985 ltum.
2706 4930 2840 4984 edit.
2873 4942 3018 4981 cmn.
3066 4940 3200 4979 mss.
3228 4924 3400 4979 multo
3427 4923 3698 4989 pluribus;
3722 4932 3840 4988 quo-

2270 5019 2389 5059 rum
2419 5009 2599 5056 tamen
2629 5002 2736 5055 duo
2768 5001 2970 5069 legunt.
3001 5036 3014 5052 .
3038 5037 3051 5051 .
3076 5036 3090 5049 .
3121 5014 3151 5050 a
3183 4996 3503 5069 plenitudine
3530 4994 3712 5048 divina:
3740 5005 3837 5043 ma-

2257 5076 2469 5147 jestatis
2499 5084 2545 5126 et
2566 5071 2811 5147 bonitatis
2830 5068 2993 5147 Euvet.
3034 5077 3211 5122 autem
3236 5068 3367 5121 edit.
3404 5082 3468 5119 ac
3500 5069 3835 5147 pandantes”

2262 5131 2599 5200 bdivinitatis
2644 5141 2963 5214 plenitudine
3005 5148 3295 5210 separatur.
3319 5177 3332 5190 .
3360 5176 3373 5190 .
3403 5176 3417 5191 .
3447 5154 3481 5191 α
3501 5131 3514 5135 ’
3543 5131 3837 5204 plenitudine

2262 5219 2452 5271 dicitur
2485 5218 2771 5283 potestatis,
2805 5225 2910 5269 etc.

2334 5288 2362 5327 λι
2410 5274 2524 5343 Vet.
2558 5286 2692 5341 edit.
2719 5274 2772 5339 et
2804 5298 2934 5337 mss.
2968 5280 3242 5344 nonnulli,
3269 5277 3360 5334 sed
3386 5280 3524 5348 quod
3550 5274 3833 5335 Trinitatis;

2265 5359 2424 5414 Rom.
2460 5367 2516 5411 et
2542 5357 2733 5424 reliqui
2770 5370 2929 5415 mss.,
2958 5354 3047 5409 sed
3070 5353 3208 5422 quod
3239 5353 3454 5424 unitatis
3480 5364 3500 5413 ;
3530 5366 3633 5401 uno
3662 5357 3827 5401 tamen

2261 5438 2493 5489 exocnto
2520 5428 2610 5481 ubi
2628 5468 2642 5489 ,
2663 5422 2762 5479 sed
2788 5426 2923 5495 quod
2948 5424 3250 5495 divinitatis.
3271 5422 3491 5495 ‘Eodetn
3520 5433 3702 5475 sensu.

2332 5511 2355 5538 ο
2389 5484 2699 5553 Αωυνῡζει
2740 5484 2898 5550 Eras.
2925 5511 3046 5550 eum
3092 5492 3282 5563 majori
3315 5506 3546 5546 tntmero
3574 5503 3722 5549 ωδε..
3759 5484 3832 5535 in-

2256 5584 2365 5627 star
2390 5570 2720 5641 inﬁdelibus;
2748 5566 2877 5641 Gtil.
2922 5576 2977 5620 ct
3016 5565 3174 5619 Rom.
3217 5578 3339 5618 cum
3394 5564 3517 5617 cod.
3559 5566 3831 5641 sesumam!

2256 5628 2512 5707 exaratis,
2543 5628 2713 5695 instar
2730 5640 2986 5709 ﬁdelibus.
3004 5641 3218 5702 Melius;
3247 5654 3370 5694 nam
3394 5633 3637 5707 suprade
3654 5628 3830 5687 iisdem

2254 5716 2512 5773 Israelitis
2538 5714 2761 5782 dicitur,
2788 5726 2842 5769 ut
2865 5714 3042 5787 ﬁdeles
3061 5713 3402 5784 circumfusa,
3431 5720 3541 5767 etc.
