  <div class='ocr_page' id='page_1' title='image "/cluster/home/n/w/nwhite01/storage/ocr_20150623/16/uva.x000826550/290.png"; bbox 0 0 3952 6178; ppageno 0'>
   <div class='ocr_carea' id='block_1_1' title="bbox 138 194 3485 270">
    <p class='ocr_par' dir='ltr' id='par_1_1' title="bbox 138 194 3485 270">
     <span class='ocr_line' id='line_1_1' title="bbox 138 194 3485 270; baseline 0.004 -14"><span class='ocrx_word' id='word_1_1' title='bbox 138 194 259 258; x_wconf 68' lang='lat'><strong>565</strong></span> <span class='ocrx_word' id='word_1_2' title='bbox 1512 200 1603 259; x_wconf 79' lang='lat' dir='ltr'><strong>DE</strong></span> <span class='ocrx_word' id='word_1_3' title='bbox 1648 200 1811 260; x_wconf 78' lang='lat' dir='ltr'><strong>FIDE</strong></span> <span class='ocrx_word' id='word_1_4' title='bbox 1848 202 1979 260; x_wconf 84' lang='lat' dir='ltr'><strong>LIB.</strong></span> <span class='ocrx_word' id='word_1_5' title='bbox 2026 205 2091 261; x_wconf 89' lang='lat' dir='ltr'><strong>ll.</strong></span> <span class='ocrx_word' id='word_1_6' title='bbox 3380 210 3485 270; x_wconf 78' lang='lat'><strong>566</strong></span> 
     </span>
    </p>
   </div>
   <div class='ocr_carea' id='block_1_2' title="bbox 128 317 3482 401">
    <p class='ocr_par' dir='ltr' id='par_1_2' title="bbox 128 317 3482 401">
     <span class='ocr_line' id='line_1_2' title="bbox 128 317 3482 401; baseline 0.003 -27"><span class='ocrx_word' id='word_1_7' title='bbox 128 317 268 374; x_wconf 77' lang='lat' dir='ltr'><strong>culo</strong></span> <span class='ocrx_word' id='word_1_8' title='bbox 296 317 566 389; x_wconf 76' lang='lat' dir='ltr'><strong>quodam,</strong></span> <span class='ocrx_word' id='word_1_9' title='bbox 601 317 885 374; x_wconf 84' lang='lat' dir='ltr'><strong>stellarum</strong></span> <span class='ocrx_word' id='word_1_10' title='bbox 904 318 1202 375; x_wconf 84' lang='lat' dir='ltr'><strong>lucentium</strong></span> <span class='ocrx_word' id='word_1_11' title='bbox 1227 318 1561 390; x_wconf 83' lang='lat' dir='ltr'><strong>refulgerent</strong></span> <span class='ocrx_word' id='word_1_12' title='bbox 1580 321 1758 391; x_wconf 84' lang='lat' dir='ltr'><strong>globi;</strong></span> <span class='ocrx_word' id='word_1_13' title='bbox 1789 320 1845 382; x_wconf 86' lang='grc' dir='ltr'><strong>Δ</strong></span> <span class='ocrx_word' id='word_1_14' title='bbox 1867 321 1994 392; x_wconf 98' lang='lat' dir='ltr'><strong>quia</strong></span> <span class='ocrx_word' id='word_1_15' title='bbox 2022 320 2138 392; x_wconf 83' lang='lat' dir='ltr'><strong>ipse</strong></span> <span class='ocrx_word' id='word_1_16' title='bbox 2162 329 2249 378; x_wconf 85' lang='lat' dir='ltr'><strong>est</strong></span> <span class='ocrx_word' id='word_1_17' title='bbox 2274 323 2545 391; x_wconf 81' lang='lat' dir='ltr'><strong>speculum</strong></span> <span class='ocrx_word' id='word_1_18' title='bbox 2573 324 2685 379; x_wconf 78' lang='lat' dir='ltr'><strong>sine</strong></span> <span class='ocrx_word' id='word_1_19' title='bbox 2711 326 2938 397; x_wconf 71' lang='lat' dir='ltr'><strong>macula,</strong></span> <span class='ocrx_word' id='word_1_20' title='bbox 2970 336 3017 382; x_wconf 88' lang='lat' dir='ltr'><strong>et</strong></span> <span class='ocrx_word' id='word_1_21' title='bbox 3039 328 3216 401; x_wconf 74' lang='lat' dir='ltr'><strong>imago</strong></span> <span class='ocrx_word' id='word_1_22' title='bbox 3237 329 3482 386; x_wconf 79' lang='lat' dir='ltr'><strong>bonitatis</strong></span> 
     </span>
    </p>
   </div>
   <div class='ocr_carea' id='block_1_3' title="bbox 136 411 2477 487">
    <p class='ocr_par' dir='ltr' id='par_1_3' title="bbox 136 411 2477 487">
     <span class='ocr_line' id='line_1_3' title="bbox 136 411 2477 487; baseline 0.003 -22"><span class='ocrx_word' id='word_1_23' title='bbox 136 411 215 465; x_wconf 86' lang='lat' dir='ltr'><strong>ita</strong></span> <span class='ocrx_word' id='word_1_24' title='bbox 259 411 448 466; x_wconf 86' lang='lat' dir='ltr'><strong>etiam</strong></span> <span class='ocrx_word' id='word_1_25' title='bbox 492 411 868 481; x_wconf 70' lang='lat' dir='ltr'><strong>apostolorum</strong></span> <span class='ocrx_word' id='word_1_26' title='bbox 896 419 953 467; x_wconf 84' lang='lat' dir='ltr'><strong>et</strong></span> <span class='ocrx_word' id='word_1_27' title='bbox 983 418 1281 483; x_wconf 76' lang='lat' dir='ltr'><strong>martyrum</strong></span> <span class='ocrx_word' id='word_1_28' title='bbox 1313 419 1369 467; x_wconf 91' lang='lat' dir='ltr'><strong>et</strong></span> <span class='ocrx_word' id='word_1_29' title='bbox 1393 411 1769 479; x_wconf 72' lang='lat' dir='ltr'><strong>sacerdotum,</strong></span> <span class='ocrx_word' id='word_1_30' title='bbox 1878 414 2023 470; x_wconf 78' lang='lat' dir='ltr'><strong>illius</strong></span> <span class='ocrx_word' id='word_1_31' title='bbox 2055 413 2214 487; x_wconf 86' lang='lat' dir='ltr'><strong>(Sap.</strong></span> <span class='ocrx_word' id='word_1_32' title='bbox 2240 431 2337 485; x_wconf 87' lang='lat' dir='ltr'><strong>vtt,</strong></span> <span class='ocrx_word' id='word_1_33' title='bbox 2361 416 2477 487; x_wconf 74' lang='grc'><strong>26).</strong></span> 
     </span>
    </p>
   </div>
   <div class='ocr_carea' id='block_1_4' title="bbox 137 506 2857 588">
    <p class='ocr_par' dir='ltr' id='par_1_4' title="bbox 137 506 2857 588">
     <span class='ocr_line' id='line_1_4' title="bbox 137 506 2857 588; baseline 0.001 -28"><span class='ocrx_word' id='word_1_34' title='bbox 137 508 263 562; x_wconf 89' lang='lat' dir='ltr'><strong>vice</strong></span> <span class='ocrx_word' id='word_1_35' title='bbox 316 507 615 562; x_wconf 87' lang='lat' dir='ltr'><strong>stellarum</strong></span> <span class='ocrx_word' id='word_1_36' title='bbox 647 506 993 577; x_wconf 78' lang='lat' dir='ltr'><strong>fulgentium,</strong></span> <span class='ocrx_word' id='word_1_37' title='bbox 1042 515 1156 571; x_wconf 83' lang='lat' dir='ltr'><strong>toto</strong></span> <span class='ocrx_word' id='word_1_38' title='bbox 1187 506 1579 563; x_wconf 86' lang='lat' dir='ltr'><strong>illucescerent</strong></span> <span class='ocrx_word' id='word_1_39' title='bbox 1609 506 1770 563; x_wconf 82' lang='lat' dir='ltr'><strong>ebori</strong></span> <span class='ocrx_word' id='word_1_40' title='bbox 2500 528 2733 588; x_wconf 63' lang='lat' dir='ltr'><strong>CAPUT</strong></span> <span class='ocrx_word' id='word_1_41' title='bbox 2770 524 2857 586; x_wconf 49' lang='grc' dir='ltr'><strong>ιη,</strong></span> 
     </span>
    </p>
   </div>
   <div class='ocr_carea' id='block_1_5' title="bbox 137 600 3480 750">
    <p class='ocr_par' dir='ltr' id='par_1_5' title="bbox 137 600 3480 750">
     <span class='ocr_line' id='line_1_5' title="bbox 137 600 3480 717; baseline 0.004 -23"><span class='ocrx_word' id='word_1_42' title='bbox 137 600 411 656; x_wconf 50' lang='lat' dir='ltr'><strong>mundo,</strong></span> <span class='ocrx_word' id='word_1_43' title='bbox 1314 694 1326 706; x_wconf 78' lang='grc'><em>,</em></span> <span class='ocrx_word' id='word_1_44' title='bbox 1874 634 2079 696; x_wconf 83' lang='lat' dir='ltr'><strong>Filium</strong></span> <span class='ocrx_word' id='word_1_45' title='bbox 2123 639 2219 697; x_wconf 90' lang='lat' dir='ltr'><strong>Dei</strong></span> <span class='ocrx_word' id='word_1_46' title='bbox 2263 640 2432 698; x_wconf 89' lang='lat' dir='ltr'><strong>Deum</strong></span> <span class='ocrx_word' id='word_1_47' title='bbox 2477 644 2666 699; x_wconf 88' lang='lat' dir='ltr'><strong>bonum</strong></span> <span class='ocrx_word' id='word_1_48' title='bbox 2696 662 2755 700; x_wconf 87' lang='lat' dir='ltr'><strong>ac</strong></span> <span class='ocrx_word' id='word_1_49' title='bbox 2796 656 2972 703; x_wconf 79' lang='lat' dir='ltr'><strong>verum</strong></span> <span class='ocrx_word' id='word_1_50' title='bbox 3009 658 3140 717; x_wconf 74' lang='lat' dir='ltr'><strong>esse,</strong></span> <span class='ocrx_word' id='word_1_51' title='bbox 3185 658 3304 706; x_wconf 83' lang='lat' dir='ltr'><strong>cum</strong></span> <span class='ocrx_word' id='word_1_52' title='bbox 3339 644 3480 709; x_wconf 78' lang='lat' dir='ltr'><strong>Detts</strong></span> 
     </span>
     <span class='ocr_line' id='line_1_6' title="bbox 204 692 2779 750; baseline 0 0"><span class='ocrx_word' id='word_1_53' title='bbox 204 694 305 750; x_wconf 74' lang='lat'><strong>25.</strong></span> <span class='ocrx_word' id='word_1_54' title='bbox 338 692 498 750; x_wconf 63' lang='lat' dir='ltr'><strong>Ergo</strong></span> <span class='ocrx_word' id='word_1_55' title='bbox 523 708 634 749; x_wconf 84' lang='lat' dir='ltr'><strong>non</strong></span> <span class='ocrx_word' id='word_1_56' title='bbox 677 693 855 749; x_wconf 87' lang='lat' dir='ltr'><strong>solum</strong></span> <span class='ocrx_word' id='word_1_57' title='bbox 884 693 1084 750; x_wconf 84' lang='lat' dir='ltr'><strong>bonus.</strong></span> <span class='ocrx_word' id='word_1_58' title='bbox 1128 693 1225 750; x_wconf 84' lang='lat' dir='ltr'><strong>sed</strong></span> <span class='ocrx_word' id='word_1_59' title='bbox 1254 702 1420 750; x_wconf 79' lang='lat' dir='ltr'><strong>etiam</strong></span> <span class='ocrx_word' id='word_1_60' title='bbox 1458 701 1645 750; x_wconf 80' lang='lat' dir='ltr'><strong>pastor</strong></span> <span class='ocrx_word' id='word_1_61' title='bbox 1674 694 1771 749; x_wconf 87' lang='lat' dir='ltr'><strong>bo-</strong></span> <span class='ocrx_word' id='word_1_62' title='bbox 2748 736 2779 750; x_wconf 85' lang='lat'><strong>._</strong></span> 
     </span>
    </p>
   </div>
   <div class='ocr_carea' id='block_1_6' title="bbox 290 693 2800 793">
    <p class='ocr_par' dir='ltr' id='par_1_6' title="bbox 290 693 2800 793">
     <span class='ocr_line' id='line_1_7' title="bbox 290 693 2800 793; baseline 0.001 -44"><span class='ocrx_word' id='word_1_63' title='bbox 290 736 315 793; x_wconf 44' lang='lat'><strong>.-</strong></span> <span class='ocrx_word' id='word_1_64' title='bbox 338 693 498 765; x_wconf 85' lang='lat' dir='ltr'><strong>Ergo</strong></span> <span class='ocrx_word' id='word_1_65' title='bbox 523 708 634 749; x_wconf 86' lang='lat' dir='ltr'><strong>non</strong></span> <span class='ocrx_word' id='word_1_66' title='bbox 677 693 855 793; x_wconf 80' lang='lat' dir='ltr'><strong>solum</strong></span> <span class='ocrx_word' id='word_1_67' title='bbox 884 693 1084 760; x_wconf 87' lang='lat' dir='ltr'><strong>bonus,</strong></span> <span class='ocrx_word' id='word_1_68' title='bbox 1128 693 1225 793; x_wconf 83' lang='lat' dir='ltr'><strong>sed</strong></span> <span class='ocrx_word' id='word_1_69' title='bbox 1254 694 1420 750; x_wconf 90' lang='lat' dir='ltr'><strong>etiam</strong></span> <span class='ocrx_word' id='word_1_70' title='bbox 1458 701 1645 793; x_wconf 82' lang='lat' dir='ltr'><strong>pastor</strong></span> <span class='ocrx_word' id='word_1_71' title='bbox 1674 694 1771 793; x_wconf 78' lang='lat' dir='ltr'><strong>bo-</strong></span> <span class='ocrx_word' id='word_1_72' title='bbox 1874 693 1881 695; x_wconf 40' lang='lat'><strong><em>”</em></strong></span> <span class='ocrx_word' id='word_1_73' title='bbox 2123 693 2214 697; x_wconf 63' lang='grc'><strong>’““</strong></span> 
     </span>
    </p>
   </div>
   <div class='ocr_carea' id='block_1_7' title="bbox 132 786 1867 855">
    <p class='ocr_par' dir='ltr' id='par_1_7' title="bbox 132 786 1867 855">
     <span class='ocr_line' id='line_1_8' title="bbox 132 786 1867 855; baseline 0.001 -13"><span class='ocrx_word' id='word_1_74' title='bbox 132 802 263 853; x_wconf 86' lang='lat' dir='ltr'><strong>nus,</strong></span> <span class='ocrx_word' id='word_1_75' title='bbox 300 786 416 842; x_wconf 87' lang='lat' dir='ltr'><strong>hoc</strong></span> <span class='ocrx_word' id='word_1_76' title='bbox 454 795 563 855; x_wconf 85' lang='lat' dir='ltr'><strong>est,</strong></span> <span class='ocrx_word' id='word_1_77' title='bbox 588 801 700 842; x_wconf 90' lang='lat' dir='ltr'><strong>non</strong></span> <span class='ocrx_word' id='word_1_78' title='bbox 724 788 828 844; x_wconf 89' lang='lat' dir='ltr'><strong>sibi</strong></span> <span class='ocrx_word' id='word_1_79' title='bbox 861 797 1091 853; x_wconf 85' lang='lat' dir='ltr'><strong>tantum,</strong></span> <span class='ocrx_word' id='word_1_80' title='bbox 1122 788 1216 844; x_wconf 91' lang='lat' dir='ltr'><strong>sed</strong></span> <span class='ocrx_word' id='word_1_81' title='bbox 1238 790 1404 844; x_wconf 87' lang='lat' dir='ltr'><strong>etiam</strong></span> <span class='ocrx_word' id='word_1_82' title='bbox 1432 788 1625 844; x_wconf 87' lang='lat' dir='ltr'><strong>ovibus</strong></span> <span class='ocrx_word' id='word_1_83' title='bbox 1655 787 1770 843; x_wconf 91' lang='lat' dir='ltr'><strong>suis</strong></span> <span class='ocrx_word' id='word_1_84' title='bbox 1860 812 1867 817; x_wconf 49' lang='grc' dir='ltr'>θ</span> 
     </span>
    </p>
   </div>
   <div class='ocr_carea' id='block_1_8' title="bbox 136 877 1768 952">
    <p class='ocr_par' dir='ltr' id='par_1_8' title="bbox 136 877 1768 952">
     <span class='ocr_line' id='line_1_9' title="bbox 136 877 1768 952; baseline -0.001 -17"><span class='ocrx_word' id='word_1_85' title='bbox 136 880 321 935; x_wconf 85' lang='lat' dir='ltr'><strong>bonus</strong></span> <span class='ocrx_word' id='word_1_86' title='bbox 359 896 375 932; x_wconf 90' lang='lat'><strong>:</strong></span> <span class='ocrx_word' id='word_1_87' title='bbox 407 877 592 934; x_wconf 83' lang='lat' dir='ltr'><strong>Bonus</strong></span> <span class='ocrx_word' id='word_1_88' title='bbox 631 880 778 936; x_wconf 87' lang='lat' dir='ltr'><strong>enim</strong></span> <span class='ocrx_word' id='word_1_89' title='bbox 820 889 997 950; x_wconf 87' lang='lat' dir='ltr'><strong>pastor</strong></span> <span class='ocrx_word' id='word_1_90' title='bbox 1030 881 1259 934; x_wconf 88' lang='lat' dir='ltr'><strong>animam</strong></span> <span class='ocrx_word' id='word_1_91' title='bbox 1297 896 1445 934; x_wconf 86' lang='lat' dir='ltr'><strong>suam</strong></span> <span class='ocrx_word' id='word_1_92' title='bbox 1484 880 1628 952; x_wconf 88' lang='lat' dir='ltr'><strong>ponit</strong></span> <span class='ocrx_word' id='word_1_93' title='bbox 1673 892 1768 951; x_wconf 67' lang='lat' dir='ltr'><strong>pro</strong></span> 
     </span>
    </p>
   </div>
   <div class='ocr_carea' id='block_1_9' title="bbox 133 970 1765 1044">
    <p class='ocr_par' dir='ltr' id='par_1_9' title="bbox 133 970 1765 1044">
     <span class='ocr_line' id='line_1_10' title="bbox 133 970 1765 1044; baseline 0 -17"><span class='ocrx_word' id='word_1_94' title='bbox 133 972 314 1028; x_wconf 76' lang='lat' dir='ltr'><strong>ovibus</strong></span> <span class='ocrx_word' id='word_1_95' title='bbox 347 973 469 1027; x_wconf 80' lang='lat' dir='ltr'><strong>suis</strong></span> <span class='ocrx_word' id='word_1_96' title='bbox 496 971 678 1043; x_wconf 82' lang='lat' dir='ltr'><strong>(Joan.</strong></span> <span class='ocrx_word' id='word_1_97' title='bbox 713 987 765 1039; x_wconf 69' lang='grc' dir='ltr'>ι,</span> <span class='ocrx_word' id='word_1_98' title='bbox 796 970 906 1044; x_wconf 78' lang='grc' dir='ltr'><strong>Η).</strong></span> <span class='ocrx_word' id='word_1_99' title='bbox 933 972 1296 1043; x_wconf 87' lang='lat' dir='ltr'><strong>Posuitplane</strong></span> <span class='ocrx_word' id='word_1_100' title='bbox 1321 973 1558 1027; x_wconf 86' lang='lat' dir='ltr'><strong>animam</strong></span> <span class='ocrx_word' id='word_1_101' title='bbox 1585 987 1765 1038; x_wconf 88' lang='lat' dir='ltr'><strong>suam,</strong></span> 
     </span>
    </p>
   </div>
   <div class='ocr_carea' id='block_1_10' title="bbox 134 1066 1769 1137">
    <p class='ocr_par' dir='ltr' id='par_1_10' title="bbox 134 1066 1769 1137">
     <span class='ocr_line' id='line_1_11' title="bbox 134 1066 1769 1137; baseline 0.001 -18"><span class='ocrx_word' id='word_1_102' title='bbox 134 1074 193 1121; x_wconf 91' lang='lat' dir='ltr'><strong>ut</strong></span> <span class='ocrx_word' id='word_1_103' title='bbox 222 1074 483 1121; x_wconf 84' lang='lat' dir='ltr'><strong>nostram</strong></span> <span class='ocrx_word' id='word_1_104' title='bbox 506 1066 715 1122; x_wconf 87' lang='lat' dir='ltr'><strong>levaret</strong></span> <span class='ocrx_word' id='word_1_105' title='bbox 744 1083 756 1119; x_wconf 89' lang='lat'><strong>:</strong></span> <span class='ocrx_word' id='word_1_106' title='bbox 790 1066 883 1120; x_wconf 89' lang='lat' dir='ltr'><strong>sed</strong></span> <span class='ocrx_word' id='word_1_107' title='bbox 913 1080 1011 1136; x_wconf 90' lang='lat' dir='ltr'><strong>pro</strong></span> <span class='ocrx_word' id='word_1_108' title='bbox 1039 1067 1339 1121; x_wconf 72' lang='lat' dir='ltr'><strong>divinitatis</strong></span> <span class='ocrx_word' id='word_1_109' title='bbox 1368 1075 1641 1136; x_wconf 79' lang='lat' dir='ltr'><strong>potestate</strong></span> <span class='ocrx_word' id='word_1_110' title='bbox 1669 1079 1769 1137; x_wconf 89' lang='lat' dir='ltr'><strong>po-</strong></span> 
     </span>
    </p>
   </div>
   <div class='ocr_carea' id='block_1_11' title="bbox 131 1159 1766 1231">
    <p class='ocr_par' dir='ltr' id='par_1_11' title="bbox 131 1159 1766 1231">
     <span class='ocr_line' id='line_1_12' title="bbox 131 1159 1766 1231; baseline -0.002 -15"><span class='ocrx_word' id='word_1_111' title='bbox 131 1161 242 1216; x_wconf 82' lang='lat' dir='ltr'><strong>suit</strong></span> <span class='ocrx_word' id='word_1_112' title='bbox 268 1168 328 1217; x_wconf 89' lang='lat' dir='ltr'><strong>et</strong></span> <span class='ocrx_word' id='word_1_113' title='bbox 354 1162 617 1230; x_wconf 77' lang='lat' dir='ltr'><strong>sumpsit,</strong></span> <span class='ocrx_word' id='word_1_114' title='bbox 652 1160 793 1215; x_wconf 80' lang='lat' dir='ltr'><strong>sicut</strong></span> <span class='ocrx_word' id='word_1_115' title='bbox 819 1160 1076 1231; x_wconf 88' lang='lat' dir='ltr'><strong>scriptum</strong></span> <span class='ocrx_word' id='word_1_116' title='bbox 1109 1170 1193 1215; x_wconf 91' lang='lat' dir='ltr'><strong>est</strong></span> <span class='ocrx_word' id='word_1_117' title='bbox 1222 1178 1234 1214; x_wconf 90' lang='lat'><strong>:</strong></span> <span class='ocrx_word' id='word_1_118' title='bbox 1264 1159 1578 1215; x_wconf 85' lang='lat' dir='ltr'><strong>Potestatem</strong></span> <span class='ocrx_word' id='word_1_119' title='bbox 1607 1160 1766 1214; x_wconf 82' lang='lat' dir='ltr'><strong>habeo</strong></span> 
     </span>
    </p>
   </div>
   <div class='ocr_carea' id='block_1_12' title="bbox 137 1249 1767 1324">
    <p class='ocr_par' dir='ltr' id='par_1_12' title="bbox 137 1249 1767 1324">
     <span class='ocr_line' id='line_1_13' title="bbox 137 1249 1767 1324; baseline -0.003 -16"><span class='ocrx_word' id='word_1_120' title='bbox 137 1253 371 1324; x_wconf 87' lang='lat' dir='ltr'><strong>ponendi</strong></span> <span class='ocrx_word' id='word_1_121' title='bbox 404 1254 645 1308; x_wconf 84' lang='lat' dir='ltr'><strong>animam</strong></span> <span class='ocrx_word' id='word_1_122' title='bbox 670 1264 855 1320; x_wconf 84' lang='lat' dir='ltr'><strong>meum,</strong></span> <span class='ocrx_word' id='word_1_123' title='bbox 896 1263 941 1306; x_wconf 86' lang='lat' dir='ltr'><strong>et</strong></span> <span class='ocrx_word' id='word_1_124' title='bbox 982 1261 1282 1323; x_wconf 84' lang='lat' dir='ltr'><strong>potestatem</strong></span> <span class='ocrx_word' id='word_1_125' title='bbox 1325 1251 1484 1306; x_wconf 83' lang='lat' dir='ltr'><strong>habeo</strong></span> <span class='ocrx_word' id='word_1_126' title='bbox 1528 1249 1767 1306; x_wconf 83' lang='lat' dir='ltr'><strong>sumendi</strong></span> 
     </span>
    </p>
   </div>
   <div class='ocr_carea' id='block_1_13' title="bbox 132 1346 1765 1418">
    <p class='ocr_par' dir='ltr' id='par_1_13' title="bbox 132 1346 1765 1418">
     <span class='ocr_line' id='line_1_14' title="bbox 132 1346 1765 1418; baseline -0.001 -15"><span class='ocrx_word' id='word_1_127' title='bbox 132 1364 266 1403; x_wconf 83' lang='lat' dir='ltr'><strong>eam.</strong></span> <span class='ocrx_word' id='word_1_128' title='bbox 302 1347 515 1402; x_wconf 76' lang='lat' dir='ltr'><strong>Nullus</strong></span> <span class='ocrx_word' id='word_1_129' title='bbox 530 1362 644 1401; x_wconf 88' lang='lat' dir='ltr'><strong>eam</strong></span> <span class='ocrx_word' id='word_1_130' title='bbox 671 1347 808 1402; x_wconf 87' lang='lat' dir='ltr'><strong>tollit</strong></span> <span class='ocrx_word' id='word_1_131' title='bbox 834 1363 867 1401; x_wconf 88' lang='lat' dir='ltr'><strong>a</strong></span> <span class='ocrx_word' id='word_1_132' title='bbox 898 1363 998 1413; x_wconf 89' lang='lat' dir='ltr'><strong>me,</strong></span> <span class='ocrx_word' id='word_1_133' title='bbox 1021 1346 1112 1403; x_wconf 81' lang='lat' dir='ltr'><strong>sed</strong></span> <span class='ocrx_word' id='word_1_134' title='bbox 1142 1358 1235 1418; x_wconf 85' lang='lat' dir='ltr'><strong>ego</strong></span> <span class='ocrx_word' id='word_1_135' title='bbox 1255 1360 1286 1401; x_wconf 89' lang='lat' dir='ltr'><strong>a</strong></span> <span class='ocrx_word' id='word_1_136' title='bbox 1312 1347 1605 1411; x_wconf 84' lang='lat' dir='ltr'><strong>memetipso</strong></span> <span class='ocrx_word' id='word_1_137' title='bbox 1628 1362 1765 1417; x_wconf 88' lang='lat' dir='ltr'><strong>pono</strong></span> 
     </span>
    </p>
   </div>
   <div class='ocr_carea' id='block_1_14' title="bbox 135 1430 1737 1515">
    <p class='ocr_par' dir='ltr' id='par_1_14' title="bbox 135 1440 765 1515">
     <span class='ocr_line' id='line_1_15' title="bbox 135 1440 765 1515; baseline -0.003 -19"><span class='ocrx_word' id='word_1_138' title='bbox 135 1459 242 1496; x_wconf 86' lang='lat' dir='ltr'><strong>eam</strong></span> <span class='ocrx_word' id='word_1_139' title='bbox 288 1441 499 1515; x_wconf 79' lang='lat' dir='ltr'><strong>(Ibid.,</strong></span> <span class='ocrx_word' id='word_1_140' title='bbox 536 1440 765 1513; x_wconf 73' lang='lat' dir='ltr'><strong>l7,18).</strong></span> 
     </span>
    </p>
   </div>
   <div class='ocr_carea' id='block_1_15' title="bbox 1856 1430 3470 1515">
    <p class='ocr_par' dir='ltr' id='par_1_15' title="bbox 1869 1430 3470 1508">
     <span class='ocr_line' id='line_1_16' title="bbox 1869 1430 3470 1508; baseline 0.006 -23"><span class='ocrx_word' id='word_1_141' title='bbox 1869 1445 1971 1485; x_wconf 91' lang='lat' dir='ltr'><strong>nus</strong></span> <span class='ocrx_word' id='word_1_142' title='bbox 1997 1440 2051 1487; x_wconf 88' lang='lat' dir='ltr'><strong>et</strong></span> <span class='ocrx_word' id='word_1_143' title='bbox 2071 1446 2232 1487; x_wconf 89' lang='lat' dir='ltr'><strong>verus</strong></span> <span class='ocrx_word' id='word_1_144' title='bbox 2260 1432 2396 1487; x_wconf 87' lang='lat' dir='ltr'><strong>alius</strong></span> <span class='ocrx_word' id='word_1_145' title='bbox 2422 1430 2564 1488; x_wconf 85' lang='lat' dir='ltr'><strong>Deus</strong></span> <span class='ocrx_word' id='word_1_146' title='bbox 2592 1449 2695 1488; x_wconf 92' lang='lat' dir='ltr'><strong>non</strong></span> <span class='ocrx_word' id='word_1_147' title='bbox 2728 1432 2795 1488; x_wconf 88' lang='lat' dir='ltr'><strong>sit</strong></span> <span class='ocrx_word' id='word_1_148' title='bbox 2819 1449 2833 1499; x_wconf 92' lang='lat'><strong>;</strong></span> <span class='ocrx_word' id='word_1_149' title='bbox 2864 1437 3120 1505; x_wconf 87' lang='lat' dir='ltr'><strong>quoniam</strong></span> <span class='ocrx_word' id='word_1_150' title='bbox 3148 1435 3200 1491; x_wconf 93' lang='lat' dir='ltr'><strong>in</strong></span> <span class='ocrx_word' id='word_1_151' title='bbox 3236 1436 3354 1508; x_wconf 89' lang='lat' dir='ltr'><strong>ipso</strong></span> <span class='ocrx_word' id='word_1_152' title='bbox 3384 1450 3470 1495; x_wconf 69' lang='grc' dir='ltr'><strong>εει</strong></span> 
     </span>
    </p>
   </div>
   <div class='ocr_carea' id='block_1_16' title="bbox 197 1523 3467 1605">
    <p class='ocr_par' dir='ltr' id='par_1_16' title="bbox 197 1523 3467 1605">
     <span class='ocr_line' id='line_1_17' title="bbox 197 1523 3467 1605; baseline 0.002 -29"><span class='ocrx_word' id='word_1_153' title='bbox 197 1533 293 1589; x_wconf 61' lang='grc'><strong>96,</strong></span> <span class='ocrx_word' id='word_1_154' title='bbox 341 1533 523 1589; x_wconf 55' lang='lat' dir='ltr'><strong>Vides</strong></span> <span class='ocrx_word' id='word_1_155' title='bbox 574 1533 896 1599; x_wconf 61' lang='lat' dir='ltr'><strong>bonitatem,</strong></span> <span class='ocrx_word' id='word_1_156' title='bbox 928 1533 1053 1605; x_wconf 71' lang='lat' dir='ltr'><strong>quia</strong></span> <span class='ocrx_word' id='word_1_157' title='bbox 1101 1542 1296 1605; x_wconf 66' lang='lat' dir='ltr'><strong>sponte</strong></span> <span class='ocrx_word' id='word_1_158' title='bbox 1339 1533 1517 1603; x_wconf 70' lang='lat' dir='ltr'><strong>posuit</strong></span> <span class='ocrx_word' id='word_1_159' title='bbox 1554 1551 1567 1587; x_wconf 72' lang='grc' dir='ltr'>ε</span> <span class='ocrx_word' id='word_1_160' title='bbox 1612 1532 1764 1590; x_wconf 62' lang='lat' dir='ltr'><strong>vides</strong></span> <span class='ocrx_word' id='word_1_161' title='bbox 1871 1523 2010 1579; x_wconf 91' lang='lat' dir='ltr'><strong>Deus</strong></span> <span class='ocrx_word' id='word_1_162' title='bbox 2038 1543 2050 1579; x_wconf 92' lang='lat'><strong>:</strong></span> <span class='ocrx_word' id='word_1_163' title='bbox 2080 1524 2315 1595; x_wconf 84' lang='lat' dir='ltr'><strong>speciale</strong></span> <span class='ocrx_word' id='word_1_164' title='bbox 2346 1535 2524 1581; x_wconf 89' lang='lat' dir='ltr'><strong>autem</strong></span> <span class='ocrx_word' id='word_1_165' title='bbox 2552 1523 2713 1581; x_wconf 81' lang='lat' dir='ltr'><strong>etiam</strong></span> <span class='ocrx_word' id='word_1_166' title='bbox 2740 1525 2916 1581; x_wconf 86' lang='lat' dir='ltr'><strong>Patris</strong></span> <span class='ocrx_word' id='word_1_167' title='bbox 2943 1525 3035 1592; x_wconf 84' lang='lat' dir='ltr'><strong>sit,</strong></span> <span class='ocrx_word' id='word_1_168' title='bbox 3061 1535 3117 1582; x_wconf 91' lang='lat' dir='ltr'><strong>ut</strong></span> <span class='ocrx_word' id='word_1_169' title='bbox 3148 1537 3269 1597; x_wconf 92' lang='lat' dir='ltr'><strong>post</strong></span> <span class='ocrx_word' id='word_1_170' title='bbox 3291 1524 3467 1599; x_wconf 84' lang='lat' dir='ltr'><strong>ipsum</strong></span> 
     </span>
    </p>
   </div>
   <div class='ocr_carea' id='block_1_17' title="bbox 135 1617 3469 1698">
    <p class='ocr_par' dir='ltr' id='par_1_17' title="bbox 135 1617 3469 1698">
     <span class='ocr_line' id='line_1_18' title="bbox 135 1617 3469 1698; baseline -0.001 -17"><span class='ocrx_word' id='word_1_171' title='bbox 135 1638 496 1698; x_wconf 79' lang='lat' dir='ltr'><strong>potestatem,</strong></span> <span class='ocrx_word' id='word_1_172' title='bbox 536 1629 660 1698; x_wconf 85' lang='lat' dir='ltr'><strong>quia</strong></span> <span class='ocrx_word' id='word_1_173' title='bbox 689 1626 951 1695; x_wconf 85' lang='lat' dir='ltr'><strong>sumpsit;</strong></span> <span class='ocrx_word' id='word_1_174' title='bbox 984 1635 1039 1683; x_wconf 88' lang='lat' dir='ltr'><strong>et</strong></span> <span class='ocrx_word' id='word_1_175' title='bbox 1065 1634 1119 1682; x_wconf 88' lang='lat' dir='ltr'><strong>tu</strong></span> <span class='ocrx_word' id='word_1_176' title='bbox 1170 1627 1369 1682; x_wconf 90' lang='lat' dir='ltr'><strong>bonum</strong></span> <span class='ocrx_word' id='word_1_177' title='bbox 1416 1640 1601 1697; x_wconf 85' lang='lat' dir='ltr'><strong>negas,</strong></span> <span class='ocrx_word' id='word_1_178' title='bbox 1634 1640 1760 1681; x_wconf 87' lang='lat' dir='ltr'><strong>cum</strong></span> <span class='ocrx_word' id='word_1_179' title='bbox 1868 1632 2028 1673; x_wconf 87' lang='lat' dir='ltr'><strong>verus</strong></span> <span class='ocrx_word' id='word_1_180' title='bbox 2050 1617 2186 1673; x_wconf 89' lang='lat' dir='ltr'><strong>alius</strong></span> <span class='ocrx_word' id='word_1_181' title='bbox 2218 1620 2358 1674; x_wconf 80' lang='lat' dir='ltr'><strong>Deus</strong></span> <span class='ocrx_word' id='word_1_182' title='bbox 2390 1632 2496 1673; x_wconf 93' lang='lat' dir='ltr'><strong>non</strong></span> <span class='ocrx_word' id='word_1_183' title='bbox 2530 1619 2628 1684; x_wconf 88' lang='lat' dir='ltr'><strong>sit;</strong></span> <span class='ocrx_word' id='word_1_184' title='bbox 2661 1620 2782 1689; x_wconf 83' lang='lat' dir='ltr'><strong>quia</strong></span> <span class='ocrx_word' id='word_1_185' title='bbox 2827 1633 2964 1674; x_wconf 91' lang='lat' dir='ltr'><strong>unus</strong></span> <span class='ocrx_word' id='word_1_186' title='bbox 3001 1620 3161 1684; x_wconf 89' lang='lat' dir='ltr'><strong>Deus,</strong></span> <span class='ocrx_word' id='word_1_187' title='bbox 3199 1621 3469 1692; x_wconf 80' lang='lat' dir='ltr'><strong>necjuxta</strong></span> 
     </span>
    </p>
   </div>
   <div class='ocr_carea' id='block_1_18' title="bbox 133 1708 3465 1792">
    <p class='ocr_par' dir='ltr' id='par_1_18' title="bbox 133 1708 3465 1792">
     <span class='ocr_line' id='line_1_19' title="bbox 133 1708 3465 1792; baseline -0.002 -16"><span class='ocrx_word' id='word_1_188' title='bbox 133 1721 248 1791; x_wconf 85' lang='lat' dir='ltr'><strong>ipse</strong></span> <span class='ocrx_word' id='word_1_189' title='bbox 275 1721 345 1776; x_wconf 89' lang='lat' dir='ltr'><strong>de</strong></span> <span class='ocrx_word' id='word_1_190' title='bbox 377 1735 444 1776; x_wconf 88' lang='lat' dir='ltr'><strong>se</strong></span> <span class='ocrx_word' id='word_1_191' title='bbox 477 1721 534 1775; x_wconf 89' lang='lat' dir='ltr'><strong>in</strong></span> <span class='ocrx_word' id='word_1_192' title='bbox 567 1719 858 1790; x_wconf 80' lang='lat' dir='ltr'><strong>Evangelia</strong></span> <span class='ocrx_word' id='word_1_193' title='bbox 897 1720 1130 1775; x_wconf 78' lang='lat' dir='ltr'><strong>dixerit:</strong></span> <span class='ocrx_word' id='word_1_194' title='bbox 1161 1719 1221 1776; x_wconf 88' lang='lat' dir='ltr'><strong>Si</strong></span> <span class='ocrx_word' id='word_1_195' title='bbox 1249 1736 1343 1792; x_wconf 82' lang='lat' dir='ltr'><strong>ego</strong></span> <span class='ocrx_word' id='word_1_196' title='bbox 1383 1720 1566 1785; x_wconf 86' lang='lat' dir='ltr'><strong>bonus,</strong></span> <span class='ocrx_word' id='word_1_197' title='bbox 1598 1734 1759 1788; x_wconf 85' lang='lat' dir='ltr'><strong>quare</strong></span> <span class='ocrx_word' id='word_1_198' title='bbox 1788 1714 1838 1775; x_wconf 92' lang='lat' dir='ltr'><strong>B</strong></span> <span class='ocrx_word' id='word_1_199' title='bbox 1865 1708 2205 1765; x_wconf 87' lang='lat' dir='ltr'><strong>Sabelliauos</strong></span> <span class='ocrx_word' id='word_1_200' title='bbox 2231 1711 2445 1765; x_wconf 86' lang='lat' dir='ltr'><strong>Patrem</strong></span> <span class='ocrx_word' id='word_1_201' title='bbox 2472 1710 2777 1781; x_wconf 87' lang='lat' dir='ltr'><strong>Filiumque</strong></span> <span class='ocrx_word' id='word_1_202' title='bbox 2808 1710 3168 1772; x_wconf 81' lang='lat' dir='ltr'><strong>confundens.</strong></span> <span class='ocrx_word' id='word_1_203' title='bbox 3193 1709 3465 1784; x_wconf 68' lang='lat' dir='ltr'><strong>hecjuxta</strong></span> 
     </span>
    </p>
   </div>
   <div class='ocr_carea' id='block_1_19' title="bbox 137 1803 3463 1884">
    <p class='ocr_par' dir='ltr' id='par_1_19' title="bbox 137 1803 3463 1884">
     <span class='ocr_line' id='line_1_20' title="bbox 137 1803 3463 1884; baseline -0.002 -15"><span class='ocrx_word' id='word_1_204' title='bbox 137 1814 312 1869; x_wconf 83' lang='lat' dir='ltr'><strong>oculus</strong></span> <span class='ocrx_word' id='word_1_205' title='bbox 339 1825 467 1868; x_wconf 84' lang='lat' dir='ltr'><strong>tuus</strong></span> <span class='ocrx_word' id='word_1_206' title='bbox 507 1828 729 1884; x_wconf 83' lang='lat' dir='ltr'><strong>nequam</strong></span> <span class='ocrx_word' id='word_1_207' title='bbox 754 1811 966 1884; x_wconf 78' lang='lat' dir='ltr'><strong>(Matth.</strong></span> <span class='ocrx_word' id='word_1_208' title='bbox 996 1829 1088 1876; x_wconf 76' lang='lat' dir='ltr'><strong>xx,</strong></span> <span class='ocrx_word' id='word_1_209' title='bbox 1122 1813 1254 1883; x_wconf 78' lang='lat'><strong>15)?</strong></span> <span class='ocrx_word' id='word_1_210' title='bbox 1307 1814 1537 1882; x_wconf 81' lang='lat' dir='ltr'><strong>lngrate,</strong></span> <span class='ocrx_word' id='word_1_211' title='bbox 1566 1822 1591 1849; x_wconf 74' lang='grc' dir='ltr'>τι</span> <span class='ocrx_word' id='word_1_212' title='bbox 1622 1811 1751 1884; x_wconf 89' lang='lat' dir='ltr'><strong>quid</strong></span> <span class='ocrx_word' id='word_1_213' title='bbox 1859 1803 2090 1859; x_wconf 84' lang='lat' dir='ltr'><strong>Arianos</strong></span> <span class='ocrx_word' id='word_1_214' title='bbox 2145 1803 2361 1860; x_wconf 85' lang='lat' dir='ltr'><strong>Patrem</strong></span> <span class='ocrx_word' id='word_1_215' title='bbox 2400 1804 2709 1874; x_wconf 84' lang='lat' dir='ltr'><strong>Filinmque</strong></span> <span class='ocrx_word' id='word_1_216' title='bbox 2754 1819 3066 1860; x_wconf 83' lang='lat' dir='ltr'><strong>secernens.</strong></span> <span class='ocrx_word' id='word_1_217' title='bbox 3124 1804 3284 1862; x_wconf 88' lang='lat' dir='ltr'><strong>Pater</strong></span> <span class='ocrx_word' id='word_1_218' title='bbox 3316 1808 3463 1864; x_wconf 87' lang='lat' dir='ltr'><strong>enim</strong></span> 
     </span>
    </p>
   </div>
   <div class='ocr_carea' id='block_1_20' title="bbox 137 1896 3460 1977">
    <p class='ocr_par' dir='ltr' id='par_1_20' title="bbox 137 1896 3460 1977">
     <span class='ocr_line' id='line_1_21' title="bbox 137 1896 3460 1977; baseline 0 -20"><span class='ocrx_word' id='word_1_219' title='bbox 137 1907 275 1977; x_wconf 81' lang='lat' dir='ltr'><strong>agis?</strong></span> <span class='ocrx_word' id='word_1_220' title='bbox 306 1902 535 1961; x_wconf 85' lang='lat' dir='ltr'><strong>Bonum</strong></span> <span class='ocrx_word' id='word_1_221' title='bbox 567 1920 754 1976; x_wconf 86' lang='lat' dir='ltr'><strong>negas,</strong></span> <span class='ocrx_word' id='word_1_222' title='bbox 791 1920 887 1976; x_wconf 89' lang='lat' dir='ltr'><strong>per</strong></span> <span class='ocrx_word' id='word_1_223' title='bbox 928 1921 1089 1977; x_wconf 87' lang='lat' dir='ltr'><strong>quem</strong></span> <span class='ocrx_word' id='word_1_224' title='bbox 1137 1905 1275 1960; x_wconf 90' lang='lat' dir='ltr'><strong>bona</strong></span> <span class='ocrx_word' id='word_1_225' title='bbox 1322 1920 1530 1976; x_wconf 84' lang='lat' dir='ltr'><strong>speras,</strong></span> <span class='ocrx_word' id='word_1_226' title='bbox 1579 1904 1629 1961; x_wconf 89' lang='lat' dir='ltr'><strong>si</strong></span> <span class='ocrx_word' id='word_1_227' title='bbox 1675 1914 1755 1960; x_wconf 90' lang='lat' dir='ltr'><strong>ta-</strong></span> <span class='ocrx_word' id='word_1_228' title='bbox 1857 1907 1912 1954; x_wconf 84' lang='lat' dir='ltr'><strong>et</strong></span> <span class='ocrx_word' id='word_1_229' title='bbox 1940 1896 2107 1952; x_wconf 84' lang='lat' dir='ltr'><strong>Filius</strong></span> <span class='ocrx_word' id='word_1_230' title='bbox 2147 1896 2558 1952; x_wconf 87' lang='lat' dir='ltr'><strong>distinctionem</strong></span> <span class='ocrx_word' id='word_1_231' title='bbox 2606 1897 2828 1965; x_wconf 83' lang='lat' dir='ltr'><strong>habent,</strong></span> <span class='ocrx_word' id='word_1_232' title='bbox 2860 1910 2917 1954; x_wconf 93' lang='lat' dir='ltr'><strong>ut</strong></span> <span class='ocrx_word' id='word_1_233' title='bbox 2957 1898 3119 1954; x_wconf 83' lang='lat' dir='ltr'><strong>Pater</strong></span> <span class='ocrx_word' id='word_1_234' title='bbox 3157 1910 3210 1955; x_wconf 88' lang='lat' dir='ltr'><strong>et</strong></span> <span class='ocrx_word' id='word_1_235' title='bbox 3259 1900 3460 1969; x_wconf 81' lang='lat' dir='ltr'><strong>Filius;</strong></span> 
     </span>
    </p>
   </div>
   <div class='ocr_carea' id='block_1_21' title="bbox 1947 873 3473 954">
    <p class='ocr_par' dir='ltr' id='par_1_21' title="bbox 1947 873 3473 954">
     <span class='ocr_line' id='line_1_22' title="bbox 1947 873 3473 954; baseline 0.008 -25"><span class='ocrx_word' id='word_1_236' title='bbox 1947 874 2035 930; x_wconf 76' lang='lat'><strong>55.</strong></span> <span class='ocrx_word' id='word_1_237' title='bbox 2068 873 2238 946; x_wconf 79' lang='lat' dir='ltr'><strong>[Alias</strong></span> <span class='ocrx_word' id='word_1_238' title='bbox 2266 893 2381 946; x_wconf 75' lang='lat' dir='ltr'><strong>cap.</strong></span> <span class='ocrx_word' id='word_1_239' title='bbox 2421 874 2511 948; x_wconf 89' lang='grc' dir='ltr'><strong>ΙΙ.]</strong></span> <span class='ocrx_word' id='word_1_240' title='bbox 2566 874 2675 933; x_wconf 86' lang='lat' dir='ltr'><strong>Sed</strong></span> <span class='ocrx_word' id='word_1_241' title='bbox 2720 877 2851 948; x_wconf 89' lang='lat' dir='ltr'><strong>quid</strong></span> <span class='ocrx_word' id='word_1_242' title='bbox 2900 878 3055 935; x_wconf 86' lang='lat' dir='ltr'><strong>vobis</strong></span> <span class='ocrx_word' id='word_1_243' title='bbox 3101 878 3334 951; x_wconf 90' lang='lat' dir='ltr'><strong>videtur,</strong></span> <span class='ocrx_word' id='word_1_244' title='bbox 3381 884 3473 954; x_wconf 90' lang='lat' dir='ltr'><strong>qui</strong></span> 
     </span>
    </p>
   </div>
   <div class='ocr_carea' id='block_1_22' title="bbox 1873 967 3472 1044">
    <p class='ocr_par' dir='ltr' id='par_1_22' title="bbox 1873 967 3472 1044">
     <span class='ocr_line' id='line_1_23' title="bbox 1873 967 3472 1044; baseline 0.007 -22"><span class='ocrx_word' id='word_1_245' title='bbox 1873 967 2072 1022; x_wconf 89' lang='lat' dir='ltr'><strong>bonum</strong></span> <span class='ocrx_word' id='word_1_246' title='bbox 2112 978 2167 1024; x_wconf 87' lang='lat' dir='ltr'><strong>et</strong></span> <span class='ocrx_word' id='word_1_247' title='bbox 2211 984 2400 1024; x_wconf 87' lang='lat' dir='ltr'><strong>verum</strong></span> <span class='ocrx_word' id='word_1_248' title='bbox 2431 970 2601 1025; x_wconf 91' lang='lat' dir='ltr'><strong>Deum</strong></span> <span class='ocrx_word' id='word_1_249' title='bbox 2649 972 2747 1028; x_wconf 87' lang='lat' dir='ltr'><strong>Dei</strong></span> <span class='ocrx_word' id='word_1_250' title='bbox 2771 971 2963 1027; x_wconf 86' lang='lat' dir='ltr'><strong>Filium</strong></span> <span class='ocrx_word' id='word_1_251' title='bbox 3003 973 3309 1044; x_wconf 75' lang='lat' dir='ltr'><strong>denegatis;</strong></span> <span class='ocrx_word' id='word_1_252' title='bbox 3350 992 3472 1033; x_wconf 88' lang='lat' dir='ltr'><strong>cum</strong></span> 
     </span>
    </p>
   </div>
   <div class='ocr_carea' id='block_1_23' title="bbox 1872 1061 3469 1135">
    <p class='ocr_par' dir='ltr' id='par_1_23' title="bbox 1872 1061 3469 1135">
     <span class='ocr_line' id='line_1_24' title="bbox 1872 1061 3469 1135; baseline 0.005 -20"><span class='ocrx_word' id='word_1_253' title='bbox 1872 1061 2131 1132; x_wconf 89' lang='lat' dir='ltr'><strong>scriptum</strong></span> <span class='ocrx_word' id='word_1_254' title='bbox 2159 1062 2232 1116; x_wconf 91' lang='lat' dir='ltr'><strong>sit</strong></span> <span class='ocrx_word' id='word_1_255' title='bbox 2256 1062 2400 1132; x_wconf 88' lang='lat' dir='ltr'><strong>quod</strong></span> <span class='ocrx_word' id='word_1_256' title='bbox 2430 1063 2610 1119; x_wconf 85' lang='lat' dir='ltr'><strong>nullus</strong></span> <span class='ocrx_word' id='word_1_257' title='bbox 2641 1064 2802 1133; x_wconf 89' lang='lat' dir='ltr'><strong>Deus,</strong></span> <span class='ocrx_word' id='word_1_258' title='bbox 2834 1066 2938 1120; x_wconf 90' lang='lat' dir='ltr'><strong>nisi</strong></span> <span class='ocrx_word' id='word_1_259' title='bbox 2964 1082 3105 1121; x_wconf 91' lang='lat' dir='ltr'><strong>unus</strong></span> <span class='ocrx_word' id='word_1_260' title='bbox 3142 1065 3322 1135; x_wconf 79' lang='lat' dir='ltr'><strong>(lCor.</strong></span> <span class='ocrx_word' id='word_1_261' title='bbox 3357 1084 3469 1135; x_wconf 88' lang='lat' dir='ltr'><strong>vm,</strong></span> 
     </span>
    </p>
   </div>
   <div class='ocr_carea' id='block_1_24' title="bbox 1871 1152 3476 1226">
    <p class='ocr_par' dir='ltr' id='par_1_24' title="bbox 1871 1152 3476 1226">
     <span class='ocr_line' id='line_1_25' title="bbox 1871 1152 3476 1226; baseline 0.004 -17"><span class='ocrx_word' id='word_1_262' title='bbox 1871 1152 1965 1226; x_wconf 67' lang='lat'><strong>4)?</strong></span> <span class='ocrx_word' id='word_1_263' title='bbox 1994 1153 2127 1209; x_wconf 70' lang='lat' dir='ltr'><strong>Nam</strong></span> <span class='ocrx_word' id='word_1_264' title='bbox 2150 1155 2250 1209; x_wconf 84' lang='lat' dir='ltr'><strong>etsi</strong></span> <span class='ocrx_word' id='word_1_265' title='bbox 2277 1166 2402 1210; x_wconf 93' lang='lat' dir='ltr'><strong>sunt</strong></span> <span class='ocrx_word' id='word_1_266' title='bbox 2428 1157 2519 1225; x_wconf 86' lang='lat' dir='ltr'><strong>qui</strong></span> <span class='ocrx_word' id='word_1_267' title='bbox 2542 1156 2790 1212; x_wconf 85' lang='lat' dir='ltr'><strong>dicantur</strong></span> <span class='ocrx_word' id='word_1_268' title='bbox 2814 1157 2909 1223; x_wconf 91' lang='lat' dir='ltr'><strong>dii,</strong></span> <span class='ocrx_word' id='word_1_269' title='bbox 2933 1172 3001 1213; x_wconf 87' lang='lat' dir='ltr'><strong>an</strong></span> <span class='ocrx_word' id='word_1_270' title='bbox 3032 1158 3175 1215; x_wconf 86' lang='lat' dir='ltr'><strong>inter</strong></span> <span class='ocrx_word' id='word_1_271' title='bbox 3197 1175 3293 1216; x_wconf 87' lang='lat' dir='ltr'><strong>eos</strong></span> <span class='ocrx_word' id='word_1_272' title='bbox 3319 1159 3476 1216; x_wconf 85' lang='lat' dir='ltr'><strong>Citri-</strong></span> 
     </span>
    </p>
   </div>
   <div class='ocr_carea' id='block_1_25' title="bbox 1871 1248 3469 1319">
    <p class='ocr_par' dir='ltr' id='par_1_25' title="bbox 1871 1248 3469 1319">
     <span class='ocr_line' id='line_1_26' title="bbox 1871 1248 3469 1319; baseline 0.006 -19"><span class='ocrx_word' id='word_1_273' title='bbox 1871 1254 2013 1300; x_wconf 90' lang='lat' dir='ltr'><strong>stum</strong></span> <span class='ocrx_word' id='word_1_274' title='bbox 2042 1248 2430 1314; x_wconf 88' lang='lat' dir='ltr'><strong>annumeratis,</strong></span> <span class='ocrx_word' id='word_1_275' title='bbox 2464 1249 2557 1319; x_wconf 91' lang='lat' dir='ltr'><strong>qui</strong></span> <span class='ocrx_word' id='word_1_276' title='bbox 2592 1248 2863 1317; x_wconf 88' lang='lat' dir='ltr'><strong>dicuntur,</strong></span> <span class='ocrx_word' id='word_1_277' title='bbox 2899 1261 2951 1305; x_wconf 92' lang='lat' dir='ltr'><strong>et</strong></span> <span class='ocrx_word' id='word_1_278' title='bbox 2980 1265 3089 1306; x_wconf 89' lang='lat' dir='ltr'><strong>non</strong></span> <span class='ocrx_word' id='word_1_279' title='bbox 3129 1253 3292 1307; x_wconf 86' lang='lat' dir='ltr'><strong>sunt?</strong></span> <span class='ocrx_word' id='word_1_280' title='bbox 3331 1253 3469 1309; x_wconf 90' lang='lat' dir='ltr'><strong>Cum</strong></span> 
     </span>
    </p>
   </div>
   <div class='ocr_carea' id='block_1_26' title="bbox 1868 1340 3468 1415">
    <p class='ocr_par' dir='ltr' id='par_1_26' title="bbox 1868 1340 3468 1415">
     <span class='ocr_line' id='line_1_27' title="bbox 1868 1340 3468 1415; baseline 0.004 -21"><span class='ocrx_word' id='word_1_281' title='bbox 1868 1340 2104 1410; x_wconf 80' lang='lat' dir='ltr'><strong>speciale</strong></span> <span class='ocrx_word' id='word_1_282' title='bbox 2125 1340 2194 1395; x_wconf 91' lang='lat' dir='ltr'><strong>sit</strong></span> <span class='ocrx_word' id='word_1_283' title='bbox 2223 1340 2361 1410; x_wconf 85' lang='lat' dir='ltr'><strong>ejus,</strong></span> <span class='ocrx_word' id='word_1_284' title='bbox 2389 1351 2446 1395; x_wconf 90' lang='lat' dir='ltr'><strong>ut</strong></span> <span class='ocrx_word' id='word_1_285' title='bbox 2473 1356 2688 1411; x_wconf 88' lang='lat' dir='ltr'><strong>semper</strong></span> <span class='ocrx_word' id='word_1_286' title='bbox 2718 1343 2785 1398; x_wconf 90' lang='lat' dir='ltr'><strong>sit</strong></span> <span class='ocrx_word' id='word_1_287' title='bbox 2813 1360 2825 1396; x_wconf 90' lang='lat'><strong>:</strong></span> <span class='ocrx_word' id='word_1_288' title='bbox 2853 1352 2907 1398; x_wconf 91' lang='lat' dir='ltr'><strong>et</strong></span> <span class='ocrx_word' id='word_1_289' title='bbox 2945 1355 3140 1412; x_wconf 83' lang='lat' dir='ltr'><strong>praeter</strong></span> <span class='ocrx_word' id='word_1_290' title='bbox 3171 1345 3344 1415; x_wconf 89' lang='lat' dir='ltr'><strong>ipsum</strong></span> <span class='ocrx_word' id='word_1_291' title='bbox 3371 1347 3468 1401; x_wconf 87' lang='lat' dir='ltr'><strong>bo-</strong></span> 
     </span>
    </p>
   </div>
   <div class='ocr_carea' id='block_1_27' title="bbox 135 1998 1753 2070">
    <p class='ocr_par' dir='ltr' id='par_1_27' title="bbox 135 1998 1753 2070">
     <span class='ocr_line' id='line_1_28' title="bbox 135 1998 1753 2070; baseline -0.001 -16"><span class='ocrx_word' id='word_1_292' title='bbox 135 2015 252 2055; x_wconf 89' lang='lat' dir='ltr'><strong>meu</strong></span> <span class='ocrx_word' id='word_1_293' title='bbox 282 1998 526 2055; x_wconf 87' lang='lat' dir='ltr'><strong>credas?</strong></span> <span class='ocrx_word' id='word_1_294' title='bbox 545 1999 751 2054; x_wconf 87' lang='lat' dir='ltr'><strong>Bonum</strong></span> <span class='ocrx_word' id='word_1_295' title='bbox 783 2014 970 2070; x_wconf 86' lang='lat' dir='ltr'><strong>negas,</strong></span> <span class='ocrx_word' id='word_1_296' title='bbox 998 1999 1091 2069; x_wconf 91' lang='lat' dir='ltr'><strong>qui</strong></span> <span class='ocrx_word' id='word_1_297' title='bbox 1120 1998 1268 2053; x_wconf 86' lang='lat' dir='ltr'><strong>dedit</strong></span> <span class='ocrx_word' id='word_1_298' title='bbox 1296 1999 1452 2053; x_wconf 80' lang='lat' dir='ltr'><strong>nobis</strong></span> <span class='ocrx_word' id='word_1_299' title='bbox 1479 2013 1599 2069; x_wconf 68' lang='lat' dir='ltr'><strong>quae</strong></span> <span class='ocrx_word' id='word_1_300' title='bbox 1621 2012 1753 2055; x_wconf 87' lang='lat' dir='ltr'><strong>ocu-</strong></span> 
     </span>
    </p>
   </div>
   <div class='ocr_carea' id='block_1_28' title="bbox 137 2086 1513 2159">
    <p class='ocr_par' dir='ltr' id='par_1_28' title="bbox 137 2086 1513 2159">
     <span class='ocr_line' id='line_1_29' title="bbox 137 2086 1513 2159; baseline 0.001 -16"><span class='ocrx_word' id='word_1_301' title='bbox 137 2088 216 2144; x_wconf 89' lang='lat' dir='ltr'><strong>lus</strong></span> <span class='ocrx_word' id='word_1_302' title='bbox 241 2108 347 2145; x_wconf 88' lang='lat' dir='ltr'><strong>non</strong></span> <span class='ocrx_word' id='word_1_303' title='bbox 378 2090 544 2158; x_wconf 87' lang='lat' dir='ltr'><strong>vidit,</strong></span> <span class='ocrx_word' id='word_1_304' title='bbox 577 2105 679 2147; x_wconf 93' lang='lat' dir='ltr'><strong>nec</strong></span> <span class='ocrx_word' id='word_1_305' title='bbox 702 2092 848 2145; x_wconf 88' lang='lat' dir='ltr'><strong>auris</strong></span> <span class='ocrx_word' id='word_1_306' title='bbox 877 2089 1082 2145; x_wconf 81' lang='lat' dir='ltr'><strong>audivit</strong></span> <span class='ocrx_word' id='word_1_307' title='bbox 1111 2086 1302 2159; x_wconf 77' lang='lat' dir='ltr'><strong>(LCor.</strong></span> <span class='ocrx_word' id='word_1_308' title='bbox 1326 2104 1388 2155; x_wconf 88' lang='grc' dir='ltr'><strong>ιι,</strong></span> <span class='ocrx_word' id='word_1_309' title='bbox 1415 2090 1513 2159; x_wconf 84' lang='lat'><strong>9)?</strong></span> 
     </span>
    </p>
   </div>
   <div class='ocr_carea' id='block_1_29' title="bbox 200 2182 1754 2255">
    <p class='ocr_par' dir='ltr' id='par_1_29' title="bbox 200 2182 1754 2255">
     <span class='ocr_line' id='line_1_30' title="bbox 200 2182 1754 2255; baseline -0.001 -16"><span class='ocrx_word' id='word_1_310' title='bbox 200 2184 291 2240; x_wconf 72' lang='lat'><strong>27.</strong></span> <span class='ocrx_word' id='word_1_311' title='bbox 327 2184 465 2241; x_wconf 78' lang='lat' dir='ltr'><strong>Mihi</strong></span> <span class='ocrx_word' id='word_1_312' title='bbox 514 2186 741 2255; x_wconf 77' lang='lat' dir='ltr'><strong>expedit</strong></span> <span class='ocrx_word' id='word_1_313' title='bbox 775 2195 836 2239; x_wconf 89' lang='lat' dir='ltr'><strong>ut</strong></span> <span class='ocrx_word' id='word_1_314' title='bbox 879 2186 1079 2240; x_wconf 90' lang='lat' dir='ltr'><strong>bonum</strong></span> <span class='ocrx_word' id='word_1_315' title='bbox 1123 2185 1385 2239; x_wconf 82' lang='lat' dir='ltr'><strong>credam:</strong></span> <span class='ocrx_word' id='word_1_316' title='bbox 1424 2182 1631 2239; x_wconf 80' lang='lat' dir='ltr'><strong>Bonum</strong></span> <span class='ocrx_word' id='word_1_317' title='bbox 1676 2193 1754 2239; x_wconf 85' lang='lat' dir='ltr'><strong>est</strong></span> 
     </span>
    </p>
   </div>
   <div class='ocr_carea' id='block_1_30' title="bbox 142 2275 1749 2350">
    <p class='ocr_par' dir='ltr' id='par_1_30' title="bbox 142 2275 1749 2350">
     <span class='ocr_line' id='line_1_31' title="bbox 142 2275 1749 2350; baseline 0 -19"><span class='ocrx_word' id='word_1_318' title='bbox 142 2279 272 2333; x_wconf 89' lang='lat' dir='ltr'><strong>enim</strong></span> <span class='ocrx_word' id='word_1_319' title='bbox 305 2278 578 2348; x_wconf 80' lang='lat' dir='ltr'><strong>conﬁdere</strong></span> <span class='ocrx_word' id='word_1_320' title='bbox 609 2276 832 2332; x_wconf 87' lang='lat' dir='ltr'><strong>Domino</strong></span> <span class='ocrx_word' id='word_1_321' title='bbox 864 2276 1037 2350; x_wconf 79' lang='lat' dir='ltr'><strong>(Psal.</strong></span> <span class='ocrx_word' id='word_1_322' title='bbox 1069 2291 1233 2342; x_wconf 66' lang='lat' dir='ltr'><strong>cum,</strong></span> <span class='ocrx_word' id='word_1_323' title='bbox 1261 2278 1339 2349; x_wconf 89' lang='lat'><strong>8).</strong></span> <span class='ocrx_word' id='word_1_324' title='bbox 1374 2275 1503 2331; x_wconf 83' lang='lat' dir='ltr'><strong>Mihi</strong></span> <span class='ocrx_word' id='word_1_325' title='bbox 1532 2275 1749 2345; x_wconf 77' lang='lat' dir='ltr'><strong>expedit</strong></span> 
     </span>
    </p>
   </div>
   <div class='ocr_carea' id='block_1_31' title="bbox 140 2368 1751 2438">
    <p class='ocr_par' dir='ltr' id='par_1_31' title="bbox 140 2368 1751 2438">
     <span class='ocr_line' id='line_1_32' title="bbox 140 2368 1751 2438; baseline 0 -15"><span class='ocrx_word' id='word_1_326' title='bbox 140 2381 193 2425; x_wconf 86' lang='lat' dir='ltr'><strong>ut</strong></span> <span class='ocrx_word' id='word_1_327' title='bbox 217 2371 511 2426; x_wconf 86' lang='lat' dir='ltr'><strong>Dominum</strong></span> <span class='ocrx_word' id='word_1_328' title='bbox 556 2371 846 2437; x_wconf 81' lang='lat' dir='ltr'><strong>conﬁtear;</strong></span> <span class='ocrx_word' id='word_1_329' title='bbox 884 2372 1146 2438; x_wconf 84' lang='lat' dir='ltr'><strong>scriptum</strong></span> <span class='ocrx_word' id='word_1_330' title='bbox 1184 2381 1267 2426; x_wconf 92' lang='lat' dir='ltr'><strong>est</strong></span> <span class='ocrx_word' id='word_1_331' title='bbox 1301 2371 1446 2427; x_wconf 88' lang='lat' dir='ltr'><strong>enim</strong></span> <span class='ocrx_word' id='word_1_332' title='bbox 1480 2387 1493 2424; x_wconf 91' lang='lat'><strong>:</strong></span> <span class='ocrx_word' id='word_1_333' title='bbox 1525 2368 1751 2438; x_wconf 84' lang='lat' dir='ltr'><strong>Con/tte-</strong></span> 
     </span>
    </p>
   </div>
   <div class='ocr_carea' id='block_1_32' title="bbox 144 2462 1316 2535">
    <p class='ocr_par' dir='ltr' id='par_1_32' title="bbox 144 2462 1316 2535">
     <span class='ocr_line' id='line_1_33' title="bbox 144 2462 1316 2535; baseline 0.002 -20"><span class='ocrx_word' id='word_1_334' title='bbox 144 2464 257 2517; x_wconf 86' lang='lat' dir='ltr'><strong>mini</strong></span> <span class='ocrx_word' id='word_1_335' title='bbox 284 2463 536 2528; x_wconf 88' lang='lat' dir='ltr'><strong>Domino,</strong></span> <span class='ocrx_word' id='word_1_336' title='bbox 567 2466 812 2534; x_wconf 85' lang='lat' dir='ltr'><strong>quoniam</strong></span> <span class='ocrx_word' id='word_1_337' title='bbox 839 2465 999 2518; x_wconf 85' lang='lat' dir='ltr'><strong>bonus</strong></span> <span class='ocrx_word' id='word_1_338' title='bbox 1029 2462 1218 2535; x_wconf 86' lang='lat' dir='ltr'><strong>(Ibid.,</strong></span> <span class='ocrx_word' id='word_1_339' title='bbox 1251 2462 1316 2533; x_wconf 88' lang='grc'><strong>1).</strong></span> 
     </span>
    </p>
   </div>
   <div class='ocr_carea' id='block_1_33' title="bbox 204 2552 1748 2627">
    <p class='ocr_par' dir='ltr' id='par_1_33' title="bbox 204 2552 1748 2627">
     <span class='ocr_line' id='line_1_34' title="bbox 204 2552 1748 2627; baseline -0.001 -15"><span class='ocrx_word' id='word_1_340' title='bbox 204 2556 291 2612; x_wconf 72' lang='lat'><strong>28.</strong></span> <span class='ocrx_word' id='word_1_341' title='bbox 315 2552 346 2593; x_wconf 69' lang='grc' dir='ltr'>δ</span> <span class='ocrx_word' id='word_1_342' title='bbox 374 2557 513 2613; x_wconf 78' lang='lat' dir='ltr'><strong>Mihi</strong></span> <span class='ocrx_word' id='word_1_343' title='bbox 545 2557 788 2627; x_wconf 83' lang='lat' dir='ltr'><strong>expedit,</strong></span> <span class='ocrx_word' id='word_1_344' title='bbox 820 2556 1138 2627; x_wconf 80' lang='lat' dir='ltr'><strong>utjudieem</strong></span> <span class='ocrx_word' id='word_1_345' title='bbox 1184 2568 1365 2612; x_wconf 90' lang='lat' dir='ltr'><strong>meum</strong></span> <span class='ocrx_word' id='word_1_346' title='bbox 1416 2556 1616 2612; x_wconf 89' lang='lat' dir='ltr'><strong>bonum</strong></span> <span class='ocrx_word' id='word_1_347' title='bbox 1660 2571 1748 2611; x_wconf 87' lang='lat' dir='ltr'><strong>ar-</strong></span> 
     </span>
    </p>
   </div>
   <div class='ocr_carea' id='block_1_34' title="bbox 146 2648 1741 2719">
    <p class='ocr_par' dir='ltr' id='par_1_34' title="bbox 146 2648 1741 2719">
     <span class='ocr_line' id='line_1_35' title="bbox 146 2648 1741 2719; baseline -0.001 -15"><span class='ocrx_word' id='word_1_348' title='bbox 146 2649 341 2717; x_wconf 86' lang='lat' dir='ltr'><strong>bitrer;</strong></span> <span class='ocrx_word' id='word_1_349' title='bbox 401 2651 673 2707; x_wconf 85' lang='lat' dir='ltr'><strong>Dominus</strong></span> <span class='ocrx_word' id='word_1_350' title='bbox 716 2650 862 2705; x_wconf 90' lang='lat' dir='ltr'><strong>enim</strong></span> <span class='ocrx_word' id='word_1_351' title='bbox 903 2650 1065 2719; x_wconf 66' lang='lat' dir='ltr'><strong>iudex</strong></span> <span class='ocrx_word' id='word_1_352' title='bbox 1107 2649 1282 2703; x_wconf 88' lang='lat' dir='ltr'><strong>bonus</strong></span> <span class='ocrx_word' id='word_1_353' title='bbox 1325 2648 1512 2703; x_wconf 89' lang='lat' dir='ltr'><strong>domui</strong></span> <span class='ocrx_word' id='word_1_354' title='bbox 1556 2649 1741 2704; x_wconf 75' lang='lat' dir='ltr'><strong>l~rael.</strong></span> 
     </span>
    </p>
   </div>
   <div class='ocr_carea' id='block_1_35' title="bbox 147 2740 1746 2815">
    <p class='ocr_par' dir='ltr' id='par_1_35' title="bbox 147 2740 1746 2815">
     <span class='ocr_line' id='line_1_36' title="bbox 147 2740 1746 2815; baseline 0 -19"><span class='ocrx_word' id='word_1_355' title='bbox 147 2742 272 2813; x_wconf 81' lang='lat' dir='ltr'><strong>Ergo</strong></span> <span class='ocrx_word' id='word_1_356' title='bbox 306 2744 331 2774; x_wconf 84' lang='lat'><strong><em>°</em></strong></span> <span class='ocrx_word' id='word_1_357' title='bbox 361 2748 407 2800; x_wconf 79' lang='lat' dir='ltr'><strong>si</strong></span> <span class='ocrx_word' id='word_1_358' title='bbox 447 2743 625 2815; x_wconf 82' lang='lat' dir='ltr'><strong>judex</strong></span> <span class='ocrx_word' id='word_1_359' title='bbox 653 2741 751 2797; x_wconf 88' lang='lat' dir='ltr'><strong>Dei</strong></span> <span class='ocrx_word' id='word_1_360' title='bbox 802 2741 992 2805; x_wconf 83' lang='lat' dir='ltr'><strong>Filius,</strong></span> <span class='ocrx_word' id='word_1_361' title='bbox 1044 2743 1229 2813; x_wconf 88' lang='lat' dir='ltr'><strong>utique</strong></span> <span class='ocrx_word' id='word_1_362' title='bbox 1280 2741 1537 2812; x_wconf 88' lang='lat' dir='ltr'><strong>quoniam</strong></span> <span class='ocrx_word' id='word_1_363' title='bbox 1577 2740 1746 2810; x_wconf 81' lang='lat' dir='ltr'><strong>judex</strong></span> 
     </span>
    </p>
   </div>
   <div class='ocr_carea' id='block_1_36' title="bbox 150 2830 1745 2906">
    <p class='ocr_par' dir='ltr' id='par_1_36' title="bbox 150 2830 1745 2906">
     <span class='ocr_line' id='line_1_37' title="bbox 150 2830 1745 2906; baseline 0.001 -18"><span class='ocrx_word' id='word_1_364' title='bbox 150 2830 277 2891; x_wconf 85' lang='lat' dir='ltr'><strong>Deus</strong></span> <span class='ocrx_word' id='word_1_365' title='bbox 303 2838 506 2904; x_wconf 87' lang='lat' dir='ltr'><strong>bonus,</strong></span> <span class='ocrx_word' id='word_1_366' title='bbox 533 2837 705 2906; x_wconf 80' lang='lat' dir='ltr'><strong>judex</strong></span> <span class='ocrx_word' id='word_1_367' title='bbox 725 2842 907 2891; x_wconf 86' lang='lat' dir='ltr'><strong>autem</strong></span> <span class='ocrx_word' id='word_1_368' title='bbox 941 2834 1038 2891; x_wconf 89' lang='lat' dir='ltr'><strong>Dei</strong></span> <span class='ocrx_word' id='word_1_369' title='bbox 1065 2834 1234 2890; x_wconf 86' lang='lat' dir='ltr'><strong>Filius</strong></span> <span class='ocrx_word' id='word_1_370' title='bbox 1258 2843 1371 2899; x_wconf 88' lang='lat' dir='ltr'><strong>est;</strong></span> <span class='ocrx_word' id='word_1_371' title='bbox 1404 2835 1542 2890; x_wconf 77' lang='lat' dir='ltr'><strong>Deus</strong></span> <span class='ocrx_word' id='word_1_372' title='bbox 1570 2834 1745 2889; x_wconf 89' lang='lat' dir='ltr'><strong>bonus</strong></span> 
     </span>
    </p>
   </div>
   <div class='ocr_carea' id='block_1_37' title="bbox 142 2926 844 2995">
    <p class='ocr_par' dir='ltr' id='par_1_37' title="bbox 142 2926 844 2995">
     <span class='ocr_line' id='line_1_38' title="bbox 142 2926 844 2995; baseline 0.001 -13"><span class='ocrx_word' id='word_1_373' title='bbox 142 2926 288 2995; x_wconf 77' lang='lat' dir='ltr'><strong>iudex</strong></span> <span class='ocrx_word' id='word_1_374' title='bbox 316 2940 371 2986; x_wconf 88' lang='lat' dir='ltr'><strong>et</strong></span> <span class='ocrx_word' id='word_1_375' title='bbox 397 2928 502 2987; x_wconf 89' lang='lat' dir='ltr'><strong>Dei</strong></span> <span class='ocrx_word' id='word_1_376' title='bbox 538 2930 711 2985; x_wconf 84' lang='lat' dir='ltr'><strong>Filius</strong></span> <span class='ocrx_word' id='word_1_377' title='bbox 741 2935 844 2985; x_wconf 88' lang='lat' dir='ltr'><strong>est.</strong></span> 
     </span>
    </p>
   </div>
   <div class='ocr_carea' id='block_1_38' title="bbox 205 3022 1745 3090">
    <p class='ocr_par' dir='ltr' id='par_1_38' title="bbox 205 3022 1745 3090">
     <span class='ocr_line' id='line_1_39' title="bbox 205 3022 1745 3090; baseline 0.001 -14"><span class='ocrx_word' id='word_1_378' title='bbox 205 3022 291 3079; x_wconf 73' lang='grc'><strong>29.</strong></span> <span class='ocrx_word' id='word_1_379' title='bbox 318 3024 426 3081; x_wconf 86' lang='lat' dir='ltr'><strong>Sed</strong></span> <span class='ocrx_word' id='word_1_380' title='bbox 461 3025 700 3080; x_wconf 74' lang='lat' dir='ltr'><strong>fortasse</strong></span> <span class='ocrx_word' id='word_1_381' title='bbox 736 3038 842 3079; x_wconf 88' lang='lat' dir='ltr'><strong>non</strong></span> <span class='ocrx_word' id='word_1_382' title='bbox 887 3023 1080 3080; x_wconf 85' lang='lat' dir='ltr'><strong>credas</strong></span> <span class='ocrx_word' id='word_1_383' title='bbox 1109 3023 1253 3090; x_wconf 89' lang='lat' dir='ltr'><strong>aliis,</strong></span> <span class='ocrx_word' id='word_1_384' title='bbox 1290 3038 1397 3078; x_wconf 90' lang='lat' dir='ltr'><strong>non</strong></span> <span class='ocrx_word' id='word_1_385' title='bbox 1427 3022 1620 3079; x_wconf 79' lang='lat' dir='ltr'><strong>credas</strong></span> <span class='ocrx_word' id='word_1_386' title='bbox 1654 3022 1745 3078; x_wconf 85' lang='lat' dir='ltr'><strong>Fi-</strong></span> 
     </span>
    </p>
   </div>
   <div class='ocr_carea' id='block_1_39' title="bbox 150 3116 1060 3183">
    <p class='ocr_par' dir='ltr' id='par_1_39' title="bbox 150 3116 1060 3183">
     <span class='ocr_line' id='line_1_40' title="bbox 150 3116 1060 3183; baseline 0.003 -15"><span class='ocrx_word' id='word_1_387' title='bbox 150 3116 240 3183; x_wconf 91' lang='lat' dir='ltr'><strong>lio;</strong></span> <span class='ocrx_word' id='word_1_388' title='bbox 284 3120 406 3175; x_wconf 91' lang='lat' dir='ltr'><strong>audi</strong></span> <span class='ocrx_word' id='word_1_389' title='bbox 455 3121 679 3175; x_wconf 85' lang='lat' dir='ltr'><strong>Patrem</strong></span> <span class='ocrx_word' id='word_1_390' title='bbox 730 3119 1003 3175; x_wconf 88' lang='lat' dir='ltr'><strong>dicentem</strong></span> <span class='ocrx_word' id='word_1_391' title='bbox 1048 3137 1060 3171; x_wconf 89' lang='lat'><strong>:</strong></span> 
     </span>
    </p>
   </div>
   <div class='ocr_carea' id='block_1_40' title="bbox 156 3202 1734 3282">
    <p class='ocr_par' dir='ltr' id='par_1_40' title="bbox 156 3202 1734 3282">
     <span class='ocr_line' id='line_1_41' title="bbox 156 3202 1734 3282; baseline 0.003 -22"><span class='ocrx_word' id='word_1_392' title='bbox 156 3202 359 3265; x_wconf 79' lang='lat' dir='ltr'><strong>Verbum</strong></span> <span class='ocrx_word' id='word_1_393' title='bbox 385 3210 581 3267; x_wconf 77' lang='lat' dir='ltr'><strong>bonum</strong></span> <span class='ocrx_word' id='word_1_394' title='bbox 611 3210 787 3282; x_wconf 84' lang='lat' dir='ltr'><strong>(Psal.</strong></span> <span class='ocrx_word' id='word_1_395' title='bbox 816 3227 960 3273; x_wconf 79' lang='lat' dir='ltr'><strong>xmv,</strong></span> <span class='ocrx_word' id='word_1_396' title='bbox 996 3212 1068 3282; x_wconf 81' lang='grc'><strong>1).</strong></span> <span class='ocrx_word' id='word_1_397' title='bbox 1094 3211 1301 3265; x_wconf 90' lang='lat' dir='ltr'><strong>Bonum</strong></span> <span class='ocrx_word' id='word_1_398' title='bbox 1333 3226 1461 3280; x_wconf 82' lang='lat' dir='ltr'><strong>ergo</strong></span> <span class='ocrx_word' id='word_1_399' title='bbox 1499 3209 1734 3266; x_wconf 79' lang='lat' dir='ltr'><strong>Verbum</strong></span> 
     </span>
    </p>
   </div>
   <div class='ocr_carea' id='block_1_41' title="bbox 148 3304 1735 3376">
    <p class='ocr_par' dir='ltr' id='par_1_41' title="bbox 148 3304 1735 3376">
     <span class='ocr_line' id='line_1_42' title="bbox 148 3304 1735 3376; baseline 0.001 -19"><span class='ocrx_word' id='word_1_400' title='bbox 148 3311 242 3370; x_wconf 89' lang='lat' dir='ltr'><strong>est,</strong></span> <span class='ocrx_word' id='word_1_401' title='bbox 288 3306 530 3363; x_wconf 75' lang='lat' dir='ltr'><strong>Verbum</strong></span> <span class='ocrx_word' id='word_1_402' title='bbox 560 3307 662 3361; x_wconf 86' lang='lat' dir='ltr'><strong>hoc</strong></span> <span class='ocrx_word' id='word_1_403' title='bbox 700 3306 770 3362; x_wconf 86' lang='lat' dir='ltr'><strong>de</strong></span> <span class='ocrx_word' id='word_1_404' title='bbox 815 3322 923 3375; x_wconf 84' lang='lat' dir='ltr'><strong>quo</strong></span> <span class='ocrx_word' id='word_1_405' title='bbox 961 3307 1221 3376; x_wconf 89' lang='lat' dir='ltr'><strong>scriptum</strong></span> <span class='ocrx_word' id='word_1_406' title='bbox 1255 3315 1377 3369; x_wconf 81' lang='lat' dir='ltr'><strong>est:</strong></span> <span class='ocrx_word' id='word_1_407' title='bbox 1414 3305 1478 3360; x_wconf 86' lang='lat' dir='ltr'><strong>Et</strong></span> <span class='ocrx_word' id='word_1_408' title='bbox 1517 3304 1735 3360; x_wconf 82' lang='lat' dir='ltr'><strong>Verbum</strong></span> 
     </span>
    </p>
   </div>
   <div class='ocr_carea' id='block_1_42' title="bbox 152 3396 1732 3469">
    <p class='ocr_par' dir='ltr' id='par_1_42' title="bbox 152 3396 1732 3469">
     <span class='ocr_line' id='line_1_43' title="bbox 152 3396 1732 3469; baseline 0.003 -20"><span class='ocrx_word' id='word_1_409' title='bbox 152 3407 248 3451; x_wconf 81' lang='lat' dir='ltr'><strong>erat</strong></span> <span class='ocrx_word' id='word_1_410' title='bbox 274 3399 410 3468; x_wconf 87' lang='lat' dir='ltr'><strong>apud</strong></span> <span class='ocrx_word' id='word_1_411' title='bbox 442 3398 638 3467; x_wconf 88' lang='lat' dir='ltr'><strong>Deum,</strong></span> <span class='ocrx_word' id='word_1_412' title='bbox 683 3408 729 3453; x_wconf 87' lang='lat' dir='ltr'><strong>et</strong></span> <span class='ocrx_word' id='word_1_413' title='bbox 759 3398 900 3453; x_wconf 87' lang='lat' dir='ltr'><strong>Deus</strong></span> <span class='ocrx_word' id='word_1_414' title='bbox 934 3409 1044 3453; x_wconf 88' lang='lat' dir='ltr'><strong>erat</strong></span> <span class='ocrx_word' id='word_1_415' title='bbox 1084 3397 1311 3453; x_wconf 84' lang='lat' dir='ltr'><strong>Verbum</strong></span> <span class='ocrx_word' id='word_1_416' title='bbox 1343 3396 1522 3467; x_wconf 86' lang='lat' dir='ltr'><strong>(Joan.</strong></span> <span class='ocrx_word' id='word_1_417' title='bbox 1561 3410 1600 3464; x_wconf 84' lang='grc' dir='ltr'>ι,</span> <span class='ocrx_word' id='word_1_418' title='bbox 1652 3398 1732 3469; x_wconf 82' lang='grc' dir='ltr'><strong>Ι).</strong></span> 
     </span>
    </p>
   </div>
   <div class='ocr_carea' id='block_1_43' title="bbox 151 3485 1732 3556">
    <p class='ocr_par' dir='ltr' id='par_1_43' title="bbox 151 3485 1732 3556">
     <span class='ocr_line' id='line_1_44' title="bbox 151 3485 1732 3556; baseline 0.003 -16"><span class='ocrx_word' id='word_1_419' title='bbox 151 3485 275 3556; x_wconf 85' lang='lat' dir='ltr'><strong>Ergo</strong></span> <span class='ocrx_word' id='word_1_420' title='bbox 299 3490 344 3545; x_wconf 87' lang='lat' dir='ltr'><strong>si</strong></span> <span class='ocrx_word' id='word_1_421' title='bbox 371 3489 616 3547; x_wconf 82' lang='lat' dir='ltr'><strong>Verbum</strong></span> <span class='ocrx_word' id='word_1_422' title='bbox 657 3489 880 3555; x_wconf 91' lang='lat' dir='ltr'><strong>bonum,</strong></span> <span class='ocrx_word' id='word_1_423' title='bbox 930 3489 1101 3544; x_wconf 87' lang='lat' dir='ltr'><strong>Filius</strong></span> <span class='ocrx_word' id='word_1_424' title='bbox 1136 3498 1315 3545; x_wconf 89' lang='lat' dir='ltr'><strong>autem</strong></span> <span class='ocrx_word' id='word_1_425' title='bbox 1359 3488 1453 3545; x_wconf 90' lang='lat' dir='ltr'><strong>Dei</strong></span> <span class='ocrx_word' id='word_1_426' title='bbox 1500 3488 1732 3545; x_wconf 84' lang='lat' dir='ltr'><strong>Verbum</strong></span> 
     </span>
    </p>
   </div>
   <div class='ocr_carea' id='block_1_44' title="bbox 148 3581 1731 3653">
    <p class='ocr_par' dir='ltr' id='par_1_44' title="bbox 148 3581 1731 3653">
     <span class='ocr_line' id='line_1_45' title="bbox 148 3581 1731 3653; baseline 0.006 -22"><span class='ocrx_word' id='word_1_427' title='bbox 148 3588 222 3633; x_wconf 76' lang='lat' dir='ltr'><strong>est</strong></span> <span class='ocrx_word' id='word_1_428' title='bbox 246 3597 259 3633; x_wconf 91' lang='lat'><strong>:</strong></span> <span class='ocrx_word' id='word_1_429' title='bbox 284 3581 454 3639; x_wconf 88' lang='lat' dir='ltr'><strong>bonus</strong></span> <span class='ocrx_word' id='word_1_430' title='bbox 492 3583 678 3653; x_wconf 83' lang='lat' dir='ltr'><strong>utique</strong></span> <span class='ocrx_word' id='word_1_431' title='bbox 709 3583 851 3639; x_wconf 89' lang='lat' dir='ltr'><strong>Deus</strong></span> <span class='ocrx_word' id='word_1_432' title='bbox 875 3593 960 3639; x_wconf 81' lang='lat' dir='ltr'><strong>est</strong></span> <span class='ocrx_word' id='word_1_433' title='bbox 990 3582 1085 3637; x_wconf 89' lang='lat' dir='ltr'><strong>Dei</strong></span> <span class='ocrx_word' id='word_1_434' title='bbox 1117 3582 1318 3649; x_wconf 85' lang='lat' dir='ltr'><strong>Filius;</strong></span> <span class='ocrx_word' id='word_1_435' title='bbox 1360 3583 1575 3639; x_wconf 90' lang='lat' dir='ltr'><strong>etiamsi</strong></span> <span class='ocrx_word' id='word_1_436' title='bbox 1622 3600 1731 3640; x_wconf 90' lang='lat' dir='ltr'><strong>non</strong></span> 
     </span>
    </p>
   </div>
   <div class='ocr_carea' id='block_1_45' title="bbox 153 3666 1503 3747">
    <p class='ocr_par' dir='ltr' id='par_1_45' title="bbox 153 3666 1503 3747">
     <span class='ocr_line' id='line_1_46' title="bbox 153 3666 1503 3747; baseline 0.002 -18"><span class='ocrx_word' id='word_1_437' title='bbox 153 3666 296 3744; x_wconf 58' lang='lat'><strong>576</strong></span> <span class='ocrx_word' id='word_1_438' title='bbox 320 3673 536 3742; x_wconf 83' lang='lat' dir='ltr'><strong>placeat</strong></span> <span class='ocrx_word' id='word_1_439' title='bbox 556 3674 797 3730; x_wconf 82' lang='lat' dir='ltr'><strong>Arianis.</strong></span> <span class='ocrx_word' id='word_1_440' title='bbox 832 3674 1167 3731; x_wconf 85' lang='lat' dir='ltr'><strong>Erubeseant</strong></span> <span class='ocrx_word' id='word_1_441' title='bbox 1192 3674 1503 3747; x_wconf 85' lang='lat' dir='ltr'><strong>aliquando.</strong></span> 
     </span>
    </p>
   </div>
   <div class='ocr_carea' id='block_1_46' title="bbox 211 3762 1732 3842">
    <p class='ocr_par' dir='ltr' id='par_1_46' title="bbox 211 3762 1732 3842">
     <span class='ocr_line' id='line_1_47' title="bbox 211 3762 1732 3842; baseline 0.003 -22"><span class='ocrx_word' id='word_1_442' title='bbox 211 3762 293 3820; x_wconf 74' lang='lat'><strong>30.</strong></span> <span class='ocrx_word' id='word_1_443' title='bbox 319 3766 488 3825; x_wconf 78' lang='lat' dir='ltr'><strong>Judaei</strong></span> <span class='ocrx_word' id='word_1_444' title='bbox 520 3766 808 3825; x_wconf 87' lang='lat' dir='ltr'><strong>dicebant:</strong></span> <span class='ocrx_word' id='word_1_445' title='bbox 831 3765 1009 3822; x_wconf 89' lang='lat' dir='ltr'><strong>Bonus</strong></span> <span class='ocrx_word' id='word_1_446' title='bbox 1033 3778 1103 3822; x_wconf 86' lang='lat' dir='ltr'><strong>est</strong></span> <span class='ocrx_word' id='word_1_447' title='bbox 1136 3766 1313 3837; x_wconf 83' lang='lat' dir='ltr'><strong>(Joan.</strong></span> <span class='ocrx_word' id='word_1_448' title='bbox 1343 3784 1434 3834; x_wconf 88' lang='lat' dir='ltr'><strong>vn,</strong></span> <span class='ocrx_word' id='word_1_449' title='bbox 1470 3767 1580 3842; x_wconf 71' lang='lat'><strong>1‘2).</strong></span> <span class='ocrx_word' id='word_1_450' title='bbox 1619 3769 1732 3825; x_wconf 87' lang='lat' dir='ltr'><strong>Etsi</strong></span> 
     </span>
    </p>
   </div>
   <div class='ocr_carea' id='block_1_47' title="bbox 155 3853 1733 3928">
    <p class='ocr_par' dir='ltr' id='par_1_47' title="bbox 155 3853 1733 3928">
     <span class='ocr_line' id='line_1_48' title="bbox 155 3853 1733 3928; baseline 0.008 -23"><span class='ocrx_word' id='word_1_451' title='bbox 155 3853 230 3909; x_wconf 80' lang='lat' dir='ltr'><strong>alii</strong></span> <span class='ocrx_word' id='word_1_452' title='bbox 252 3856 502 3917; x_wconf 86' lang='lat' dir='ltr'><strong>dicebant</strong></span> <span class='ocrx_word' id='word_1_453' title='bbox 538 3878 551 3915; x_wconf 89' lang='lat'><strong>:</strong></span> <span class='ocrx_word' id='word_1_454' title='bbox 594 3859 719 3916; x_wconf 84' lang='lat' dir='ltr'><strong>Non</strong></span> <span class='ocrx_word' id='word_1_455' title='bbox 757 3871 852 3928; x_wconf 87' lang='lat' dir='ltr'><strong>est,</strong></span> <span class='ocrx_word' id='word_1_456' title='bbox 895 3859 987 3916; x_wconf 88' lang='lat' dir='ltr'><strong>alii</strong></span> <span class='ocrx_word' id='word_1_457' title='bbox 1013 3859 1267 3916; x_wconf 85' lang='lat' dir='ltr'><strong>dicebant</strong></span> <span class='ocrx_word' id='word_1_458' title='bbox 1294 3872 1472 3917; x_wconf 89' lang='lat' dir='ltr'><strong>tamen</strong></span> <span class='ocrx_word' id='word_1_459' title='bbox 1510 3879 1522 3916; x_wconf 90' lang='lat'><strong>:</strong></span> <span class='ocrx_word' id='word_1_460' title='bbox 1553 3860 1733 3917; x_wconf 86' lang='lat' dir='ltr'><strong>Bonus</strong></span> 
     </span>
    </p>
   </div>
   <div class='ocr_carea' id='block_1_48' title="bbox 158 3954 1148 4026">
    <p class='ocr_par' dir='ltr' id='par_1_48' title="bbox 158 3954 1148 4026">
     <span class='ocr_line' id='line_1_49' title="bbox 158 3954 1148 4026; baseline 0.009 -26"><span class='ocrx_word' id='word_1_461' title='bbox 158 3958 246 4013; x_wconf 77' lang='lat' dir='ltr'><strong>est;</strong></span> <span class='ocrx_word' id='word_1_462' title='bbox 273 3963 327 4007; x_wconf 90' lang='lat' dir='ltr'><strong>et</strong></span> <span class='ocrx_word' id='word_1_463' title='bbox 348 3968 443 4010; x_wconf 80' lang='lat' dir='ltr'><strong>vos</strong></span> <span class='ocrx_word' id='word_1_464' title='bbox 470 3969 666 4011; x_wconf 88' lang='lat' dir='ltr'><strong>omnes</strong></span> <span class='ocrx_word' id='word_1_465' title='bbox 693 3954 890 4010; x_wconf 90' lang='lat' dir='ltr'><strong>bonum</strong></span> <span class='ocrx_word' id='word_1_466' title='bbox 919 3955 1148 4026; x_wconf 84' lang='lat' dir='ltr'><strong>negatis.</strong></span> 
     </span>
    </p>
   </div>
   <div class='ocr_carea' id='block_1_49' title="bbox 216 4041 1732 4118">
    <p class='ocr_par' dir='ltr' id='par_1_49' title="bbox 216 4041 1732 4118">
     <span class='ocr_line' id='line_1_50' title="bbox 216 4041 1732 4118; baseline 0.006 -24"><span class='ocrx_word' id='word_1_467' title='bbox 216 4041 295 4095; x_wconf 83' lang='lat' dir='ltr'><strong>5i.</strong></span> <span class='ocrx_word' id='word_1_468' title='bbox 323 4044 505 4103; x_wconf 87' lang='lat' dir='ltr'><strong>Bonus</strong></span> <span class='ocrx_word' id='word_1_469' title='bbox 535 4055 636 4113; x_wconf 88' lang='lat' dir='ltr'><strong>est,</strong></span> <span class='ocrx_word' id='word_1_470' title='bbox 671 4047 761 4118; x_wconf 92' lang='lat' dir='ltr'><strong>qui</strong></span> <span class='ocrx_word' id='word_1_471' title='bbox 798 4056 1076 4118; x_wconf 78' lang='lat' dir='ltr'><strong>peccatum</strong></span> <span class='ocrx_word' id='word_1_472' title='bbox 1106 4047 1262 4104; x_wconf 89' lang='lat' dir='ltr'><strong>unius</strong></span> <span class='ocrx_word' id='word_1_473' title='bbox 1298 4046 1503 4115; x_wconf 88' lang='lat' dir='ltr'><strong>donat;</strong></span> <span class='ocrx_word' id='word_1_474' title='bbox 1543 4056 1597 4103; x_wconf 90' lang='lat' dir='ltr'><strong>et</strong></span> <span class='ocrx_word' id='word_1_475' title='bbox 1638 4048 1732 4103; x_wconf 91' lang='lat' dir='ltr'><strong>bo-</strong></span> 
     </span>
    </p>
   </div>
   <div class='ocr_carea' id='block_1_50' title="bbox 159 4139 1732 4212">
    <p class='ocr_par' dir='ltr' id='par_1_50' title="bbox 159 4139 1732 4212">
     <span class='ocr_line' id='line_1_51' title="bbox 159 4139 1732 4212; baseline 0.009 -29"><span class='ocrx_word' id='word_1_476' title='bbox 159 4144 244 4185; x_wconf 88' lang='lat' dir='ltr'><strong>nus</strong></span> <span class='ocrx_word' id='word_1_477' title='bbox 270 4150 370 4192; x_wconf 89' lang='lat' dir='ltr'><strong>non</strong></span> <span class='ocrx_word' id='word_1_478' title='bbox 395 4147 501 4205; x_wconf 90' lang='lat' dir='ltr'><strong>est,</strong></span> <span class='ocrx_word' id='word_1_479' title='bbox 548 4139 637 4210; x_wconf 92' lang='lat' dir='ltr'><strong>qui</strong></span> <span class='ocrx_word' id='word_1_480' title='bbox 683 4149 961 4210; x_wconf 86' lang='lat' dir='ltr'><strong>peccatum</strong></span> <span class='ocrx_word' id='word_1_481' title='bbox 993 4140 1179 4196; x_wconf 91' lang='lat' dir='ltr'><strong>mundi</strong></span> <span class='ocrx_word' id='word_1_482' title='bbox 1208 4140 1470 4196; x_wconf 87' lang='lat' dir='ltr'><strong>abstulit?</strong></span> <span class='ocrx_word' id='word_1_483' title='bbox 1504 4140 1582 4197; x_wconf 89' lang='lat' dir='ltr'><strong>De</strong></span> <span class='ocrx_word' id='word_1_484' title='bbox 1615 4140 1732 4212; x_wconf 88' lang='lat' dir='ltr'><strong>ipso</strong></span> 
     </span>
    </p>
   </div>
   <div class='ocr_carea' id='block_1_51' title="bbox 158 4225 1729 4305">
    <p class='ocr_par' dir='ltr' id='par_1_51' title="bbox 158 4225 1729 4305">
     <span class='ocr_line' id='line_1_52' title="bbox 158 4225 1729 4305; baseline 0.009 -31"><span class='ocrx_word' id='word_1_485' title='bbox 158 4225 281 4280; x_wconf 87' lang='lat' dir='ltr'><strong>enim</strong></span> <span class='ocrx_word' id='word_1_486' title='bbox 304 4228 502 4287; x_wconf 87' lang='lat' dir='ltr'><strong>dictum</strong></span> <span class='ocrx_word' id='word_1_487' title='bbox 533 4241 647 4288; x_wconf 89' lang='lat' dir='ltr'><strong>est:</strong></span> <span class='ocrx_word' id='word_1_488' title='bbox 675 4231 811 4287; x_wconf 87' lang='lat' dir='ltr'><strong>Ecce</strong></span> <span class='ocrx_word' id='word_1_489' title='bbox 835 4232 1014 4305; x_wconf 83' lang='lat' dir='ltr'><strong>Agnus</strong></span> <span class='ocrx_word' id='word_1_490' title='bbox 1044 4231 1167 4301; x_wconf 87' lang='lat' dir='ltr'><strong>Dei,</strong></span> <span class='ocrx_word' id='word_1_491' title='bbox 1192 4249 1306 4288; x_wconf 88' lang='lat' dir='ltr'><strong>ecce</strong></span> <span class='ocrx_word' id='word_1_492' title='bbox 1328 4234 1414 4304; x_wconf 89' lang='lat' dir='ltr'><strong>qui</strong></span> <span class='ocrx_word' id='word_1_493' title='bbox 1448 4234 1584 4289; x_wconf 81' lang='lat' dir='ltr'><strong>tollit</strong></span> <span class='ocrx_word' id='word_1_494' title='bbox 1609 4250 1729 4305; x_wconf 86' lang='lat' dir='ltr'><strong>pec-</strong></span> 
     </span>
    </p>
   </div>
   <div class='ocr_carea' id='block_1_52' title="bbox 160 4324 941 4398">
    <p class='ocr_par' dir='ltr' id='par_1_52' title="bbox 160 4324 941 4398">
     <span class='ocr_line' id='line_1_53' title="bbox 160 4324 941 4398; baseline 0.022 -31"><span class='ocrx_word' id='word_1_495' title='bbox 160 4327 307 4375; x_wconf 85' lang='lat' dir='ltr'><strong>catum</strong></span> <span class='ocrx_word' id='word_1_496' title='bbox 333 4327 512 4381; x_wconf 83' lang='lat' dir='ltr'><strong>mundi</strong></span> <span class='ocrx_word' id='word_1_497' title='bbox 543 4324 724 4398; x_wconf 79' lang='lat' dir='ltr'><strong>(Joan.</strong></span> <span class='ocrx_word' id='word_1_498' title='bbox 756 4344 796 4390; x_wconf 86' lang='lat'><strong>1,</strong></span> <span class='ocrx_word' id='word_1_499' title='bbox 822 4326 941 4397; x_wconf 73' lang='lat'><strong>29).</strong></span> 
     </span>
    </p>
   </div>
   <div class='ocr_carea' id='block_1_53' title="bbox 218 4409 1725 4488">
    <p class='ocr_par' dir='ltr' id='par_1_53' title="bbox 218 4409 1725 4488">
     <span class='ocr_line' id='line_1_54' title="bbox 218 4409 1725 4488; baseline 0.005 -26"><span class='ocrx_word' id='word_1_500' title='bbox 218 4409 294 4466; x_wconf 69' lang='grc' dir='ltr'><strong>δί.</strong></span> <span class='ocrx_word' id='word_1_501' title='bbox 326 4414 431 4472; x_wconf 88' lang='lat' dir='ltr'><strong>Sed</strong></span> <span class='ocrx_word' id='word_1_502' title='bbox 477 4417 604 4488; x_wconf 91' lang='lat' dir='ltr'><strong>quid</strong></span> <span class='ocrx_word' id='word_1_503' title='bbox 651 4417 997 4473; x_wconf 86' lang='lat' dir='ltr'><strong>dubitamus?</strong></span> <span class='ocrx_word' id='word_1_504' title='bbox 1037 4414 1279 4473; x_wconf 78' lang='lat' dir='ltr'><strong>Credidit</strong></span> <span class='ocrx_word' id='word_1_505' title='bbox 1320 4415 1431 4488; x_wconf 86' lang='lat' dir='ltr'><strong>jam</strong></span> <span class='ocrx_word' id='word_1_506' title='bbox 1485 4416 1725 4473; x_wconf 86' lang='lat' dir='ltr'><strong>Ecclesia</strong></span> 
     </span>
    </p>
   </div>
   <div class='ocr_carea' id='block_1_54' title="bbox 1856 1992 2973 2063">
    <p class='ocr_par' dir='ltr' id='par_1_54' title="bbox 1856 1992 2973 2063">
     <span class='ocr_line' id='line_1_55' title="bbox 1856 1992 2973 2063; baseline -0.001 -16"><span class='ocrx_word' id='word_1_507' title='bbox 1856 1993 2254 2063; x_wconf 85' lang='lat' dir='ltr'><strong>seperationem</strong></span> <span class='ocrx_word' id='word_1_508' title='bbox 2286 1992 2592 2048; x_wconf 85' lang='lat' dir='ltr'><strong>divinitatis</strong></span> <span class='ocrx_word' id='word_1_509' title='bbox 2621 2008 2734 2047; x_wconf 89' lang='lat' dir='ltr'><strong>non</strong></span> <span class='ocrx_word' id='word_1_510' title='bbox 2754 1992 2973 2049; x_wconf 78' lang='lat' dir='ltr'><strong>habent.</strong></span> 
     </span>
    </p>
   </div>
   <div class='ocr_carea' id='block_1_55' title="bbox 2486 2122 2844 2185">
    <p class='ocr_par' dir='ltr' id='par_1_55' title="bbox 2486 2122 2844 2185">
     <span class='ocr_line' id='line_1_56' title="bbox 2486 2122 2844 2185; baseline -0.003 -1"><span class='ocrx_word' id='word_1_511' title='bbox 2486 2122 2714 2184; x_wconf 85' lang='lat' dir='ltr'><strong>CAPUT</strong></span> <span class='ocrx_word' id='word_1_512' title='bbox 2752 2122 2844 2185; x_wconf 80' lang='lat' dir='ltr'><strong>IV.</strong></span> 
     </span>
    </p>
   </div>
   <div class='ocr_carea' id='block_1_56' title="bbox 1858 2243 3449 2321">
    <p class='ocr_par' dir='ltr' id='par_1_56' title="bbox 1858 2243 3449 2321">
     <span class='ocr_line' id='line_1_57' title="bbox 1858 2243 3449 2321; baseline 0.003 -21"><span class='ocrx_word' id='word_1_513' title='bbox 1858 2243 2265 2318; x_wconf 87' lang='lat' dir='ltr'><strong>Onmipotentem</strong></span> <span class='ocrx_word' id='word_1_514' title='bbox 2296 2262 2407 2300; x_wconf 82' lang='lat' dir='ltr'><strong>esse</strong></span> <span class='ocrx_word' id='word_1_515' title='bbox 2446 2245 2540 2299; x_wconf 89' lang='lat' dir='ltr'><strong>Dei</strong></span> <span class='ocrx_word' id='word_1_516' title='bbox 2568 2243 2618 2297; x_wconf 89' lang='lat' dir='ltr'><em>F</em></span> <span class='ocrx_word' id='word_1_517' title='bbox 2622 2246 2767 2301; x_wconf 84' lang='lat' dir='ltr'><strong>ilium</strong></span> <span class='ocrx_word' id='word_1_518' title='bbox 2808 2247 2965 2315; x_wconf 81' lang='lat' dir='ltr'><strong>prisci</strong></span> <span class='ocrx_word' id='word_1_519' title='bbox 3000 2249 3216 2319; x_wconf 84' lang='lat' dir='ltr'><strong>novique</strong></span> <span class='ocrx_word' id='word_1_520' title='bbox 3242 2251 3449 2321; x_wconf 74' lang='lat' dir='ltr'><strong>[hederis</strong></span> 
     </span>
    </p>
   </div>
   <div class='ocr_carea' id='block_1_57' title="bbox 2281 2336 3024 2393">
    <p class='ocr_par' dir='ltr' id='par_1_57' title="bbox 2281 2336 3024 2393">
     <span class='ocr_line' id='line_1_58' title="bbox 2281 2336 3024 2393; baseline 0.003 -3"><span class='ocrx_word' id='word_1_521' title='bbox 2281 2338 2590 2390; x_wconf 81' lang='lat' dir='ltr'><strong>auctoritate</strong></span> <span class='ocrx_word' id='word_1_522' title='bbox 2623 2336 3024 2393; x_wconf 77' lang='lat' dir='ltr'><strong>demonstratur.</strong></span> 
     </span>
    </p>
   </div>
   <div class='ocr_carea' id='block_1_58' title="bbox 1924 2426 3458 2500">
    <p class='ocr_par' dir='ltr' id='par_1_58' title="bbox 1924 2426 3458 2500">
     <span class='ocr_line' id='line_1_59' title="bbox 1924 2426 3458 2500; baseline 0.005 -19"><span class='ocrx_word' id='word_1_523' title='bbox 1924 2428 2014 2482; x_wconf 69' lang='grc'><strong>54.</strong></span> <span class='ocrx_word' id='word_1_524' title='bbox 2047 2426 2213 2500; x_wconf 82' lang='lat' dir='ltr'><strong>[Alias</strong></span> <span class='ocrx_word' id='word_1_525' title='bbox 2239 2445 2356 2500; x_wconf 81' lang='lat' dir='ltr'><strong>cap.</strong></span> <span class='ocrx_word' id='word_1_526' title='bbox 2376 2426 2460 2482; x_wconf 90' lang='lat' dir='ltr'><strong>IIl.</strong></span> <span class='ocrx_word' id='word_1_527' title='bbox 2488 2426 2508 2499; x_wconf 94' lang='lat'>]</span> <span class='ocrx_word' id='word_1_528' title='bbox 2544 2428 2729 2497; x_wconf 88' lang='lat' dir='ltr'><strong>Itaque</strong></span> <span class='ocrx_word' id='word_1_529' title='bbox 2759 2444 2881 2484; x_wconf 89' lang='lat' dir='ltr'><strong>cum</strong></span> <span class='ocrx_word' id='word_1_530' title='bbox 2902 2445 3065 2485; x_wconf 89' lang='lat' dir='ltr'><strong>verus</strong></span> <span class='ocrx_word' id='word_1_531' title='bbox 3086 2442 3139 2486; x_wconf 89' lang='lat' dir='ltr'><strong>et</strong></span> <span class='ocrx_word' id='word_1_532' title='bbox 3165 2431 3335 2489; x_wconf 90' lang='lat' dir='ltr'><strong>bonus</strong></span> <span class='ocrx_word' id='word_1_533' title='bbox 3361 2434 3458 2489; x_wconf 85' lang='lat' dir='ltr'><strong>Dei</strong></span> 
     </span>
    </p>
   </div>
   <div class='ocr_carea' id='block_1_59' title="bbox 1854 2519 3459 2588">
    <p class='ocr_par' dir='ltr' id='par_1_59' title="bbox 1854 2519 3459 2588">
     <span class='ocr_line' id='line_1_60' title="bbox 1854 2519 3459 2588; baseline 0.004 -14"><span class='ocrx_word' id='word_1_534' title='bbox 1854 2519 2043 2585; x_wconf 84' lang='lat' dir='ltr'><strong>Filius,</strong></span> <span class='ocrx_word' id='word_1_535' title='bbox 2071 2520 2256 2588; x_wconf 87' lang='lat' dir='ltr'><strong>utique</strong></span> <span class='ocrx_word' id='word_1_536' title='bbox 2289 2520 2632 2588; x_wconf 84' lang='lat' dir='ltr'><strong>omnipotens</strong></span> <span class='ocrx_word' id='word_1_537' title='bbox 2653 2520 2796 2575; x_wconf 82' lang='lat' dir='ltr'><strong>Deus</strong></span> <span class='ocrx_word' id='word_1_538' title='bbox 2825 2522 2917 2576; x_wconf 86' lang='lat' dir='ltr'><strong>Dei</strong></span> <span class='ocrx_word' id='word_1_539' title='bbox 2948 2522 3114 2577; x_wconf 81' lang='lat' dir='ltr'><strong>Filius</strong></span> <span class='ocrx_word' id='word_1_540' title='bbox 3139 2541 3152 2576; x_wconf 92' lang='lat'><strong>:</strong></span> <span class='ocrx_word' id='word_1_541' title='bbox 3178 2540 3302 2578; x_wconf 92' lang='lat' dir='ltr'><strong>num</strong></span> <span class='ocrx_word' id='word_1_542' title='bbox 3322 2526 3459 2581; x_wconf 85' lang='lat' dir='ltr'><strong>.ltiuc</strong></span> 
     </span>
    </p>
   </div>
   <div class='ocr_carea' id='block_1_60' title="bbox 1851 2613 3457 2690">
    <p class='ocr_par' dir='ltr' id='par_1_60' title="bbox 1851 2613 3457 2690">
     <span class='ocr_line' id='line_1_61' title="bbox 1851 2613 3457 2690; baseline 0.003 -22"><span class='ocrx_word' id='word_1_543' title='bbox 1851 2629 2067 2684; x_wconf 87' lang='lat' dir='ltr'><strong>quoque</strong></span> <span class='ocrx_word' id='word_1_544' title='bbox 2101 2613 2333 2687; x_wconf 76' lang='lat' dir='ltr'><strong>dubitari</strong></span> <span class='ocrx_word' id='word_1_545' title='bbox 2366 2613 2589 2683; x_wconf 87' lang='lat' dir='ltr'><strong>potest?</strong></span> <span class='ocrx_word' id='word_1_546' title='bbox 2634 2613 2805 2685; x_wconf 90' lang='lat' dir='ltr'><strong>Supra</strong></span> <span class='ocrx_word' id='word_1_547' title='bbox 2852 2616 2966 2677; x_wconf 82' lang='lat' dir='ltr'><strong>(lib.</strong></span> <span class='ocrx_word' id='word_1_548' title='bbox 2991 2632 3029 2683; x_wconf 79' lang='grc' dir='ltr'>ι,</span> <span class='ocrx_word' id='word_1_549' title='bbox 3078 2633 3198 2687; x_wconf 80' lang='lat' dir='ltr'><strong>cap.</strong></span> <span class='ocrx_word' id='word_1_550' title='bbox 3234 2616 3287 2690; x_wconf 80' lang='grc'><strong>1)</strong></span> <span class='ocrx_word' id='word_1_551' title='bbox 3317 2618 3457 2674; x_wconf 83' lang='lat' dir='ltr'><strong>dixi-</strong></span> 
     </span>
    </p>
   </div>
   <div class='ocr_carea' id='block_1_61' title="bbox 1852 2706 3445 2779">
    <p class='ocr_par' dir='ltr' id='par_1_61' title="bbox 1852 2706 3445 2779">
     <span class='ocr_line' id='line_1_62' title="bbox 1852 2706 3445 2779; baseline 0.004 -19"><span class='ocrx_word' id='word_1_552' title='bbox 1852 2723 1971 2763; x_wconf 88' lang='lat' dir='ltr'><strong>mus</strong></span> <span class='ocrx_word' id='word_1_553' title='bbox 1998 2706 2197 2763; x_wconf 89' lang='lat' dir='ltr'><strong>lectum</strong></span> <span class='ocrx_word' id='word_1_554' title='bbox 2224 2708 2350 2778; x_wconf 89' lang='lat' dir='ltr'><strong>quia</strong></span> <span class='ocrx_word' id='word_1_555' title='bbox 2379 2708 2643 2763; x_wconf 90' lang='lat' dir='ltr'><strong>Dominus</strong></span> <span class='ocrx_word' id='word_1_556' title='bbox 2662 2709 3007 2779; x_wconf 87' lang='lat' dir='ltr'><strong>omnipotens</strong></span> <span class='ocrx_word' id='word_1_557' title='bbox 3039 2726 3237 2766; x_wconf 90' lang='lat' dir='ltr'><strong>nomen</strong></span> <span class='ocrx_word' id='word_1_558' title='bbox 3261 2721 3345 2767; x_wconf 89' lang='lat' dir='ltr'><strong>est</strong></span> <span class='ocrx_word' id='word_1_559' title='bbox 3373 2714 3445 2768; x_wconf 90' lang='lat' dir='ltr'><strong>ei.</strong></span> 
     </span>
    </p>
   </div>
   <div class='ocr_carea' id='block_1_62' title="bbox 1851 2798 3447 2874">
    <p class='ocr_par' dir='ltr' id='par_1_62' title="bbox 1851 2798 3447 2874">
     <span class='ocr_line' id='line_1_63' title="bbox 1851 2798 3447 2874; baseline 0.004 -21"><span class='ocrx_word' id='word_1_560' title='bbox 1851 2798 1993 2869; x_wconf 79' lang='lat' dir='ltr'><strong>Ergo</strong></span> <span class='ocrx_word' id='word_1_561' title='bbox 2024 2800 2145 2870; x_wconf 87' lang='lat' dir='ltr'><strong>quia</strong></span> <span class='ocrx_word' id='word_1_562' title='bbox 2172 2798 2339 2853; x_wconf 87' lang='lat' dir='ltr'><strong>Filius</strong></span> <span class='ocrx_word' id='word_1_563' title='bbox 2380 2799 2658 2861; x_wconf 87' lang='lat' dir='ltr'><strong>Dominus.</strong></span> <span class='ocrx_word' id='word_1_564' title='bbox 2693 2801 2955 2855; x_wconf 88' lang='lat' dir='ltr'><strong>Dominus</strong></span> <span class='ocrx_word' id='word_1_565' title='bbox 2990 2811 3170 2858; x_wconf 90' lang='lat' dir='ltr'><strong>autem</strong></span> <span class='ocrx_word' id='word_1_566' title='bbox 3200 2803 3447 2874; x_wconf 87' lang='lat' dir='ltr'><strong>omnipo-</strong></span> 
     </span>
    </p>
   </div>
   <div class='ocr_carea' id='block_1_63' title="bbox 1849 2889 2851 2961">
    <p class='ocr_par' dir='ltr' id='par_1_63' title="bbox 1849 2889 2851 2961">
     <span class='ocr_line' id='line_1_64' title="bbox 1849 2889 2851 2961; baseline 0.003 -17"><span class='ocrx_word' id='word_1_567' title='bbox 1849 2898 1999 2955; x_wconf 88' lang='lat' dir='ltr'><strong>tens;</strong></span> <span class='ocrx_word' id='word_1_568' title='bbox 2034 2889 2377 2961; x_wconf 84' lang='lat' dir='ltr'><strong>omnipotens</strong></span> <span class='ocrx_word' id='word_1_569' title='bbox 2403 2903 2487 2946; x_wconf 91' lang='lat' dir='ltr'><strong>est</strong></span> <span class='ocrx_word' id='word_1_570' title='bbox 2523 2893 2616 2947; x_wconf 92' lang='lat' dir='ltr'><strong>Dei</strong></span> <span class='ocrx_word' id='word_1_571' title='bbox 2660 2892 2851 2948; x_wconf 84' lang='lat' dir='ltr'><strong>Filius.</strong></span> 
     </span>
    </p>
   </div>
   <div class='ocr_carea' id='block_1_64' title="bbox 1919 3025 3450 3102">
    <p class='ocr_par' dir='ltr' id='par_1_64' title="bbox 1919 3025 3450 3102">
     <span class='ocr_line' id='line_1_65' title="bbox 1919 3025 3450 3102; baseline 0.004 -20"><span class='ocrx_word' id='word_1_572' title='bbox 1919 3027 2009 3082; x_wconf 79' lang='grc'><strong>55.</strong></span> <span class='ocrx_word' id='word_1_573' title='bbox 2034 3025 2141 3082; x_wconf 83' lang='lat' dir='ltr'><strong>Sed</strong></span> <span class='ocrx_word' id='word_1_574' title='bbox 2172 3027 2358 3097; x_wconf 83' lang='lat' dir='ltr'><strong>accipe</strong></span> <span class='ocrx_word' id='word_1_575' title='bbox 2374 3027 2533 3083; x_wconf 88' lang='lat' dir='ltr'><strong>etiam</strong></span> <span class='ocrx_word' id='word_1_576' title='bbox 2552 3042 2673 3083; x_wconf 88' lang='lat' dir='ltr'><strong>eam</strong></span> <span class='ocrx_word' id='word_1_577' title='bbox 2700 3028 2769 3084; x_wconf 89' lang='lat' dir='ltr'><strong>de</strong></span> <span class='ocrx_word' id='word_1_578' title='bbox 2793 3044 2895 3099; x_wconf 87' lang='lat' dir='ltr'><strong>qua</strong></span> <span class='ocrx_word' id='word_1_579' title='bbox 2919 3029 3167 3087; x_wconf 89' lang='lat' dir='ltr'><strong>dubitare</strong></span> <span class='ocrx_word' id='word_1_580' title='bbox 3189 3044 3450 3102; x_wconf 88' lang='lat' dir='ltr'><strong>nequeas,</strong></span> 
     </span>
    </p>
   </div>
   <div class='ocr_carea' id='block_1_65' title="bbox 1117 3104 3448 3191">
    <p class='ocr_par' dir='ltr' id='par_1_65' title="bbox 1117 3104 3448 3191">
     <span class='ocr_line' id='line_1_66' title="bbox 1117 3104 3448 3191; baseline 0.003 -19"><span class='ocrx_word' id='word_1_581' title='bbox 1117 3117 1387 3173; x_wconf 85' lang='lat' dir='ltr'><strong>Eructavit</strong></span> <span class='ocrx_word' id='word_1_582' title='bbox 1432 3133 1518 3172; x_wconf 86' lang='lat' dir='ltr'><strong>cor</strong></span> <span class='ocrx_word' id='word_1_583' title='bbox 1565 3132 1735 3173; x_wconf 89' lang='lat' dir='ltr'><strong>meum</strong></span> <span class='ocrx_word' id='word_1_584' title='bbox 1765 3104 1810 3166; x_wconf 65' lang='grc' dir='ltr'><strong>(ἶ</strong></span> <span class='ocrx_word' id='word_1_585' title='bbox 1843 3117 2163 3174; x_wconf 87' lang='lat' dir='ltr'><strong>lectionem:</strong></span> <span class='ocrx_word' id='word_1_586' title='bbox 2199 3118 2333 3174; x_wconf 78' lang='lat' dir='ltr'><strong>Ecce</strong></span> <span class='ocrx_word' id='word_1_587' title='bbox 2360 3122 2513 3188; x_wconf 82' lang='lat' dir='ltr'><strong>venit,</strong></span> <span class='ocrx_word' id='word_1_588' title='bbox 2536 3121 2730 3191; x_wconf 87' lang='lat' dir='ltr'><strong>inquit,</strong></span> <span class='ocrx_word' id='word_1_589' title='bbox 2756 3138 2874 3176; x_wconf 83' lang='lat' dir='ltr'><strong>cum</strong></span> <span class='ocrx_word' id='word_1_590' title='bbox 2904 3122 3143 3190; x_wconf 80' lang='lat' dir='ltr'><strong>nubibus,</strong></span> <span class='ocrx_word' id='word_1_591' title='bbox 3179 3134 3228 3179; x_wconf 84' lang='lat' dir='ltr'><strong>et</strong></span> <span class='ocrx_word' id='word_1_592' title='bbox 3259 3124 3448 3180; x_wconf 77' lang='lat' dir='ltr'><strong>uidebit</strong></span> 
     </span>
    </p>
   </div>
   <div class='ocr_carea' id='block_1_66' title="bbox 1839 3209 3452 3291">
    <p class='ocr_par' dir='ltr' id='par_1_66' title="bbox 1839 3209 3452 3291">
     <span class='ocr_line' id='line_1_67' title="bbox 1839 3209 3452 3291; baseline 0.005 -25"><span class='ocrx_word' id='word_1_593' title='bbox 1839 3227 1954 3266; x_wconf 88' lang='lat' dir='ltr'><strong>eum</strong></span> <span class='ocrx_word' id='word_1_594' title='bbox 1978 3213 2142 3266; x_wconf 86' lang='lat' dir='ltr'><strong>omnis</strong></span> <span class='ocrx_word' id='word_1_595' title='bbox 2169 3214 2372 3281; x_wconf 87' lang='lat' dir='ltr'><strong>oculus,</strong></span> <span class='ocrx_word' id='word_1_596' title='bbox 2399 3222 2446 3267; x_wconf 90' lang='lat' dir='ltr'><strong>et</strong></span> <span class='ocrx_word' id='word_1_597' title='bbox 2466 3215 2557 3283; x_wconf 89' lang='lat' dir='ltr'><strong>qui</strong></span> <span class='ocrx_word' id='word_1_598' title='bbox 2584 3231 2697 3269; x_wconf 83' lang='lat' dir='ltr'><strong>eum</strong></span> <span class='ocrx_word' id='word_1_599' title='bbox 2731 3209 3144 3289; x_wconf 74' lang='lat' dir='ltr'><strong>coutpunxernnt</strong></span> <span class='ocrx_word' id='word_1_600' title='bbox 3174 3234 3192 3273; x_wconf 90' lang='lat'><strong>:</strong></span> <span class='ocrx_word' id='word_1_601' title='bbox 3217 3229 3266 3273; x_wconf 87' lang='lat' dir='ltr'><strong>et</strong></span> <span class='ocrx_word' id='word_1_602' title='bbox 3296 3220 3452 3291; x_wconf 81' lang='lat' dir='ltr'><strong>ptan-</strong></span> 
     </span>
    </p>
   </div>
   <div class='ocr_carea' id='block_1_67' title="bbox 1838 3305 3445 3376">
    <p class='ocr_par' dir='ltr' id='par_1_67' title="bbox 1838 3305 3445 3376">
     <span class='ocr_line' id='line_1_68' title="bbox 1838 3305 3445 3376; baseline 0.005 -19"><span class='ocrx_word' id='word_1_603' title='bbox 1838 3314 1959 3376; x_wconf 84' lang='lat' dir='ltr'><strong>gent</strong></span> <span class='ocrx_word' id='word_1_604' title='bbox 1980 3320 2033 3359; x_wconf 85' lang='lat' dir='ltr'><strong>se</strong></span> <span class='ocrx_word' id='word_1_605' title='bbox 2062 3320 2218 3373; x_wconf 81' lang='lat' dir='ltr'><strong>super</strong></span> <span class='ocrx_word' id='word_1_606' title='bbox 2248 3321 2363 3358; x_wconf 87' lang='lat' dir='ltr'><strong>eum</strong></span> <span class='ocrx_word' id='word_1_607' title='bbox 2406 3321 2581 3359; x_wconf 87' lang='lat' dir='ltr'><strong>omnes</strong></span> <span class='ocrx_word' id='word_1_608' title='bbox 2613 3305 2773 3361; x_wconf 85' lang='lat' dir='ltr'><strong>tribus</strong></span> <span class='ocrx_word' id='word_1_609' title='bbox 2810 3317 2980 3364; x_wconf 78' lang='lat' dir='ltr'><strong>terrw.</strong></span> <span class='ocrx_word' id='word_1_610' title='bbox 3030 3306 3231 3375; x_wconf 85' lang='lat' dir='ltr'><strong>Etiam,</strong></span> <span class='ocrx_word' id='word_1_611' title='bbox 3272 3325 3445 3365; x_wconf 85' lang='lat' dir='ltr'><strong>amen.</strong></span> 
     </span>
    </p>
   </div>
   <div class='ocr_carea' id='block_1_68' title="bbox 1840 3390 3453 3473">
    <p class='ocr_par' dir='ltr' id='par_1_68' title="bbox 1840 3390 3453 3473">
     <span class='ocr_line' id='line_1_69' title="bbox 1840 3390 3453 3473; baseline 0.005 -25"><span class='ocrx_word' id='word_1_612' title='bbox 1840 3393 1954 3466; x_wconf 87' lang='lat' dir='ltr'><strong>Ego</strong></span> <span class='ocrx_word' id='word_1_613' title='bbox 1992 3412 2107 3451; x_wconf 90' lang='lat' dir='ltr'><strong>sum</strong></span> <span class='ocrx_word' id='word_1_614' title='bbox 2145 3405 2184 3453; x_wconf 78' lang='grc' dir='ltr'><strong>Δ</strong></span> <span class='ocrx_word' id='word_1_615' title='bbox 2212 3404 2261 3450; x_wconf 84' lang='lat' dir='ltr'><strong>et</strong></span> <span class='ocrx_word' id='word_1_616' title='bbox 2287 3408 2359 3460; x_wconf 77' lang='grc' dir='ltr'><strong>Ω,</strong></span> <span class='ocrx_word' id='word_1_617' title='bbox 2391 3397 2516 3450; x_wconf 76' lang='lat' dir='ltr'><strong>dicit</strong></span> <span class='ocrx_word' id='word_1_618' title='bbox 2548 3396 2803 3453; x_wconf 82' lang='lat' dir='ltr'><strong>Dominus</strong></span> <span class='ocrx_word' id='word_1_619' title='bbox 2828 3390 2993 3463; x_wconf 83' lang='lat' dir='ltr'><strong>Deus,</strong></span> <span class='ocrx_word' id='word_1_620' title='bbox 3037 3403 3242 3470; x_wconf 85' lang='lat' dir='ltr'><strong>quiest,</strong></span> <span class='ocrx_word' id='word_1_621' title='bbox 3272 3410 3318 3455; x_wconf 85' lang='lat' dir='ltr'><strong>et</strong></span> <span class='ocrx_word' id='word_1_622' title='bbox 3360 3402 3453 3473; x_wconf 75' lang='lat' dir='ltr'><strong>qui</strong></span> 
     </span>
    </p>
   </div>
   <div class='ocr_carea' id='block_1_69' title="bbox 1838 3491 3443 3568">
    <p class='ocr_par' dir='ltr' id='par_1_69' title="bbox 1838 3491 3443 3568">
     <span class='ocr_line' id='line_1_70' title="bbox 1838 3491 3443 3568; baseline 0.003 -24"><span class='ocrx_word' id='word_1_623' title='bbox 1838 3501 1964 3556; x_wconf 78' lang='lat' dir='ltr'><strong>erat,</strong></span> <span class='ocrx_word' id='word_1_624' title='bbox 2001 3500 2047 3545; x_wconf 88' lang='lat' dir='ltr'><strong>et</strong></span> <span class='ocrx_word' id='word_1_625' title='bbox 2073 3491 2158 3560; x_wconf 85' lang='lat' dir='ltr'><strong>qui</strong></span> <span class='ocrx_word' id='word_1_626' title='bbox 2199 3500 2439 3546; x_wconf 87' lang='lat' dir='ltr'><strong>venturus</strong></span> <span class='ocrx_word' id='word_1_627' title='bbox 2481 3500 2557 3547; x_wconf 85' lang='lat' dir='ltr'><strong>est</strong></span> <span class='ocrx_word' id='word_1_628' title='bbox 2598 3495 2921 3564; x_wconf 84' lang='lat' dir='ltr'><strong>omnipotens</strong></span> <span class='ocrx_word' id='word_1_629' title='bbox 2959 3492 3147 3567; x_wconf 76' lang='lat' dir='ltr'><strong>(Apoc.</strong></span> <span class='ocrx_word' id='word_1_630' title='bbox 3190 3511 3229 3561; x_wconf 81' lang='grc' dir='ltr'>ι,</span> <span class='ocrx_word' id='word_1_631' title='bbox 3277 3494 3327 3561; x_wconf 89' lang='lat'><strong>7,</strong></span> <span class='ocrx_word' id='word_1_632' title='bbox 3363 3495 3443 3568; x_wconf 88' lang='lat'><strong>8).</strong></span> 
     </span>
    </p>
   </div>
   <div class='ocr_carea' id='block_1_70' title="bbox 1839 3583 3446 3655">
    <p class='ocr_par' dir='ltr' id='par_1_70' title="bbox 1839 3583 3446 3655">
     <span class='ocr_line' id='line_1_71' title="bbox 1839 3583 3446 3655; baseline 0.002 -18"><span class='ocrx_word' id='word_1_633' title='bbox 1839 3586 2010 3652; x_wconf 83' lang='lat' dir='ltr'><strong>Quem</strong></span> <span class='ocrx_word' id='word_1_634' title='bbox 2050 3583 2213 3655; x_wconf 80' lang='lat' dir='ltr'><strong>igitur</strong></span> <span class='ocrx_word' id='word_1_635' title='bbox 2240 3597 2697 3653; x_wconf 81' lang='lat' dir='ltr'><strong>compunxerunt,</strong></span> <span class='ocrx_word' id='word_1_636' title='bbox 2731 3595 2787 3642; x_wconf 91' lang='lat' dir='ltr'><strong>et</strong></span> <span class='ocrx_word' id='word_1_637' title='bbox 2821 3602 2980 3655; x_wconf 75' lang='lat' dir='ltr'><strong>quem</strong></span> <span class='ocrx_word' id='word_1_638' title='bbox 3009 3601 3293 3654; x_wconf 79' lang='lat' dir='ltr'><strong>speramus</strong></span> <span class='ocrx_word' id='word_1_639' title='bbox 3322 3602 3446 3641; x_wconf 86' lang='lat' dir='ltr'><strong>esse</strong></span> 
     </span>
    </p>
   </div>
   <div class='ocr_carea' id='block_1_71' title="bbox 1839 3675 3446 3745">
    <p class='ocr_par' dir='ltr' id='par_1_71' title="bbox 1839 3675 3446 3745">
     <span class='ocr_line' id='line_1_72' title="bbox 1839 3675 3446 3745; baseline 0.002 -16"><span class='ocrx_word' id='word_1_640' title='bbox 1839 3689 2153 3742; x_wconf 90' lang='lat' dir='ltr'><strong>venturum,</strong></span> <span class='ocrx_word' id='word_1_641' title='bbox 2199 3676 2299 3731; x_wconf 84' lang='lat' dir='ltr'><strong>nisi</strong></span> <span class='ocrx_word' id='word_1_642' title='bbox 2343 3675 2582 3730; x_wconf 86' lang='lat' dir='ltr'><strong>Filium?</strong></span> <span class='ocrx_word' id='word_1_643' title='bbox 2612 3675 2758 3745; x_wconf 85' lang='lat' dir='ltr'><strong>Ergo</strong></span> <span class='ocrx_word' id='word_1_644' title='bbox 2799 3675 3150 3745; x_wconf 86' lang='lat' dir='ltr'><strong>omnipotens</strong></span> <span class='ocrx_word' id='word_1_645' title='bbox 3184 3676 3446 3732; x_wconf 87' lang='lat' dir='ltr'><strong>Dominus</strong></span> 
     </span>
    </p>
   </div>
   <div class='ocr_carea' id='block_1_72' title="bbox 1839 3766 2472 3822">
    <p class='ocr_par' dir='ltr' id='par_1_72' title="bbox 1839 3766 2472 3822">
     <span class='ocr_line' id='line_1_73' title="bbox 1839 3766 2472 3822; baseline -0.008 0"><span class='ocrx_word' id='word_1_646' title='bbox 1839 3775 1894 3822; x_wconf 90' lang='lat' dir='ltr'><strong>et</strong></span> <span class='ocrx_word' id='word_1_647' title='bbox 1920 3767 2066 3822; x_wconf 89' lang='lat' dir='ltr'><strong>Deus</strong></span> <span class='ocrx_word' id='word_1_648' title='bbox 2091 3766 2338 3820; x_wconf 71' lang='lat' dir='ltr'><strong>Christus</strong></span> <span class='ocrx_word' id='word_1_649' title='bbox 2369 3773 2472 3820; x_wconf 90' lang='lat' dir='ltr'><strong>est.</strong></span> 
     </span>
    </p>
   </div>
   <div class='ocr_carea' id='block_1_73' title="bbox 1908 3852 3443 3930">
    <p class='ocr_par' dir='ltr' id='par_1_73' title="bbox 1908 3852 3443 3930">
     <span class='ocr_line' id='line_1_74' title="bbox 1908 3852 3443 3930; baseline 0.001 -16"><span class='ocrx_word' id='word_1_650' title='bbox 1908 3858 1996 3914; x_wconf 82' lang='lat'><strong>&#39;56.</strong></span> <span class='ocrx_word' id='word_1_651' title='bbox 2032 3859 2232 3926; x_wconf 85' lang='lat' dir='ltr'><strong>Accipe</strong></span> <span class='ocrx_word' id='word_1_652' title='bbox 2290 3856 2458 3925; x_wconf 89' lang='lat' dir='ltr'><strong>aliud,</strong></span> <span class='ocrx_word' id='word_1_653' title='bbox 2513 3864 2700 3911; x_wconf 89' lang='lat' dir='ltr'><strong>sancte</strong></span> <span class='ocrx_word' id='word_1_654' title='bbox 2749 3852 3069 3927; x_wconf 87' lang='lat' dir='ltr'><strong>Imperator,</strong></span> <span class='ocrx_word' id='word_1_655' title='bbox 3142 3865 3198 3913; x_wconf 92' lang='lat' dir='ltr'><strong>et</strong></span> <span class='ocrx_word' id='word_1_656' title='bbox 3255 3857 3443 3930; x_wconf 87' lang='lat' dir='ltr'><strong>accipe</strong></span> 
     </span>
    </p>
   </div>
   <div class='ocr_carea' id='block_1_74' title="bbox 1836 3945 3444 4020">
    <p class='ocr_par' dir='ltr' id='par_1_74' title="bbox 1836 3945 3444 4020">
     <span class='ocr_line' id='line_1_75' title="bbox 1836 3945 3444 4020; baseline 0.001 -14"><span class='ocrx_word' id='word_1_657' title='bbox 1836 3950 2113 4006; x_wconf 85' lang='lat' dir='ltr'><strong>Christum</strong></span> <span class='ocrx_word' id='word_1_658' title='bbox 2154 3949 2464 4018; x_wconf 85' lang='lat' dir='ltr'><strong>loquentem</strong></span> <span class='ocrx_word' id='word_1_659' title='bbox 2509 3965 2521 4002; x_wconf 91' lang='lat'><strong>:</strong></span> <span class='ocrx_word' id='word_1_660' title='bbox 2573 3946 2697 4002; x_wconf 65' lang='lat' dir='ltr'><strong>Haec</strong></span> <span class='ocrx_word' id='word_1_661' title='bbox 2743 3948 2867 4000; x_wconf 88' lang='lat' dir='ltr'><strong>dicit</strong></span> <span class='ocrx_word' id='word_1_662' title='bbox 2913 3945 3167 4004; x_wconf 84' lang='lat' dir='ltr'><strong>Dominus</strong></span> <span class='ocrx_word' id='word_1_663' title='bbox 3207 3952 3444 4020; x_wconf 86' lang='lat' dir='ltr'><strong>omnipo-</strong></span> 
     </span>
    </p>
   </div>
   <div class='ocr_carea' id='block_1_75' title="bbox 1840 4040 3440 4117">
    <p class='ocr_par' dir='ltr' id='par_1_75' title="bbox 1840 4040 3440 4117">
     <span class='ocr_line' id='line_1_76' title="bbox 1840 4040 3440 4117; baseline 0 -21"><span class='ocrx_word' id='word_1_664' title='bbox 1840 4054 1948 4096; x_wconf 85' lang='lat' dir='ltr'><strong>tens</strong></span> <span class='ocrx_word' id='word_1_665' title='bbox 1982 4057 2000 4095; x_wconf 92' lang='lat'><strong>:</strong></span> <span class='ocrx_word' id='word_1_666' title='bbox 2034 4040 2165 4095; x_wconf 86' lang='lat' dir='ltr'><strong>Post</strong></span> <span class='ocrx_word' id='word_1_667' title='bbox 2193 4040 2443 4095; x_wconf 81' lang='lat' dir='ltr'><strong>honorent</strong></span> <span class='ocrx_word' id='word_1_668' title='bbox 2473 4040 2610 4093; x_wconf 83' lang='lat' dir='ltr'><strong>misit</strong></span> <span class='ocrx_word' id='word_1_669' title='bbox 2631 4056 2713 4093; x_wconf 90' lang='lat' dir='ltr'><strong>me</strong></span> <span class='ocrx_word' id='word_1_670' title='bbox 2739 4054 2895 4109; x_wconf 86' lang='lat' dir='ltr'><strong>super</strong></span> <span class='ocrx_word' id='word_1_671' title='bbox 2918 4048 3111 4111; x_wconf 80' lang='lat' dir='ltr'><strong>gentes,</strong></span> <span class='ocrx_word' id='word_1_672' title='bbox 3144 4059 3256 4113; x_wconf 79' lang='lat' dir='ltr'><strong>quw</strong></span> <span class='ocrx_word' id='word_1_673' title='bbox 3276 4043 3440 4117; x_wconf 60' lang='grc'><strong>477</strong></span> 
     </span>
    </p>
   </div>
   <div class='ocr_carea' id='block_1_76' title="bbox 1836 4132 3443 4208">
    <p class='ocr_par' dir='ltr' id='par_1_76' title="bbox 1836 4132 3443 4208">
     <span class='ocr_line' id='line_1_77' title="bbox 1836 4132 3443 4208; baseline 0.002 -21"><span class='ocrx_word' id='word_1_674' title='bbox 1836 4134 2261 4205; x_wconf 75' lang='grc' dir='ltr'><strong>άερνιεάαυενιιηι</strong></span> <span class='ocrx_word' id='word_1_675' title='bbox 2286 4149 2373 4187; x_wconf 86' lang='lat' dir='ltr'><strong>vos</strong></span> <span class='ocrx_word' id='word_1_676' title='bbox 2392 4149 2411 4201; x_wconf 89' lang='lat'><strong><em>;</em></strong></span> <span class='ocrx_word' id='word_1_677' title='bbox 2448 4133 2687 4204; x_wconf 84' lang='lat' dir='ltr'><strong>quoniam</strong></span> <span class='ocrx_word' id='word_1_678' title='bbox 2720 4132 2809 4205; x_wconf 88' lang='lat' dir='ltr'><strong>qui</strong></span> <span class='ocrx_word' id='word_1_679' title='bbox 2842 4134 3008 4207; x_wconf 87' lang='lat' dir='ltr'><strong>tangit</strong></span> <span class='ocrx_word' id='word_1_680' title='bbox 3038 4150 3148 4199; x_wconf 84' lang='lat' dir='ltr'><strong>vos,</strong></span> <span class='ocrx_word' id='word_1_681' title='bbox 3178 4138 3326 4204; x_wconf 86' lang='lat' dir='ltr'><strong>quasi</strong></span> <span class='ocrx_word' id='word_1_682' title='bbox 3354 4140 3443 4208; x_wconf 85' lang='lat' dir='ltr'><strong>qui</strong></span> 
     </span>
    </p>
   </div>
   <div class='ocr_carea' id='block_1_77' title="bbox 1835 4220 3441 4300">
    <p class='ocr_par' dir='ltr' id='par_1_77' title="bbox 1835 4220 3441 4300">
     <span class='ocr_line' id='line_1_78' title="bbox 1835 4220 3441 4300; baseline 0.001 -18"><span class='ocrx_word' id='word_1_683' title='bbox 1835 4228 1997 4300; x_wconf 87' lang='lat' dir='ltr'><strong>tangit</strong></span> <span class='ocrx_word' id='word_1_684' title='bbox 2017 4228 2275 4300; x_wconf 82' lang='lat' dir='ltr'><strong>pupillam</strong></span> <span class='ocrx_word' id='word_1_685' title='bbox 2298 4224 2433 4280; x_wconf 87' lang='lat' dir='ltr'><strong>oculi</strong></span> <span class='ocrx_word' id='word_1_686' title='bbox 2464 4226 2596 4297; x_wconf 88' lang='lat' dir='ltr'><strong>ejus.</strong></span> <span class='ocrx_word' id='word_1_687' title='bbox 2617 4223 2751 4292; x_wconf 84' lang='lat' dir='ltr'><strong>Quia</strong></span> <span class='ocrx_word' id='word_1_688' title='bbox 2774 4241 2887 4279; x_wconf 85' lang='lat' dir='ltr'><strong>ecce</strong></span> <span class='ocrx_word' id='word_1_689' title='bbox 2916 4242 3009 4297; x_wconf 88' lang='lat' dir='ltr'><strong>ego</strong></span> <span class='ocrx_word' id='word_1_690' title='bbox 3025 4226 3204 4295; x_wconf 79' lang='lat' dir='ltr'><strong>iniicio</strong></span> <span class='ocrx_word' id='word_1_691' title='bbox 3229 4220 3441 4283; x_wconf 80' lang='lat' dir='ltr'><strong>manum</strong></span> 
     </span>
    </p>
   </div>
   <div class='ocr_carea' id='block_1_78' title="bbox 1835 4321 3441 4394">
    <p class='ocr_par' dir='ltr' id='par_1_78' title="bbox 1835 4321 3441 4394">
     <span class='ocr_line' id='line_1_79' title="bbox 1835 4321 3441 4394; baseline -0.001 -16"><span class='ocrx_word' id='word_1_692' title='bbox 1835 4340 2000 4378; x_wconf 88' lang='lat' dir='ltr'><strong>meam</strong></span> <span class='ocrx_word' id='word_1_693' title='bbox 2031 4338 2183 4394; x_wconf 85' lang='lat' dir='ltr'><strong>super</strong></span> <span class='ocrx_word' id='word_1_694' title='bbox 2205 4338 2308 4391; x_wconf 88' lang='lat' dir='ltr'><strong>eos,</strong></span> <span class='ocrx_word' id='word_1_695' title='bbox 2324 4324 2407 4394; x_wconf 87' lang='lat' dir='ltr'><strong>qui</strong></span> <span class='ocrx_word' id='word_1_696' title='bbox 2431 4321 2859 4393; x_wconf 72' lang='lat' dir='ltr'><strong>depraedaveruut</strong></span> <span class='ocrx_word' id='word_1_697' title='bbox 2873 4338 2979 4388; x_wconf 78' lang='lat' dir='ltr'><strong>ros,</strong></span> <span class='ocrx_word' id='word_1_698' title='bbox 2999 4331 3045 4376; x_wconf 91' lang='lat' dir='ltr'><strong>et</strong></span> <span class='ocrx_word' id='word_1_699' title='bbox 3058 4337 3233 4377; x_wconf 84' lang='lat' dir='ltr'><strong>eruam</strong></span> <span class='ocrx_word' id='word_1_700' title='bbox 3251 4338 3338 4377; x_wconf 83' lang='lat' dir='ltr'><strong>vos</strong></span> <span class='ocrx_word' id='word_1_701' title='bbox 3354 4340 3372 4388; x_wconf 90' lang='lat'><em>;</em></span> <span class='ocrx_word' id='word_1_702' title='bbox 3390 4332 3441 4379; x_wconf 85' lang='lat' dir='ltr'><strong>et</strong></span> 
     </span>
    </p>
   </div>
   <div class='ocr_carea' id='block_1_79' title="bbox 1835 4417 3433 4490">
    <p class='ocr_par' dir='ltr' id='par_1_79' title="bbox 1835 4417 3433 4490">
     <span class='ocr_line' id='line_1_80' title="bbox 1835 4417 3433 4490; baseline -0.001 -17"><span class='ocrx_word' id='word_1_703' title='bbox 1835 4430 1977 4473; x_wconf 85' lang='lat' dir='ltr'><strong>erunt</strong></span> <span class='ocrx_word' id='word_1_704' title='bbox 1997 4420 2049 4472; x_wconf 85' lang='lat' dir='ltr'><strong>in</strong></span> <span class='ocrx_word' id='word_1_705' title='bbox 2077 4417 2331 4490; x_wconf 67' lang='lat' dir='ltr'><strong>praedam,</strong></span> <span class='ocrx_word' id='word_1_706' title='bbox 2361 4418 2450 4489; x_wconf 84' lang='lat' dir='ltr'><strong>qui</strong></span> <span class='ocrx_word' id='word_1_707' title='bbox 2477 4417 2899 4489; x_wconf 78' lang='lat' dir='ltr'><strong>deprwdaverunt</strong></span> <span class='ocrx_word' id='word_1_708' title='bbox 2925 4430 3035 4478; x_wconf 82' lang='lat' dir='ltr'><strong>vos.</strong></span> <span class='ocrx_word' id='word_1_709' title='bbox 3056 4426 3103 4470; x_wconf 83' lang='lat' dir='ltr'><strong>et</strong></span> <span class='ocrx_word' id='word_1_710' title='bbox 3123 4419 3276 4472; x_wconf 85' lang='lat' dir='ltr'><strong>scient</strong></span> <span class='ocrx_word' id='word_1_711' title='bbox 3308 4417 3433 4487; x_wconf 85' lang='lat' dir='ltr'><strong>quia</strong></span> 
     </span>
    </p>
   </div>
   <div class='ocr_carea' id='block_1_80' title="bbox 162 4495 3438 4582">
    <p class='ocr_par' dir='ltr' id='par_1_80' title="bbox 162 4495 3438 4582">
     <span class='ocr_line' id='line_1_81' title="bbox 162 4495 3438 4582; baseline 0.004 -31"><span class='ocrx_word' id='word_1_712' title='bbox 162 4495 352 4571; x_wconf 83' lang='lat' dir='ltr'><strong>bonum,</strong></span> <span class='ocrx_word' id='word_1_713' title='bbox 382 4520 431 4564; x_wconf 92' lang='lat' dir='ltr'><strong>et</strong></span> <span class='ocrx_word' id='word_1_714' title='bbox 460 4509 704 4566; x_wconf 79' lang='lat' dir='ltr'><strong>confessa</strong></span> <span class='ocrx_word' id='word_1_715' title='bbox 729 4521 812 4566; x_wconf 84' lang='lat' dir='ltr'><strong>est</strong></span> <span class='ocrx_word' id='word_1_716' title='bbox 835 4508 1068 4565; x_wconf 86' lang='lat' dir='ltr'><strong>dicendo</strong></span> <span class='ocrx_word' id='word_1_717' title='bbox 1094 4527 1108 4564; x_wconf 88' lang='lat'><strong>:</strong></span> <span class='ocrx_word' id='word_1_718' title='bbox 1141 4509 1418 4565; x_wconf 67' lang='lat' dir='ltr'><strong>Oscutetur</strong></span> <span class='ocrx_word' id='word_1_719' title='bbox 1451 4527 1531 4565; x_wconf 91' lang='lat' dir='ltr'><strong>me</strong></span> <span class='ocrx_word' id='word_1_720' title='bbox 1551 4510 1615 4563; x_wconf 83' lang='lat' dir='ltr'><strong>ab</strong></span> <span class='ocrx_word' id='word_1_721' title='bbox 1638 4529 1723 4566; x_wconf 72' lang='grc' dir='ltr'><strong>οδ·</strong></span> <span class='ocrx_word' id='word_1_722' title='bbox 1754 4496 1808 4557; x_wconf 84' lang='grc' dir='ltr'><strong>Ῐ)</strong></span> <span class='ocrx_word' id='word_1_723' title='bbox 1837 4510 2089 4566; x_wconf 86' lang='lat' dir='ltr'><strong>Dominus</strong></span> <span class='ocrx_word' id='word_1_724' title='bbox 2111 4512 2431 4582; x_wconf 86' lang='lat' dir='ltr'><strong>omnipotens</strong></span> <span class='ocrx_word' id='word_1_725' title='bbox 2446 4510 2582 4564; x_wconf 85' lang='lat' dir='ltr'><strong>misit</strong></span> <span class='ocrx_word' id='word_1_726' title='bbox 2606 4528 2682 4563; x_wconf 85' lang='lat' dir='ltr'><strong>me</strong></span> <span class='ocrx_word' id='word_1_727' title='bbox 2701 4506 2975 4578; x_wconf 84' lang='lat' dir='ltr'><strong>(Zacchar.</strong></span> <span class='ocrx_word' id='word_1_728' title='bbox 2993 4525 3052 4574; x_wconf 83' lang='grc' dir='ltr'>ιι,</span> <span class='ocrx_word' id='word_1_729' title='bbox 3070 4510 3119 4575; x_wconf 90' lang='lat'><strong>8,</strong></span> <span class='ocrx_word' id='word_1_730' title='bbox 3139 4505 3438 4579; x_wconf 85' lang='lat' dir='ltr'><strong>9).Utique</strong></span> 
     </span>
    </p>
   </div>
   <div class='ocr_carea' id='block_1_81' title="bbox 164 4593 1726 4675">
    <p class='ocr_par' dir='ltr' id='par_1_81' title="bbox 164 4593 1726 4675">
     <span class='ocr_line' id='line_1_82' title="bbox 164 4593 1726 4675; baseline 0.012 -36"><span class='ocrx_word' id='word_1_731' title='bbox 164 4593 274 4647; x_wconf 78' lang='lat' dir='ltr'><strong>culis</strong></span> <span class='ocrx_word' id='word_1_732' title='bbox 298 4600 395 4654; x_wconf 89' lang='lat' dir='ltr'><strong>oris</strong></span> <span class='ocrx_word' id='word_1_733' title='bbox 422 4604 547 4668; x_wconf 87' lang='lat' dir='ltr'><strong>.sui;</strong></span> <span class='ocrx_word' id='word_1_734' title='bbox 578 4603 823 4672; x_wconf 87' lang='lat' dir='ltr'><strong>quoniam</strong></span> <span class='ocrx_word' id='word_1_735' title='bbox 854 4604 986 4657; x_wconf 85' lang='lat' dir='ltr'><strong>bona</strong></span> <span class='ocrx_word' id='word_1_736' title='bbox 1025 4603 1183 4656; x_wconf 86' lang='lat' dir='ltr'><strong>ubera</strong></span> <span class='ocrx_word' id='word_1_737' title='bbox 1224 4613 1312 4656; x_wconf 88' lang='lat' dir='ltr'><strong>tua</strong></span> <span class='ocrx_word' id='word_1_738' title='bbox 1356 4618 1509 4675; x_wconf 80' lang='lat' dir='ltr'><strong>super</strong></span> <span class='ocrx_word' id='word_1_739' title='bbox 1553 4605 1726 4657; x_wconf 83' lang='lat' dir='ltr'><strong>viuum</strong></span> 
     </span>
    </p>
   </div>
   <div class='ocr_carea' id='block_1_82' title="bbox 165 4678 1725 4766">
    <p class='ocr_par' dir='ltr' id='par_1_82' title="bbox 165 4678 1725 4766">
     <span class='ocr_line' id='line_1_83' title="bbox 165 4678 1725 4766; baseline 0.001 -19"><span class='ocrx_word' id='word_1_740' title='bbox 165 4678 359 4747; x_wconf 74' lang='lat' dir='ltr'><strong>(Cautio.</strong></span> <span class='ocrx_word' id='word_1_741' title='bbox 394 4709 430 4758; x_wconf 86' lang='lat' dir='ltr'><strong>I,</strong></span> <span class='ocrx_word' id='word_1_742' title='bbox 477 4693 554 4766; x_wconf 73' lang='lat'><strong>1);</strong></span> <span class='ocrx_word' id='word_1_743' title='bbox 584 4704 640 4751; x_wconf 89' lang='lat' dir='ltr'><strong>et</strong></span> <span class='ocrx_word' id='word_1_744' title='bbox 670 4694 795 4749; x_wconf 86' lang='lat' dir='ltr'><strong>alibi</strong></span> <span class='ocrx_word' id='word_1_745' title='bbox 828 4714 838 4746; x_wconf 94' lang='lat'><strong>:</strong></span> <span class='ocrx_word' id='word_1_746' title='bbox 879 4692 941 4748; x_wconf 78' lang='lat' dir='ltr'><strong>Et</strong></span> <span class='ocrx_word' id='word_1_747' title='bbox 973 4696 1099 4765; x_wconf 73' lang='lat' dir='ltr'><strong>[oux</strong></span> <span class='ocrx_word' id='word_1_748' title='bbox 1131 4704 1221 4748; x_wconf 86' lang='lat' dir='ltr'><strong>tua</strong></span> <span class='ocrx_word' id='word_1_749' title='bbox 1251 4704 1508 4766; x_wconf 87' lang='lat' dir='ltr'><strong>tamquam</strong></span> <span class='ocrx_word' id='word_1_750' title='bbox 1553 4698 1725 4750; x_wconf 81' lang='lat' dir='ltr'><strong>vinum</strong></span> 
     </span>
    </p>
   </div>
   <div class='ocr_carea' id='block_1_83' title="bbox 166 4784 1718 4860">
    <p class='ocr_par' dir='ltr' id='par_1_83' title="bbox 166 4784 1718 4860">
     <span class='ocr_line' id='line_1_84' title="bbox 166 4784 1718 4860; baseline 0.009 -28"><span class='ocrx_word' id='word_1_751' title='bbox 166 4784 229 4827; x_wconf 62' lang='lat' dir='ltr'><strong>est</strong></span> <span class='ocrx_word' id='word_1_752' title='bbox 263 4786 501 4848; x_wconf 86' lang='lat' dir='ltr'><strong>optimum</strong></span> <span class='ocrx_word' id='word_1_753' title='bbox 531 4788 756 4858; x_wconf 81' lang='lat' dir='ltr'><strong>(Cautio.</strong></span> <span class='ocrx_word' id='word_1_754' title='bbox 793 4804 890 4857; x_wconf 82' lang='lat' dir='ltr'><strong>vti,</strong></span> <span class='ocrx_word' id='word_1_755' title='bbox 920 4788 995 4860; x_wconf 92' lang='lat'><strong>9).</strong></span> <span class='ocrx_word' id='word_1_756' title='bbox 1014 4789 1194 4844; x_wconf 88' lang='lat' dir='ltr'><strong>Bonus</strong></span> <span class='ocrx_word' id='word_1_757' title='bbox 1214 4787 1457 4859; x_wconf 85' lang='lat' dir='ltr'><strong>ergoille</strong></span> <span class='ocrx_word' id='word_1_758' title='bbox 1485 4805 1584 4845; x_wconf 87' lang='lat' dir='ltr'><strong>nos</strong></span> <span class='ocrx_word' id='word_1_759' title='bbox 1616 4788 1718 4846; x_wconf 88' lang='lat' dir='ltr'><strong>Le-</strong></span> 
     </span>
    </p>
   </div>
   <div class='ocr_carea' id='block_1_84' title="bbox 163 4865 1722 4948">
    <p class='ocr_par' dir='ltr' id='par_1_84' title="bbox 163 4865 1722 4948">
     <span class='ocr_line' id='line_1_85' title="bbox 163 4865 1722 4948; baseline 0.003 -15"><span class='ocrx_word' id='word_1_760' title='bbox 163 4865 232 4933; x_wconf 63' lang='grc' dir='ltr'><strong>αἱς</strong></span> <span class='ocrx_word' id='word_1_761' title='bbox 254 4880 307 4926; x_wconf 87' lang='lat' dir='ltr'><strong>et</strong></span> <span class='ocrx_word' id='word_1_762' title='bbox 329 4882 508 4945; x_wconf 66' lang='lat' dir='ltr'><strong>gratia:</strong></span> <span class='ocrx_word' id='word_1_763' title='bbox 534 4883 701 4937; x_wconf 88' lang='lat' dir='ltr'><strong>nutrit</strong></span> <span class='ocrx_word' id='word_1_764' title='bbox 723 4881 995 4948; x_wconf 81' lang='lat' dir='ltr'><strong>uberibus,</strong></span> <span class='ocrx_word' id='word_1_765' title='bbox 1024 4882 1228 4937; x_wconf 80' lang='lat' dir='ltr'><strong>caelesti</strong></span> <span class='ocrx_word' id='word_1_766' title='bbox 1256 4896 1415 4936; x_wconf 88' lang='lat' dir='ltr'><strong>curas</strong></span> <span class='ocrx_word' id='word_1_767' title='bbox 1445 4880 1722 4937; x_wconf 88' lang='lat' dir='ltr'><strong>hominum</strong></span> 
     </span>
    </p>
   </div>
   <div class='ocr_carea' id='block_1_85' title="bbox 170 4962 1723 5044">
    <p class='ocr_par' dir='ltr' id='par_1_85' title="bbox 170 4962 1723 5044">
     <span class='ocr_line' id='line_1_86' title="bbox 170 4962 1723 5044; baseline 0.003 -20"><span class='ocrx_word' id='word_1_768' title='bbox 170 4962 509 5029; x_wconf 79' lang='lat' dir='ltr'><strong>Prtedicatione</strong></span> <span class='ocrx_word' id='word_1_769' title='bbox 554 4971 902 5040; x_wconf 87' lang='lat' dir='ltr'><strong>demulcens;</strong></span> <span class='ocrx_word' id='word_1_770' title='bbox 948 4983 1000 5029; x_wconf 90' lang='lat' dir='ltr'><strong>et</strong></span> <span class='ocrx_word' id='word_1_771' title='bbox 1046 4984 1149 5029; x_wconf 83' lang='lat' dir='ltr'><strong>nos</strong></span> <span class='ocrx_word' id='word_1_772' title='bbox 1193 4974 1390 5028; x_wconf 89' lang='lat' dir='ltr'><strong>bonum</strong></span> <span class='ocrx_word' id='word_1_773' title='bbox 1441 4988 1723 5044; x_wconf 83' lang='lat' dir='ltr'><strong>negamus,</strong></span> 
     </span>
    </p>
   </div>
   <div class='ocr_carea' id='block_1_86' title="bbox 166 5060 1726 5138">
    <p class='ocr_par' dir='ltr' id='par_1_86' title="bbox 166 5060 1726 5138">
     <span class='ocr_line' id='line_1_87' title="bbox 166 5060 1726 5138; baseline 0.008 -27"><span class='ocrx_word' id='word_1_774' title='bbox 166 5061 268 5138; x_wconf 54' lang='lat' dir='ltr'><strong>90m</strong></span> <span class='ocrx_word' id='word_1_775' title='bbox 302 5060 367 5114; x_wconf 86' lang='lat' dir='ltr'><strong>sit</strong></span> <span class='ocrx_word' id='word_1_776' title='bbox 412 5062 581 5138; x_wconf 81' lang='lat' dir='ltr'><strong>imago</strong></span> <span class='ocrx_word' id='word_1_777' title='bbox 627 5066 907 5129; x_wconf 78' lang='lat' dir='ltr'><strong>bonitatis,</strong></span> <span class='ocrx_word' id='word_1_778' title='bbox 960 5065 1269 5138; x_wconf 80' lang='lat' dir='ltr'><strong>exprimens</strong></span> <span class='ocrx_word' id='word_1_779' title='bbox 1312 5074 1528 5121; x_wconf 72' lang='lat' dir='ltr'><strong>:eternm</strong></span> <span class='ocrx_word' id='word_1_780' title='bbox 1581 5066 1631 5121; x_wconf 88' lang='lat' dir='ltr'><strong>in</strong></span> <span class='ocrx_word' id='word_1_781' title='bbox 1663 5082 1726 5124; x_wconf 87' lang='lat' dir='ltr'><strong>se</strong></span> 
     </span>
    </p>
   </div>
   <div class='ocr_carea' id='block_1_87' title="bbox 170 5135 1718 5229">
    <p class='ocr_par' dir='ltr' id='par_1_87' title="bbox 170 5135 1718 5229">
     <span class='ocr_line' id='line_1_88' title="bbox 170 5135 1718 5229; baseline 0.014 -36"><span class='ocrx_word' id='word_1_782' title='bbox 170 5135 390 5205; x_wconf 82' lang='lat' dir='ltr'><strong>bonitatis</strong></span> <span class='ocrx_word' id='word_1_783' title='bbox 409 5135 658 5228; x_wconf 76' lang='lat' dir='ltr'><strong>efﬁgiem,</strong></span> <span class='ocrx_word' id='word_1_784' title='bbox 675 5158 812 5213; x_wconf 86' lang='lat' dir='ltr'><strong>sicut</strong></span> <span class='ocrx_word' id='word_1_785' title='bbox 832 5170 883 5214; x_wconf 87' lang='lat' dir='ltr'><strong>et</strong></span> <span class='ocrx_word' id='word_1_786' title='bbox 909 5135 1069 5229; x_wconf 73' lang='lat' dir='ltr'><strong>supra</strong></span> <span class='ocrx_word' id='word_1_787' title='bbox 1090 5158 1425 5213; x_wconf 89' lang='lat' dir='ltr'><strong>ostendimus</strong></span> <span class='ocrx_word' id='word_1_788' title='bbox 1437 5157 1718 5229; x_wconf 88' lang='lat' dir='ltr'><strong>scriptum,</strong></span> 
     </span>
    </p>
   </div>
   <div class='ocr_carea' id='block_1_88' title="bbox 228 5277 1057 5380">
    <p class='ocr_par' dir='ltr' id='par_1_88' title="bbox 228 5277 1057 5380">
     <span class='ocr_line' id='line_1_89' title="bbox 228 5277 1057 5380; baseline 0.013 -46"><span class='ocrx_word' id='word_1_789' title='bbox 228 5282 253 5380; x_wconf 56' lang='grc' dir='ltr'>ἰ</span> <span class='ocrx_word' id='word_1_790' title='bbox 448 5289 761 5380; x_wconf 37' lang='grc' dir='ltr'><strong>Δράὶιλξοιει,</strong></span> <span class='ocrx_word' id='word_1_791' title='bbox 793 5291 917 5380; x_wconf 79' lang='lat' dir='ltr'><strong>quid</strong></span> <span class='ocrx_word' id='word_1_792' title='bbox 941 5292 1057 5346; x_wconf 81' lang='lat' dir='ltr'><strong>ais?</strong></span> 
     </span>
    </p>
   </div>
   <div class='ocr_carea' id='block_1_89' title="bbox 282 5347 1724 5422">
    <p class='ocr_par' dir='ltr' id='par_1_89' title="bbox 282 5347 1724 5422">
     <span class='ocr_line' id='line_1_90' title="bbox 282 5347 1724 5422; baseline 0.011 -19"><span class='ocrx_word' id='word_1_793' title='bbox 282 5347 385 5422; x_wconf 69' lang='lat' dir='ltr'><strong>Yet.</strong></span> <span class='ocrx_word' id='word_1_794' title='bbox 410 5358 561 5422; x_wconf 87' lang='lat' dir='ltr'><strong>edit.,</strong></span> <span class='ocrx_word' id='word_1_795' title='bbox 588 5359 699 5414; x_wconf 83' lang='lat' dir='ltr'><strong>Nec</strong></span> <span class='ocrx_word' id='word_1_796' title='bbox 723 5347 775 5414; x_wconf 77' lang='lat' dir='ltr'><strong>in</strong></span> <span class='ocrx_word' id='word_1_797' title='bbox 799 5347 985 5415; x_wconf 79' lang='lat' dir='ltr'><strong>bonum</strong></span> <span class='ocrx_word' id='word_1_798' title='bbox 1005 5363 1248 5417; x_wconf 82' lang='lat' dir='ltr'><strong>credam?</strong></span> <span class='ocrx_word' id='word_1_799' title='bbox 1277 5359 1477 5417; x_wconf 86' lang='lat' dir='ltr'><strong>Bonum</strong></span> <span class='ocrx_word' id='word_1_800' title='bbox 1501 5373 1572 5417; x_wconf 84' lang='lat' dir='ltr'><strong>est</strong></span> <span class='ocrx_word' id='word_1_801' title='bbox 1589 5365 1724 5419; x_wconf 85' lang='lat' dir='ltr'><strong>enim</strong></span> 
     </span>
    </p>
   </div>
   <div class='ocr_carea' id='block_1_90' title="bbox 170 5417 1718 5504">
    <p class='ocr_par' dir='ltr' id='par_1_90' title="bbox 170 5417 1718 5504">
     <span class='ocr_line' id='line_1_91' title="bbox 170 5417 1718 5504; baseline 0.01 -29"><span class='ocrx_word' id='word_1_802' title='bbox 170 5417 371 5504; x_wconf 43' lang='lat' dir='ltr'><strong>ﬁgit/ile)?</strong></span> <span class='ocrx_word' id='word_1_803' title='bbox 400 5417 630 5504; x_wconf 78' lang='lat' dir='ltr'><strong>Domino.</strong></span> <span class='ocrx_word' id='word_1_804' title='bbox 668 5430 800 5485; x_wconf 79' lang='lat' dir='ltr'><strong>Mihi</strong></span> <span class='ocrx_word' id='word_1_805' title='bbox 840 5434 1045 5498; x_wconf 67' lang='lat' dir='ltr'><strong>expedit</strong></span> <span class='ocrx_word' id='word_1_806' title='bbox 1065 5443 1122 5488; x_wconf 88' lang='lat' dir='ltr'><strong>ut</strong></span> <span class='ocrx_word' id='word_1_807' title='bbox 1142 5433 1422 5488; x_wconf 85' lang='lat' dir='ltr'><strong>Dominum</strong></span> <span class='ocrx_word' id='word_1_808' title='bbox 1445 5417 1718 5496; x_wconf 47' lang='lat' dir='ltr'><strong>conﬁtear;</strong></span> 
     </span>
    </p>
   </div>
   <div class='ocr_carea' id='block_1_91' title="bbox 172 5476 1723 5572">
    <p class='ocr_par' dir='ltr' id='par_1_91' title="bbox 172 5476 1723 5572">
     <span class='ocr_line' id='line_1_92' title="bbox 172 5476 1723 5572; baseline 0.015 -34"><span class='ocrx_word' id='word_1_809' title='bbox 172 5476 285 5572; x_wconf 51' lang='lat' dir='ltr'><strong>Eun</strong></span> <span class='ocrx_word' id='word_1_810' title='bbox 314 5493 389 5548; x_wconf 87' lang='lat' dir='ltr'><strong>his</strong></span> <span class='ocrx_word' id='word_1_811' title='bbox 410 5500 561 5572; x_wconf 87' lang='lat' dir='ltr'><strong>etiam</strong></span> <span class='ocrx_word' id='word_1_812' title='bbox 586 5502 786 5557; x_wconf 81' lang='lat' dir='ltr'><strong>faciunt</strong></span> <span class='ocrx_word' id='word_1_813' title='bbox 815 5476 947 5559; x_wconf 64' lang='lat' dir='ltr'><strong>mss.</strong></span> <span class='ocrx_word' id='word_1_814' title='bbox 981 5476 1241 5566; x_wconf 45' lang='lat' dir='ltr'><strong>nou-nulli,</strong></span> <span class='ocrx_word' id='word_1_815' title='bbox 1274 5476 1723 5572; x_wconf 44' lang='lat' dir='ltr'><strong>nisi&#39;qtvtod&#39;ouiit:</strong></span> 
     </span>
    </p>
   </div>
   <div class='ocr_carea' id='block_1_92' title="bbox 176 5556 1720 5640">
    <p class='ocr_par' dir='ltr' id='par_1_92' title="bbox 176 5556 1720 5640">
     <span class='ocr_line' id='line_1_93' title="bbox 176 5556 1720 5640; baseline 0.013 -28"><span class='ocrx_word' id='word_1_816' title='bbox 176 5556 293 5640; x_wconf 52' lang='grc' dir='ltr'>ξιιιιι.</span> <span class='ocrx_word' id='word_1_817' title='bbox 323 5579 408 5640; x_wconf 74' lang='lat' dir='ltr'><strong>nec</strong></span> <span class='ocrx_word' id='word_1_818' title='bbox 422 5571 471 5625; x_wconf 84' lang='lat' dir='ltr'><strong>in</strong></span> <span class='ocrx_word' id='word_1_819' title='bbox 501 5556 689 5627; x_wconf 87' lang='lat' dir='ltr'><strong>bonum</strong></span> <span class='ocrx_word' id='word_1_820' title='bbox 714 5556 944 5628; x_wconf 75' lang='lat' dir='ltr'><strong>credam.</strong></span> <span class='ocrx_word' id='word_1_821' title='bbox 971 5556 1720 5640; x_wconf 35' lang='lat' dir='ltr'><strong>Bonnedilisolal,</strong></span> 
     </span>
    </p>
   </div>
   <div class='ocr_carea' id='block_1_93' title="bbox 182 5628 1716 5715">
    <p class='ocr_par' dir='ltr' id='par_1_93' title="bbox 182 5628 1716 5715">
     <span class='ocr_line' id='line_1_94' title="bbox 182 5628 1716 5715; baseline 0.014 -34"><span class='ocrx_word' id='word_1_822' title='bbox 316 5646 364 5689; x_wconf 78' lang='lat' dir='ltr'><strong>ut</strong></span> <span class='ocrx_word' id='word_1_823' title='bbox 387 5637 647 5698; x_wconf 85' lang='lat' dir='ltr'><strong>Dominum</strong></span> <span class='ocrx_word' id='word_1_824' title='bbox 679 5647 1020 5713; x_wconf 53' lang='lat' dir='ltr'><strong>conﬂuat...</strong></span> <span class='ocrx_word' id='word_1_825' title='bbox 1054 5628 1185 5699; x_wconf 80' lang='lat' dir='ltr'><strong>Mihi</strong></span> <span class='ocrx_word' id='word_1_826' title='bbox 1206 5628 1407 5715; x_wconf 75' lang='lat' dir='ltr'><strong>expedit</strong></span> <span class='ocrx_word' id='word_1_827' title='bbox 1432 5628 1487 5700; x_wconf 66' lang='lat' dir='ltr'><strong>ut</strong></span> 
     </span>
    </p>
   </div>
   <div class='ocr_carea' id='block_1_94' title="bbox 185 5692 1720 5793">
    <p class='ocr_par' dir='ltr' id='par_1_94' title="bbox 185 5692 1720 5793">
     <span class='ocr_line' id='line_1_95' title="bbox 185 5692 1720 5793; baseline 0.012 -32"><span class='ocrx_word' id='word_1_828' title='bbox 185 5692 364 5777; x_wconf 69' lang='grc' dir='ltr'>υιηὶιιιθ</span> <span class='ocrx_word' id='word_1_829' title='bbox 393 5726 510 5776; x_wconf 82' lang='lat' dir='ltr'><strong>vero</strong></span> <span class='ocrx_word' id='word_1_830' title='bbox 546 5716 731 5793; x_wconf 68' lang='lat' dir='ltr'><strong>caeteri</strong></span> <span class='ocrx_word' id='word_1_831' title='bbox 768 5692 897 5773; x_wconf 69' lang='lat' dir='ltr'><strong>mss.</strong></span> <span class='ocrx_word' id='word_1_832' title='bbox 928 5725 986 5773; x_wconf 87' lang='lat' dir='ltr'><strong>ut</strong></span> <span class='ocrx_word' id='word_1_833' title='bbox 1006 5692 1116 5772; x_wconf 47' lang='lat' dir='ltr'><strong>&#39;nos</strong></span> <span class='ocrx_word' id='word_1_834' title='bbox 1145 5692 1407 5785; x_wconf 47' lang='lat' dir='ltr'><strong>in&#39;terxtu,</strong></span> <span class='ocrx_word' id='word_1_835' title='bbox 1436 5692 1720 5792; x_wconf 65' lang='grc' dir='ltr'><strong>ἷιίεῖἑξιῖὂὶί</strong></span> 
     </span>
    </p>
   </div>
   <div class='ocr_carea' id='block_1_95' title="bbox 1834 4601 3436 4674">
    <p class='ocr_par' dir='ltr' id='par_1_95' title="bbox 1834 4601 3436 4674">
     <span class='ocr_line' id='line_1_96' title="bbox 1834 4601 3436 4674; baseline -0.001 -17"><span class='ocrx_word' id='word_1_836' title='bbox 1834 4604 1923 4674; x_wconf 93' lang='lat' dir='ltr'><strong>qui</strong></span> <span class='ocrx_word' id='word_1_837' title='bbox 1957 4603 2088 4658; x_wconf 86' lang='lat' dir='ltr'><strong>dicit</strong></span> <span class='ocrx_word' id='word_1_838' title='bbox 2131 4620 2144 4656; x_wconf 92' lang='lat'><strong>:</strong></span> <span class='ocrx_word' id='word_1_839' title='bbox 2193 4603 2453 4658; x_wconf 86' lang='lat' dir='ltr'><strong>Dominus</strong></span> <span class='ocrx_word' id='word_1_840' title='bbox 2483 4611 2569 4657; x_wconf 71' lang='lat' dir='ltr'><strong>est</strong></span> <span class='ocrx_word' id='word_1_841' title='bbox 2609 4603 2956 4671; x_wconf 88' lang='lat' dir='ltr'><strong>omnipotens</strong></span> <span class='ocrx_word' id='word_1_842' title='bbox 3000 4618 3012 4654; x_wconf 92' lang='lat'><strong>:</strong></span> <span class='ocrx_word' id='word_1_843' title='bbox 3055 4611 3103 4656; x_wconf 87' lang='lat' dir='ltr'><strong>et</strong></span> <span class='ocrx_word' id='word_1_844' title='bbox 3146 4602 3234 4671; x_wconf 90' lang='lat' dir='ltr'><strong>qui</strong></span> <span class='ocrx_word' id='word_1_845' title='bbox 3268 4601 3436 4669; x_wconf 77' lang='lat' dir='ltr'><strong>misit,</strong></span> 
     </span>
    </p>
   </div>
   <div class='ocr_carea' id='block_1_96' title="bbox 1836 4694 3444 4767">
    <p class='ocr_par' dir='ltr' id='par_1_96' title="bbox 1836 4694 3444 4767">
     <span class='ocr_line' id='line_1_97' title="bbox 1836 4694 3444 4767; baseline 0.002 -17"><span class='ocrx_word' id='word_1_846' title='bbox 1836 4696 2095 4750; x_wconf 89' lang='lat' dir='ltr'><strong>Dominus</strong></span> <span class='ocrx_word' id='word_1_847' title='bbox 2141 4704 2225 4751; x_wconf 90' lang='lat' dir='ltr'><strong>est</strong></span> <span class='ocrx_word' id='word_1_848' title='bbox 2270 4699 2638 4765; x_wconf 85' lang='lat' dir='ltr'><strong>omnipotens.</strong></span> <span class='ocrx_word' id='word_1_849' title='bbox 2697 4695 2843 4767; x_wconf 83' lang='lat' dir='ltr'><strong>Ergo</strong></span> <span class='ocrx_word' id='word_1_850' title='bbox 2893 4704 2949 4751; x_wconf 92' lang='lat' dir='ltr'><strong>et</strong></span> <span class='ocrx_word' id='word_1_851' title='bbox 2996 4694 3168 4750; x_wconf 78' lang='lat' dir='ltr'><strong>l‘att-is</strong></span> <span class='ocrx_word' id='word_1_852' title='bbox 3209 4704 3261 4751; x_wconf 90' lang='lat' dir='ltr'><strong>et</strong></span> <span class='ocrx_word' id='word_1_853' title='bbox 3318 4695 3444 4753; x_wconf 86' lang='lat' dir='ltr'><strong>Filii</strong></span> 
     </span>
    </p>
   </div>
   <div class='ocr_carea' id='block_1_97' title="bbox 1835 4788 3438 4860">
    <p class='ocr_par' dir='ltr' id='par_1_97' title="bbox 1835 4788 3438 4860">
     <span class='ocr_line' id='line_1_98' title="bbox 1835 4788 3438 4860; baseline 0.002 -18"><span class='ocrx_word' id='word_1_854' title='bbox 1835 4791 2229 4860; x_wconf 83' lang='lat' dir='ltr'><strong>otnuipotentia</strong></span> <span class='ocrx_word' id='word_1_855' title='bbox 2263 4806 2275 4841; x_wconf 93' lang='lat'><strong>:</strong></span> <span class='ocrx_word' id='word_1_856' title='bbox 2331 4788 2424 4844; x_wconf 91' lang='lat' dir='ltr'><strong>sed</strong></span> <span class='ocrx_word' id='word_1_857' title='bbox 2458 4798 2637 4845; x_wconf 89' lang='lat' dir='ltr'><strong>tamen</strong></span> <span class='ocrx_word' id='word_1_858' title='bbox 2681 4789 2823 4845; x_wconf 92' lang='lat' dir='ltr'><strong>Deus</strong></span> <span class='ocrx_word' id='word_1_859' title='bbox 2864 4805 3006 4845; x_wconf 90' lang='lat' dir='ltr'><strong>unus</strong></span> <span class='ocrx_word' id='word_1_860' title='bbox 3051 4789 3438 4860; x_wconf 85' lang='lat' dir='ltr'><strong>omnipotens;</strong></span> 
     </span>
    </p>
   </div>
   <div class='ocr_carea' id='block_1_98' title="bbox 1834 4882 2618 4953">
    <p class='ocr_par' dir='ltr' id='par_1_98' title="bbox 1834 4882 2618 4953">
     <span class='ocr_line' id='line_1_99' title="bbox 1834 4882 2618 4953; baseline 0.001 -18"><span class='ocrx_word' id='word_1_861' title='bbox 1834 4884 1958 4953; x_wconf 83' lang='lat' dir='ltr'><strong>quia</strong></span> <span class='ocrx_word' id='word_1_862' title='bbox 1994 4883 2173 4936; x_wconf 75' lang='lat' dir='ltr'><strong>unitas</strong></span> <span class='ocrx_word' id='word_1_863' title='bbox 2197 4882 2480 4950; x_wconf 86' lang='lat' dir='ltr'><strong>potestatis</strong></span> <span class='ocrx_word' id='word_1_864' title='bbox 2511 4889 2618 4936; x_wconf 84' lang='lat' dir='ltr'><strong>est.</strong></span> 
     </span>
    </p>
   </div>
   <div class='ocr_carea' id='block_1_99' title="bbox 1904 4973 3434 5046">
    <p class='ocr_par' dir='ltr' id='par_1_99' title="bbox 1904 4973 3434 5046">
     <span class='ocr_line' id='line_1_100' title="bbox 1904 4973 3434 5046; baseline 0.002 -18"><span class='ocrx_word' id='word_1_865' title='bbox 1904 4973 1995 5028; x_wconf 79' lang='lat'><strong>&#39;57.</strong></span> <span class='ocrx_word' id='word_1_866' title='bbox 2025 4973 2201 5043; x_wconf 79' lang='lat' dir='ltr'><strong>Atque</strong></span> <span class='ocrx_word' id='word_1_867' title='bbox 2229 4981 2287 5027; x_wconf 90' lang='lat' dir='ltr'><strong>ut</strong></span> <span class='ocrx_word' id='word_1_868' title='bbox 2317 4973 2482 5039; x_wconf 85' lang='lat' dir='ltr'><strong>scias,</strong></span> <span class='ocrx_word' id='word_1_869' title='bbox 2521 4973 2818 5041; x_wconf 88' lang='lat' dir='ltr'><strong>Imperator</strong></span> <span class='ocrx_word' id='word_1_870' title='bbox 2864 4984 3110 5046; x_wconf 88' lang='lat' dir='ltr'><strong>auguste,</strong></span> <span class='ocrx_word' id='word_1_871' title='bbox 3151 4974 3434 5031; x_wconf 89' lang='lat' dir='ltr'><strong>Christum</strong></span> 
     </span>
    </p>
   </div>
   <div class='ocr_carea' id='block_1_100' title="bbox 1831 5066 3435 5139">
    <p class='ocr_par' dir='ltr' id='par_1_100' title="bbox 1831 5066 3435 5139">
     <span class='ocr_line' id='line_1_101' title="bbox 1831 5066 3435 5139; baseline 0.001 -16"><span class='ocrx_word' id='word_1_872' title='bbox 1831 5083 1972 5134; x_wconf 88' lang='lat' dir='ltr'><strong>esse,</strong></span> <span class='ocrx_word' id='word_1_873' title='bbox 2005 5069 2093 5138; x_wconf 86' lang='lat' dir='ltr'><strong>qui</strong></span> <span class='ocrx_word' id='word_1_874' title='bbox 2125 5067 2339 5122; x_wconf 90' lang='lat' dir='ltr'><strong>locutus</strong></span> <span class='ocrx_word' id='word_1_875' title='bbox 2369 5078 2449 5122; x_wconf 88' lang='lat' dir='ltr'><strong>est</strong></span> <span class='ocrx_word' id='word_1_876' title='bbox 2479 5078 2534 5123; x_wconf 89' lang='lat' dir='ltr'><strong>et</strong></span> <span class='ocrx_word' id='word_1_877' title='bbox 2564 5069 2615 5122; x_wconf 92' lang='lat' dir='ltr'><strong>in</strong></span> <span class='ocrx_word' id='word_1_878' title='bbox 2648 5068 2914 5139; x_wconf 85' lang='lat' dir='ltr'><strong>propheta</strong></span> <span class='ocrx_word' id='word_1_879' title='bbox 2945 5077 3000 5124; x_wconf 92' lang='lat' dir='ltr'><strong>et</strong></span> <span class='ocrx_word' id='word_1_880' title='bbox 3029 5070 3081 5123; x_wconf 91' lang='lat' dir='ltr'><strong>in</strong></span> <span class='ocrx_word' id='word_1_881' title='bbox 3112 5066 3435 5139; x_wconf 77' lang='lat' dir='ltr'><strong>Evangelia,</strong></span> 
     </span>
    </p>
   </div>
   <div class='ocr_carea' id='block_1_101' title="bbox 1832 5160 3434 5232">
    <p class='ocr_par' dir='ltr' id='par_1_101' title="bbox 1832 5160 3434 5232">
     <span class='ocr_line' id='line_1_102' title="bbox 1832 5160 3434 5232; baseline -0.001 -15"><span class='ocrx_word' id='word_1_882' title='bbox 1832 5170 2104 5231; x_wconf 87' lang='lat' dir='ltr'><strong>tamquam</strong></span> <span class='ocrx_word' id='word_1_883' title='bbox 2143 5161 2198 5215; x_wconf 88' lang='lat' dir='ltr'><strong>in</strong></span> <span class='ocrx_word' id='word_1_884' title='bbox 2238 5161 2722 5232; x_wconf 72' lang='lat' dir='ltr'><strong>prtedestinatione</strong></span> <span class='ocrx_word' id='word_1_885' title='bbox 2761 5160 3034 5232; x_wconf 87' lang='lat' dir='ltr'><strong>Evangelii</strong></span> <span class='ocrx_word' id='word_1_886' title='bbox 3082 5176 3178 5230; x_wconf 89' lang='lat' dir='ltr'><strong>per</strong></span> <span class='ocrx_word' id='word_1_887' title='bbox 3217 5160 3434 5216; x_wconf 84' lang='lat' dir='ltr'><strong>Esaiam</strong></span> 
     </span>
    </p>
   </div>
   <div class='ocr_carea' id='block_1_102' title="bbox 1833 5295 3185 5366">
    <p class='ocr_par' dir='ltr' id='par_1_102' title="bbox 1833 5295 3185 5366">
     <span class='ocr_line' id='line_1_103' title="bbox 1833 5295 3185 5366; baseline -0.001 -15"><span class='ocrx_word' id='word_1_888' title='bbox 1833 5311 1931 5366; x_wconf 90' lang='lat' dir='ltr'><strong>pro</strong></span> <span class='ocrx_word' id='word_1_889' title='bbox 1956 5296 2232 5361; x_wconf 77' lang='lat' dir='ltr'><strong>conﬁdere,</strong></span> <span class='ocrx_word' id='word_1_890' title='bbox 2268 5296 2322 5350; x_wconf 88' lang='lat' dir='ltr'><strong>in</strong></span> <span class='ocrx_word' id='word_1_891' title='bbox 2354 5295 2677 5366; x_wconf 87' lang='lat' dir='ltr'><strong>quibusdam</strong></span> <span class='ocrx_word' id='word_1_892' title='bbox 2708 5295 2901 5364; x_wconf 80' lang='lat' dir='ltr'><strong>legitur</strong></span> <span class='ocrx_word' id='word_1_893' title='bbox 2930 5295 3185 5363; x_wconf 78' lang='lat' dir='ltr'><strong>conﬁteri.</strong></span> 
     </span>
    </p>
   </div>
   <div class='ocr_carea' id='block_1_103' title="bbox 1902 5360 3432 5436">
    <p class='ocr_par' dir='ltr' id='par_1_103' title="bbox 1902 5360 3432 5436">
     <span class='ocr_line' id='line_1_104' title="bbox 1902 5360 3432 5436; baseline -0.001 -15"><span class='ocrx_word' id='word_1_894' title='bbox 1902 5379 1923 5407; x_wconf 72' lang='grc' dir='ltr'><em>ε</em></span> <span class='ocrx_word' id='word_1_895' title='bbox 1958 5366 2163 5421; x_wconf 77' lang='lat' dir='ltr'><strong>Omnes</strong></span> <span class='ocrx_word' id='word_1_896' title='bbox 2187 5368 2319 5423; x_wconf 84' lang='lat' dir='ltr'><strong>etlit.</strong></span> <span class='ocrx_word' id='word_1_897' title='bbox 2351 5360 2413 5422; x_wconf 69' lang='lat' dir='ltr'><strong>ac</strong></span> <span class='ocrx_word' id='word_1_898' title='bbox 2436 5383 2567 5423; x_wconf 78' lang='lat' dir='ltr'><strong>mss.</strong></span> <span class='ocrx_word' id='word_1_899' title='bbox 2601 5360 2868 5430; x_wconf 76' lang='lat' dir='ltr'><strong>nonnulli,</strong></span> <span class='ocrx_word' id='word_1_900' title='bbox 2902 5367 2948 5419; x_wconf 82' lang='lat' dir='ltr'><strong>si</strong></span> <span class='ocrx_word' id='word_1_901' title='bbox 2970 5360 3161 5436; x_wconf 44' lang='lat' dir='ltr'><strong>judge,</strong></span> <span class='ocrx_word' id='word_1_902' title='bbox 3197 5363 3291 5419; x_wconf 79' lang='lat' dir='ltr'><strong>Dei</strong></span> <span class='ocrx_word' id='word_1_903' title='bbox 3332 5360 3432 5421; x_wconf 81' lang='lat' dir='ltr'><strong>Fi-</strong></span> 
     </span>
    </p>
   </div>
   <div class='ocr_carea' id='block_1_104' title="bbox 1828 5435 3433 5510">
    <p class='ocr_par' dir='ltr' id='par_1_104' title="bbox 1828 5435 3433 5510">
     <span class='ocr_line' id='line_1_105' title="bbox 1828 5435 3433 5510; baseline 0 -17"><span class='ocrx_word' id='word_1_904' title='bbox 1828 5439 1928 5494; x_wconf 84' lang='lat' dir='ltr'><strong>lius</strong></span> <span class='ocrx_word' id='word_1_905' title='bbox 1970 5440 2169 5510; x_wconf 62' lang='lat' dir='ltr'><strong>utique;</strong></span> <span class='ocrx_word' id='word_1_906' title='bbox 2203 5439 2446 5510; x_wconf 84' lang='lat' dir='ltr'><strong>quoniam</strong></span> <span class='ocrx_word' id='word_1_907' title='bbox 2483 5438 2651 5510; x_wconf 79' lang='lat' dir='ltr'><strong>ju_dea:</strong></span> <span class='ocrx_word' id='word_1_908' title='bbox 2687 5435 2979 5510; x_wconf 54' lang='lat' dir='ltr'><strong>Dominus,</strong></span> <span class='ocrx_word' id='word_1_909' title='bbox 3003 5446 3050 5490; x_wconf 84' lang='lat' dir='ltr'><strong>et</strong></span> <span class='ocrx_word' id='word_1_910' title='bbox 3096 5435 3237 5491; x_wconf 84' lang='lat' dir='ltr'><strong>Deus</strong></span> <span class='ocrx_word' id='word_1_911' title='bbox 3265 5436 3433 5510; x_wconf 63' lang='lat' dir='ltr'><strong>bonus</strong></span> 
     </span>
    </p>
   </div>
   <div class='ocr_carea' id='block_1_105' title="bbox 1827 5505 3432 5569">
    <p class='ocr_par' dir='ltr' id='par_1_105' title="bbox 1827 5505 3432 5569">
     <span class='ocr_line' id='line_1_106' title="bbox 1827 5505 3432 5569; baseline 0.001 -6"><span class='ocrx_word' id='word_1_912' title='bbox 1827 5519 1923 5563; x_wconf 81' lang='lat' dir='ltr'><strong>est.</strong></span> <span class='ocrx_word' id='word_1_913' title='bbox 1976 5505 2149 5564; x_wconf 71' lang='lat' dir='ltr'><strong>Iudex</strong></span> <span class='ocrx_word' id='word_1_914' title='bbox 2189 5505 2358 5562; x_wconf 73' lang='lat' dir='ltr'><strong>autem</strong></span> <span class='ocrx_word' id='word_1_915' title='bbox 2401 5505 2496 5561; x_wconf 79' lang='lat' dir='ltr'><strong>Dei</strong></span> <span class='ocrx_word' id='word_1_916' title='bbox 2524 5506 2694 5562; x_wconf 77' lang='lat' dir='ltr'><strong>Filius</strong></span> <span class='ocrx_word' id='word_1_917' title='bbox 2728 5517 2822 5569; x_wconf 90' lang='lat' dir='ltr'><strong>est,</strong></span> <span class='ocrx_word' id='word_1_918' title='bbox 2853 5516 2899 5560; x_wconf 88' lang='lat' dir='ltr'><strong>et</strong></span> <span class='ocrx_word' id='word_1_919' title='bbox 2926 5505 3086 5569; x_wconf 86' lang='lat' dir='ltr'><strong>Deus,</strong></span> <span class='ocrx_word' id='word_1_920' title='bbox 3118 5518 3223 5560; x_wconf 81' lang='lat' dir='ltr'><strong>etc.</strong></span> <span class='ocrx_word' id='word_1_921' title='bbox 3266 5505 3432 5566; x_wconf 85' lang='lat' dir='ltr'><strong>Rom.</strong></span> 
     </span>
    </p>
   </div>
   <div class='ocr_carea' id='block_1_106' title="bbox 1829 5574 3431 5649">
    <p class='ocr_par' dir='ltr' id='par_1_106' title="bbox 1829 5574 3431 5649">
     <span class='ocr_line' id='line_1_107' title="bbox 1829 5574 3431 5649; baseline 0 -15"><span class='ocrx_word' id='word_1_922' title='bbox 1829 5583 2083 5648; x_wconf 85' lang='lat' dir='ltr'><strong>edit.,....</strong></span> <span class='ocrx_word' id='word_1_923' title='bbox 2122 5590 2170 5634; x_wconf 85' lang='lat' dir='ltr'><strong>et</strong></span> <span class='ocrx_word' id='word_1_924' title='bbox 2216 5580 2352 5632; x_wconf 85' lang='lat' dir='ltr'><strong>Deus</strong></span> <span class='ocrx_word' id='word_1_925' title='bbox 2381 5580 2566 5644; x_wconf 89' lang='lat' dir='ltr'><strong>bonus,</strong></span> <span class='ocrx_word' id='word_1_926' title='bbox 2604 5578 2773 5649; x_wconf 80' lang='lat' dir='ltr'><strong>judea:</strong></span> <span class='ocrx_word' id='word_1_927' title='bbox 2799 5588 2969 5649; x_wconf 83' lang='lat' dir='ltr'><strong>autem</strong></span> <span class='ocrx_word' id='word_1_928' title='bbox 3001 5574 3097 5632; x_wconf 90' lang='lat' dir='ltr'><strong>Dei</strong></span> <span class='ocrx_word' id='word_1_929' title='bbox 3129 5574 3303 5632; x_wconf 86' lang='lat' dir='ltr'><strong>Filius</strong></span> <span class='ocrx_word' id='word_1_930' title='bbox 3353 5589 3431 5637; x_wconf 84' lang='lat' dir='ltr'><strong>est</strong></span> 
     </span>
    </p>
   </div>
   <div class='ocr_carea' id='block_1_107' title="bbox 1831 5647 3272 5723">
    <p class='ocr_par' dir='ltr' id='par_1_107' title="bbox 1831 5647 3272 5723">
     <span class='ocr_line' id='line_1_108' title="bbox 1831 5647 3272 5723; baseline 0.003 -18"><span class='ocrx_word' id='word_1_931' title='bbox 1831 5651 1993 5720; x_wconf 84' lang='lat' dir='ltr'><strong>Deus,</strong></span> <span class='ocrx_word' id='word_1_932' title='bbox 2028 5663 2136 5707; x_wconf 91' lang='lat' dir='ltr'><strong>etc.</strong></span> <span class='ocrx_word' id='word_1_933' title='bbox 2176 5651 2388 5723; x_wconf 86' lang='lat' dir='ltr'><strong>lleliqui</strong></span> <span class='ocrx_word' id='word_1_934' title='bbox 2414 5664 2545 5704; x_wconf 88' lang='lat' dir='ltr'><strong>mss.</strong></span> <span class='ocrx_word' id='word_1_935' title='bbox 2576 5647 2791 5717; x_wconf 84' lang='lat' dir='ltr'><strong>melius,</strong></span> <span class='ocrx_word' id='word_1_936' title='bbox 2820 5657 2881 5704; x_wconf 89' lang='lat' dir='ltr'><strong>ut</strong></span> <span class='ocrx_word' id='word_1_937' title='bbox 2909 5647 2966 5705; x_wconf 88' lang='lat' dir='ltr'><strong>in</strong></span> <span class='ocrx_word' id='word_1_938' title='bbox 2991 5659 3272 5709; x_wconf 82' lang='lat' dir='ltr'><strong>contextu.</strong></span> 
     </span>
    </p>
   </div>
  </div>
