3948 6172
521 229 624 286 567

1889 220 2135 279 SANCTI
2174 218 2498 276 AMBROSII

3713 217 3810 275 568

524 343 656 399 dicit
687 363 701 399 :
731 344 854 415 Ipse
887 343 974 412 qui
1017 341 1283 410 loquebar,
1317 337 1500 391 adsum
1548 333 1721 405 (Esai.
1766 351 1858 401 ιιι,
1893 332 1972 405 6),
2014 333 2116 388 hoc
2142 337 2195 396 Α
2219 332 2288 390 de
2320 332 2672 404 possibilitate
2701 331 2870 404 478
2898 330 3164 401 ambigit?
3211 330 3356 402 Ergo
3399 331 3526 402 quia
3571 333 3810 402 omnipoo

528 445 609 492 est
637 453 650 488 :
689 434 894 490 Adsum
926 432 978 487 in
1010 429 1326 500 Evangelia,
1359 429 1449 500 qui
1482 428 1742 497 loquebar
1765 427 1817 481 in
1849 425 2009 498 Lege.

599 527 690 584 38.
731 525 934 580 Deinde
955 523 1113 578 alibi:
1144 523 1330 576 Omnia
1353 536 1465 591 quae
1494 519 1651 574 Pater
1680 519 1849 585 habet,
1875 535 1986 573 mea
2003 527 2122 572 sunt

524 621 703 692 (Joan.
733 617 988 689 xvrﬂb’).
1018 619 1148 687 Qua:
1175 626 1300 672 sunt
1324 616 1549 670 omnia?
1595 615 1709 670 Non
1745 615 1930 684 utique
1968 612 2122 667 locu-

525 723 608 768 tus
634 723 716 768 est
758 712 826 767 de
855 712 1086 777 creatis;
1130 711 1245 766 ιιωο
1274 710 1417 766 enim
1450 710 1632 764 omnia
1676 708 1812 762 facta
1855 715 1982 760 sunt
2027 721 2123 776 per

520 805 716 861 Filium
751 821 764 857 :
799 804 894 859 sed
925 819 988 859 ea
1029 819 1150 873 qua:
1178 803 1340 859 Pater
1374 802 1556 864 habet,
1605 801 1657 856 id
1697 809 1802 867 est,
1845 800 2121 855 teternita-

521 908 653 963 tem,
686 900 1048 966 maiestatem,
1081 897 1444 962 divinitatem,
1475 913 1594 968 qua:
1621 894 1895 950 nascendo
1928 909 2119 963 posse-

521 993 618 1049 dit.
663 993 802 1062 Ergo
838 1008 962 1048 eum
1009 993 1100 1063 qui
1156 992 1336 1046 ontnia
1380 990 1561 1054 habet,
1609 997 1728 1059 qua:
1760 989 1920 1043 Pater
1958 987 2122 1043 habet

525 1085 808 1156 (scriptum
841 1094 923 1138 cst
951 1087 1095 1139 enim
1133 1103 1146 1137 :
1201 1083 1388 1138 Omnia
1436 1099 1549 1154 qua:
1589 1081 1751 1137 Pater
1789 1080 1960 1147 habet,
2005 1097 2118 1134 mea

523 1176 690 1245 sunt),
725 1176 1153 1246 omnipotentem
1183 1189 1304 1230 esse
1329 1174 1578 1230 dubitare
1601 1189 1708 1228 non
1740 1188 2043 1244 possumus.

1148 1288 1374 1346 CAPUT
1420 1288 1482 1344 V.

528 1407 770 1483 Objectos
817 1408 1062 1462 adversus
1121 1405 1315 1462 Christi
1361 1407 1783 1477 omnipotentiam
1833 1406 2122 1477 Scriptura:

599 1513 770 1560 textus
821 1507 1070 1571 exponit;
1112 1518 1173 1554 ac
1222 1502 1443 1556 maxime
1488 1502 1540 1555 in
1585 1518 1643 1555 eo
1698 1501 2020 1566 immoratur,
2067 1512 2122 1555 ut

600 1596 836 1650 eumdem
866 1611 970 1648 non
1000 1610 1124 1647 raro
1156 1610 1219 1649 ex
1245 1595 1483 1647 humana:
1524 1606 1725 1650 natura:
1758 1593 1945 1661 σῇσι-ια
1983 1595 2122 1648 locu.

599 1701 708 1743 tum
741 1689 937 1760 probet.

600 1823 686 1878 39.
738 1822 849 1878 Nec
892 1837 1085 1878 vereor
1133 1838 1200 1878 ne
1248 1823 1374 1893 quia
1424 1825 1684 1892 scriptum
1735 1824 1914 1880 estde
1965 1825 2119 1879 Deo:

533 1915 720 1970 Beatus
743 1925 792 1970 et
817 1914 962 1969 solus
985 1925 1165 1983 potens
1195 1915 1234 1986 (Ι
1255 1913 1390 1969 Tim.
1415 1931 1487 1979 vt,
1513 1913 1626 1985 l5),
1656 1916 1724 1970 ab
1749 1931 1814 1972 eo
1843 1916 1932 1970 Dei
1957 1915 2126 1972 Filius

531 2017 910 2080 scpztrarelur;
951 2023 1073 2062 cum
1115 2006 1392 2076 Scriptura
1428 2008 1592 2062 Deum
1633 2009 1805 2063 solum
1845 2017 2124 2078 potentem

533 2101 751 2166 dixerit,
787 2115 892 2155 non
927 2099 1141 2155 Patrem
1169 2100 1342 2154 solum
1375 2117 1390 2155 :
1425 2109 1479 2155 et
1503 2100 1615 2169 ipse
1645 2101 1712 2156 de
1737 2101 1956 2157 Christo
1987 2102 2127 2157 Deus

536 2193 698 2248 Pater
728 2203 936 2248 asserat
976 2207 1070 2262 per
1103 2193 1426 2262 Prophetam
1454 2212 1466 2244 :
1501 2193 1664 2248 Posui
1696 2194 2011 2268 adjutorium
2044 2212 2131 2250 su-

534 2305 625 2360 per
674 2298 924 2357 potentem
966 2288 1140 2361 (Psal.
1184 2306 1441 2358 [λαμ-ιιι,
1470 2289 1585 2361 9.0).
1632 2290 1750 2347 Non
1799 2305 1929 2361 ergo
1971 2290 2132 2347 Pater

534 2382 682 2437 solus
712 2393 923 2452 potens,
954 2382 1048 2437 sed
1073 2392 1263 2452 potens
1291 2384 1456 2439 etiam
1489 2385 1628 2439 Deus
1661 2383 1862 2448 Filius;
1896 2385 1948 2439 in
1973 2384 2133 2440 Patre

538 2477 682 2531 enim
712 2476 960 2530 laudatur
987 2486 1041 2531 et
1070 2475 1258 2533 Filius.

611 2571 701 2625 -l0.
737 2571 893 2626 Certe
921 2573 1170 2627 ostendat
1199 2573 1397 2642 aliquis
1425 2572 1552 2643 qttid
1586 2572 1677 2638 sit,
1707 2574 1848 2643 quod
1880 2587 1985 2627 non
2011 2588 2137 2643 pos-

541 2665 610 2718 sit
635 2662 726 2717 Dei
755 2661 928 2716 Filius
957 2679 972 2719 :
1015 2663 1135 2732 quis
1165 2663 1213 2717 ei
1257 2663 1474 2732 adjutor
1516 2678 1637 2717 cum
1665 2663 1860 2717 cadum
1909 2665 2134 2730 faceret,

544 2753 646 2808 l'uit
681 2771 692 2806 :
747 2754 870 2821 quis
901 2754 1117 2822 adjutor
1147 2769 1268 2808 cum
1297 2756 1559 2809 conderet
1587 2755 1894 2808 mundum?
1938 2757 2018 2808 An
2047 2756 2141 2826 qui

547 2847 598 2899 in
631 2845 1019 2900 constitutione
1042 2847 1370 2916 Angelorum
1407 2855 1462 2900 et
1506 2847 1946 2902 Dominationum
1988 2847 2139 2917 adjuo

550 2947 667 2991 tore
701 2952 805 2990 non
833 2936 1005 3004 eguit,
1038 2941 1186 3006 eguit
1213 2947 1268 2991 ut
1297 2938 1569 2992 hominem
1595 2938 1890 2994 liberaret?

618 3027 710 3081 4|.
743 3027 1016 3097 Scriptum
1044 3038 1147 3092 est,
1180 3029 1426 3099 inquiunt
1459 3049 1470 3083 :
1509 3028 1667 3083 Pater
1697 3048 1858 3096 meus,
1889 3033 1934 3086 si
1974 3035 2142 3102 possi-

2159 1734 2203 1791 B
2235 1728 2363 1783 Deo.

2224 437 2422 482 tentem
2474 424 2716 497 probavi,
2768 425 2990 495 probavi
3041 424 3226 495 utique
3276 423 3558 495 ambigere
3597 440 3719 481 eum
3747 425 3808 480 de

2224 519 2578 590 possibilitate
2607 533 2714 572 non
2744 532 2926 588 posse.

2295 614 2383 669 42.
2419 612 2616 678 Verba,
2642 613 2843 683 inquis,
2871 610 3072 668 Chrisri
3103 619 3246 666 sunt.
3283 610 3480 667 Verum
3514 610 3684 668 dicis:
3725 614 3808 670 sed

2223 706 2463 779 quando,
2495 717 2549 761 et
2578 707 2630 760 in
2659 721 2764 776 qua
2789 706 2958 760 forma
2990 704 3266 774 loquatur,
3296 704 3542 760 adverte.
3568 713 3594 742 ⁸
3635 705 3808 762 Homi-

2225 802 2309 856 nis
2331 799 2688 854 substantiam
2718 800 2911 870 gessit,
2948 798 3180 853 hominis
3207 799 3505 868 assumpsit
3548 799 3805 854 allectum.

2227 892 2467 962 Denique
2507 907 2666 961 supra
2700 891 2870 946 habes
2905 891 3027 961 quia
3069 905 3392 960 progressus
3421 891 3670 961 pusillum
3698 907 3808 962 pro-

2225 983 2358 1039 cidit
2384 983 2436 1038 in
2466 983 2656 1038 faciem
2681 997 2856 1048 suam,
2885 997 3050 1036 orans
3070 991 3128 1038 et
3149 985 3336 1056 dicens
3367 1001 3380 1036 :
3417 981 3599 1050 Pater,
3629 985 3672 1037 si
3696 1000 3804 1055 pos-

2223 1079 2372 1132 sibile
2397 1086 2488 1131 est.
2533 1077 2649 1132 Non
2678 1090 2808 1147 ergo
2833 1077 2986 1145 quasi
3020 1075 3182 1139 Deus,
3218 1074 3314 1130 sed
3356 1077 3511 1146 quasi
3552 1075 3708 1130 homo
3737 1077 3809 1131 lo-

2226 1170 2438 1240 quitur;
2485 1171 2625 1226 Deus
2654 1171 2797 1226 enim
2840 1169 3101 1238 possibile
3139 1169 3341 1240 aliquid
3371 1177 3466 1224 aut
3497 1170 3809 1242 impossibile

2227 1262 2660 1320 nesciebat‘lAut
2679 1262 2882 1334 aliquid
2904 1263 3239 1332 impossibile
3253 1263 3386 1325 Deo.
3415 1278 3542 1319 cum
3567 1265 3809 1334 scriptum

2225 1359 2295 1411 sit
2327 1375 2338 1409 :
2372 1354 2698 1428 Impossibile
2724 1357 2858 1410 enim
2887 1356 2978 1409 tibi
3014 1356 3147 1410 nihil
3174 1367 3246 1410 est
3275 1355 3399 1427 (Job
3433 1373 3566 1422 χχιι,
3592 1356 3714 1429 l7)?

2298 1448 2389 1503 45.
2416 1447 2444 1485 ι’
2481 1449 2553 1503 De
2581 1462 2688 1518 quo
2713 1458 2894 1502 autem
2919 1447 3175 1503 dubitat?
3202 1447 3271 1503 de
3299 1462 3382 1514 se,
3414 1465 3480 1502 an
3522 1448 3590 1504 de
3621 1449 3812 1504 Patre?

2226 1543 2302 1599 De
2329 1559 2396 1600 eo
2426 1543 2611 1614 utique
2640 1543 2728 1614 qui
2755 1543 2886 1597 dicit
2915 1561 2928 1595 :
2954 1541 3203 1614 Transfer
3232 1553 3322 1597 :et
3351 1542 3565 1598 dubitat
3595 1542 3814 1598 hominis

2228 1635 2442 1692 allectu.
2472 1635 2614 1706 Ergo
2643 1635 2903 1706 propheta
2937 1650 3042 1690 non
3074 1643 3226 1704 putat
3265 1633 3468 1704 aliquid
3496 1634 3818 1705 impossibile

2449 1727 2717 1798 Propheta
2775 1741 2881 1782 non
2951 1726 3183 1790 dubitat,
3225 1734 3280 1781 et
3338 1725 3537 1780 Filium
3583 1725 3818 1780 dubitare

2229 1830 2284 1875 tu
2336 1820 2559 1876 credis?
2591 1820 2728 1875 Num
2782 1820 2921 1874 infra
2963 1817 3211 1873 homines
3273 1818 3563 1873 constituis
3621 1817 3820 1873 Deum?

2231 1915 2294 1969 Et
2315 1914 2524 1969 dubitat
2555 1915 2623 1968 de
2656 1915 2811 1970 Patre
2835 1913 3000 1979 Deus,
3024 1922 3078 1967 et
3103 1913 3369 1968 demorte
3412 1909 3702 1966 formidat?
3731 1910 3820 1966 Τί·-

2229 2017 2339 2061 utet
2388 2022 2518 2077 ergo
2563 2005 2841 2070 Christus;
2900 2017 2954 2060 et
3009 2021 3133 2060 cum
3192 2005 3383 2060 Petrus
3429 2020 3536 2058 non
3592 2005 3805 2066 timeat,

2229 2100 2476 2156 Chrisms
2509 2100 2695 2156 timet?
2741 2100 2936 2156 Petrus
2968 2100 3098 2154 dicit
3133 2116 3146 2152 :
3179 2098 3418 2152 Animam
3458 2114 3624 2152 meam
3651 2113 3737 2168 pro
3774 2109 3823 2150 te

2231 2212 2423 2266 ponam
2463 2194 2641 2269 (Joan.
2686 2209 2799 2262 xm,
2834 2193 2927 2265 37)
2957 2211 2970 2261 ;
3001 2193 3251 2248 Christus
3286 2191 3419 2248 dicit
3455 2209 3467 2244 :
3504 2193 3683 2246 Anima
3713 2207 3823 2244 mea

2235 2293 2462 2346 turbatur
2495 2292 2676 2361 (Joan.
2707 2307 2802 2355 stt,
2834 2290 2953 2353 27).

2307 2384 2397 2439 M.
2433 2383 2734 2454 Utrumque
2777 2398 2964 2438 verum
3014 2391 3116 2448 est,
3168 2391 3223 2437 et
3279 2383 3502 2452 plenum
3549 2390 3823 2449 utrumque

2239 2479 2493 2544 rationis;
2524 2477 2669 2548 quod
2698 2483 2755 2532 et
2785 2476 2874 2531 ille
2901 2475 2992 2546 qui
3020 2485 3104 2530 est
3137 2473 3384 2540 inferior,
3416 2490 3524 2528 non
3556 2473 3699 2528 timet
3726 2490 3739 2526 ι
3774 2483 3827 2528 et

2239 2572 2332 2627 ille
2359 2572 2449 2642 qui
2487 2569 2740 2640 superior
2777 2578 2883 2633 est,
2927 2570 3070 2640 gerit
3105 2568 3351 2623 timentis
3395 2568 3647 2622 allectum
3678 2585 3692 2622 :
3738 2566 3827 2622 ille

2240 2665 2387 2720 enim
2405 2664 2556 2734 quasi
2581 2665 2741 2718 homo
2762 2662 2870 2716 vim
2897 2661 3088 2717 mortis
3119 2663 3357 2732 ignorat,
3389 2661 3491 2716 iste
3521 2661 3672 2732 quasi
3690 2660 3825 2716 Deus

2243 2755 2296 2810 in
2339 2769 2570 2824 corpore
2609 2754 2938 2809 constitutus
2969 2752 3311 2821 fragilitatem
3352 2751 3533 2807 carnis
3574 2752 3826 2822 exponit;

2245 2856 2302 2902 ut
2331 2862 2519 2902 eorum
2552 2846 2645 2916 qui
2693 2855 3089 2902 sacramentum
3136 2843 3526 2900 [incarnationis
3563 2845 3823 2914 abiurant,

2245 2939 2632 2995 excluderetur
2661 2938 2929 3009 impietas.
2959 2938 3200 3007 Denique
3225 2946 3280 2992 et
3308 2937 3422 2992 haec
3440 2937 3661 3005 dixit,et
3685 2946 3705 2974 ο
3724 2936 3826 2991 Ma-

2247 3032 2486 3088 nichteus
2518 3047 2624 3088 non
2664 3031 2921 3097 credidit,
2975 3029 3290 3084 Valentinus
3330 3029 3564 3099 negavit,
3603 3027 3826 3083 Marcion

549 3121 651 3174 bile
679 3131 774 3184 est,
803 3124 1025 3192 trtmsfer
1049 3139 1079 3173 a
1103 3139 1181 3174 me
1205 3123 1412 3176 calicem
1442 3123 1580 3178 hunc
1605 3122 1822 3194 (Matth.
1853 3141 2001 3190 xxvi,
2035 3127 2137 3190 '59;
2167 3119 2212 3183 C
2248 3131 2562 3199 phantasma
2589 3125 2862 3195 judicavit.

551 3213 677 3270 Luc.
710 3231 839 3281 χχιι,
868 3216 983 3287 42).
1031 3217 1098 3270 Et
1133 3217 1255 3271 ideo
1283 3217 1326 3270 si
1367 3219 1712 3288 omnipotens
1743 3229 1846 3283 cst,
1869 3219 2139 3290 quomodo

626 3340 653 3370 ⁸
690 3332 819 3388 Mss.
850 3333 1076 3402 aliquot,
1103 3335 1439 3405 fragilitatem
1479 3338 1668 3405 gessit;
1701 3351 1858 3396 unus.
1908 3347 2144 3392 naturam

553 3405 680 3488 gerit
713 3421 732 3459 :
779 3406 970 3488 reliqui
1023 3416 1076 3460 et
1125 3406 1282 3472 edit.,
1323 3407 1662 3461 substantiam
1696 3409 1881 3482 gessit;
1925 3410 2142 3480 quidam

551 3486 738 3538 etiam,
771 3486 916 3545 gerit.

626 3545 654 3585 ι’
685 3547 934 3622 Magister
970 3546 1124 3622 sent.
1164 3547 1260 3603 lib.
1293 3563 1371 3622 ιιι,
1405 3549 1532 3603 dist.
1565 3551 1654 3611 l7,
1692 3549 1719 3622 §
1755 3550 2026 3615 Craterum,
2072 3553 2143 3606 ita

557 3620 699 3673 hunc
739 3620 913 3673 locum
944 3617 1132 3680 refert,
1181 3629 1237 3673 ut
1281 3621 1438 3673 simul
1486 3638 1552 3675 eo
1582 3617 1950 3677 difﬁcultatem
2003 3624 2142 3678 haud

557 3691 882 3745 mediocrem
926 3691 1186 3745 contineri
1241 3693 1556 3757 prollteatur
1591 3711 1602 3746 :
1648 3693 1800 3760 Quod
1840 3703 2028 3755 tamen,
2063 3695 2143 3748 in-

553 3763 689 3835 quit.
735 3765 800 3835 ’ea
841 3764 1039 3815 ratione
1082 3763 1275 3815 dictum
1323 3765 1490 3827 accipi
1519 3776 1701 3830 potest,
1748 3781 1848 3818 non
1888 3767 2006 3832 quia
2037 3767 2144 3835 ipse

554 3833 741 3902 (etiam
769 3833 818 3888 in
840 3843 1094 3899 quantum
1127 3835 1308 3904 Immo)
1338 3835 1662 3897 dubitauerit,
1691 3837 1779 3889 sed
1795 3837 1913 3897 quia
1935 3833 2141 3890 modum

553 3907 705 3972 gessit
742 3905 1043 3967 dubitantis,
1071 3915 1117 3958 et
1145 3905 1432 3959 hominibus
1471 3908 1706 3960 dubitare
1727 3907 2012 3962 vid-'batttr.
2041 3913 2109 3962 At
2130 3940 2141 3948 -

556 3974 647 4042 qni
681 3991 786 4028 non
815 3978 1076 4029 satisfecit
1114 3976 1260 4029 Estin
1303 3978 1399 4031 ista
1431 3980 1658 4041 solutio;
1686 3993 1747 4032 ea
1791 3977 2054 4046 siquidem
2087 3982 2138 4034 in

559 4047 806 4098 eumdem
840 4048 1014 4099 locum
1047 4049 1211 4100 relata
1246 4049 1456 4102 subdit:
1481 4046 1694 4102 Rectius
1719 4062 1886 4102 autem
1914 4051 2142 4105 dicemus

559 4114 923 4192 dubitationem
973 4118 1242 4192 Ambroiio
1287 4136 1395 4172 esse
1425 4137 1524 4172 non
1561 4121 1821 4192 judicium
1864 4139 2049 4190 anceps
2078 4123 2142 4175 de

557 4187 764 4241 ueritate
798 4189 891 4250 rei,
924 4189 1013 4240 sed
1039 4187 1441 4253 indi/ferentium
1469 4187 1745 4256 quamdam
1783 4193 1948 4255 partis
1975 4187 2139 4246 sensi-

554 4258 670 4311 tit'a’
697 4262 766 4311 atl
790 4258 1102 4322 sequendum
1132 4257 1369 4324 a/Tectttm
1393 4271 1607 4326 natnrte,
1624 4263 1700 4315 vel
1719 4264 1965 4316 rationem
1995 4265 2143 4316 dubi-

558 4339 768 4386 tantem.
815 4342 922 4384 etc.
980 4330 1083 4383 Sed
1125 4345 1300 4401 neque
1344 4345 1437 4383 sua
1487 4345 1546 4385 se
1592 4334 1944 4398 responsione
1987 4334 2142 4401 plane

555 4411 874 4453 contentum
904 4415 1008 4453 non
1041 4399 1361 4463 dis~imn|at,
1393 4415 1516 4455 cum
1541 4410 1658 4458 eius
1691 4403 1954 4457 bent-licio
1989 4399 2138 4458 lutu-

557 4485 676 4523 runt
707 4470 858 4534 dicit,
893 4471 1124 4546 ut_locus
1145 4469 1229 4523 hic
1253 4474 1428 4546 possit
1459 4475 1984 4546 utcumqueintelligi.
2037 4475 2138 4530 Ve.-

2318 3221 2410 3276 45.
2463 3219 2714 3288 ansque
2782 3225 2960 3271 autem
3006 3213 3030 3252 ιι
3080 3217 3353 3270 hominem
3409 3229 3568 3286 quem
3614 3211 3829 3268 veritate

2252 3353 2372 3392 rare
2402 3339 2657 3406 potuerit,
2703 3350 2923 3406 prorsus
2958 3349 3064 3389 non
3097 3343 3300 3406 tangat.
3331 3333 3437 3390 Sed
3464 3333 3634 3388 fusius
3654 3331 3723 3389 de
3753 3330 3827 3386 his

2250 3408 2342 3463 lib.
2376 3405 2433 3462 Ill
2460 3409 2567 3478 agit
2591 3405 2929 3462 Ambrosius.

2325 3492 2346 3516 “-
2378 3473 2532 3545 Quod
2551 3479 2744 3533 asserit
2759 3478 3074 3532 Ambrosius
3099 3478 3166 3533 de
3184 3476 3499 3538 Manichmo,
3524 3475 3654 3530 illud
3673 3473 3826 3530 etiam

2250 3551 2480 3605 traditur
2505 3565 2534 3604 a
2575 3550 2754 3604 multis
2795 3549 2911 3603 aliis
2944 3549 3212 3614 Patribus,
3267 3549 3517 3603 nimirum
3555 3547 3706 3601 illum
3745 3547 3859 3599 ve—‘

2249 3625 2462 3677 ritatem
2495 3621 2881 3676 incarnationis
2907 3621 3224 3680 inliciatum.
3269 3620 3485 3675 Christo
3532 3616 3821 3683 phantasti-

2247 3710 2366 3749 cam
2399 3709 2642 3758 carnem,
2671 3708 2791 3764 quae
2812 3691 3060 3764 humanis
3081 3693 3337 3764 illnderet
3360 3687 3828 3764 sensibuspattri-

2249 3765 2448 3820 huisst'.
2494 3765 2606 3820 lloc
2638 3759 2794 3818 docet
2836 3763 3158 3817 Athanasius
3207 3763 3296 3817 lib.
3336 3763 3405 3817 de
3443 3761 3672 3817 Salutari
3724 3759 3825 3814 Ad-

2247 3849 2409 3891 ventu
2436 3837 2588 3897 Cbr.,
2625 3852 2674 3899 p.
2701 3835 2828 3896 565,
2860 3835 3192 3903 Epiphanius
3223 3837 3361 3888 lla'r.
3387 3833 3478 3898 66,
3503 3833 3827 3898 Augustinus

2249 3906 2391 3962 liter.
2431 3908 2502 3962 46
2531 3915 2584 3961 et
2618 3905 2996 3960 'l‘heodoretus
3032 3905 3272 3974 pluribus
3310 3905 3463 3960 locis.
3496 3903 3720 3958 Certum
3749 3910 3828 3955 est

2247 3993 2461 4046 quoque
2511 3977 2850 4032 Valentinum
2889 3973 3104 4032 Christo
3135 3992 3331 4046 corpus
3369 3974 3638 4044 quoddam
3669 3973 3822 4044 Spiri-

2248 4051 2392 4103 tuale
2433 4049 2574 4120 quod
2610 4065 2640 4102 e
2682 4049 2820 4104 caelo
2862 4063 2956 4120 per
2991 4047 3263 4120 Virginem
3309 4059 3582 4120 tamquam
3624 4062 3719 4114 per
3746 4057 3826 4095 ca-

2248 4121 2422 4175 nalem
2448 4118 2839 4182 descendiSset,
2872 4119 3145 4174 al'timisse
3179 4137 3190 4171 :
3226 4118 3508 4173 Marcionis
3545 4131 3674 4172 vero
3713 4129 3822 4172 eam

2248 4190 2412 4246 fuisse
2461 4193 2814 4262 impietatem.
2864 4201 2919 4262 ut
2964 4191 3215 4244 eumdem
3266 4189 3595 4262 l)ominum_
3615 4185 3849 4251 nonnisi

2245 4259 2731 4326 SpectrumueSt-io
2757 4261 2896 4330 quod
2926 4276 3046 4316 esse
3088 4261 3505 4328 blasphemaret.
3554 4259 3822 4315 Testatqu

2247 4332 2295 4386 id
2331 4334 2532 4388 faciunt
2556 4335 2622 4388 de
2650 4332 2933 4387 Valentino
2955 4333 3168 4400 quidem
3184 4332 3412 4388 Tertull.
3431 4331 3499 4386 de
3519 4330 3821 4395 Praescript.

2244 4421 2365 4470 cap.
2406 4404 2520 4466 49.,
2556 4403 2889 4474 Epiphanius
2919 4420 2980 4457 ex
3012 4402 3217 4458 lrenmo
3251 4404 3391 4458 llmr.
3421 4403 3534 4468 5L,
3562 4403 3818 4474 Augusta

2245 4475 2513 4532 'l‘hcodor.
2552 4473 2615 4530 et
2630 4473 2723 4528 alii
2749 4492 2761 4528 :
2791 4474 2858 4529 de
2885 4474 3155 4530 Marcione
3183 4486 3364 4530 autem
3389 4473 3620 4529 Tertull.
3641 4473 3823 4526 adver-

559 4551 860 4626 rlumtameu
891 4540 1150 4626 irrigantur
1176 4542 1296 4626 quis
1325 4551 1503 4624 tantus
1530 4539 1701 4626 tmdus
1735 4545 1784 4626 i_n
1805 4562 1882 4626 eo
1909 4539 2141 4626 esseti-
2171 4566 2217 4626 ι)
2244 4547 2608 4626 sus-eumdem
2631 4545 2822 4626 «ξιιμ-8,
2846 4545 3222 4626 Tltetithiretus
3245 4547 3341 4626 lib.
3364 4563 3380 4599 ι
3406 4545 3606 4626 llzeret.
3637 4539 3816 4621 Fabul.

555 4611 767 4674 deatur,
792 4615 933 4680 qttml
960 4610 1230 4667 Christum
1259 4613 1490 4667 hominis
1512 4614 1705 4669 all'ecut
1727 4615 1974 4672 dubitare
1997 4618 2135 4673 dicat

555 4682 894 4739 Ambrosius.
930 4685 1139 4739 Etenim
1171 4700 1201 4737 e
1237 4693 1344 4738 tota
1373 4689 1640 4739 sermonis
1677 4702 1742 4742 ac
1771 4687 2137 4743 Γειῐιυείιιιιιὶη-

551 4752 639 4828 nis
666 4757 807 4828 serie
830 4754 1281 4828 haudidillit-ulter
1311 4757 1626 4828 intelligitur
1647 4757 1919 4813 Chri~tnm
1964 4761 2136 4814 homi-

553 4825 652 4897 nis
678 4823 870 4897 affectu
897 4827 1144 4879 dubitare
1178 4827 1307 4879 nihil
1339 4823 1647 4885 aliudvesse
1680 4831 1894 4884 Ductori
1927 4844 2132 4897 nnStro,

551 4894 655 4949 nisi
693 4895 970 4951 Christum
1017 4911 1125 4964 pra:
1157 4912 1214 4952 se
1261 4901 1444 4954 tulisse
1494 4901 1634 4955 idem
1677 4901 2028 4958 dubitationis
2064 4894 2136 4957 si;

549 4979 736 5035 gnum,
765 4971 907 5033 quod
953 4969 1004 5021 iu
1051 4966 1214 5021 simili
1265 4977 1404 5024 statu
1451 4974 1708 5027 exhibere
1753 4975 1844 5027 alii
1893 4972 2134 5028 homines

547 5050 902 5115 consuevere.
933 5039 987 5093 ιιι
1029 5041 1656 5115 quoquennnt-bscure
1700 5045 2032 5115 significatur
2081 5046 2131 5099 in

547 5105 752 5175 EXpns.
781 5111 914 5176 PSJI.
949 5124 1132 5169 χχχιχ,
1155 5105 1210 5162 it.
1242 5111 1329 5175 16,
1357 5113 1442 5166 ubi
1463 5115 1709 5169 eumdem
1735 5105 1911 5170 liicum
1944 5117 2131 5170 eadem

549 5192 776 5246 prorsus
806 5181 1016 5235 ratiOne
1043 5182 1363 5244 enucleans;
1411 5189 1693 5238 secundum
1733 5185 1956 5239 hominis
1992 5186 2134 5239 locn-

546 5257 632 5301 ttts
661 5259 735 5302 est
760 5249 1027 5316 affectum,
1060 5268 1207 5318 quem
1237 5253 1406 5306 innuit
1433 5265 1638 5308 cantum
1663 5273 1768 5310 esse
1803 5256 2002 5320 debere,
2040 5274 2131 5312 nec

547 5334 857 5394 praesumere
881 5324 1018 5393 quod
1053 5322 1206 5391 facile
1240 5324 1449 5394 implere
1492 5342 1593 5379 non
1635 5327 1813 5392 possit.
1861 5331 1924 5380 Et
1968 5327 2128 5393 infra,

545 5387 813 5465 hominum
838 5387 1042 5465 sensum
1053 5387 1324 5462 exprimit,
1343 5395 1429 5464 qui
1449 5387 1700 5465 putant-se
1719 5413 1750 5450 a
1777 5397 1992 5450 Domino
2013 5387 2124 5465 suo,

543 5463 752 5532 quando
772 5474 887 5515 sunt
915 5464 968 5516 in
1002 5465 1263 5532 periculis,
1307 5463 1589 5521 derelictos.
1623 5466 1757 5522 Hinc
1780 5477 1960 5520 autem
1989 5463 2133 5532 patet

543 5531 786 5599 Magistri
808 5531 1134 5590 solutionem
1168 5536 1433 5604 repudiari
1457 5537 1524 5592 ab
1548 5537 1699 5592 Estiu
1722 5553 1826 5591 non
1847 5537 2127 5594 debuisse:

541 5605 778 5678 utasime
809 5619 940 5656 Vero
966 5619 1090 5658 cum
1123 5623 1301 5678 neque
1328 5606 1503 5660 t'ilatis
1545 5610 1696 5673 lucis,
1732 5625 1903 5678 neque
1933 5610 1984 5663 itt
2024 5609 2129 5665 Lu-

539 5680 661 5745 cam
691 5673 781 5724 lib.
813 5688 895 5738 IV,-
919 5690 1067 5738 num.
1095 5675 1186 5742 η,
1216 5673 1311 5732 ubi
1343 5677 1429 5733 hic
1456 5673 2122 5745 idem-testus'delibatur,

537 5738 759 5794 modum
789 5757 900 5808 quo
929 5738 1195 5814 Christus,
1228 5758 1286 5802 ut
1328 5747 1511 5806 homo.
1553 5752 1798 5809 dubitare
1847 5738 1933 5810 vel
1974 5738 2125 5822 igua;

2243 4631 2292 4670 c.
2330 4619 2388 4674 ll
2425 4630 2479 4673 et
2507 4619 2600 4672 lib.
2631 4612 2712 4672 dc'
2755 4617 2966 4671 lucarn.
3006 4617 3229 4672 Christi.
3295 4620 3362 4672 At
3391 4617 3458 4673 de
3487 4629 3720 4685 utraque
3748 4612 3817 4665 si-

2243 4691 2352 4743 mul
2398 4690 2646 4744 laudatus
2673 4689 2783 4756 jam
2827 4703 2931 4743 non
2978 4688 3150 4743 semel
3180 4689 3406 4745 Tertull.
3439 4690 3529 4744 lib.
3573 4688 3644 4743 de
3687 4686 3820 4756 Prte-

2241 4761 2432 4831 script.
2469 4777 2587 4828 eap.
2619 4754 2706 4823 '50,
2751 4759 2837 4831 ubi
2883 4758 3168 4814 amborum
3209 4772 3440 4829 tempus,
3473 4772 3678 4815 sectam
3711 4754 3820 4826 phi-

2242 4830 2598 4897 losophicam,
2630 4830 2946 4900 religionem
2971 4838 3134 4900 atque
3157 4846 3378 4887 errores
3406 4838 3692 4886 memorat.

2313 4899 2338 4939 ἀ
2371 4903 2634 4960 Macarius
2679 4899 2841 4970 atque
2887 4899 3194 4969 Stephanus
3249 4911 3306 4956 ut
3355 4901 3814 4970 Monnthelitarum

2242 4973 2493 5035 haeresim
2525 4969 2897 5035 defenderent,
2931 4971 3074 5026 hunc
3120 4972 3294 5029 locum
3341 4973 3394 5028 iu
3425 4982 3576 5028 sexta
3617 4969 3816 5042 synodo

2239 5047 2498 5114 generali,
2529 5062 2646 5115 qua:
2681 5045 2834 5098 tertia
2866 5044 3146 5099 Constant.
3169 5055 3272 5110 est,
3297 5055 3403 5099 act.
3427 5043 3482 5109 4,
3501 5044 3812 5115 citaverunt,

2239 5109 2331 5170 sed
2377 5109 2490 5186 pro»
2524 5109 2904 5171 haereticorum
2946 5115 3160 5184 ingenio
3205 5117 3532 5180 mutilatum,
3567 5109 3813 5186 quemad-

2239 5187 2457 5241 modum
2488 5203 2517 5240 a
2546 5186 2836 5242 Catholicis
2865 5187 3291 5242 demonstratum
3322 5198 3425 5242 est.
3474 5186 3655 5242 Lectae
3687 5195 3812 5253 quo-

2237 5273 2344 5327 que
2372 5258 2584 5314 fuerant
2621 5259 2673 5312 in
2699 5266 2802 5310 act.
2831 5258 2886 5320 4,
2918 5256 3111 5311 littera:
3157 5257 3450 5326 Agathonis
3479 5259 3633 5311 llom.
3667 5258 3807 5327 Pont-

2235 5325 2268 5398 si
2304 5344 2410 5398 quo
2437 5330 2652 5384 caeteris
2693 5329 2912 5382 Patrum
2963 5328 3014 5382 itt
3067 5327 3181 5382 hate
3211 5325 3558 5396 'Evatigelica
3609 5325 3764 5398 verba
3796 5337 3806 5370 :

2241 5394 2416 5466 Pater,
2457 5401 2501 5453 si
2545 5400 2788 5466 possibile
2831 5410 2926 5465 est,
2957 5394 3438 5462 curn-testimoniis
3478 5394 3810 5466 praemittitur

2235 5465 2592 5525 Atuhr’osiana
2631 5471 2921 5525 sententia.
2963 5486 3085 5539 qua:
3125 5486 3248 5538 cap.
3288 5485 3404 5536 seq.
3444 5465 3595 5525 nium.
3638 5469 3712 5539 sic
3744 5465 3809 5517 leo

2269 5541 2416 5596 itur:
2469 5542 2705 5610 Suscepit
2749 5556 2866 5611 ergo
2912 5537 3219 5596 voluntatem
3272 5557 3455 5605 meam,
3505 5552 3614 5594 etc.
3653 5537 3806 5604 Quem

2229 5556 2410 5666 focum
2463 5612 2513 5664 in
2566 5623 2673 5666 act.
2737 5610 2805 5666 10
2859 5615 3053 5666 iterum
3108 5615 3304 5666 nlaeuit
3367 5612 3603 5666 recitari.
3670 5603 3806 5663 Unde

2254 5603 2410 5666 ocum
2463 5612 2513 5664 in
2566 5603 2673 5666 aci.
2737 5603 2836 5676 10⁷,
2859 5615 3053 5667 iterum
3108 5615 3304 5681 placuit
3367 5603 3603 5666 recitari.
3670 5603 3806 5663 Unde

2229 5685 2413 5754 quanti
2447 5683 2686 5739 lacerent
2711 5683 2997 5739 Ductorem
3028 5694 3294 5752 nostrum,
3319 5697 3650 5752 cognoscere
3677 5684 3769 5733 es!-
