3952 6178
178 248 270 306 559

1502 257 1589 315 DE
1630 259 1790 320 FIDE
1828 263 1958 320 LIB.
2006 265 2069 321 ll.

3339 280 3444 337 570

169 361 395 466 corporis
423 359 852 428 demonstrabat,
881 365 1132 435 requabat
1158 366 1374 436 ati'eetu,
1399 379 1459 424 ut
1487 369 1731 428 diceret:
1764 379 1817 438 Α
1841 382 1994 449 ﬁcat;
2023 392 2071 438 et
2093 381 2265 440 Filius
2289 402 2418 455 quos
2444 389 2552 442 vult
2576 429 2591 455 ,
2622 390 2866 459 viviﬁcot,
2896 392 3039 449 sicut
3067 374 3330 466 scriptum
3358 407 3442 457 est

168 452 266 507 Sed
287 460 451 506 tamen
477 468 574 506 non
600 455 732 508 sicut
758 471 852 526 ego
877 457 1014 522 volo,
1042 458 1133 512 sed
1164 459 1293 513 sicut
1328 469 1382 514 tu
1415 463 1491 516 vis
1523 463 1735 534 (Matth.

166 558 295 610 xxvi,
343 541 468 616 59);
513 559 632 598 cum
674 547 862 616 utique
914 547 1166 605 similiter
1210 553 1287 606 sit
1325 550 1527 610 Christi
1577 557 1734 626 velle,

163 636 288 706 quod
337 636 498 692 Pater
527 636 640 693 vult
680 657 694 692 :
739 642 896 710 cujus
927 641 1180 699 similiter
1229 656 1313 701 est
1362 646 1563 717 facere,
1595 651 1738 722 quod

163 727 306 784 Pater
326 727 472 783 facit.

224 820 308 876 46.
339 823 456 890 Quo
480 821 598 878 loco
624 824 787 881 etiam
817 826 908 882 illa
931 837 1108 884 vestra
1136 832 1364 902 quaestio
1392 837 1732 908 conticescit,

156 928 298 985 quam
327 915 515 971 soletis
544 917 804 988 objicere,
837 921 962 990 quia
989 922 1122 978 dixit
1148 925 1414 983 Dominus
1441 946 1454 982 :
1486 928 1607 985 Non
1633 933 1734 986 sic-

156 1019 204 1061 ut
230 1025 316 1080 ego
357 1009 493 1073 volo,
534 1013 624 1066 sed
650 1013 782 1086 sicut
835 1025 890 1070 tu
933 1017 1042 1084 vis;
1076 1026 1131 1073 et
1159 1019 1290 1075 alibi
1327 1040 1339 1076 :
1372 1023 1454 1076 Ad
1498 1025 1596 1080 hoc
1641 1029 1734 1082 de-

153 1103 307 1157 scendi
346 1103 408 1158 de
437 1105 586 1174 caelo,
613 1123 715 1188 non
744 1118 800 1162 ut
825 1110 1015 1180 faciam
1049 1112 1359 1169 voluntatem
1408 1133 1604 1188 meum,
1641 1123 1732 1177 sed

152 1194 439 1250 voluntatem
468 1200 582 1270 ejus
621 1201 710 1270 qui
749 1218 828 1257 me
854 1204 991 1258 misit
1018 1203 1284 1276 (Joan.vt,
1316 1208 1430 1280 58).

651 1333 816 1408 479
846 1337 1072 1395 CAPUT
1107 1341 1190 1395 vt.

152 1444 412 1503 Occasione
435 1451 768 1520 superiorum
802 1454 1096 1523 Scriptura:
1126 1457 1353 1515 locorum
1369 1465 1625 1535 tantisper
1647 1468 1727 1522 di-

135 1609 140 1614 δ
206 1543 454 1612 gradiens,
490 1545 777 1600 libertatem
804 1546 1018 1605 Domini
1045 1554 1271 1623 primum
1298 1573 1364 1611 ex
1390 1575 1449 1612 eo
1473 1565 1610 1631 quod
1633 1579 1722 1617 ea-

206 1634 310 1686 dem
355 1636 612 1704 prceditus
650 1639 932 1709 aﬂirmetur
978 1643 1213 1713 Spiritus
1255 1660 1485 1716 sanctus,
1535 1654 1725 1711 deinde

203 1822 292 1876 niis
312 1824 653 1882 demonstrat.

201 1960 280 2017 47.
307 1962 446 2034 Ergo
471 1975 530 2020 ιιι
571 1967 727 2036 quasi
758 1967 1096 2038 interpositis
1121 1974 1388 2042 plenioris
1416 1981 1716 2048 expositio-

144 2052 214 2106 nis
241 2056 506 2126 pauliSper
538 2058 810 2128 induciis,
842 2077 940 2117 cur
969 2063 1170 2120 dixerit
1197 2086 1208 2120 :
1243 2067 1304 2122 Si
1343 2072 1587 2141 possibile
1613 2086 1710 2142 est,

145 2147 411 2206 voluntatis
439 2151 664 2208 interim
690 2154 874 2211 ltberze
888 2157 1178 2215 Dominum
1206 2163 1372 2220 fuisse
1393 2165 1710 2224 doceamus.

147 2236 191 2290 la
219 2248 408 2296 tantum
446 2247 797 2314 processistis
841 2250 1136 2320 impietatis
1161 2296 1175 2318 ,
1220 2263 1281 2310 ut
1327 2261 1540 2328 negetis
1569 2262 1712 2330 quod

148 2327 290 2388 Filius
317 2335 408 2392 Dei
439 2339 638 2395 libera:
679 2343 974 2400 voluntatis
1012 2357 1035 2384 τι
1067 2350 1174 2403 sit!
1225 2352 1295 2405 At
1322 2327 1472 2409 certe
1520 2327 1712 2412 soletis

148 2425 286 2480 etiam
311 2443 495 2488 sancto
515 2432 749 2504 Spiritui
775 2437 1063 2510 derogare,
1089 2453 1142 2496 et
1169 2459 1369 2514 negare
1399 2463 1503 2502 non
1536 2463 1712 2518 potes-

149 2520 205 2574 tis
227 2525 467 2592 scriptum
493 2543 655 2584 esse:
701 2531 929 2602 Spiritus
953 2535 1038 2588 ubi
1065 2537 1195 2602 vult,
1227 2539 1391 2610 spirat
1413 2539 1592 2611 (Joan.
1628 2560 1708 2610 tu,

149 2613 221 2684 8).
250 2616 340 2672 Ubi
366 2624 489 2688 vult,
526 2624 728 2694 inquit,
763 2642 868 2680 non
905 2629 1252 2699 uhijubetur.
1295 2631 1439 2704 Ergo
1465 2635 1511 2689 si
1545 2636 1712 2706 Spiri-

153 2716 222 2762 tns
247 2711 328 2764 ubi
351 2714 460 2768 vult
483 2757 498 2783 ,
535 2714 748 2786 spirat,
785 2718 954 2774 Filius
981 2721 1124 2790 quod
1170 2724 1300 2788 vult,
1332 2742 1438 2780 non
1470 2729 1618 2797 agit?
1644 2728 1714 2784 Et

150 2810 272 2857 certe
314 2803 448 2860 idem
481 2808 587 2864 Dei
634 2809 803 2865 Filius
836 2811 888 2865 itt
934 2813 1233 2884 Evangelia
1277 2834 1375 2872 suo
1404 2819 1573 2887 dicit,
1621 2823 1709 2877 ubi

153 2893 260 2948 velit
285 2898 516 2967 Spirandi
553 2914 850 2972 suppetere
895 2905 1116 2975 Spiritui
1165 2908 1496 2966 facultatem.
1545 2913 1710 2969 Nutu-

147 2983 253 3050 qttid
283 3002 406 3060 ergo
433 2993 779 3063 superiorem
817 2997 1048 3063 fatetur;
1094 3001 1219 3072 quia
1261 3002 1334 3057 illi
1383 3003 1528 3073 licet,
1563 3008 1708 3076 quod

149 3081 233 3138 sibi
261 3103 356 3143 non
390 3091 550 3148 licet?

203 3176 282 3233 48.
319 3182 619 3252 Apostolus
657 3203 873 3260 quoque
910 3191 1040 3247 dicit
1068 3194 1195 3264 quia
1251 3199 1425 3251 omnia
1464 3211 1707 3268 aperatur

149 3285 260 3362 unus
282 3284 422 3345 atque
448 3278 590 3333 idem
621 3279 872 3351 Spiritus,
905 3285 1142 3340 dividens
1169 3289 1389 3360 singulis
1417 3303 1572 3362 prout
1603 3295 1707 3349 vult

147 3359 303 3430 (lCor.
331 3384 423 3434 xu,
459 3370 580 3441 ii).
625 3371 791 3427 Prout
817 3378 946 3440 vult,
982 3379 1197 3448 inquit,
1240 3359 1342 3437 hoc
1371 3359 1478 3444 est.
1510 3401 1607 3455 pro
1636 3387 1704 3441 li-

147 3455 266 3514 bera:
294 3463 582 3520 voluntatis
613 3466 863 3533 arbitrio,
900 3486 1004 3525 non
1036 3486 1134 3541 pro
1163 3475 1505 3532 necessitatis
1535 3478 1702 3534 obse-

145 3552 266 3620 quio.
284 3557 341 3612 Et
357 3560 545 3617 dividit
568 3563 808 3633 Spiritus
827 3583 934 3622 non
956 3569 1246 3626 mediocria
1269 3588 1282 3638 ;
1305 3573 1400 3627 sed
1419 3591 1538 3644 quae
1563 3577 1704 3632 Deus

144 3653 386 3707 consuevit
414 3657 630 3726 Operari
651 3699 664 3721 ,
692 3660 918 3727 gratiam
947 3664 1313 3728 curationum,
1346 3677 1400 3721 et
1429 3670 1702 3738 operatio-

146 3752 246 3830 nem
272 3744 543 3803 virtutum.
578 3749 726 3821 Ergo
755 3752 944 3807 dividit
976 3756 1209 3824 Spiritus
1239 3770 1400 3829 prout
1427 3763 1575 3830 vult,
1611 3763 1702 3818 Fi-

145 3828 229 3888 lius
262 3834 347 3893 Dei
377 3856 478 3896 neu
527 3843 759 3912 liberat,
813 3862 973 3916 quem
1020 3849 1174 3903 vult?
1207 3828 1314 3906 Sed
1356 3855 1483 3908 audi
1535 3828 1699 3910 etiam

146 3928 288 3996 ipsuut
315 3952 467 4006 agere
491 3940 642 4012 quod
670 3941 956 3997 vult.Dixit
985 3946 1131 4000 enim
1155 3964 1166 3999 :
1193 3945 1260 4001 Ut
1291 3950 1482 4019 faciam
1512 3950 1698 4004 volun-

145 4031 268 4079 tatem
300 4039 452 4098 tuam,
501 4033 647 4089 Deus
676 4052 838 4102 meus,
873 4039 1013 4092 volui
1053 4039 1226 4112 (Psal.
1273 4058 1472 4107 XXXIX,
1505 4043 1587 4113 9).
1633 4043 1699 4098 Et

144 4114 281 4173 alibi:
313 4120 614 4182 Volnntarie
639 4130 939 4197 sacriﬁcabo
970 4133 1058 4186 tibi
1088 4132 1260 4205 (Psal.
1292 4152 1405 4203 LIII,
1436 4138 1513 4209 8).

199 4211 269 4264 49.
300 4214 460 4272 Solvit
491 4230 713 4276 sanctus
753 4226 1033 4292 apostolus
1058 4226 1252 4282 Petrus
1282 4229 1464 4284 Jesutn
1504 4232 1555 4285 itt
1600 4249 1695 4302 po-

145 4308 308 4360 testate
345 4307 541 4368 hahere
603 4328 724 4383 qua:
753 4316 944 4380 vellet;
979 4328 1033 4372 et
1062 4320 1183 4374 ideo
1205 4336 1326 4375 cum
1351 4324 1559 4380 videret
1581 4343 1696 4379 am-

145 4392 300 4456 hulare
323 4419 440 4460 eum
469 4424 630 4479 supra
663 4424 832 4476 mare,
865 4412 973 4467 ait:
1021 4413 1259 4479 Domine,
1296 4419 1341 4472 si
1380 4429 1433 4472 tu.
1463 4437 1535 4486 es,
1566 4422 1695 4491 jube

1845 470 2027 542 (Joan.
2063 490 2114 540 v,
2147 475 2264 547 2t).
2299 477 2393 534 Die
2425 495 2567 536 nunc
2593 497 2731 552 quos
2761 482 3121 542 viviﬁcaverit
3153 486 3344 556 Filius,
3378 501 3435 548 et

1843 566 2006 623 Pater
2025 569 2299 626 viviﬁcare
2315 572 2571 628 noluerit.
2597 573 2731 630 Cum
2753 585 2933 633 autem
2954 577 3128 635 Filius
3151 596 3285 651 quos
3312 583 3441 640 velit

1841 661 2099 728 vivilicet,
2134 673 2190 719 et
2215 669 2465 736 operatio
2491 684 2593 724 una
2625 671 2734 736 sit;
2776 673 2926 729 vides
2955 677 3082 744 quia
3114 691 3220 730 non
3261 680 3435 735 solum

1840 753 2008 809 Filius
2042 757 2373 814 voluntatem
2403 760 2597 828 Patris,
2629 762 2724 819 sed
2750 765 2915 820 etiam
2947 766 3106 842 Pater
3129 768 3248 823 Filii
3273 767 3438 826 faciat

1837 850 2172 905 voluntatem
2199 851 2223 904 ‘l
2249 852 2387 920 Quid
2417 862 2502 908 est
2531 865 2712 911 autem
2742 858 3038 926 vivilicare,
3065 843 3166 915 nisi
3192 876 3289 933 per
3311 862 3432 920 Filii

1835 944 2185 1010 passionem?
2209 943 2394 1000 Passio
2420 957 2600 1002 autem
2623 947 2828 1004 Christi
2850 952 3102 1006 voluntas
3124 962 3208 1007 est
3230 953 3426 1010 Patris.

1833 1033 1980 1100 Quos
2007 1051 2140 1106 ergo
2161 1036 2335 1092 Ftlius
2361 1039 2622 1106 viviticat,
2653 1056 2751 1112 per
2774 1042 2951 1099 Patris
2978 1044 3213 1100 viviﬁcat
3239 1046 3429 1103 volun-

1834 1137 2019 1184 tatem.
2053 1129 2168 1185 Uua
2199 1130 2363 1201 igitur
2397 1143 2481 1188 est
2512 1135 2782 1189 voluntas.

1904 1222 1992 1277 5|.
2023 1223 2154 1291 Quae
2195 1236 2374 1280 autem
2413 1227 2672 1284 voluntas
2714 1229 2922 1297 Patris,
2975 1231 3075 1287 nisi
3115 1244 3170 1288 ut
3219 1235 3428 1290 veniret

1827 1314 1988 1370 Jesus
2015 1319 2065 1370 in
2100 1318 2242 1372 hunc
2274 1319 2563 1383 mundum,
2602 1330 2655 1376 et
2695 1337 2795 1377 nos
2837 1324 3125 1380 mundaret
3165 1342 3193 1379 a
3241 1325 3420 1381 vitiis?

1825 1407 1991 1481 5,30
2017 1411 2149 1464 Audi
2175 1411 2449 1480 leprosum
2476 1415 2744 1469 dicentem
2767 1433 2780 1469 :
2803 1415 2864 1471 Si
2889 1418 2984 1482 vis,
3010 1429 3153 1487 potes
3171 1435 3249 1473 me
3273 1435 3423 1474 mun-

1826 1505 1949 1557 dare
1977 1503 2191 1573 (Matth.
2226 1520 2340 1572 vut,
2368 1505 2446 1576 9.).
2491 1507 3087 1578 RcsponditCttristus,
3126 1512 3288 1578 Volo;
3312 1512 3339 1551 ι)
3365 1523 3420 1570 ει

1824 1598 2003 1651 statim
2033 1609 2250 1653 secutus
2277 1609 2359 1655 est
2397 1600 2622 1656 effectus
2664 1603 2938 1658 sanitatis.
2971 1604 3139 1660 Vides
3174 1609 3300 1677 quia
3330 1607 3419 1662 Fi-

1825 1687 1928 1742 lius
1955 1705 2067 1743 sua:
2094 1691 2300 1746 arbiter
2339 1693 2633 1748 voluntatis
2663 1705 2783 1760 est,
2825 1704 2881 1749 et
2925 1694 3129 1752 Christi
3169 1698 3417 1754 voluntas

1820 1893 1935 1947 quia
1964 1877 2122 1933 Pater
2150 1880 2320 1946 habet,
2351 1898 2464 1936 mea
2495 1895 2613 1937 sunt
2643 1881 2823 1955 (Joan.
2859 1900 2971 1950 va,
3005 1885 3092 1956 l5)
3119 1903 3132 1940 :
3175 1885 3293 1942 sine
3319 1887 3418 1941 du-

1819 1971 1908 2027 bio
1934 1974 2056 2042 quia
2083 1974 2213 2027 nihil
2246 1976 2531 2046 excipitur,
2565 1993 2726 2046 quam
2753 1977 2917 2033 Pater
2953 1977 3139 2045 habet,
3167 1979 3412 2036 eamdem

1821 2065 1984 2120 habet
2011 2078 2063 2121 et
2092 2066 2264 2121 Filius
2292 2068 2652 2124 voluntatem.

2426 2183 2656 2241 CAPUT
2694 2187 2801 2242 VII.

1821 2278 1975 2333 Redit
2003 2280 2071 2334 ad
2100 2284 2374 2351 proposita:
2401 2284 2719 2354 difficultatis
2745 2286 3068 2352 solutionem,
3103 2297 3150 2340 et
3173 2288 3409 2340 volunta-

1890 2385 1986 2426 tem
2025 2373 2339 2445 affectusque
2382 2376 2636 2430 humanos
2675 2395 2705 2429 a
2748 2374 2950 2431 Christo
2996 2394 3112 2432 vere
3144 2389 3411 2448 susceptos

1891 2483 2018 2531 esse,
2051 2484 2111 2521 ac
2140 2469 2356 2537 proinde
2380 2470 2630 2539 quidquid
2656 2471 2708 2524 in
2739 2473 2851 2540 ipso
2882 2487 2982 2524 non
3014 2473 3250 2542 congruit
3277 2471 3412 2524 divi-

1889 2560 2058 2626 nitati,
2089 2577 2151 2614 ea:
2178 2561 2368 2615 eisdem
2390 2563 2519 2615 oriri
2549 2564 2715 2628 docet,
2749 2571 2900 2632 atque
2925 2563 2992 2616 ad
3015 2563 3069 2617 id
3092 2562 3228 2634 quod
3257 2563 3412 2619 simul

1890 2651 2027 2707 Deus
2053 2664 2100 2708 et
2127 2654 2279 2708 homo
2302 2666 2428 2722 erat,
2458 2656 2660 2726 referri.

1887 2747 1976 2803 52.
2013 2747 2132 2803 Una
2164 2763 2296 2819 ergo
2318 2751 2591 2814 Vttltlttt'ts,
2625 2751 2712 2806 uhi
2747 2767 2848 2804 una
2880 2751 3129 2820 operatio
3162 2767 3175 2814 ;
3204 2750 3256 2804 itt
3295 2750 3408 2806 Deo

1815 2843 1960 2895 enim
1987 2843 2281 2897 voluntatis
2318 2847 2488 2899 series
2527 2845 2864 2913 Operatimtis
2891 2844 3118 2901 eﬂ'ectus
3149 2855 3250 2900 est.
3300 2845 3408 2900 Sed

1813 2937 1917 2991 alia
1948 2937 2196 2992 voluntas
2225 2936 2489 3004 hominis,
2515 2939 2622 2993 alia
2657 2939 2772 2994 Dei.
2811 2941 3051 3009 Denique
3079 2948 3138 2993 ut
3162 2940 3301 2994 scias
3330 2939 3412 2994 vi-

1816 3039 1922 3084 tam
1955 3031 2008 3085 itt
2041 3031 2320 3087 voluntate
2346 3047 2471 3088 esse
2516 3031 2779 3097 hominis;
2815 3034 2940 3110 quia
2981 3043 3210 3087 mortem
3252 3030 3409 3086 time-

1733 3149 1778 3211 C
1815 3137 1966 3177 mus:
2001 3123 2309 3192 passionem
2350 3134 2531 3178 autem
2559 3121 2761 3177 Christi
2795 3125 2847 3178 itt
2881 3124 3154 3179 voluntate
3181 3123 3361 3177 divina
3389 3140 3403 3185 ;

1813 3225 1867 3270 ut
1903 3226 2177 3285 pateretur
2201 3232 2297 3287 pro
2322 3218 2508 3272 nobis:
2539 3232 2661 3271 cum
2687 3217 2877 3272 Petrus
2901 3233 3023 3272 eum
3045 3217 3207 3271 vellet
3228 3231 3258 3271 a
3287 3231 3403 3286 pas-

1809 3308 1966 3362 sione
1993 3325 2271 3374 rcvocare,
2293 3309 2554 3364 Dominus
2573 3309 2677 3362 ait:
2701 3309 2824 3363 Non
2855 3311 2994 3379 sapis
3011 3325 3124 3382 quat
3144 3307 3242 3364 Dei
3265 3319 3402 3376 sunt,

1808 3400 1900 3455 sed
1919 3418 2034 3469 ante
2060 3411 2178 3456 sunt
2207 3403 2475 3456 hominum
2505 3401 2720 3474 (Matth.
2758 3419 2867 3466 xvt,
2901 3401 3018 3474 93).

1879 3495 1970 3550 55.
2002 3497 2255 3567 Suscepit
2278 3513 2405 3567 ergo
2431 3499 2765 3553 voluntatem
2798 3513 2997 3563 meam,
3017 3497 3257 3567 suscepit
3279 3498 3404 3554 tris-

1809 3587 1979 3641 titiam
2033 3603 2230 3642 meam.
2271 3586 2624 3643 Conlidcntcr
2656 3588 2928 3642 tristitiam
2974 3590 3230 3654 nomino,
3276 3589 3400 3658 quia

1807 3694 2022 3734 crucem
2054 3680 2312 3749 praedico.
2340 3681 2451 3734 Mea
2483 3692 2565 3734 est
2589 3681 3036 3750 voluntas,quatu
3063 3679 3400 3742 suamdixit;

1787 3772 1930 3841 quia
1955 3781 2011 3825 ttt
2045 3774 2204 3827 homo
2233 3773 2468 3842 suscepit
2506 3772 2779 3826 tristitiam
2811 3787 3005 3836 meam,
3040 3783 3094 3826 ut
3129 3771 3291 3824 homo
3318 3773 3402 3825 lo-

1804 3875 1960 3918 cutus
1990 3876 2091 3929 est;
2123 3875 2176 3919 et
2203 3867 2325 3920 ideo
2363 3867 2434 3919 ait
2463 3886 2473 3920 :
2503 3865 2623 3919 Non
2647 3868 2776 3920 sicut
2803 3882 2893 3936 ego
2923 3866 3055 3932 volo,
3083 3866 3172 3920 sed
3194 3867 3324 3920 sicut
3347 3877 3400 3921 tu

1803 3958 1877 4009 vis
1907 3956 2121 4027 (Matth.
2157 3973 2311 4022 χχιιι,
2345 3959 2469 4027 59).
2508 3958 2622 4011 Mea
2665 3967 2747 4012 est
2784 3957 3032 4021 tristitia,
3074 3973 3233 4028 quam
3276 3973 3399 4014 meo

1803 4050 2039 4122 suscepit
2068 4047 2263 4102 aﬂeetu
2292 4067 2303 4102 :
2330 4065 2488 4103 nemo
2504 4050 2647 4103 enim
2676 4050 2970 4104 moriturus
2992 4050 3248 4105 exsultat.
3269 4051 3398 4106 Mihi

1803 4139 2162 4211 compatitur,
2211 4141 2338 4196 mihi
2385 4142 2554 4196 tristis
2593 4153 2712 4206 est,
2747 4142 2882 4197 mihi
2923 4144 3091 4198 dolet.
3126 4144 3268 4214 Ergo
3298 4160 3397 4215 pro

1803 4249 1888 4286 tne
1914 4243 1964 4286 et
1997 4233 2048 4287 ιιι
2081 4250 2165 4288 me
2192 4235 2387 4301 doluit,
2416 4238 2506 4306 qui
2541 4251 2637 4306 pro
2669 4251 2727 4291 se
2753 4236 2882 4290 nihil
2913 4237 3096 4292 hahttit
3128 4238 3270 4308 quod
3297 4238 3396 4293 do-

1805 4326 1958 4380 lerct.

1999 4419 2160 4476 Doles
2189 4421 2370 4495 igitur,
2402 4423 2628 4480 Domine
2657 4423 2808 4489 Jcsu,
2844 4442 2951 4479 tton
2985 4435 3070 4480 tua
3093 4468 3107 4490 ,
3143 4425 3237 4479 sed
3272 4439 3392 4480 mea

145 4503 206 4540 me
226 4497 375 4551 venire
411 4501 476 4553 ad
515 4512 562 4555 te
598 4519 757 4570 super
775 4506 1170 4574 aqttas(Matth.
1204 4525 1320 4578 xw,
1359 4511 1472 4583 28).
1500 4513 1693 4572 Petrus
1720 4540 1773 4599 D
1803 4511 2024 4566 vulnera
2053 4530 2064 4564 :
2101 4528 2204 4568 non
2237 4523 2380 4568 tuam
2412 4524 2662 4582 mortem,
2699 4517 2794 4571 sed
2825 4528 3066 4572 nostram
3103 4516 3392 4571 infirmita-

144 4583 335 4674 crcditlit
363 4593 484 4660 quia
514 4594 558 4648 si
599 4593 846 4650 Christus
867 4597 1058 4666 jubeat
1079 4642 1091 4663 ,
1123 4611 1327 4658 natura:
1360 4607 1529 4674 possit
1555 4623 1691 4662 eon-

144 4669 251 4730 dttio
274 4687 457 4739 nmtari
484 4703 498 4751 ;
534 4696 591 4740 ut
621 4687 872 4744 humanis
895 4706 954 4745 se
977 4692 1228 4762 subjiciat
1251 4669 1389 4749 unda
1423 4699 1689 4769 vestigiis,

144 4775 185 4818 et
205 4768 606 4846 discrepantium
650 4791 967 4839 naturarum
1007 4787 1177 4856 possit
1223 4791 1521 4847 convenire
1559 4768 1692 4849 con-

142 4862 508 4954 cordiaJ‘etrus
529 4875 704 4954 poscit
722 4885 780 4930 ttt
795 4875 1005 4946 jttbeat,
1026 4896 1132 4934 non
1159 4891 1214 4936 ut
1238 4895 1393 4954 roget
1418 4886 1688 4944 Christus:

141 4947 353 5014 Christus
391 4979 494 5018 non
536 4950 780 5039 rogavit,
806 4971 898 5026 sed
923 4971 1117 5042 jussit,
1153 4985 1208 5030 et
1251 4947 1450 5032 factum
1481 4992 1600 5036 cst:
1634 4991 1688 5038 et

140 5047 272 5104 Arius
297 5061 648 5117 contradicit?

197 5140 274 5196 £0.
300 5145 429 5213 Quid
452 5165 535 5208 est
557 5163 732 5212 tamen
759 5159 902 5229 quod
927 5160 1087 5218 Pater
1117 5165 1271 5231 velit,
1305 5165 1474 5223 Filius
1506 5170 1642 5225 nolit
1671 5191 1683 5226 :

141 5242 213 5287 aut
237 5234 390 5298 Filius
414 5246 539 5301 velit
571 5258 623 5304 et
655 5250 821 5307 Pater
847 5252 1019 5309 nolit?
1053 5254 1209 5311 Pater
1239 5275 1368 5328 quos
1398 5262 1528 5328 vult,
1560 5265 1686 5318 vivi—

191 5381 218 5452 .“
247 5375 398 5456 Arius
430 5383 648 5453 ejusque
689 5396 986 5446 sectatores
1028 5408 1149 5448 cum
1194 5395 1494 5453 libertatem
1531 5401 1687 5456 aliter

139 5449 552 5541 fztil’ftefltristo
565 5449 686 5528 'nou
721 5472 964 5541 possent,
989 5478 1056 5517 co
1071 5449 1688 5541 _dev¢nér’niii'iiiq§téi3l

140 5519 214 5598 tis,
243 5527 291 5598 ut
317 5519 380 5574 ab
409 5523 497 5577 illo
544 5524 649 5582 non
681 5519 914 5586 animam
940 5519 962 5590 .’
989 5535 1083 5590 sed
1128 5519 1301 5592 sOla'm
1322 5519 1684 5598 ὲέὶπὶὲὶπῐξ-

140 5595 372 5673 intimam
385 5602 761 5673 contenderent
773 5601 970 5658 .Testis
987 5615 1067 5659 est
1087 5605 1246 5673 hujus
1267 5611 1344 5664 rei
1361 5595 1684 5668 Athanasius

139 5649 199 5749 «ἐξ
228 5655 381 5749 si...
410 5649 661 5749 ειεινιηιῖι·
681 5649 969 5749 διε-ξιξ
989 5649 1677 5749 ’ὀὲἔῖἓῇίὲιὶςῖἶιξῖἷξιιῗὲῖοῗ

491 5755 503 5799 ;
521 5720 872 5844 ἰςὶιξίιιῗειίιιιιξ
1077 5720 1682 5815 tofi:"Ttié'o'tioi-Ziii

145 5797 217 5846 tm.
245 5812 271 5850 ν
299 5797 499 5861 "mret.
519 5797 707 5865 Fatn‘iu.
738 5797 857 5882 capi
889 5797 974 5870 ti.

1800 4614 1927 4684 tem,
1961 4607 2100 4661 sicut
2123 4608 2196 4661 ait
2230 4608 2488 4678 propheta
2519 4626 2530 4661 :
2568 4609 2702 4674 Quia
2729 4626 2822 4678 pro
2852 4610 2999 4663 nobis
3046 4609 3183 4663 dolet
3213 4608 3386 4679 (Esai.

1801 4713 1908 4762 LIII,
1943 4698 2001 4770 4)
2031 4709 2123 4756 :et
2154 4715 2273 4763 nos,
2296 4700 2544 4768 Domine,
2579 4703 2968 4756 :estimavimus
2992 4712 3042 4757 te
3071 4717 3194 4757 esse
3220 4701 3272 4756 in
3297 4703 3393 4757 do-

1799 4791 2040 4857 loribus;
2068 4807 2188 4848 cum
2221 4802 2277 4847 tu
2312 4809 2417 4848 non
2443 4810 2542 4863 pro
2575 4803 2646 4858 te,
2676 4795 2769 4850 sed
2806 4811 2903 4865 pro
2935 4813 3021 4852 me
3044 4797 3281 4852 doleres.

1872 4886 1962 4942 55.
2000 4886 2066 4940 Et
2091 4887 2218 4956 quid
2246 4889 2436 4941 mirum
2462 4887 2507 4940 si
2540 4903 2638 4958 pro
2669 4890 2923 4946 omnibus
2952 4889 3145 4957 doluit,
3175 4892 3265 4960 qui
3296 4907 3392 4960 pro

1799 4997 1905 5036 uno
1937 4980 2127 5034 ﬂevit?
2158 4980 2296 5048 Quid
2330 4980 2525 5035 mirum
2552 5023 2566 5046 ,
2601 4981 2646 5036 si
2678 4982 2974 5040 moriturus
3005 4999 3103 5054 pro
3138 4984 3391 5039 omnibus

1797 5075 2032 5138 tzedeat,
2105 5075 2193 5142 qui
2249 5073 2516 5128 Lazarum
2572 5077 2993 5131 resuscitaturus
3049 5078 3389 5147 illacrymat?

1795 5169 1994 5225 Verum
2040 5178 2096 5223 ct
2149 5169 2219 5222 ihi
2265 5171 2370 5240 pize
2421 5170 2629 5224 sororis
2682 5171 2938 5241 lacrymis
2980 5180 3384 5238 commovetur,

1789 5261 1915 5333 quia
1951 5273 1972 5300 ε
2022 5271 2205 5317 mente
2249 5261 2484 5316 humana
2515 5261 2874 5333 tangebatur:
2909 5272 2962 5317 et
2991 5262 3076 5318 hic
3106 5263 3215 5317 alto
3244 5278 3369 5333 ope.

1864 5401 1890 5440 ιι
1921 5402 1996 5457 Ita
2035 5400 2165 5456 edit.
2214 5415 2402 5456 omnes
2442 5410 2498 5456 et
2532 5417 2666 5456 mss.
2710 5404 2915 5471 aliquot
2945 5422 2957 5456 :
2991 5405 3080 5458 alii
3108 5419 3236 5458 vero
3278 5421 3384 5462 non

1792 5473 1948 5544 pauci
1975 5488 2160 5527 vocem
2184 5474 2418 5528 sanitatis
2445 5485 2791 5542 prmtereunt;
2817 5491 2910 5541 pro
2934 5491 3034 5541 qua
3057 5476 3386 5533 substituunt

1790 5545 1991 5614 aliqui,
2035 5554 2083 5599 et
2132 5545 2306 5598 statim
2346 5545 2583 5613 leprosos
2615 5561 2774 5599 sanus
2799 5545 3011 5610 e/I‘ectus
3051 5557 3144 5600 est.
3177 5546 3385 5604 Rursus

1787 5627 1968 5671 autem
2001 5632 2097 5684 pro
2123 5615 2317 5669 arbiter
2342 5631 2450 5668 sure
2471 5614 2745 5670 voluntatis
2768 5658 2780 5680 ,
2809 5616 2850 5670 Τ
2860 5617 3016 5671 lteod.
3039 5617 3210 5674 Codex
3238 5621 3387 5679 solus

1790 5687 2034 5752 exhihet,
2064 5687 2256 5740 arbiter
2282 5700 2393 5738 sua:
2419 5688 2708 5753 potestatis.

1865 5770 1886 5796 ε
1921 5759 2045 5813 γρι.
2071 5757 2205 5813 edit.
2238 5770 2299 5809 ac
2325 5770 2456 5809 mss.
2493 5757 2628 5812 heue
2659 5757 2830 5821 multi,
2859 5768 3077 5813 mentem
3109 5761 3384 5822 humanam
3479 5761 3488 5768 ’

1789 5828 2044 5888 tendebat,
2076 5828 2182 5883 duo
2210 5828 2508 5895 tangebam;
2541 5827 2692 5886 liom.
2721 5828 2879 5890 edit.,
2914 5842 3129 5887 mentem
3157 5834 3381 5891 humana
