3932 6176
123 278 222 337 575

1480 264 1570 332 DE
1611 264 1769 333 FIDE
1808 266 1938 333 LIB.
1979 268 2045 333 li.

3302 273 3406 332 δτι

119 398 172 461 6,
194 386 281 465 ηε
311 399 417 449 nun
442 394 729 449 rennuens
754 393 940 463 utique
959 392 1105 464 quod
1133 388 1271 459 erat,
1296 391 1393 448 sed
1423 400 1709 447 assumens
1736 396 1790 460 Α
1813 393 2081 463 significat
2108 393 2295 451 dicens
2324 412 2337 448 :
2366 394 2653 468 Propterea
2698 395 2834 450 enim
2861 394 3099 451 volebant
3121 408 3234 451 eum
3268 397 3404 450 octi-

121 486 254 564 quod
285 500 392 544 non
426 496 583 556 erat;
613 489 737 558 quia
771 486 999 541 furmam
1030 486 1170 540 Servi
1209 484 1441 553 accepit.

182 582 267 638 65.
310 578 563 649 Denique
604 584 660 634 ut
686 579 956 634 sciremus
996 586 1092 647 per
1135 578 1542 646 susceptionem
1584 586 1708 631 cor-

126 673 266 746 poris
305 674 639 728 minoratum
665 712 680 734 ,
722 671 793 726 de
822 669 1042 725 homine
1066 684 1126 725 se
1168 669 1337 725 David
1381 666 1708 741 prophetare

120 768 341 840 signavit
363 766 563 822 dicetis
588 784 600 818 :
631 765 769 830 Quid
795 772 868 819 est
900 765 1072 834 trama,
1101 763 1240 834 quod
1270 778 1463 818 memor
1484 778 1537 817 es
1559 764 1670 834 ejus
1688 778 1708 817 :

118 868 199 913 aut
224 855 395 912 Filius
441 857 693 922 hominis,
732 857 832 911 nisi
865 858 990 928 quia
1016 855 1192 911 oisitas
1222 870 1339 911 eum
1360 856 1387 910 i’
1431 854 1709 910 Minorasti

129 972 233 1009 eum
262 955 419 1024 paulo
446 954 617 1006 minus
648 951 711 1006 ab
738 952 934 1022 angelis
971 949 1146 1021 (Psal.
1175 965 1289 1016 VIII,
1324 951 1380 1016 5,
1401 946 1480 1021 6).
1503 950 1566 1005 Et
1605 949 1710 1004 hoc

120 1050 278 1119 ipsum
300 1048 700 1114 interpretatus
717 1045 1035 1114 Apostolus,
1055 1045 1162 1098 ait:
1213 1042 1350 1098 Nam
1378 1042 1538 1114 paulo
1554 1059 1710 1113 quam

122 1142 318 1212 angelos
346 1141 667 1194 minaratunt
690 1140 918 1193 videmus
937 1137 1141 1203 Iesum,
1171 1147 1383 1211 propter
1413 1138 1710 1208 passionem

120 1234 284 1286 mortis
305 1233 476 1303 gloria
496 1239 551 1286 et
575 1230 771 1285 honore
788 1239 1087 1284 coronatum
1108 1245 1126 1293 ;
1147 1240 1200 1284 ut
1223 1231 1335 1285 sine
1356 1228 1465 1284 Deo
1486 1245 1579 1300 pro
1601 1242 1711 1283 om-

126 1324 264 1377 nibus
281 1333 512 1396 gustaret
540 1333 757 1378 mortem
785 1322 971 1394 (Hebr.
998 1338 1056 1390 tt,
1093 1324 1174 1392 9).

188 1415 271 1470 64.
313 1416 432 1472 Non
464 1417 648 1472 solum
677 1432 808 1487 ergo
836 1416 1018 1482 Patre,
1052 1416 1148 1471 sed
1177 1416 1341 1472 etiam
1369 1416 1579 1487 angelis
1608 1415 1709 1470 mi-

127 1518 216 1564 nor
239 1507 406 1564 Filius
440 1510 537 1564 Dei
572 1509 747 1564 iactus
778 1517 881 1564 est.
912 1506 981 1563 Et
1005 1509 1050 1563 si
1084 1505 1188 1564 hoc
1232 1509 1299 1564 ad
1333 1509 1710 1579 prtejudicium

125 1602 305 1668 trahis;
330 1614 459 1657 num
482 1612 621 1674 ergo
639 1603 811 1657 Filius
833 1602 885 1656 in
912 1612 1100 1657 natura
1120 1602 1215 1658 Dei
1230 1603 1404 1658 minor
1416 1613 1520 1670 est,
1541 1616 1702 1673 quam

126 1695 197 1748 sui
223 1695 394 1765 angeli
416 1694 515 1766 qui
543 1696 596 1750 ei
615 1696 857 1750 serviunt
886 1695 1272 1750 ctministrant
1294 1694 1511 1764 (Matth.
1529 1711 1607 1762 tv,
1632 1694 1712 1768 6)?

1811 486 1932 542 dere
1954 487 2151 555 ladtel,
2181 489 2303 559 quia
2334 505 2435 543 non
2464 490 2630 544 solum
2670 489 2901 544 solvebat
2923 487 3211 553 sabbatum,
3236 488 3327 544 sed
3353 498 3401 544 et

1812 579 2024 634 Patrem
2081 582 2347 653 proprium
2389 580 2587 635 dicebat
2616 579 2807 647 Deum,
2834 580 3086 650 aequalem
3110 596 3164 635 se
3213 580 3408 651 faciens

1811 673 1922 729 Deo
1947 674 2126 743 (loau.
2158 690 2209 743 ν,
2246 676 2355 747 18).

1880 766 1969 823 68.
2001 768 2116 824 Non
2139 768 2309 825 Judari
2332 769 2433 826 hoc
2473 770 2692 836 dicunt,
2740 769 2833 825 sed
2868 768 3209 841 Evangeiista
3240 776 3408 824 testa-

1812 870 1922 927 tur,
1970 861 2115 932 quod
2165 863 2427 933 mqualem
2470 870 2529 918 5e
2587 862 2821 918 faciebat
2871 863 3005 929 Deo,
3041 863 3320 932 proprium
3348 875 3408 915 se

1810 951 2005 1008 Filium
2056 953 2150 1007 Dei
2178 953 2385 1009 dicens.
2412 955 2526 1009 Non
2557 956 2699 1009 enini
2727 954 2989 1024 scriptum
3014 964 3096 1011 est
3148 968 3214 1009 ex
3275 967 3403 1024 per-

1810 1058 1940 1099 sona
1994 1044 2302 1101 Judteorum
2363 1045 2695 1102 dicentium:
2751 1046 3040 1117 Propterea
3094 1046 3409 1101 volebamus

1810 1148 1933 1193 eum
1947 1138 2198 1195 occidere
2228 1159 2240 1193 :
2272 1139 2367 1195 sed
2394 1141 2722 1211 evangelista
2746 1154 2812 1195 ex
2842 1156 2939 1195 sua
2972 1154 3199 1209 persona
3227 1138 3361 1194 dicit
3391 1156 3404 1191 :

1813 1228 2098 1303 Pr0pterea
2123 1233 2258 1286 enim
2289 1232 2523 1287 volebant
2551 1233 2698 1287 illaut
2737 1230 2911 1286 Judtei
2938 1232 3190 1285 occidere.
3225 1231 3288 1285 Et
3316 1233 3403 1284 itt-

1815 1332 2147 1392 terpretatus
2168 1332 2253 1379 est
2276 1338 2517 1390 causam,
2558 1325 2681 1381 ideo
2715 1325 2939 1381 .ludatos
2967 1326 3032 1379 ad
3066 1339 3256 1381 necem
3289 1325 3409 1394 ejus

1812 1431 1934 1471 esse
1960 1426 2285 1484 commotos,
2334 1418 2476 1489 quod
2505 1433 2625 1473 cum
2656 1420 3014 1475 etsabbntum
3056 1420 3210 1490 quasi
3263 1420 3407 1474 Deus

1813 1508 2072 1576 solveret,
2092 1517 2147 1565 et
2171 1510 2335 1566 Deum
2369 1511 2584 1567 Patrem
2617 1511 2721 1569 sibi
2755 1514 3034 1583 proprium
3067 1512 3394 1579 vindicaret,

1817 1616 1923 1656 non
1972 1602 2149 1658 solum
2183 1603 2236 1659 in
2277 1603 2553 1660 solutione
2597 1604 2809 1660 sabbati
2844 1606 3186 1675 tttajeslatcm
3211 1605 3410 1660 divina:

1817 1697 2122 1765 potestatis,
2158 1694 2253 1751 sed
2285 1697 2450 1752 etiam
2480 1696 2507 1735 ι)
2532 1698 2581 1751 itt
2610 1696 2787 1751 Patris
2827 1697 3032 1768 proprii
3083 1698 3302 1753 nomine
3322 1700 3411 1767 jus

128 1784 192 1840 Ita
217 1787 338 1842 dum
363 1791 641 1844 minorem
668 1787 838 1843 vultis
864 1804 1136 1851 asserere,
1171 1790 1503 1858 impietatem
1532 1792 1712 1844 incur-
1738 1785 1786 1846 Β
1816 1788 1915 1843 sibi
1944 1799 2160 1843 ueterum
2184 1789 2508 1859 aequalitatis
2534 1789 2886 1846 adscisceret.

129 1881 266 1948 ritis;
306 1892 365 1938 ut
411 1885 742 1955 angelorum
792 1895 1042 1939 naturam
1084 1883 1180 1939 Dei
1211 1883 1269 1938 Fi
1296 1886 1346 1938 io
1382 1884 1705 1953 praeferais.

133 1974 227 2030 Sed
257 1990 354 2030 non
381 1988 456 2031 est
487 1992 673 2033 servus
700 1990 862 2048 supra
900 1975 1183 2033 Dominum
1228 1988 1377 2032 suum
1405 1977 1621 2049 (Matth.
1652 1993 1707 2045 ι,

129 2065 229 2136 ΞΔ).
262 2070 499 2140 Denique
526 2080 589 2126 et
618 2069 673 2125 itt
704 2084 869 2126 carne
897 2072 1191 2126 constituto
1215 2071 1394 2141 angeli
1436 2071 1711 2124 ministra-

132 2156 275 2224 bant;
315 2169 372 2215 ut
411 2161 551 2217 nihil
592 2177 716 2218 eum
739 2174 1005 2233 agnOScas
1040 2178 1133 2233 per
1173 2172 1422 2218 naturam
1460 2164 1711 2231 corporis

136 2247 450 2307 immintttum
478 2269 493 2317 ;
525 2269 709 2323 neque
728 2255 873 2310 enim
908 2254 1055 2310 Deus
1081 2258 1162 2310 sui
1198 2256 1304 2325 pati
1336 2257 1509 2326 potuit
1537 2255 1709 2310 detri-

135 2353 367 2412 mentum,
396 2362 519 2402 eum
547 2346 609 2403 id
635 2348 777 2417 quod
806 2350 1102 2419 assumpsit
1129 2365 1193 2404 ex
1218 2348 1466 2421 Virgine,
1500 2365 1599 2405 nec
1618 2364 1709 2404 ac-

134 2439 285 2494 cessio
311 2440 507 2496 divinae
541 2456 652 2497 nec
680 2441 972 2498 diminutio
997 2444 1286 2513 potestatis
1316 2445 1405 2498 sit.

193 2530 270 2586 65.
311 2531 425 2588 Non
459 2544 542 2589 est
594 2550 726 2605 ergo
768 2535 1064 2590 secundum
1108 2536 1450 2592 divinitatem
1491 2537 1706 2602 minor,

135 2621 212 2691 qui
257 2624 653 2693 plenitudinem
689 2626 852 2682 habet
877 2626 1179 2684 divinitatis
1204 2636 1262 2683 et
1298 2628 1509 2698 gloriae.
1537 2629 1709 2699 Major

138 2714 262 2769 enim
291 2726 345 2773 et
368 2721 546 2777 minor
593 2720 646 2776 in
676 2721 742 2776 iis
773 2738 894 2791 qua:
922 2722 1226 2793 corporalia
1257 2731 1416 2788 sunt,
1446 2722 1708 2794 distingui

138 2807 289 2865 solent
316 2831 329 2866 :
359 2822 448 2869 aut
476 2822 633 2870 statu
674 2815 870 2885 major,
901 2825 994 2871 aut
1023 2815 1390 2885 plenitudine,
1427 2824 1521 2871 aut
1555 2822 1708 2871 certe

140 2906 293 2957 etate.
322 2902 525 2961 Vacant
568 2905 699 2970 ista.
733 2906 823 2961 ubi
865 2907 932 2962 de
971 2907 1169 2963 divinis
1196 2914 1456 2963 tractatus
1493 2907 1706 2963 induci-

142 2999 230 3045 tur.
253 2992 414 3065 Major
440 3000 594 3054 enim
627 2998 788 3070 vulgo
814 2998 919 3055 dici
953 2996 1118 3067 solet,
1151 2999 1239 3068 qui
1281 2999 1514 3070 aliquem
1552 2998 1709 3053 iusti-

145 3083 226 3137 Iuit
248 3096 298 3141 et
321 3087 580 3145 informat
607 3106 620 3144 :
652 3091 705 3146 in
732 3092 825 3146 Dei
856 3101 1038 3148 autem
1062 3092 1380 3163 sapientiam
1409 3108 1517 3146 non
1541 3092 1703 3157 endit,

1884 1882 1974 1936 69.
2003 1881 2211 1949 Quibus
2240 1881 2523 1951 aptissime
2565 1882 2851 1953 respondit
2893 1881 2984 1937 Dei
3017 1881 3210 1947 Filius,
3260 1891 3319 1936 ut
3354 1891 3409 1938 et

1816 1972 1907 2027 Dei
1938 1987 1996 2026 se
2026 1972 2241 2037 Filium,
2290 1982 2347 2027 et
2386 1973 2648 2043 aequalem
2697 1972 2997 2043 probaret;
3039 1973 3405 2041 Quaecumque,

1814 2063 2202 2133 inquit,.Pater
2234 2064 2430 2133 fecerit.
2478 2063 2655 2118 eadem
2704 2074 2750 2119 et
2802 2063 2970 2118 Filius
3017 2066 3143 2135 facit
3167 2066 3408 2119 similiter

1813 2153 2019 2227 (Ibid,
2057 2157 2125 2212 19
2148 2158 2187 2226 ).
2222 2156 2392 2212 Filius
2421 2159 2581 2228 igittJr
2601 2157 2747 2212 Patri
2781 2157 3053 2213 etdieitur
3076 2157 3407 2229 etprubatttr

1813 2250 2057 2321 :equalis.
2097 2246 2245 2305 Bona
2274 2252 2577 2321 zequalitas,
2609 2266 2729 2322 qua)
2775 2258 2828 2305 et
2875 2252 3235 2307 dilicrentiam
3268 2252 3404 2307 divi-

1812 2339 1996 2397 nitatis
2038 2338 2316 2411 excludit,
2361 2346 2418 2398 et
2464 2361 2586 2399 cum
2631 2340 2769 2399 Filio
2821 2344 3033 2398 Patrem
3077 2346 3272 2414 signat,
3317 2345 3405 2399 cui

1814 2438 1984 2495 Filius
2009 2439 2081 2494 sit
2105 2438 2366 2508 aequalis;
2400 2454 2507 2494 non
2538 2447 2621 2495 est
2642 2438 2784 2494 enim
2814 2438 3045 2505 diversa,
3082 2453 3182 2494 nec
3222 2439 3407 2509 singu-

1813 2532 1941 2587 laris
1989 2532 2304 2601 :cquaIitas;
2337 2532 2457 2601 quia
2503 2547 2665 2587 nemo
2695 2532 2923 2600 teqnalis
2964 2532 3077 2602 ipse
3124 2531 3224 2586 sibi
3254 2531 3404 2585 solus

1811 2633 1915 2681 est.
1950 2624 2091 2694 Ergo
2122 2624 2462 2695 Evangelista
2492 2624 2883 2695 interpretatus
2911 2633 2989 2678 est
3023 2622 3154 2694 quid
3183 2623 3250 2677 sit
3281 2638 3407 2695 pro-

1813 2720 1986 2786 priutn
2029 2715 2220 2772 Filium
2251 2717 2343 2771 Dei
2371 2730 2431 2773 se
2465 2716 2683 2783 dicere,
2735 2715 2837 2772 hoc
2866 2725 2980 2784 est,
3034 2715 3298 2787 :equaietn
3349 2730 3409 2771 se

1809 2806 1988 2864 facere
2017 2808 2149 2864 Deo.

1884 2901 1972 2955 70.
2001 2900 2150 2957 Unde
2173 2900 2222 2955 id
2246 2910 2465 2957 secutus
2496 2901 2791 2970 Apostolus
2817 2899 2987 2955 dixit:
3016 2898 3137 2953 Non
3166 2899 3403 2969 rapinam

1810 2992 2092 3048 arbitratus
2115 3001 2191 3048 est
2222 3010 2332 3049 esse
2354 3010 2407 3048 se
2427 2994 2677 3063 aequalem
2696 2991 2808 3047 Deo
2850 2991 3030 3062 (Phil.
3057 3008 3114 3055 ιι,
3143 2990 3218 3063 6).
3246 2991 3403 3060 Quod

1810 3086 1954 3141 enim
1988 3087 2123 3152 quis
2176 3102 2281 3142 non
2338 3086 2521 3153 habet,
2578 3101 2774 3157 rapere
2820 3094 3068 3142 conatur.
3120 3085 3260 3153 Ergo
3295 3102 3400 3139 non

144 3187 189 3229 ut
208 3176 438 3237 instituta
464 3176 535 3239 sit
558 3185 790 3239 alterius
808 3185 1144 3257 disciplinis;
1174 3198 1296 3241 cum
1326 3186 1440 3255 ipsa
1465 3185 1705 3254 discipii-
1731 3176 1777 3240 C
1809 3178 1962 3247 quasi
2009 3178 2251 3248 rapinam
2313 3178 2549 3233 habebat
2599 3177 2959 3249 aequalitatem
3005 3193 3130 3233 cum
3178 3177 3341 3233 Patre
3380 3188 3400 3216 ε

144 3282 306 3327 narum
352 3278 599 3333 omnium
645 3277 929 3334 tradiderit
975 3280 1301 3334 institutum.
1347 3278 1519 3345 Quam
1569 3279 1707 3334 bene

144 3372 295 3420 autem
327 3370 497 3437 pusuit
540 3371 875 3439 Apostolus:
927 3371 994 3427 Ut
1039 3372 1151 3427 sine
1192 3370 1303 3426 Deo
1338 3387 1434 3443 pro
1473 3371 1708 3426 omnibus

144 3465 340 3520 gustaret
377 3473 594 3518 mortem
639 3461 837 3537 (Hebr.
864 3479 925 3530 ιι,
954 3466 1061 3536 9);
1095 3480 1164 3519 ue
1197 3462 1498 3519 ditiuitatis
1559 3464 1705 3518 illam

148 3549 420 3613 passionem
451 3564 775 3624 putaremus
800 3556 988 3623 fuisse,
1022 3572 1129 3612 non
1159 3558 1374 3612 carnis!

205 3640 280 3695 66.
304 3644 434 3715 Ergo
453 3650 496 3702 si
516 3662 630 3704 non
656 3649 981 3705 invenerunt
1001 3649 1456 3720 quemadmodum
1484 3660 1708 3720 possent

151 3733 345 3797 probare
368 3743 777 3809 majurem,non
803 3742 983 3798 verbis
1010 3742 1431 3811 calumniantur,
1460 3743 1557 3798 sed
1590 3756 1709 3797 ver-

151 3822 309 3881 borum
337 3832 603 3889 rationem
630 3835 932 3905 requirant.
962 3835 1104 3906 Ergo
1133 3835 1257 3891 illos
1287 3837 1565 3906 interrogo
1599 3846 1708 3906 quo

153 3924 313 3979 putent
336 3937 454 3979 esse
477 3925 781 3995 majorem?
806 3926 864 3983 Si
887 3926 1011 3999 quia
1044 3929 1202 3983 Pater
1221 3937 1324 3991 est,
1357 3943 1425 3983 eo
1445 3930 1707 3998 majorem

154 4019 351 4073 putant:
377 4016 471 4072 sed
503 4034 614 4074 non
649 4018 737 4074 hic
759 4029 893 4074 astas
915 4029 972 4076 et
999 4030 1236 4092 tempus,
1268 4036 1447 4091 neque
1474 4020 1710 4077 canities

157 4097 319 4168 Patris,
348 4118 400 4163 et
425 4109 592 4185 583
654 4111 748 4167 lilii
777 4113 1010 4183 pueritia
1048 4125 1171 4181 est;
1204 4114 1319 4169 haec
1357 4114 1502 4169 enim
1535 4113 1709 4186 majo-

154 4205 247 4250 rem
275 4206 296 4235 ει
322 4200 495 4258 solent
520 4205 705 4261 facere
740 4216 973 4277 patrem.
1006 4207 1272 4264 Cteterum
1306 4217 1456 4278 pater
1485 4216 1539 4264 et
1567 4208 1708 4264 lilius

154 4297 426 4352 tenuantis
453 4309 507 4353 et
538 4299 648 4353 nati
680 4300 903 4355 nomina
945 4310 1109 4368 sunt,
1155 4314 1276 4371 qua:
1308 4314 1414 4355 non
1458 4299 1709 4356 videntur

157 4390 397 4447 separare.
423 4390 517 4444 sed
545 4390 780 4462 jungere
806 4404 823 4457 ;
853 4404 962 4448 non
990 4393 1137 4448 enim
1170 4394 1345 4463 pietas
1370 4402 1580 4447 natura:
1616 4390 1709 4447 de-

161 4469 427 4533 trimentum
456 4488 577 4537 est:
610 4499 845 4555 namque
886 4484 1135 4541 homines
1177 4483 1282 4541 sibi
1313 4483 1551 4541 invicem
1579 4500 1708 4540 con-

159 4559 279 4617 ciliat
304 4573 657 4641 necessitudo,
686 4590 794 4631 non
824 4586 1061 4647 separat.

216 4651 291 4708 67.
311 4657 483 4731 itaque
507 4666 551 4720 si
578 4680 678 4721 nec
700 4667 769 4721 de
796 4674 987 4721 natura
1010 4647 1202 4722 alierre
1218 4674 1444 4737 possunt
1469 4667 1705 4738 aliquant

163 4751 501 4842 questiunem,
552 4760 638 4813 ιρι
684 4758 1013 4815 testimoniis
1048 4758 1295 4815 credant.
1343 4758 1585 4830 Denique
1621 4759 1710 4815 Fi-

162 4829 268 4891 lium
286 4857 380 4897 non
411 4861 531 4905 esse
552 4866 618 4906 eo
647 4851 947 4919 minorem,
976 4854 1100 4922 quia
1129 4851 1297 4907 Filius
1324 4860 1433 4917 est,
1466 4867 1707 4922 evange-

163 4922 265 4984 lista
289 4944 533 5008 testatur;
562 4953 616 4999 et
638 4944 899 5015 aequalem
930 4960 1073 5010 esse,
1104 4946 1230 5017 quia
1268 4945 1435 5001 Filius
1464 4956 1569 5015 est,
1596 4948 1712 5018 ipse

219 5070 400 5173 :Plll‘sls.
431 5079 654 5173 aliquot,
685 5084 852 5173 saleni
882 5084 1034 5153 fateri
1055 5094 1274 5166 patrem.

264 5139 689 5226 godexll‘e'llqin
710 5153 868 5208 Patre
882 5139 1097 5224 proprio
1124 5172 1307 5211 nomen
1330 5160 1463 5226 eius,
1503 5166 1612 5215 etc.

219 5210 397 5312 Salii.
426 5210 667 5312 Quanti-tt
697 5210 1006 5312 naturallptti'.

188 5280 376 5366 llas.
408 5280 643 5366 noruntlti
666 5334 682 5360 ,
709 5310 774 5350 ae
832 5297 942 5351 edit
977 5306 1082 5352 vet.
1112 5337 1127 5362 ,
1157 5298 1525 5366 Contrarium;
1556 5301 1693 5356 edit.

166 5342 425 5439 Saturnian
445 5363 614 5431 utique
628 5342 804 5439 εξνινιιε
829 5367 1061 5436 aequali;
1093 5342 1288 5436 reliqui
1314 5380 1444 5423 mss.
1479 5343 1535 5425 οἰ
1556 5342 1706 5427 ‘ed'i't.

168 5412 625 5513 Etimptiptehu.
670 5436 811 5513 lui'ra
843 5412 973 5492 vero
1014 5412 1102 5513 u’hi
1133 5412 1324 5513 ormnes
1362 5412 1707 5513 θάἱιῗίιῖξιιῖ

165 5497 274 5577 illis.
301 5493 497 5577 duobus
526 5509 766 5573 exceptis
788 5549 805 5572 ,
853 5511 1109 5577 quomodo
1134 5493 1317 5565 eadem,
1339 5493 1571 5577 {iidem
1593 5493 1703 5569 duo

168 5552 345 5645 .9899}.
363 5577 600 5637 quomodo
627 5552 812 5641 eidem:
835 5552 944 5633 Si}:

200 5632 554 5722 “illicitum
580 5632 818 5705 declarat
840 5632 1175 5714 hinbrnsins.
1205 5654 1347 5722 quod
1372 5669 1438 5709 ex
1470 5661 1583 5710 toto
1604 5670 1700 5710 cae

170 5706 443 5791 ligiu's
467 5728 721 5791 contextu
740 5706 1107 5791 cognoscitur.
1136 5706 1704 5791 lt‘vilium—seiﬁlicet‘qui

171 5775 303 5850 mn
326 5775 482 5862 υειιω
506 5775 653 5859 aut.
679 5775 874 5871 una;
890 5775 1233 5878 insint;
1246 5775 1547 5871 “unum
1569 5775 1703 5877 iiii.

1814 3288 1976 3344 quam
2008 3272 2062 3326 in
2107 3274 2410 3329 subsmntia
2437 3275 2516 3327 sui
2551 3282 2822 3343 tamquam
2855 3272 2996 3327 Deus
3048 3281 3103 3326 ct
3146 3271 3407 3327 Dominus

1813 3364 2144 3435 possidebat.
2206 3364 2358 3421 Unde
2417 3365 2659 3421 addidit:
2713 3364 2959 3419 Formam
3021 3365 3152 3421 servi
3208 3366 3405 3431 accepit

1812 3458 1980 3531 (Ibid.
2014 3457 2090 3529 ἴ).
2124 3456 2150 3495 ἀ
2182 3460 2524 3514 Contrarium
2560 3461 2747 3530 utique
2790 3474 2979 3515 servus
3004 3499 3017 3523 .
3071 3468 3126 3512 ct
3155 3460 3397 3528 aequalis.

1810 3551 2054 3624 Aiqualis
2097 3568 2227 3622 ergo
2282 3554 2336 3607 in
2375 3548 2470 3606 Dei
2522 3553 2724 3615 fortun;
2754 3553 2932 3607 minor
2958 3552 3013 3606 in
3056 3552 3404 3620 susceptione

1810 3646 2023 3711 carnis,
2046 3653 2100 3700 et
2131 3643 2367 3700 hominis
2399 3643 2669 3713 passione.
2718 3644 2844 3698 Nam
2891 3642 3166 3714 quomodo
3210 3644 3400 3695 eadem

1811 3744 1996 3807 posset
2020 3737 2195 3791 minor
2222 3750 2346 3791 esse
2366 3734 2697 3803 {nqttalisque
2728 3734 2962 3789 natura?
2991 3731 3275 3799 Quomodo
3302 3747 3400 3785 att-

1812 3836 1940 3891 tem,
1964 3829 2009 3882 si
2044 3826 2220 3882 minor
2246 3838 2329 3882 est
2351 3867 2365 3888 ,
2409 3826 2600 3881 eadem
2630 3826 2887 3880 similiter
2908 3825 3063 3891 facit,
3089 3840 3209 3895 qua:
3245 3824 3406 3879 Pater

1809 3919 1972 3974 facit?
2004 3918 2137 3974 Nam
2182 3918 2639 3989 quemadmodum
2668 3916 2856 3971 eadem
2901 3917 3146 3985 operatio
3177 3916 3406 3972 diversa:

1810 4020 1959 4068 esset
1989 4010 2275 4082 putestatis
2300 4011 2323 4065 τ
2353 4010 2623 4080 Numquid
2656 4011 2735 4064 sic
2772 4019 2950 4080 potest
2978 4010 3184 4076 minor,
3214 4027 3403 4079 quent-

1811 4104 2104 4160 admodum
2149 4102 2321 4169 major
2367 4103 2629 4173 operari?
2673 4112 2765 4156 attt
2804 4118 2906 4156 una
2939 4101 3186 4172 operatio
3227 4111 3406 4172 potest

1810 4213 1980 4264 esse,
2037 4196 2128 4251 uiti
2185 4194 2403 4252 diversa
2459 4196 2756 4251 substantia
2801 4194 2917 4251 est?

1882 4290 1970 4346 7i.
2022 4290 2205 4360 Itaque
2246 4289 2432 4359 accipe
2457 4286 2738 4344 Christum
2765 4299 2789 4327 ι’
2816 4287 3110 4345 secundum
3152 4288 3405 4344 divinita-

1811 4394 1919 4441 tem
1950 4384 2214 4441 minorem
2240 4390 2349 4439 non
2375 4397 2537 4453 posse
2558 4383 2687 4439 dici.
2718 4382 2836 4454 Ipse
2865 4382 3112 4453 loquitur
3138 4381 3203 4437 ad
3233 4382 3405 4437 Abra-

1812 4482 1938 4538 ham
1972 4500 1986 4537 :
2019 4476 2124 4535 Per
2153 4498 2229 4535 me
2252 4483 2424 4549 ipsum
2444 4480 2619 4553 juruvi
2650 4476 2802 4551 (Gen.
2831 4493 2941 4533 xxii
2967 4519 2982 4545 ,
3018 4475 3126 4548 16).
3152 4472 3406 4532 Ostendit

1733 4559 1788 4622 Ι)
1811 4584 1995 4630 autem
2045 4573 2339 4643 Apostolus
2365 4587 2489 4626 cum
2515 4571 2604 4641 qui
2639 4586 2733 4639 per
2784 4586 2844 4625 se
2891 4571 3037 4639 jurat
3064 4610 3079 4633 ,
3134 4568 3402 4623 minorem

1814 4666 2117 4741 Messe
2140 4680 2246 4720 non
2277 4677 2459 4733 posse.
2490 4662 2678 4731 Itaque
2703 4663 2783 4716 sic
2806 4664 2879 4714 ait
2906 4680 2919 4714 :
2946 4659 3167 4714 Abrahte
3187 4675 3301 4712 cum
3326 4674 3405 4712 re-

1814 4760 2130 4833 promisisset
2179 4758 2360 4823 Deus,
2415 4756 2657 4826 quoniam
2709 4754 2909 4809 nullum
2954 4756 3115 4808 alium
3154 4755 3402 4825 majorem

1813 4854 2051 4919 habebat,
2091 4852 2290 4925 juraeit
2326 4866 2417 4921 per
2464 4851 2731 4920 seipsum,
2777 4850 2994 4902 dicens:
3034 4845 3151 4900 Nisi
3198 4845 3406 4899 benedi-

1815 4947 1974 5002 cendo
2026 4944 2329 5000 benedixero
2373 4952 2419 4997 te
2446 4981 2460 5007 ,
2514 4951 2561 4994 et
2636 4941 3033 5006 multiplicando
3082 4939 3403 5009 multiplica-

1809 5089 1923 5157 Qua
1969 5084 2194 5157 quidem
2217 5083 2576 5157 responsione
2609 5083 2935 5154 praecipuam
2969 5083 3404 5157 Arianarum‘lc-

1809 5152 2027 5227 piamen
2060 5152 2365 5209 mat-ltitiam
2397 5155 2568 5227 everti
2593 5152 2621 5218 ,⁷
2657 5166 2707 5208 et
2758 5156 3160 5227 coniringinon
3185 5152 3403 5227 dubium

1808 5224 1911 5285 est.
1966 5228 2350 5281 Verumtamen
2393 5242 2457 5281 ex
2506 5226 2757 5281 Patrilnts
2803 5241 2910 5280 non
2952 5224 3278 5291 defuerunt,
3311 5225 3402 5294 qui

1810 5298 2061 5355 eumdem
2092 5297 2311 5362 Filium,
2335 5298 2496 5352 etiam
2520 5315 2625 5367 qua
2652 5298 2842 5359 Deum,
2870 5299 3405 5351 volnerunteateuus

1808 5373 1914 5426 diei
1943 5374 2210 5424 minorem
2241 5384 2423 5438 posse,
2453 5380 2721 5440 quatenus
2751 5368 3059 5440 oumimoda
3092 5377 3298 5440 naturle
3323 5369 3405 5420 iu-

1809 5452 1894 5497 ter
1915 5453 2205 5511 utrumque
2230 5436 2485 5495 servetur
2502 5441 2803 5509 aequalitas;
2827 5449 2884 5492 ut
2913 5438 3013 5492 hoc
3043 5455 3207 5492 unum
3238 5436 3405 5494 Filius

1810 5514 1948 5569 infra
1981 5512 2196 5567 Patrem
2223 5511 2440 5574 habeat,
2474 5513 2618 5579 quod
2644 5513 2711 5562 sit
2739 5513 2958 5578 genitus
2993 5529 3003 5563 :
3035 5520 3089 5563 et
3115 5510 3273 5563 Pater
3302 5512 3405 5567 hoc

1808 5598 1975 5640 unum
2005 5597 2171 5643 supra
2188 5583 2408 5643 Filium,
2438 5582 2581 5651 quod
2604 5581 2673 5636 sit
2696 5583 2989 5647 ingenitus,
3006 5596 3069 5634 te
3094 5579 3403 5650 Filiiorigo.

1809 5656 1993 5713 Adisis
2024 5658 2124 5709 hac
2155 5656 2222 5711 de
2254 5669 2315 5725 re
2344 5653 2615 5725 synodum
2647 5653 2861 5709 Sartlte.
2883 5654 2936 5707 in
2981 5655 3125 5725 epist
3167 5655 3401 5725 synod;

1812 5726 2202 5793 Alexandrum,
2234 5723 2392 5781 Alex;
2449 5728 2645 5795 episc.,
2680 5726 3012 5783 scribentem
3055 5724 3119 5780 ad
3167 5723 3404 5789 Alexau;

1808 5797 2022 5882 (trinas,
2054 5798 2213 5891 cuius
2237 5797 2437 5865 littoris
2457 5811 2490 5871 rt
2508 5796 2859 5876 Theodorum
2881 5796 2976 5867 tib.
3005 5812 3047 5875 ι,
3069 5811 3190 5885 cap.
3215 5797 3406 5879 irate-
