3948 6172
540 277 643 334 575

1886 264 2127 323 SANCTI
2171 263 2497 322 AMBROSII

3699 256 3786 312 .576

543 419 660 458 vero
693 411 717 438 ³
741 412 787 456 te
824 398 1012 471 (Hebr.
1040 411 1112 462 vr,
1139 389 1782 464 15,14).Ergomajorcm
1809 403 1915 443 non
1941 386 2131 441 habuit
2159 390 2212 447 Α
2235 400 2350 440 mea
2397 383 2632 453 [undavit
2679 392 2890 445 terram,
2942 381 3154 432 dextera
3197 393 3307 432 mea
3355 374 3584 432 solidavit
3631 377 3786 430 emtum

547 494 813 559 Christus,
844 503 897 547 et
935 490 1058 544 ideo
1086 503 1184 560 per
1233 501 1292 541 se
1337 485 1563 556 juravit.
1609 482 1674 538 Et
1712 483 1852 538 bene
1882 479 2128 535 addidit:

555 585 799 641 Homines
824 584 959 638 enim
989 597 1078 652 per
1107 582 1353 652 majorem
1385 595 1436 632 se
1476 577 1662 647 jurant
1688 593 1707 640 ;
1736 574 1858 644 quia
1909 572 2136 627 homines

548 681 793 748 majorem
811 675 1016 740 habent,
1046 671 1186 727 Deus
1209 688 1308 726 non
1333 669 1479 724 habet
1509 668 1703 739 (Ibid.,
1737 666 1851 736 16‘).

617 771 705 826 72.
735 772 841 825 Aut
861 769 907 823 si
932 767 1124 822 volunt
1165 766 1232 820 de
1259 765 1422 819 Patre
1449 764 1651 818 dictmn
1685 761 1859 816 videri
1885 800 1900 827 ,
1932 759 2138 828 reliqua

549 880 656 920 non
689 863 1007 926 cohaerent;
1037 874 1214 928 neque
1245 860 1389 914 enim
1422 858 1585 912 Pater
1599 856 1748 910 visus
1777 862 1862 909 est
1883 851 2138 915 Abrahae,

549 972 651 1014 nec
680 959 788 1010 Deo
811 955 958 1010 Patri
989 952 1157 1024 pedes
1180 952 1330 1016 lavit,
1357 951 1452 1005 sed
1481 949 1527 1004 ei
1562 949 1613 1002 in
1646 961 1758 1017 quo
1785 944 1950 999 futuri
1974 943 2141 998 homi-

549 1052 634 1106 nis
672 1057 757 1107 est
804 1052 994 1120 ligura.
1030 1045 1270 1116 Denique
1313 1043 1489 1099 Filius
1542 1041 1634 1096 Dei
1667 1039 1837 1095 dicit:
1885 1037 2142 1091 Abraham

549 1145 682 1199 diem
713 1159 880 1197 meum
905 1141 1054 1206 vidit,
1079 1149 1126 1193 et
1154 1138 1387 1212 gruvisus
1414 1145 1486 1190 est
1513 1134 1697 1202 (Joan.
1729 1148 1842 1198 vm,
1878 1129 1993 1201 56).
2024 1129 2144 1200 Ipse

549 1251 636 1297 est
663 1255 796 1310 ergo
825 1239 914 1310 qui
942 1252 1036 1308 per
1063 1252 1124 1292 se
1145 1235 1374 1304 juravit,
1403 1249 1565 1304 quem
1592 1229 1866 1286 Abraham
1893 1229 2046 1283 vidit.

622 1333 709 1387 75.
740 1331 808 1386 Ει
837 1345 1030 1386 revera
1058 1326 1336 1398 quomodo
1367 1326 1631 1394 majorem
1665 1321 1860 1385 habet,
1885 1321 1976 1390 qui
2007 1318 2140 1372 divi-

547 1426 720 1482 nitate
774 1439 897 1479 cum
943 1423 1103 1478 Patre
1133 1436 1300 1475 unum
1345 1427 1430 1474 est
1478 1416 1676 1488 (Joan.
1715 1430 1767 1477 x,
1813 1411 1953 1482 5U)?
1990 1409 2146 1478 Quod

547 1521 693 1575 enim
718 1533 885 1572 unum
906 1524 1012 1583 est,
1036 1513 1301 1570 dissimile
1325 1527 1433 1567 non
1457 1518 1542 1565 est
1566 1527 1578 1563 :
1606 1511 1748 1563 inter
1764 1506 2027 1586 majorem
2051 1519 2148 1557 au-

547 1625 659 1671 tem
689 1613 1064 1681 mitioremque
1095 1607 1352 1663 discretio
1383 1616 1486 1660 est.
1514 1603 1656 1673 Ergo
1679 1601 1750 1656 de
1775 1599 1941 1670 Filio,
1976 1596 2149 1652 etPa-

550 1720 633 1764 tre
667 1707 952 1779 praesentis
1003 1703 1164 1758 docet
1201 1699 1457 1756 lectionis
1493 1694 1804 1764 exemplum
1832 1735 1847 1757 ,
1891 1693 2017 1761 quia
2049 1705 2148 1744 nec

2243 477 2408 550 (Esai.
2439 490 2607 531 xum
2630 516 2643 538 ,
2668 472 2734 526 12
2763 515 2776 538 ,
2808 472 2898 544 15)
2925 488 2939 536 ;
2963 480 3017 526 et
3044 469 3182 525 infra
3217 487 3229 523 :
3266 467 3377 540 Ego
3399 469 3591 523 locutus
3611 484 3728 532 sum,
3748 479 3786 523 et

2238 587 2330 640 ego
2357 570 2568 634 vocavi;
2596 567 2795 621 adduxi
2833 583 2947 620 eum
2973 609 2988 633 ,
3031 576 3079 619 et
3108 579 3414 635 prosperum
3444 563 3539 616 iter
3562 562 3666 633 ejus
3688 561 3787 632 feci.

2242 665 2477 720 Accedite
2501 668 2568 718 ad
2591 681 2690 729 me,
2713 672 2760 716 et
2786 661 2958 716 audite
2987 662 3096 716 Ittec
3119 677 3137 715 :
3162 678 3262 714 non
3289 661 3343 713 in
3365 659 3556 713 occulto
3579 659 3640 712 ab
3668 658 3790 712 initio
3841 665 3846 672 ‘

2243 762 2438 814 locutus
2465 776 2596 813 sum.
2639 758 2766 812 Cum
2793 758 2972 824 ﬁerent
2998 798 3013 822 ,
3059 754 3169 808 illi-r
3187 771 3327 808 erant
3354 769 3371 808 :
3409 765 3456 807 et
3489 769 3618 806 nunc
3641 750 3794 805 Domi-

2244 870 2338 906 nus
2361 853 2495 906 misit
2517 869 2617 916 me,
2657 861 2706 905 et
2739 851 2969 921 Spiritus
2989 851 3104 912 eius
3139 845 3332 919 (Ibid.,
3365 844 3462 912 15,
3494 843 3601 916 16).
3630 842 3793 913 Utique

2245 947 2337 1014 qui
2361 947 2559 1001 coelum
2594 944 2794 1000 recitet
2826 955 3026 997 terram
3053 983 3068 1007 ,
3102 942 3217 1012 ipse
3241 941 3371 995 dicit
3393 955 3422 993 a
3465 938 3680 994 Domino
3703 946 3748 992 et
3770 951 3795 992 a

2247 1041 2451 1111 Spiritu
2479 1043 2598 1109 ejus
2619 1055 2743 1094 esse
2767 1054 2825 1094 se
2858 1038 3103 1092 missum.
3138 1035 3349 1091 Videtis
3378 1049 3506 1104 ergo
3534 1033 3666 1104 quod
3687 1035 3797 1088 sitn-

2249 1135 2461 1204 plicitas
2500 1132 2769 1188 sermonis
2795 1174 2808 1198 ,
2842 1147 2948 1185 non
3003 1129 3197 1199 injuria
3226 1127 3393 1201 485
3436 1127 3695 1182 missionis
3721 1125 3795 1181 sit.

2247 1229 2368 1299 Ipse
2395 1229 2560 1299 igitur
2591 1228 2788 1281 missus
2818 1243 2845 1280 a
2865 1226 3045 1293 Patre,
3066 1226 3181 1295 ipse
3202 1235 3284 1280 est
3303 1226 3498 1278 missus
3515 1223 3580 1278 ab
3603 1221 3796 1294 Spiritu.

2321 1323 2408 1378 76.
2442 1325 2506 1378 Et
2530 1331 2588 1376 ut
2607 1337 2904 1392 cognoscas
2927 1321 3133 1376 nullam
3161 1318 3461 1383 majeStatis
3488 1331 3604 1373 esse
3625 1315 3798 1371 distan-

2251 1418 2402 1483 tiam,
2436 1419 2597 1472 etiam
2629 1417 2799 1471 Filius
2823 1415 3083 1484 Spiritum
3115 1414 3313 1479 mittit,
3345 1413 3485 1467 sicut
3516 1411 3626 1480 ipse
3653 1408 3798 1463 dixit:

2252 1512 2380 1566 Cum
2411 1512 2603 1565 venerit
2625 1519 2795 1564 autem
2819 1507 3116 1562 Paraclitus
3135 1548 3149 1573 ,
3179 1522 3326 1576 quem
3349 1521 3443 1576 ego
3477 1504 3663 1558 mittam
3687 1499 3802 1555 vobis

2251 1625 2281 1661 a
2313 1605 2469 1660 Patre
2493 1622 2636 1670 meo,
2667 1605 2895 1675 Spiritus
2925 1603 3154 1658 veritatis
3175 1645 3189 1667 ,
3221 1603 3308 1671 qui
3332 1619 3362 1654 a
3396 1599 3550 1655 Patre
3576 1614 3676 1653 meo
3700 1613 3802 1668 pro-

2251 1701 2382 1754 cedit
2406 1699 2587 1773 (Joan.
2620 1715 2724 1764 xv,
2750 1699 2874 1769 9.6).
2911 1698 3063 1753 llunc
3090 1697 3341 1752 eumdem
3377 1695 3682 1750 Paraclitum
3705 1700 3751 1746 et
3780 1706 3804 1746 a

549 1803 716 1859 Ραῑθΐ
744 1801 1010 1855 minorem
1043 1797 1232 1862 habt”.
1259 1808 1362 1849 nec
1385 1791 1646 1862 maiorem
1674 1787 1768 1843 θεῖ
1797 1786 1996 1852 Filius;
2023 1799 2145 1838 cum
2179 1815 2226 1872 Β
2255 1794 2414 1848 Patre
2441 1809 2562 1848 esse
2593 1792 2920 1848 mittendum
2951 1806 3114 1862 supra
3145 1789 3329 1845 docuit
3351 1789 3536 1845 dicens
3561 1806 3571 1840 :
3604 1784 3804 1841 Paracli-

549 1897 604 1951 in
636 1895 797 1949 Patre
835 1901 888 1946 et
917 1890 1060 1946 Filio
1087 1887 1232 1944 nulla
1274 1884 1532 1941 distantia
1564 1879 1869 1937 divinitatis
1911 1879 2018 1941 sit,
2055 1874 2150 1931 sed

555 2003 661 2044 una
687 1986 969 2058 majestas.

1155 2050 1385 2108 CAPUT
1437 2049 1528 2104 IX.

561 2155 930 2222 Ubiicientibus
960 2153 1008 2209 [θ’
1011 2154 1158 2209 ilium
1181 2169 1295 2206 cum
1318 2168 1349 2204 a
1377 2148 1535 2204 Patre
1557 2149 1621 2203 sit
1648 2147 1836 2200 missus
1858 2187 1872 2211 ,
1895 2161 1955 2198 eo
1983 2143 2158 2212 utique

631 2237 879 2292 minorem
902 2252 1011 2289 esse
1051 2253 1069 2301 ;
1112 2231 1455 2305 respondetur
1493 2230 1644 2283 illunt
1685 2227 1840 2282 etiam
1885 2242 1916 2278 a
1955 2223 2159 2294 Spiritu

631 2319 878 2382 missum,
923 2333 1021 2387 quo
1063 2304 1234 2368 tamen
1276 2312 1444 2366 minor
1483 2326 1586 2364 non
1615 2306 1889 2363 habeatur.
1937 2304 2159 2357 Additur

635 2399 791 2453 etiam
823 2384 1077 2466 Spiritum
1108 2394 1242 2448 mitti
1267 2410 1298 2446 a
1321 2391 1480 2446 Patre
1516 2399 1565 2444 et
1604 2385 1768 2454 Filio,
1796 2397 1852 2440 ut
1896 2384 2160 2451 utriusque

641 2478 1000 2548 operationum
1048 2477 1217 2529 unitas
1252 2473 1547 2542 designetur
1579 2485 1597 2522 :
1637 2466 1780 2521 Hinc
1822 2466 2161 2520 admonemur

638 2569 818 2623 sedulo
847 2563 1393 2636 distinguendumqute
1414 2559 1694 2612 locutiones
1719 2553 1920 2609 Christo
1945 2563 1996 2604 ut
2026 2551 2157 2615 Deo,

630 2665 802 2718 quwve
817 2647 983 2702 eidem
1020 2655 1072 2698 ut
1096 2644 1290 2697 homini
1339 2641 1642 2693 conveniant
1672 2653 1684 2688 :
1719 2650 1941 2702 quarum
1987 2647 2160 2686 exent-

637 2731 725 2801 pla
747 2743 851 2782 non
881 2741 1048 2796 pauca
1069 2722 1416 2795 subjiciuntur
1445 2727 1887 2790 exponunturque.

638 2843 724 2895 74.
755 2840 867 2894 Nec
894 2837 1029 2892 illud
1062 2850 1191 2891 sane
1219 2839 1403 2887 metuo
1429 2871 1443 2897 ,
1477 2829 1619 2900 quod
1650 2828 1832 2882 solent
1865 2826 2165 2882 obtendere

569 2936 834 2992 minorem
857 2931 1146 3000 esse,quia
1173 2929 1372 2982 missus
1401 2934 1504 2979 est.
1530 2925 1586 2978 Si
1611 2923 1752 2976 enim
1781 2931 1834 2975 et
1858 2921 2036 2975 minor
2061 2936 2164 2974 non

566 3031 813 3090 docetur,
834 3034 889 3080 et
910 3020 1336 3078 honorificentia:
1351 3018 1577 3073 docetur
1601 3017 1914 3086 aequalitas;
1941 3032 2061 3071 cum
2096 3017 2165 3070 ita

566 3135 758 3176 omnes
799 3115 1157 3173 honoriﬁcenl
1191 3112 1428 3176 Filium,
1486 3111 1627 3165 sicut
1672 3109 2036 3164 honoriﬁcam
2065 3108 2169 3162 Pa-

2256 1897 2339 1940 tus
2361 1895 2529 1939 autem
2550 1885 2640 1939 ille
2677 1885 2909 1955 Spiritus
2943 1893 3170 1946 sanctus,
3203 1899 3357 1955 queat
3399 1883 3559 1935 mittet
3593 1879 3732 1933 Pater
3763 1878 3803 1930 in

2258 1979 2463 2032 nomine
2491 1995 2601 2031 meo
2625 1977 2806 2050 (Joan.
2828 1993 2938 2043 MV,
2961 1975 3222 2047 26).Vide
3235 1975 3518 2043 unitatem,
3541 1973 3656 2044 quia
3671 1986 3805 2042 quem
3832 1973 3843 1985 '

2260 2071 2403 2125 Deus
2429 2071 2593 2125 Pater
2623 2070 2809 2135 mittit,
2853 2069 3019 2123 mittit
3061 2080 3112 2124 et
3157 2067 3330 2124 Filius
3360 2087 3375 2124 :
3408 2077 3461 2122 et
3490 2081 3639 2138 quem
3672 2063 3808 2119 mittit

2260 2163 2438 2230 Pater,
2470 2163 2638 2218 mittit
2667 2175 2720 2218 et
2748 2149 3002 2233 Spiritus.
3037 2161 3182 2216 cAut
3205 2163 3251 2216 si
3281 2162 3474 2216 nolunt
3501 2160 3680 2216 Filium
3704 2157 3808 2211 mis-

2261 2274 2378 2312 sum
2415 2300 2427 2324 ,
2479 2259 2601 2326 quia
2630 2258 2912 2311 dexteram
2945 2257 3120 2310 Patris
3140 2255 3338 2310 Filium
3365 2255 3621 2326 legimus;
3651 2251 3735 2322 ipsi
3755 2247 3808 2302 de

2265 2353 2421 2408 Patre
2450 2353 2593 2423 quod
2617 2353 2683 2407 de
2712 2351 2848 2407 Filio
2877 2351 3122 2405 abnuunt
3146 2393 3160 2417 ,
3193 2351 3506 2406 fatebuntur
3535 2367 3548 2402 :
3575 2348 3666 2403 nisi
3696 2347 3809 2402 forte

2264 2457 2354 2503 aut
2383 2448 2612 2502 alterum
2634 2447 2734 2503 sibi
2770 2447 2984 2502 Patrem
3005 2487 3019 2513 ,
3053 2456 3147 2500 aut
3177 2445 3409 2502 alterum
3432 2445 3531 2501 sibi
3554 2443 3726 2498 Filium
3746 2440 3811 2493 in-

2267 2542 2487 2624 veniant
2514 2544 2723 2597 Ariani.

2341 2637 2428 2690 77.
2465 2636 2676 2692 Sileant
2724 2634 2886 2704 igitur
2912 2634 2937 2673 ά
2973 2637 3163 2692 inanes
3190 2637 3259 2692 de
3308 2634 3644 2692 sermonibus
3669 2644 3811 2702 quies-

2268 2729 2466 2794 tiones;
2498 2729 2619 2799 quia
2650 2743 2876 2796 regnum
2908 2729 3001 2784 Dei
3030 2771 3044 2795 ,
3073 2729 3215 2784 sicut
3255 2728 3521 2798 scriptum
3556 2735 3632 2782 est
3657 2725 3693 2794 (Ι
3714 2721 3808 2776 Cor.

2267 2836 2327 2884 tt,
2353 2821 2432 2892 4),
2461 2838 2567 2876 non
2594 2823 2643 2876 in
2670 2822 3022 2891 persuasione
3047 2821 3196 2876 verbi
3221 2830 3325 2888 est,
3358 2821 3455 2876 sed
3479 2821 3532 2875 in
3546 2815 3811 2874 ostensione

2267 2915 2506 2971 virtutis.
2541 2916 2832 2971 Servcmus
2867 2915 3269 2972 distinctionem
3311 2914 3606 2970 divinitatis
3651 2920 3810 2966 ctcar-

2272 3011 2375 3066 nis.
2403 3011 2555 3068 Unus
2587 3013 2637 3066 in
2671 3021 2900 3082 utraque
2923 3011 3161 3082 loquitur
3187 3010 3283 3066 Dei
3317 3011 3471 3066 Flius
3495 3027 3510 3076 ;
3535 3008 3649 3080 quia
3678 3005 3722 3060 in
3741 3018 3812 3058 eo—

2269 3103 2395 3159 dem
2425 3112 2656 3175 utraque
2679 3116 2872 3159 natura
2898 3112 2981 3158 est
3024 3119 3037 3161 :
3089 3112 3144 3158 et
3193 3105 3235 3158 si
3285 3103 3429 3159 idem
3460 3101 3702 3174 loquitur,
3729 3110 3810 3152 non

567 3225 704 3268 trem
731 3211 749 3283 (
775 3209 934 3265 Joan.
987 3225 1038 3275 v,
1081 3205 1219 3278 25),
1245 3211 1457 3261 constat
1484 3217 1550 3258 eo
1581 3203 1850 3258 minerem
1885 3217 1994 3257 non
2023 3215 2165 3268 esse,
2197 3200 2242 3263 C
2273 3213 2381 3252 uno
2437 3213 2654 3268 semper
2700 3199 2939 3268 loquitur
2989 3195 3172 3253 modo.
3229 3196 3460 3253 intende
3511 3198 3561 3251 in
3600 3178 3661 3250 eo
3702 3202 3813 3247 nunc

567 3307 711 3380 quod
741 3306 940 3361 missus
961 3311 1064 3358 est.

641 3402 731 3456 75.
772 3399 892 3455 Non
932 3412 1062 3469 ergo
1088 3393 1313 3452 humani
1357 3393 1626 3449 sermonis
1674 3379 1971 3462 angustias,
2009 3389 2038 3428 ι)
2069 3389 2163 3443 sed

570 3496 865 3551 verborum
892 3493 1196 3548 claritatem
1245 3490 1480 3556 intuere,
1512 3487 1773 3558 operibus
1802 3485 1985 3541 crede.
2015 3483 2168 3539 Con-

567 3592 745 3646 sidera
778 3589 902 3660 quia
935 3587 1198 3641 Dominus
1239 3591 1428 3639 noster
1448 3581 1607 3638 Jesus
1635 3581 1886 3636 Christus
1916 3579 1966 3633 in
2003 3577 2162 3632 Esaia

567 3686 782 3741 loculus
812 3693 896 3740 est
925 3682 994 3737 ab
1022 3681 1226 3751 Spiritu
1272 3687 1463 3733 sancto
1492 3690 1615 3732 esse
1644 3690 1705 3730 se
1733 3675 1961 3729 missum
2014 3671 2162 3744 (Esa.

573 3795 657 3835 LXI
688 3822 702 3846 ,
744 3777 819 3849 l).
869 3772 1140 3844 Numquid
1172 3787 1302 3842 ergo
1323 3770 1534 3840 Spiritu
1573 3769 1750 3824 minor
1779 3765 1949 3820 Filius
1978 3807 1992 3830 ,
2041 3764 2164 3835 quia

567 3872 770 3926 missus
797 3870 866 3924 ab
888 3867 1094 3936 Spiritu
1119 3876 1200 3919 est
1225 3866 1250 3918 ἶ)
1283 3863 1465 3917 llabes
1515 3862 1678 3932 igitur
1721 3858 1982 3928 scriptum
2015 3855 2157 3926 quod

567 3963 738 4018 Filius
767 3978 794 4015 a
829 3961 988 4016 Patre
1015 3967 1069 4014 et
1095 3957 1304 4024 Spiritu
1335 3955 1456 4024 ejus
1487 3953 1629 4008 dicat
1660 3967 1783 4007 esse
1807 3965 1867 4006 se
1897 3949 2121 4003 missum
2151 3965 2164 4000 :

572 4058 683 4129 Ego
699 4075 835 4123 sunt,
864 4057 1060 4126 inquit,
1091 4055 1308 4124 primus,
1342 4063 1389 4105 et
1413 4067 1506 4122 ego
1535 4052 1586 4103 in
1607 4060 1878 4113 wternum,
1908 4055 1956 4101 et
1983 4059 2167 4098 manus

565 4181 791 4235 runtur;
821 4169 1180 4225 Athanasium
1211 4167 1308 4221 lib.
1344 4182 1402 4232 ιι,
1449 4165 1501 4218 in
1530 4163 1806 4235 Arianos;
1837 4158 2158 4235 Gregorium

565 4242 698 4297 Naz.
727 4229 879 4296 orat.
913 4242 946 4295 5
990 4249 1046 4294 et
1079 4240 1180 4302 δυ,
1213 4229 1500 4307 (Ζιινγδόει.
1550 4236 1698 4288 hom.
1733 4229 2164 4307 'i_5__in_Joan.et

565 4314 706 4369 alios
749 4311 1020 4367 Graecos:
1082 4299 1226 4363 inter
1257 4299 1481 4362 Laiinos
1520 4314 1701 4358 autem
1743 4303 2011 4356 Hilarium
2063 4299 2161 4354 lib.

565 4400 618 4439 ts
663 4385 731 4438 de
761 4382 962 4438 Trinit.
1005 4397 1057 4436 c.
1097 4381 1160 4434 5i
1196 4390 1364 4446 atque
1403 4377 1765 4446 Augustinum
1814 4373 1974 4446 lilitu
2017 4381 2162 4426 cont.

570 4455 786 4511 Maxim.
836 4455 1026 4509 Arian.
1060 4465 1180 4520 cap.
1225 4443 1314 4504 ﬂ.
1369 4443 1536 4518 Magis
1576 4456 1756 4500 tamen
1807 4443 2164 4498 Atnbrosiana

565 4527 851 4582 distinctio
879 4524 1114 4578 obtinuit
1145 4521 1287 4590 apud
1319 4530 1586 4589 posteros.

642 4608 667 4635 λ
703 4596 956 4651 Nonnulli
997 4610 1127 4648 mss.
1157 4584 1195 4651 .’
1218 4603 1264 4646 ει
1296 4584 1688 4663 multiplicando
1711 4584 2159 4663 muitiplicaberis.

640 4667 666 4706 δ
695 4669 823 4723 Mss.
852 4666 995 4722 And.
1030 4675 1086 4721 et
1115 4664 1324 4728 Ebrul.,
1355 4657 1739 4715 sed'verborum
1765 4657 2073 4728 claritatem.

647 4751 669 4779 ο
705 4743 830 4794 Ant.
865 4738 1001 4795 edit.
1036 4753 1158 4792 cum
1185 4750 1292 4790 uno
1312 4727 1397 4788 vel
1422 4733 1596 4787 altero
1627 4728 1877 4794 ms.,Aut
1902 4727 1946 4782 si
1968 4730 2164 4791 volunt;

570 4812 728 4867 Rom.
762 4822 818 4866 et
847 4826 978 4865 mss.
1008 4810 1193 4864 caueri
1222 4850 1234 4868 ,
1279 4808 1378 4860 Aut
1408 4806 1452 4859 si
1487 4803 1690 4859 nolunt.
1725 4801 1941 4862 Optime
1965 4841 1980 4864 ,
2029 4799 2171 4853 refe-

569 4883 796 4938 rendum
838 4883 984 4937 enim
1016 4880 1082 4935 ad
1118 4879 1308 4933 ultima
1340 4877 1504 4931 verba
1536 4876 1640 4931 loci
1687 4889 1753 4929 ex
1785 4870 1941 4926 Esaia
1973 4871 2123 4924 citati
2153 4911 2167 4929 ,

574 4953 825 5007 Dominus
877 4952 1012 5005 misit
1058 4967 1180 5016 me,
1241 4960 1287 5004 et
1343 4949 1572 5020 Spiritus
1613 4947 1747 5020 ejus.
1813 4943 2024 5020 Etenim
2079 4943 2171 5010 qui

568 5025 842 5080 Christum
864 5023 951 5078 hic
978 5040 1006 5078 a
1035 5025 1292 5092 propheta
1315 5016 1631 5088 lo-ptentem
1657 5016 1836 5071 induci
1867 5019 2170 5092 uegaVerit,

566 5111 690 5151 eum
718 5098 836 5151 lucc
867 5088 1204 5150 verba'Patri
1235 5093 1532 5146 attribuere
1560 5102 1845 5143 necessum
1875 5088 2001 5140 erit.

637 5164 665 5203 δ
697 5168 771 5221 lta
807 5181 914 5221 non
937 5167 1114 5220 solum
1149 5162 1492 5219 Ambrosiani
1522 5160 1645 5215 cod.
1671 5171 1860 5213 omnes
1887 5158 2074 5223 scripti
2097 5169 2161 5208 ac

566 5238 698 5293 etliti
733 5257 745 5302 ;
793 5253 981 5292 verum
1027 5238 1188 5292 etiam
1217 5233 1519 5288 Concilium
1571 5230 1770 5299 Ephes.
1807 5245 1861 5292 I,
1891 5226 2036 5302 quod
2061 5235 2163 5302 ‘est

565 5295 821 5375 generale
851 5325 905 5362 ιιι
928 5349 942 5372 ,
969 5325 1088 5377 cap.
1113 5308 1184 5362 24
1211 5348 1225 5368 ,
1255 5305 1397 5377 inter
1423 5295 1636 5368 excepta
1657 5317 1726 5377 ea:
1754 5295 2018 5366 opusculis
2050 5295 2160 5377 Pa:

563 5367 742 5438 trum.
775 5389 906 5436 tom.
930 5367 1003 5434 ἸΙΙ
1025 5367 1050 5446 ,’
1078 5367 1221 5434 edit.
1255 5375 1467 5446 Labbg,
1500 5367 1620 5443 qua:
1657 5372 2103 5446 in_act._quoq_ue
2129 5367 2162 5422 6

564 5452 792 5522 repetita
833 5463 958 5505 sunt
1013 5439 1066 5504 in
1111 5449 1339 5522 Collect.
1403 5439 1926 5522 B_a_l_iiz:_et_Conc_il.
1966 5439 2157 5522 tilia-lc.

560 5509 834 5580 meomeo.
853 5538 929 5583 ιιι.
948 5531 1036 5577 act
1062 5523 1085 5576 ι
1115 5533 1169 5575 et
1191 5518 1248 5582 2,
1275 5529 1406 5571 tom.
1436 5515 1524 5580 IV,
1548 5511 1794 5583 ejusdem
1809 5512 1938 5564 edit.
1966 5509 2157 5574 ιλιι)ηά

561 5612 748 5651 verum
777 5581 942 5648 etiam
976 5596 1028 5647 in
1055 5593 1214 5656 epist.
1259 5589 1458 5645 Leonis
1507 5581 1658 5657 papae
1686 5581 1753 5636 ad
1786 5583 1956 5657 bcon.
1989 5583 2159 5657 impe-

555 5677 660 5721 rat.
693 5681 815 5719 cum
849 5664 990 5732 apud
1023 5651 1296 5718 Labhenm
1319 5671 1369 5732 γι.
1401 5651 1646 5732 lll,'tum
1680 5657 1732 5708 in
1757 5652 1891 5706 edit.
1921 5651 2156 5732 Quenel-

557 5736 703 5790 liana
750 5724 986 5800 Oper-um
1027 5733 1271 5798 eiusdem
1317 5731 1513 5798 Leonis
1560 5729 1612 5784 in
1663 5736 1923 5800 contestu
1953 5724 2151 5800 pilata!

557 5805 745 5870 e'pisL,
774 5791 1015 5858 attamen
1038 5791 1237 5856 ibidem
1263 5803 1314 5856 in
1339 5795 1582 5864 margine
1609 5796 1925 5862 Qucnellius
1953 5791 2142 5848 locuti.

2269 3291 2498 3363 gloriam
2531 3291 2663 3357 Dei,
2699 3306 2844 3346 nunc
2882 3291 3119 3346 hominis
3150 3291 3461 3362 passiones.
3515 3288 3668 3358 Quasi
3704 3285 3814 3340 Deus

2269 3382 2504 3453 loquitur
2529 3398 2648 3453 quae
2677 3391 2806 3436 sunt
2833 3382 3011 3437 divina
3044 3425 3058 3447 ,
3101 3383 3226 3453 quia
3253 3381 3491 3439 Verbum
3539 3393 3652 3436 eSt:
3693 3373 3812 3448 quasi

2270 3473 2435 3528 homo
2462 3474 2594 3530 dicit
2616 3491 2737 3546 quae
2765 3484 2893 3531 sunt
2915 3476 3148 3530 humana
3181 3519 3196 3544 ,
3233 3476 3359 3546 quia
3389 3476 3442 3532 in
3475 3490 3588 3531 mea
3609 3471 3814 3528 substan-

2268 3569 2337 3623 tia
2371 3568 2711 3639 loquebatur.

2343 3662 2430 3716 78.
2490 3660 2589 3714 Hic
2649 3672 2720 3717 est
2772 3665 2922 3732 panis
2971 3664 3144 3732 vivus,
3191 3665 3279 3734 qui
3328 3664 3589 3720 descendit
3627 3663 3684 3716 de
3718 3655 3814 3712 ratio

2271 3753 2450 3825 (Joan.
2487 3771 2562 3820 vi,
2593 3754 2704 3826 51).
2739 3755 2901 3810 Panis
2934 3757 3021 3812 hic
3049 3771 3178 3811 caro
3205 3767 3290 3813 est
3323 3800 3338 3824 ,
3382 3759 3520 3814 sicut
3546 3757 3654 3826 ipse
3673 3749 3812 3808 dixit:

2276 3847 2378 3901 Hic
2401 3849 2548 3914 panis
2574 3865 2721 3919 quem
2743 3866 2837 3921 ego
2866 3850 2999 3904 dabo
3029 3892 3044 3916 ,
3079 3867 3198 3906 caro
3229 3868 3341 3904 mea
3369 3863 3445 3906 est
3491 3853 3509 3923 (
3535 3848 3685 3912 Ibid.,
3712 3842 3814 3909 52)·

2273 3940 2370 3996 llic
2413 3950 2496 3995 cst
2537 3943 2626 4011 qui
2660 3940 2942 3997 descendit
2972 3945 3039 3998 de
3063 3943 3205 3999 coelo
3233 3985 3246 4009 ,
3279 3942 3371 3998 hic
3400 3955 3481 3999 est
3511 3955 3660 4014 quem
3689 3936 3816 3991 Pater

2272 4034 2648 4098 sanctilicavit,
2692 4046 2747 4090 et
2796 4037 2946 4090 misit
2984 4036 3035 4090 in
3062 4035 3205 4092 hunc
3247 4037 3531 4093 mundum.
3559 4032 3701 4090 °Nec
3727 4027 3815 4096 ipsa

2266 4155 2480 4210 Thuau.
2513 4155 2778 4225 scriptum
2811 4155 3055 4222 notavit,
3101 4157 3271 4211 inanis
3301 4153 3666 4213 dissertationis
3687 4161 3814 4222 quatt-

2268 4227 2450 4280 tiones.
2485 4226 2624 4280 lnl‘ra
2648 4243 2777 4283 vero
2806 4227 3134 4297 diligentiss.
3168 4228 3425 4284 Baluzius
3449 4244 3514 4282 ex
3538 4233 3818 4297 vet._excnt-

2271 4298 2514 4367 pluribus
2541 4297 2757 4366 Ephes.
2791 4289 3019 4352 Concilii
3043 4340 3056 4364 ,
3106 4314 3172 4353 ex
3201 4300 3399 4354 Contio
3427 4309 3480 4354 et
3509 4314 3604 4353 ms.
3632 4289 3810 4367 Corbfi.

2272 4361 2466 4441 synodi
2518 4361 2774 4424 Chalced.
2809 4371 2894 4424 cui
2925 4361 3088 4424 etiam
3121 4369 3332 4425 Rusﬁci
3367 4373 3660 4441 lectionem
3675 4361 3813 4441 addit.

2272 4431 2471 4509 quibus
2508 4450 2772 4510 pra-terea
2813 4441 3044 4511 jungere
3089 4441 3332 4496 licuisst-t
3377 4458 3444 4498 cx
3487 4444 3598 4510 ipsa
3631 4431 3817 4511 Syuotlti

2273 4501 2462 4567 Chalc.
2505 4501 2636 4588 édn.
2664 4501 2834 4588 Labb'.
2865 4501 3054 4588 Grtcca
3097 4513 3210 4588 illa,
3245 4510 3314 4574 εἷς
3350 4516 3400 4569 ἐν
3437 4501 3815 4588 seiugatam

2193 4567 2244 4626 Ῐ)
2268 4590 2359 4639 τοῦ
2391 4590 2519 4639 Θεοῦ
2561 4585 2673 4644 Υἱὸς
2698 4623 2713 4647 ,
2766 4583 2905 4638 sicut
2934 4594 2988 4638 et
3017 4567 3513 4640 laudatam-Leonis
3540 4567 3686 4651 eiust.
3711 4575 3816 4630 Edil-

2272 4657 2472 4737 Quen.;
2509 4655 2559 4707 in
2592 4655 2784 4737 eodem
2815 4657 2978 4737 igitur
3010 4655 3210 4724 Ephes.
3233 4657 3405 4712 Cone.
3431 4656 3818 4737 Ιὶίιιιιιίυερςρρ-

2271 4719 2403 4792 suit,
2436 4742 2568 4778 unus
2595 4727 2649 4779 in
2678 4719 2892 4796 utroque
2923 4719 3119 4780 locutus
3147 4737 3238 4784 est.
3275 4737 3409 4794 etc.,
3439 4729 3528 4782 ubi
3557 4719 3687 4793 apud
3714 4719 3821 4796 Am.-

2274 4785 2536 4860 hrosium,
2560 4785 2892 4862 Facundum,
2914 4806 2968 4853 et
3010 4799 3062 4852 in
3085 4810 3192 4852 act.
3223 4800 3256 4854 5
3283 4785 3510 4854 Concilii
3539 4785 3702 4850 Later.
3739 4785 3819 4862 sub

2277 4869 2511 4923 Martino
2540 4884 2697 4938 papa,
2725 4884 2828 4923 nec
2852 4861 2957 4922 nou
2984 4870 3034 4922 in
3063 4885 3195 4924 mss.
3225 4869 3439 4925 duobus
3468 4869 3615 4924 Culb.
3641 4861 3818 4931 legeba-

2277 4951 2382 5003 tur,
2437 4956 2569 4992 unus
2598 4941 2650 4993 in
2677 4950 2893 5008 utraque
2925 4941 3126 4994 locutus
3167 4951 3243 4995 est
3269 4983 3282 5001 ,
3319 4951 3425 4996 etc.
3467 4942 3629 5007 Quam
3669 4942 3816 4987 tamen

2279 5012 2590 5075 lectionem,
2621 5021 2824 5080 prteler
2846 5013 2960 5066 hmc
2983 5027 3010 5064 a
3027 5012 3376 5082 Baluzioipso
3395 5015 3818 5082 itteiitor:tt:t,_no§-

2264 5084 2332 5137 tri
2365 5097 2555 5135 omnes
2577 5071 2734 5145 mss...
2769 5083 2982 5136 laudata
3004 5082 3252 5138 .Concilia
3283 5071 3485 5152 Ephcs.
3513 5091 3566 5135 et
3593 5075 3754 5152 (litalc.
3777 5071 3814 5120 in

2265 5153 2432 5210 Lahb.
2463 5153 2593 5206 edit.
2629 5162 2791 5222 atque
2815 5153 2974 5223 epist.
3020 5154 3212 5209 Leonis
3239 5149 3436 5209 ibidem
3468 5196 3482 5220 ,
3517 5149 3676 5207 series
3706 5155 3816 5215 quo-

2264 5239 2372 5297 que
2401 5225 2682 5297 orationis,
2718 5225 2874 5294 plane
2895 5226 3234 5281 conﬁrmant.

2341 5306 2363 5332 ε
2393 5295 2597 5349 Omnes
2631 5285 2762 5348 edit.
2811 5311 2874 5349 ac
2915 5311 3044 5350 mss.
3091 5312 3194 5349 non
3229 5295 3406 5366 pauci,
3457 5293 3582 5349 Hice
3618 5293 3719 5366 ipsa
3749 5285 3814 5336 tit-

2267 5378 2467 5422 tera....
2509 5383 2608 5419 non
2641 5368 2954 5438 divinitatem
2996 5368 3233 5438 eguisse;
3261 5368 3344 5421 alii
3375 5382 3504 5420 mss.
3545 5375 3596 5420 et
3621 5367 3814 5438 ,σηοως

2271 5449 2446 5493 textus
2495 5437 2697 5508 Synodi
2735 5438 2921 5492 Chalc.
2952 5431 3082 5492 edit.
3115 5439 3281 5492 Labb.
3312 5438 3588 5492 nobiscum
3617 5431 3810 5508 faciunt;

2269 5519 2499 5576 excepto
2530 5505 2671 5575 quod
2701 5511 2943 5564 nomtulli
2973 5510 3094 5564 cod.
3120 5511 3395 5578 geminant
3435 5508 3746 5578 negationem
3773 5505 3810 5545 ιη

2266 5575 2418 5661 hunc
2460 5579 2714 5644 modum,
2768 5582 3018 5661 pec_ipsa
3066 5575 3328 5635 littera....
3394 5595 3497 5633 non
3537 5575 3809 5661 αὲυῑιεξιιειρηι

2255 5651 2462 5722 eguisse
2493 5666 2511 5703 :
2559 5641 2720 5722 quam
2768 5641 3058 5707 lectionem
3095 5667 3165 5706 ex
3204 5652 3615 5722 antiq._exemp.
3647 5641 3808 5722 ζξιοΙιεξ

2259 5707 2486 5792 δὲηοιιὶ,
2515 5707 2804 5777 αι’όιιοιιιιε
2836 5722 3089 5778 Ambros.
3118 5707 3353 5792 prmtulii-
3377 5707 3808 5792 Balnziusﬂcrnlﬂ

2257 5779 2483 5846 omnino
2523 5793 2933 5858 expungendum
2987 5779 3276 5848 siecuitdam
3326 5799 3654 5849 negationem
3681 5779 3808 5830 dot“!
