3932 6176
112 248 208 302 577

1460 250 1547 307 DE
1588 251 1746 310 FIDE
1786 251 1915 309 LIB.
1958 252 2022 309 ll.

3274 256 3382 314 578

113 360 273 416 littera
299 374 396 416 nos
418 361 583 418 docet
603 361 1034 419 sanctiﬁcatione
1055 363 1390 421 divinitatem
1423 368 1636 438 eguisse
1670 409 1683 432 ,
1717 370 1764 428 A
1794 369 1927 423 riam
1960 368 2117 424 habet
2147 408 2162 433 ,
2197 376 2253 420 ut
2277 365 2454 422 Patris
2476 374 2530 422 et
2551 366 2672 423 Filii
2705 379 2808 423 una
2841 367 2912 422 sit
2939 368 3128 438 gloria.
3161 368 3276 425 Non
3299 380 3382 426 est

109 454 191 510 sed
233 471 468 511 carnem.
514 457 755 526 Denique
796 458 909 529 ipse
960 458 1216 514 Dominus
1247 459 1426 516 dixit:
1482 463 1548 517 Et
1593 481 1684 534 ego

109 550 437 616 memetipsum
473 551 740 621 sanctiﬁco
769 567 860 621 pro
895 551 1022 624 ipsis
1059 551 1242 622 (Joan.
1267 569 1397 620 xvn,
1443 555 1532 624 19)
1563 572 1578 621 ;
1629 566 1683 610 ιιι

108 656 349 710 agnoscas
374 643 519 714 quod
551 653 604 698 et
629 645 998 700 sanetilicatur
1025 646 1078 701 in
1103 662 1267 703 carne
1292 663 1390 718 pro
1419 649 1597 715 nobis,
1629 659 1684 706 et

108 733 367 789 divinitate
393 735 714 791 sanctiﬁcat.

170 827 249 882 79.
279 826 376 880 llic
404 827 550 883 idem
578 839 661 884 est
687 846 847 900 quem
877 831 1038 887 Pater
1074 833 1242 899 misit,
1271 835 1364 889 sed
1395 839 1590 908 factum
1619 852 1684 891 ea:

109 919 548 992 ntuliere,’(actum
571 924 664 976 sub
693 923 828 997 Lege
851 965 865 991 ,
901 935 955 979 ιιι
983 927 1279 995 Apostolus
1301 928 1437 983 dixit
1479 927 1677 1001 (Galat.

107 1028 168 1079 ιν,
190 1013 262 1082 1).
294 1013 390 1069 Hic
414 1023 499 1070 est
519 1057 534 1081 ,
579 1016 668 1085 qui
699 1018 774 1072 ait
807 1035 819 1070 :
864 1019 1096 1086 Spiritus
1127 1019 1336 1074 Domini
1366 1039 1522 1092 super
1559 1039 1638 1076 me
1660 1065 1676 1089 ,

109 1115 298 1175 propter
323 1107 464 1178 quod
489 1109 638 1163 unxit
667 1126 747 1163 me
770 1125 789 1164 :
815 1111 1166 1183 euangelizare
1202 1114 1516 1183 pauperibus
1541 1116 1680 1169 misit

107 1215 173 1252 me
196 1198 338 1271 (Luc.
362 1216 436 1267 tv,
473 1202 586 1269 18).
619 1201 715 1258 Hic
743 1213 828 1258 est
853 1207 944 1273 qui
975 1205 1108 1260 dicit
1136 1222 1148 1258 :
1184 1205 1306 1260 Mea
1322 1207 1556 1261 doctrina
1577 1224 1679 1262 non

105 1303 168 1347 est
190 1310 313 1358 mea,
335 1295 427 1348 sed
457 1297 570 1368 ejus
610 1297 698 1367 qui
719 1296 856 1351 misit
883 1315 980 1352 me.
1017 1299 1080 1354 Si
1107 1301 1222 1369 quis
1251 1286 1470 1356 voluerit
1498 1303 1680 1358 volun-

106 1395 237 1440 tatem
275 1387 382 1456 ejus
428 1391 622 1459 facere,
684 1401 952 1460 cognoscet
996 1390 1062 1445 de
1098 1392 1356 1459 doctrina,
1398 1404 1571 1448 utrum
1615 1411 1680 1450 ea:

105 1476 200 1532 Deo
221 1490 319 1548 cst,
361 1497 427 1534 an
458 1499 552 1552 ego
575 1498 605 1534 a
630 1499 711 1537 me
736 1484 849 1554 ipso
878 1485 1059 1555 loquar
1082 1484 1263 1557 (Joan.
1296 1502 1408 1552 vn,
1444 1487 1530 1551 16,
1565 1489 1675 1559 17).

108 1573 208 1628 Alia
240 1589 363 1646 ergo
401 1591 467 1630 ex
514 1575 630 1631 Deo
657 1577 939 1646 doctrina,
973 1579 1074 1634 alia
1120 1596 1183 1636 ex
1218 1580 1455 1636 homine.
1494 1583 1678 1654 Itaque

106 1665 248 1722 Jndmi
275 1684 391 1724 cum
417 1669 724 1725 doctrinam
756 1672 875 1742 ejus
895 1674 1197 1728 secundum
1217 1674 1493 1731 hominem
1520 1692 1674 1748 qure-

1789 475 1920 528 Crgo
1956 460 2139 514 minor
2179 460 2230 514 ιιι
2261 459 2531 519 claritate.
2561 460 2682 531 quia
2707 476 2810 514 una
2839 461 3007 530 gloria
3033 480 3046 516 :
3069 478 3175 516 non
3203 463 3382 517 minor

1786 553 2092 618 divinitate,
2120 553 2246 623 quia
2277 553 2557 623 plenitudo
2584 555 2888 610 divinitatis
2918 556 2969 609 in
2998 553 3216 611 Christo
3237 567 3340 611 est.

1858 649 1946 705 83.
1980 633 2044 702 Et
2070 648 2363 718 quomodo,
2398 648 2600 719 inquis,
2631 647 2890 720 scriptum
2923 660 3005 705 est
3033 665 3050 702 :
3085 648 3266 716 Pater,
3295 666 3378 705 ve-

1783 744 1857 796 nit
1883 743 2040 809 liora,
2067 743 2300 813 clariﬁca
2325 743 2526 798 Filium
2547 755 2692 798 tuum
2719 743 2917 814 (Joan.
2947 761 3055 800 xvu
3075 785 3090 812 ,
3123 747 3146 800 1
3173 745 3239 816 )ἳ
3273 745 3375 816 Qui

1785 835 1888 890 hoc
1919 835 2085 901 dicit,
2122 835 2543 902 clariﬁcatione,
2574 837 2752 906 inquis
2777 877 2792 903 ,
2824 837 3049 909 indiget.
3089 837 3378 910 [lucusque

1783 927 1970 981 oculos
2004 927 2172 982 habes
2206 946 2219 982 :
2269 927 2412 998 quod
2447 929 2710 1000 reliquum
2751 939 2835 985 est
2873 945 2979 985 non
3027 930 3201 1001 legisti
3234 947 3249 997 ;
3289 945 3380 988 se-

1782 1018 1966 1088 quitur
2012 1021 2198 1075 enim:
2255 1020 2324 1076 Ut
2378 1020 2547 1074 Filius
2598 1031 2717 1076 tuus
2769 1021 3022 1093 clariﬁcet
3071 1033 3118 1078 te
3156 1022 3372 1094 (lbid.).

1782 1108 2049 1180 Numquid
2091 1121 2143 1166 et
2187 1111 2347 1168 Pater
2374 1112 2616 1183 indiget,
2658 1111 2750 1185 qui
2797 1114 3176 1170 clarificandus
3215 1129 3246 1170 a
3289 1115 3378 1171 Fi-

1781 1200 1855 1256 lio
1884 1202 2012 1258 est?

2405 1275 2635 1333 CAPUT
2683 1277 2751 1333 Χ.

1803 1365 2156 1436 Objectionent
2217 1385 2248 1421 a
2304 1366 2433 1423 Filii
2483 1369 2772 1424 obedientia
2834 1372 3157 1442 desumptam
3206 1371 3378 1441 solvit,

1852 1469 2154 1530 ostensoque
2177 1458 2452 1515 Trinitatis
2494 1477 2652 1516 unam
2695 1466 3012 1533 potentiam,
3060 1464 3376 1520 divinitatem

1849 1560 1999 1622 atque
2028 1553 2378 1622 Operationem
2409 1569 2518 1607 esse
2547 1594 2562 1619 ,
2607 1555 2752 1607 addit
2793 1553 3054 1610 Christum
3086 1556 3242 1610 etiam
3270 1572 3381 1610 nta-

1853 1645 1948 1711 tri,
1981 1661 2083 1714 qua
2114 1645 2282 1700 minor
2311 1645 2413 1699 dici
2454 1646 2752 1718 neutiquam
2793 1659 2990 1720 potest,
3040 1649 3378 1705 obedientiam

107 1773 284 1827 ferent,
317 1771 369 1818 et
389 1762 638 1818 dicerent
668 1782 682 1819 :
718 1738 989 1832 Quomodo
1013 1765 1095 1820 ltic
1127 1768 1322 1821 litteras
1349 1768 1486 1822 novit
1511 1738 1675 1834 ,'cum
1705 1762 1752 1822 Β
1850 1738 2160 1792 θτὴίθηίδδεο

111 1870 194 1906 non
207 1855 434 1910 didicerit
460 1857 646 1928 (Joan.
668 1873 763 1923 vit,
791 1857 920 1931 15)?
944 1859 1223 1928 restiondit
1240 1859 1418 1922 Jesus,
1438 1860 1674 1915 etdixit:

111 1946 210 2002 Mea
234 1951 482 2017 doctrina,
515 1968 620 2006 non
642 1962 717 2007 est
746 1969 896 2018 mea;
930 1970 1052 2008 nam
1080 1970 1204 2009 cum
1234 1955 1351 2010 sine
1377 1954 1677 2028 Meru-

113 2038 289 2095 ditinne
313 2043 623 2099 litterarum
638 2044 974 2112 doeeat,non
998 2048 1152 2117 quasi
1170 2047 1355 2114 homo,
1380 2049 1473 2102 sed
1502 2050 1679 2117 potius

112 2142 162 2186 ut
196 2133 324 2189 Deus
351 2135 570 2190 videtur
593 2137 823 2204 docere,
868 2140 960 2210 qui
993 2139 1296 2194 doctrinam
1332 2156 1437 2196 non
1476 2141 1679 2198 didice-

115 2225 202 2289 rit,
239 2227 324 2283 sed
354 2229 646 2285 invenerit.

173 2322 248 2375 80.
278 2320 572 2378 Adinvenit
609 2325 755 2379 enim
803 2339 1020 2381 omnem
1049 2328 1192 2382 viam
1221 2327 1522 2398 disciplina:
1555 2371 1568 2394 ,
1624 2340 1681 2385 ιιι

115 2422 250 2480 supra
275 2413 462 2469 lectum
495 2425 629 2482 est;
660 2433 784 2472 nam
829 2419 1011 2488 tttiqne
1049 2419 1116 2476 de
1156 2420 1294 2476 Filio
1341 2422 1431 2477 Dei
1475 2423 1676 2478 dictum

116 2490 182 2560 est
210 2495 229 2561 ί
251 2507 344 2564 llic
373 2521 444 2566 est
476 2510 624 2566 Deus
654 2523 843 2580 noster,
870 2524 917 2570 et
949 2532 1047 2569 non
1078 2515 1416 2572 testitnabitur
1442 2518 1578 2572 alius
1612 2517 1680 2570 ad

117 2613 210 2652 eum
234 2603 313 2669 qui
335 2604 598 2658 adinvenit
627 2621 824 2660 omnem
847 2607 982 2659 viam
1007 2607 1316 2679 disciplinw.
1349 2607 1471 2663 Post
1495 2609 1605 2664 hare
1627 2612 1678 2664 in

119 2693 242 2746 terris
262 2694 390 2750 visus
409 2707 508 2763 est,
550 2707 601 2752 et
643 2715 758 2753 cum
782 2699 1072 2755 hominibus
1092 2711 1420 2756 conversatus
1448 2713 1519 2758 est
1548 2703 1680 2774 (Ba-

119 2802 213 2842 ruc.
237 2804 287 2844 ιιι
314 2831 327 2855 ,
355 2792 422 2846 '56
444 2802 489 2847 et
517 2791 652 2865 seq).
683 2793 969 2860 Quomodo
997 2810 1127 2865 ergo
1150 2795 1448 2852 secundum
1486 2797 1682 2852 divini-

119 2887 258 2936 tatem
292 2882 594 2940 doctrinam
647 2900 797 2941 suam
852 2902 957 2942 non
1015 2887 1216 2957 habet,
1271 2889 1362 2959 qui
1407 2890 1684 2947 adinvenit

121 2985 305 3030 omnem
334 2977 471 3032 viam
503 2977 834 3049 disciplima,
867 2989 1154 3052 antequam
1180 2981 1455 3038 videretur
1487 2985 1537 3038 in
1569 2994 1680 3039 ter-

121 3065 223 3120 ris?
246 3069 346 3124 Aut
373 3072 652 3142 quomodo
680 3073 882 3139 minor,
923 3073 993 3129 de
1030 3090 1137 3144 quo
1166 3074 1367 3131 dictum
1395 3085 1522 3132 est:
1559 3076 1682 3131 Non

1852 1850 1941 1904 84.
1975 1851 2094 1905 Pari
2127 1852 2288 1907 modo
2321 1853 2685 1910 obedientiam
2715 1855 2833 1910 Filii
2878 1854 3115 1926 obiicere
3154 1857 3333 1914 solent
3361 1901 3376 1926 ,

1779 1946 1901 2016 quia
1924 1948 2186 2018 scriptum
2227 1960 2311 2005 est
2337 1969 2349 2004 :
2381 1949 2450 2004 Et
2478 1952 2645 2018 specie
2668 1955 2899 2007 inventus
2926 1951 3090 2025 487
3128 1966 3183 2009 ιιι
3206 1957 3380 2024 homo,

1781 2038 2070 2093 humiliat'it
2102 2043 2431 2114 semetipsum
2450 2085 2462 2107 ,
2490 2047 2656 2114 factus
2701 2044 2942 2099 obediens
2971 2064 3133 2117 usque
3153 2048 3223 2102 ad
3249 2067 3388 2104 mor-

1781 2139 1881 2185 tem
1904 2130 2076 2204 (Phit.
2108 2148 2166 2199 ιι,
2197 2135 2252 2199 7,
2284 2133 2364 2206 8).
2396 2135 2461 2189 Et
2487 2135 2762 2191 hominem
2787 2139 3049 2208 prtemisit
3073 2181 3089 2207 ,
3118 2151 3174 2197 et
3203 2159 3374 2214 usque

1780 2224 1846 2278 ad
1900 2234 2131 2280 mortem
2186 2227 2369 2292 dixit;
2430 2237 2486 2282 ιιι
2536 2229 3375 2300 intelligeremus,obedientiam

1781 2317 1976 2372 mortis
2001 2333 2108 2372 non
2141 2318 2443 2373 divinitatis
2467 2319 2634 2375 fuisse
2659 2363 2674 2386 ,
2717 2321 2814 2377 sed
2846 2323 3240 2382 incarnationis
3276 2345 3289 2381 :
3325 2329 3376 2385 in

1781 2427 1882 2482 qua
1909 2422 1962 2466 et
1992 2411 2169 2468 officia
2198 2424 2380 2468 nostra
2410 2415 2652 2485 suscepit
2669 2425 2721 2470 et
2747 2417 2991 2471 nomina.

1854 2505 1944 2560 85.
1973 2505 2270 2561 Didicimus
2300 2507 2482 2578 itaque
2510 2523 2670 2563 unam
2705 2524 2830 2566 esse
2870 2512 3166 2581 potentiam
3199 2515 3384 2571 Trini-

1785 2599 1934 2664 tatis,
1969 2613 2132 2668 qnam
2180 2614 2282 2654 nos
2310 2598 2338 2636 ιι
2381 2599 2434 2654 in
2465 2599 2584 2671 ipsa
2614 2611 2776 2672 atque
2807 2613 2928 2672 post
2977 2604 3150 2674 ipsam
3201 2607 3387 2664 docuit.

1782 2691 2130 2762 passionem;
2165 2691 2336 2748 Filius
2363 2693 2506 2748 enim
2532 2695 2739 2766 patitur
2773 2711 2870 2766 per
2914 2699 3162 2768 corporis
3203 2716 3386 2757 sacra-

1782 2796 2052 2854 mentum,
2081 2787 2349 2857 apostolis
2399 2789 2637 2859 Spiritus
2675 2798 2896 2846 sanctus
2948 2792 3293 2850 infunditur:
3328 2797 3384 2853 in

1785 2893 1978 2934 tnanns
2019 2879 2194 2935 Patris
2225 2878 2644 2936 commendatur
2675 2881 2902 2951 spiritus
2927 2925 2942 2950 ,
2976 2883 3121 2939 Deus
3166 2902 3383 2958 quoque

1785 2970 1946 3027 Pater
1973 2971 2211 3027 maxima
2243 2989 2376 3029 voce
2403 2974 2670 3046 signatur.
2701 2975 3002 3034 Didicimus
3020 2994 3180 3035 unam
3208 2981 3385 3041 Patris

1788 3075 1842 3120 et
1869 3066 1989 3121 Filii
2020 3082 2142 3123 esse
2173 3068 2485 3138 imaginem,
2538 3085 2700 3125 unam
2751 3070 3189 3142 similitudinem,
3219 3091 3384 3134 unam

122 3162 422 3218 wstimabitur
453 3167 592 3220 alius
614 3167 681 3219 ud
709 3167 870 3221 eum?
897 3166 1094 3238 Utique
1122 3170 1564 3239 incmnparabilis
1603 3171 1683 3225 di-

1804 3157 2297 3214 tanctilicationem.
2325 3160 2620 3216 Didicimus
2644 3177 2804 3216 unam
2833 3180 2958 3220 esse
2984 3168 3384 3240 operationem,

121 3251 259 3320 citur,
298 3257 360 3312 ad
387 3275 550 3328 quem
585 3275 744 3314 nemo
775 3259 914 3315 alius
941 3262 1197 3316 :estimari
1232 3272 1413 3332 potest
1441 3279 1452 3315 :
1485 3263 1578 3318 sed
1610 3264 1682 3318 ita

124 3346 530 3422 incomparabilis
555 3397 572 3421 ,
614 3367 671 3410 ut
699 3356 844 3411 Patri
875 3367 1107 3428 nequeat
1137 3357 1418 3412 anteferri.
1445 3358 1596 3426 Quod
1637 3359 1679 3413 si

126 3441 181 3499 de
208 3443 352 3504 l'atre
388 3449 593 3505 dictum
637 3458 826 3520 putant
849 3491 864 3515 ,
895 3450 1222 3522 impietatem
1256 3460 1280 3488 τι
1302 3451 1524 3508 Sabellii
1577 3469 1681 3507 non

127 3537 363 3605 evadent,
394 3550 449 3596 ut
474 3541 624 3596 Patri
667 3543 1064 3608 susceptionem
1101 3542 1350 3598 humana:
1386 3543 1564 3599 carnis
1605 3551 1687 3599 at-

131 3625 359 3687 tribuant.

189 3724 266 3779 8l.
294 3726 690 3798 Persequamur
715 3732 995 3801 sequentia
1029 3749 1041 3785 :
1075 3731 1174 3797 Qui
1205 3749 1236 3786 a
1266 3731 1575 3802 semetipso,
1607 3732 1687 3787 in-

131 3814 253 3883 quit,
282 3819 520 3889 loquitur,
553 3822 771 3893 gloriam
816 3839 960 3878 suam
989 3824 1170 3894 quaerit
1202 3823 1379 3895 (Joan.
1409 3841 1516 3890 vn,
1571 3825 1684 3896 18).

136 3903 248 3964 Vide
272 3913 546 3983 unitatem,
582 3931 701 3986 quae
728 3925 778 3970 et
800 3915 1014 3971 Patrem
1044 3916 1221 3987 signat.
1241 3925 1296 3971 et
1322 3916 1540 3971 Filium.
1569 3915 1686 3970 Non

136 4013 287 4069 potest
307 4025 410 4065 non
440 4026 593 4076 esse,
625 4010 716 4082 qui
746 4011 987 4082 loquitur
1021 4030 1035 4066 :
1068 4010 1164 4066 sed
1196 4025 1300 4066 non
1338 4019 1561 4080 potesta
1602 4025 1689 4066 se-

137 4098 337 4168 metipso
376 4117 497 4159 esse
539 4103 684 4174 quod
737 4103 996 4174 loquitur,
1037 4103 1088 4158 in
1136 4119 1244 4175 quo
1273 4103 1592 4159 naturaliter
1621 4119 1686 4159 ex

137 4182 270 4246 Patre
288 4205 401 4248 sunt
430 4196 630 4251 omnia.

194 4281 272 4336 8‘2.
291 4285 420 4353 Quid
450 4299 534 4344 est
555 4295 734 4344 autem
756 4305 768 4341 :
795 4288 1030 4344 Gloriam
1051 4305 1196 4344 suam
1215 4289 1425 4359 quierit?
1449 4287 1561 4344 Hoc
1583 4296 1688 4356 est,

140 4385 228 4428 non
247 4375 463 4436 divisam
493 4396 522 4437 a
556 4381 715 4438 Patre
731 4383 990 4454 gloriam;
1019 4399 1140 4437 nam
1166 4385 1355 4452 utique
1382 4391 1436 4438 et
1458 4381 1689 4437 Verbum

143 4463 262 4525 Deus
294 4470 447 4530 habet
488 4476 739 4548 gloriam.
771 4476 1018 4548 Denique
1047 4476 1214 4532 dicit:
1248 4475 1316 4531 Ut
1343 4477 1546 4531 videant
1576 4477 1691 4547 glo-

1787 3267 1948 3307 unam
1981 3253 2233 3322 gloriam,
2277 3269 2438 3309 unam
2469 3270 2684 3325 quoque
2713 3256 3077 3315 divinitatem.

1857 3345 1947 3402 86.
1978 3347 2131 3403 Unus
2157 3363 2288 3419 ergo
2322 3357 2377 3404 et
2415 3349 2566 3404 solus
2593 3349 2770 3419 Deus;
2807 3351 2930 3422 quia
2973 3354 3234 3425 scriptum
3261 3367 3386 3416 est:

1787 3439 2069 3496 Dominum
2119 3441 2285 3497 Deum
2328 3452 2472 3499 tuum
2520 3443 2765 3498 adorabis
2792 3486 2805 3510 ,
2838 3456 2885 3499 et
2928 3447 3008 3501 illi
3058 3450 3156 3503 soli
3199 3452 3387 3508 servies

1787 3533 1967 3606 (Deut.
2000 3552 2073 3602 vt,
2109 3536 2222 3604 15).
2271 3535 2417 3592 Unus
2466 3537 2627 3602 Dens,
2665 3554 2770 3593 non
2799 3547 2859 3593 ut
2900 3539 3015 3610 ipse
3043 3543 3112 3596 sit
3143 3543 3302 3601 Pater
3332 3557 3388 3603 et

1788 3627 1958 3684 Filius
1981 3671 1996 3695 ,
2029 3630 2172 3686 sicut
2202 3630 2400 3701 impius
2429 3629 2700 3686 Sabellius
2730 3635 2960 3688 asserit:
2994 3635 3088 3689 sed
3119 3637 3242 3706 quia
3286 3637 3386 3694 Pa-

1792 3724 1888 3779 tris
1918 3731 1974 3778 et
2001 3723 2146 3788 Filii,
2173 3723 2517 3792 Spiritusque
2546 3724 2721 3779 sancti
2749 3740 2856 3779 una
2883 3725 3138 3780 divinitas
3163 3727 3263 3782 sit:
3294 3730 3385 3786 ubi

1790 3824 1972 3870 autem
2003 3830 2108 3869 una
2135 3813 2411 3881 divinitas,
2443 3829 2547 3868 una
2580 3814 2859 3879 voluntas,
2901 3831 3006 3870 una
3036 3818 3352 3888 praeceptio.

1863 3907 1952 3961 87.
1987 3904 2234 3974 Denique
2262 3912 2320 3958 ut
2359 3904 2505 3960 scias
2545 3912 2600 3960 et
2635 3903 2850 3960 Patrem
2894 3920 3017 3962 esse
3041 3947 3057 3975 ,
3088 3916 3143 3964 et
3189 3909 3384 3970 Filium

1792 4017 1937 4068 esse,
1971 4009 2026 4057 et
2048 4015 2212 4056 unum
2254 4014 2392 4070 opus
2421 3999 2598 4054 Patris
2641 4014 2705 4054 ac
2736 3999 2861 4054 Filii
2890 4016 3034 4070 esse,
3067 4005 3388 4074 Apostolunt

1793 4111 2024 4168 sequere
2047 4138 2062 4164 ,
2089 4096 2179 4167 qui
2207 4095 2379 4152 dixit:
2415 4096 2538 4169 Ipse
2555 4106 2728 4154 autem
2761 4098 2924 4168 Deus,
2953 4113 2999 4157 et
3023 4102 3182 4162 Pater
3199 4120 3386 4180 noster,

1793 4203 1840 4246 et
1870 4191 2123 4246 Dominus
2154 4201 2327 4246 noster
2355 4189 2508 4247 Jesus
2548 4193 2738 4264 dirigat
2770 4193 2902 4248 uiam
2947 4207 3174 4254 nostram
3203 4204 3272 4256 ad
3303 4220 3389 4260 vos

1795 4283 1854 4357 (l
1883 4281 2065 4338 Thess.
2101 4299 2182 4350 ιιι,
2217 4283 2278 4338 11
2311 4283 2355 4354 ).
2394 4295 2415 4323 ε
2448 4283 2517 4339 Ει
2546 4284 2762 4341 Patrem
2797 4285 3066 4358 loquitur,
3096 4300 3150 4348 et
3196 4292 3388 4352 Filium

1796 4376 2034 4448 loquitur
2065 4394 2077 4431 :
2109 4375 2207 4433 sed
2240 4375 2417 4432 unitas
2443 4376 2760 4434 directionis
2783 4389 2896 4446 est;
2925 4383 3054 4452 quia
3085 4386 3262 4440 unitas
3295 4402 3391 4453 po-

1798 4469 2011 4525 testatis
2041 4479 2145 4523 est.
2175 4468 2266 4525 Sic
2294 4480 2346 4525 et
2369 4469 2498 4525 alibi
2529 4469 2698 4527 babes
2723 4487 2736 4524 :
2787 4469 2912 4540 Ipse
2938 4482 3106 4529 autem
3136 4474 3390 4536 Dominus

141 4559 251 4616 riam
282 4582 436 4622 meam
462 4567 642 4642 (Joan.
679 4586 817 4639 xvn,
839 4569 954 4640 24).
986 4569 1093 4626 Sed
1126 4570 1216 4626 illa
1241 4570 1387 4624 verbi
1409 4570 1582 4640 gloria
1605 4585 1696 4625 ea-
1720 4549 1774 4609 D
1800 4572 1974 4617 noster
2003 4561 2158 4617 Jesus
2191 4560 2448 4628 Christus,
2479 4573 2526 4618 et
2544 4561 2711 4630 Deus,
2730 4574 2778 4618 et
2806 4562 2966 4620 Pater
2995 4577 3166 4622 noster
3189 4571 3277 4640 qui
3307 4572 3392 4626 di-

144 4649 243 4708 dem
266 4657 430 4715 Patris
455 4663 625 4733 gloria
656 4673 742 4719 est
769 4704 784 4728 ,
833 4663 968 4719 sicut
999 4665 1260 4732 scriptum
1291 4671 1412 4718 est:
1442 4661 1696 4717 Dominus

143 4740 272 4801 Iesus
293 4751 519 4808 Christus
541 4756 592 4810 in
621 4756 788 4828 gloria
809 4766 882 4810 est
904 4754 1000 4810 Dei
1034 4753 1204 4810 Patris
1232 4753 1458 4827 (Philip.
1484 4771 1550 4820 tt,
1585 4755 1692 4824 11).

145 4831 208 4891 lta
233 4840 382 4911 igitur
402 4847 696 4903 secundum
728 4847 1062 4904 divinitatem
1090 4847 1182 4903 Dei
1213 4845 1384 4902 Filius
1400 4861 1552 4902 suam
1580 4846 1696 4917 glo-

146 4973 242 5062 ᾕρεε
266 4995 463 5062 .sensus
495 4995 653 5062 :__a_ut
696 4987 884 5062 saltem
921 5001 1042 5062 cum
1088 4985 1157 5062 Μ.
1201 4985 1501 5062 Mercatore
1538 4990 1700 5062 atque

145 5043 331 5128 (ξριιιίο,
361 5071 493 5128 quos
523 5059 717 5114 ibidem
750 5060 917 5114 refert
951 5058 1222 5124 Baluzius,
1252 5056 1536 5128 legendum
1571 5043 1696 5120 erit,

147 5111 206 5170 Ει
228 5111 330 5195 ipsa
357 5111 678 5195 linum—etc.

209 5193 578 5274 :Fpiptianius
609 5204 660 5256 in
695 5202 955 5274 Anaceph.
988 5200 1083 5274 lib.
1132 5199 1213 5255 διιί
1246 5215 1314 5262 ιι.
1351 5198 1564 5274 scribit.
1597 5195 1699 5252 Sa-

133 5256 333 5344 ~belliani
357 5256 470 5323 eum
505 5256 775 5328 Noetianis
813 5256 880 5326 in,
914 5272 1147 5325 omnibus
1173 5273 1542 5344 propemodum
1579 5285 1698 5344 con-

151 5340 368 5416 sentiunt,
398 5343 495 5396 nisi
514 5348 645 5413 quod
672 5345 877 5400 Patrem
904 5344 1082 5416 ipsum
1103 5340 1290 5412 negant
1325 5358 1552 5413 passum.
1583 5341 1697 5416 Qua

151 5409 556 5484 sententiakquid
599 5419 766 5484 magis
805 5409 935 5471 enm'
967 5409 1334 5470 Atnbro'siana'
1354 5427 1589 5482 pugnare
1621 5413 1698 5484 vi-

153 5475 360 5557 deatur
387 5475 574 5539 Verum
600 5475 912 5557 pratuceplm-i
943 5501 1041 5541 suo
1079 5475 1700 5557 (ειιιιιιιιοόιιιιιίξιιειιξιί-

156 5555 242 5634 nos
263 5552 369 5634 tulit
393 5551 705 5634 suppetias,
736 5551 790 5614 is.
819 5557 1136 5634 enimAllaer.
1168 5557 1231 5634 41
1259 5557 1438 5634 citatins
1469 5551 1702 5634 Epipha-

259 5623 435 5699 Xcrbis
468 5616 537 5681 it'a
590 5616 863 5699 subiungit
896 5647 909 5684 :
962 5628 1232 5699 Quomodo
1276 5627 1338 5678 de
1359 5616 1702 5699 ‘Sabellianis

159 5684 352 5763 intelligi
379 5706 535 5766 potest
561 5684 713 5762 ;cun't
733 5684 815 5755 si;
835 5684 1328 5755 innoiiierintdicere
1349 5695 1559 5749 Patrem
1581 5711 1700 5765 pas-

161 5768 259 5810 mm
281 5801 294 5828 ,
332 5764 387 5818 ut
421 5764 792 5842 l’atripassiani
815 5788 963 5841 quam
1013 5768 1296 5825 Sabelliani
1323 5767 1546 5820 crebrius
1575 5764 1707 5818 nun-

1801 4657 1922 4711 lexit
1958 4672 2086 4722 nos,
2119 4666 2166 4710 et
2195 4655 2338 4709 dedit
2379 4655 2780 4710 consolationem
2822 4666 3066 4713 teternant
3090 4701 3106 4727 ,
3160 4669 3208 4714 et
3251 4679 3394 4732 spem

1801 4750 1984 4804 bonam
2013 4751 2065 4803 in
2093 4751 2261 4820 gratia
2288 4763 2308 4812 ;
2337 4749 2627 4804 consoletur
2656 4750 2816 4804 corda
2837 4760 3025 4817 vestra,
3053 4762 3099 4808 et
3125 4755 3395 4824 conﬁrmet

1806 4844 1891 4915 (ll
1925 4843 2104 4898 Thess.
2133 4858 2195 4908 ιι,
2240 4843 2333 4910 15,
2362 4841 2486 4912 16).
2541 4842 2807 4911 Quantam
2836 4845 3096 4901 unitatem
3133 4850 3396 4921 ostendit,

1802 4978 2089 5050 cupentur?
2142 4974 2250 5032 Sed
2327 4975 2442 5032 haec
2507 4975 2649 5032 inter
2696 4991 2756 5032 se
2805 4977 2913 5034 alio
2965 4979 3086 5036 loco
3136 4983 3393 5043 concilia-

1801 5053 2022 5108 ltunlttr.

1875 5121 1902 5159 b
1935 5120 2053 5175 Vet.
2084 5117 2242 5187 edit.,
2266 5119 2318 5172 in
2347 5117 2461 5190 ipsa
2483 5134 2684 5191 qu_oque
2709 5120 2884 5174 docuit
2910 5122 3171 5191 passione.
3215 5124 3390 5188 Filius

1802 5195 1935 5270 enim
1966 5192 2180 5259 patitur,
2219 5193 2281 5270 in
2323 5206 2503 5243 manus
2528 5189 2708 5270 Patris
2734 5189 3126 5270 commendatur
3153 5199 3386 5270 spiritus,

1802 5260 1940 5318 Deus
1961 5279 2156 5334 quoque
2209 5261 2368 5316 Pater
2406 5263 2633 5334 maxima
2662 5278 2822 5326 race;
2854 5263 2980 5317 Gill.
3007 5260 3190 5334 solus,
3224 5260 3391 5328 incla;

1805 5332 1995 5399 matur,
2025 5347 2174 5401 atque
2197 5342 2312 5405 post
2334 5333 2499 5400 ipsam
2527 5332 2704 5387 docuit
2725 5335 3035 5405 passionem.
3067 5335 3112 5391 F
3112 5332 3232 5392 ilius
3253 5346 3388 5398 enim

1805 5409 2019 5478 patitur,
2050 5414 2157 5478 etc.
2182 5403 2416 5460 Confuse
2443 5403 2878 5474 perturbateque.
2914 5406 3042 5478 Mss.
3074 5417 3251 5466 autem
3291 5430 3390 5468 tm.

1804 5480 2010 5535 hiscum
2058 5477 2282 5542 faciunt,
2313 5479 2497 5546 paucis
2529 5486 2705 5530 tamen
2735 5477 2974 5544 exceptis
3019 5481 3108 5547 qui
3142 5483 3383 5542 ttltirnam

1806 5562 2013 5621 partem
2043 5548 2112 5603 ita
2134 5549 2391 5621 efferunt,
2418 5547 2648 5621 Spiritus
2672 5559 2879 5621 sanctus
2899 5549 3207 5621 infunditur.
3228 5551 3386 5612 Pater

1806 5618 2024 5693 quoque,
2049 5629 2182 5693 εις..
2207 5619 2425 5693 omissis
2451 5618 2816 5693 _vocibus_qua3
2841 5618 3260 5693 interjiciuntnr.

1885 5686 2084 5748 c'lz‘dit.
2104 5692 2320 5763 (ultima:
2344 5689 2542 5763 Paris.,
2565 5687 2635 5743 Et
2664 5686 2822 5743 Pater
2848 5686 3097 5761 loquitur,
3139 5705 3186 5751 et
3221 5696 3392 5762 Filius

1811 5765 2056 5835 loquitur.
2091 5760 2358 5832 Corrupto
2398 5760 2579 5816 sensti.
