3948 6172
525 258 631 313 ὅτε)

1854 235 2100 294 SANC‘I'I
2139 230 2466 294 AlBROSll

3707 220 3805 284 εειι

525 382 580 421 ιιι
609 361 1001 422 consolationis
1022 361 1224 421 unitas,
1256 370 1364 412 non
1394 355 1680 427 pluralitas
1720 354 1825 409 sit!
1863 354 2116 410 Contice-
2146 354 2201 414 Α
2223 351 2366 422 quod
2397 366 2506 408 non
2531 350 2709 405 solum
2732 348 3050 403 cicatricem
3070 344 3273 401 vetusti
3301 342 3545 400 vulneris
3568 354 3802 414 amputa-

525 471 640 516 scat
666 473 796 527 ergo
828 454 1079 525 perﬁdia,
1105 458 1199 505 aut
1226 452 1269 502 si
1305 448 1518 504 ratione
1549 461 1659 502 non
1704 446 1939 500 vincitur
1962 486 1978 511 ,
2007 461 2124 499 mo-

527 552 629 607 rali
659 551 993 604 humanitate
1022 546 1289 599 ﬂectatur.

597 644 688 699 88.
714 640 1137 696 Considercmus
1157 651 1317 705 quam
1342 634 1626 689 moraliter
1646 634 1820 703 egerit
1840 631 2123 696 Dominus,

524 752 581 794 nt
625 756 725 794 nos
767 753 873 793 non
923 736 1101 791 solum
1137 734 1321 797 ﬁdem,
1352 732 1449 787 sed
1478 734 1643 785 etiam
1672 743 1855 784 mores
1880 727 2124 782 doceret.

519 834 765 902 Namque
798 830 852 884 in
884 829 1055 883 forma
1083 828 1319 883 hominis
1346 827 1698 891 constitutus,
1730 822 1981 877 sululitns
2011 826 2131 872 erat

522 925 727 995 Joseph
759 932 812 978 et
844 922 1027 977 »ιω-ιω
1056 920 1210 992 (Luc.
1243 935 1304 984 ιι,
1334 918 1448 988 5i).
1500 915 1766 986 Numquid
1798 929 1929 984 ergo
1950 914 2129 966 minor

524 1028 583 1074 et
614 1017 925 1071 hominibus
952 1057 967 1081 ,
1000 1014 1127 1084 quia
1170 1010 1467 1067 subditus?
1502 1008 1663 1064 Aliud
1697 1008 1914 1076 pietatis
1937 1043 1955 1072 ,
1982 1002 2127 1059 aliud

521 1111 817 1181 potestatis
837 1117 960 1164 cst:
1008 1108 1102 1162 sed
1135 1121 1241 1160 non
1289 1104 1613 1175 praeiudicat
1642 1103 1817 1172 pietas
1848 1098 2124 1170 potestati.

526 1205 582 1259 lo
613 1220 721 1275 quo
761 1217 893 1273 ergo
935 1201 1069 1271 legis
1100 1197 1375 1254 subditum
1404 1196 1593 1250 Patri?
1618 1194 1675 1249 In
1722 1206 1953 1263 corpore
1983 1190 2130 1246 scili-

522 1306 628 1365 cet,
659 1295 714 1350 in
745 1310 854 1365 quo
882 1301 1000 1348 erat
1023 1290 1273 1346 subditus
1302 1280 1482 1342 matri.

1169 1401 1399 1458 CAPUT
1444 1400 1535 1455 XI.

522 1524 781 1594 Proponit
807 1538 924 1579 cum
945 1518 1156 1579 Arionis
1178 1516 1473 1571 humaniter
1494 1529 1646 1585 agere
1674 1509 1868 1569 Christi
1890 1510 2129 1580 exeritplo

594 1619 809 1675 vulnera
830 1614 952 1669 vino
979 1622 1028 1669 et
1050 1613 1161 1667 oleo
1189 1610 1458 1665 curantis:
1490 1608 1559 1661 ad
1584 1608 1721 1678 quod
1742 1608 1941 1663 caleste
1962 1606 2129 1658 medi-

601 1721 895 1764 camentum
944 1724 1121 1761 ontnes
1170 1707 1397 1759 inritans
1418 1745 1433 1771 ,
1475 1721 1575 1774 quo
1607 1704 1824 1757 consilio
1851 1706 1895 1759 is
1921 1717 2126 1757 carnem

595 1799 847 1859 induerit,
872 1807 918 1850 ct
938 1814 1037 1861 qua
1060 1796 1301 1863 utilitate,
1325 1794 1505 1847 tradit.
1538 1792 1672 1847 Hinc
1692 1793 1858 1862 aperit
1876 1801 2127 1861 quantum

599 1892 761 1963 prosit
808 1888 965 1959 ﬁdem
1021 1886 1247 1951 habere,
1311 1903 1411 1955 qua
1462 1883 1725 1940 Christum
1769 1894 1980 1954 propter
2036 1898 2129 1935 nos

598 2001 800 2039 omnem
826 1983 1181 2053 inﬁrmitatem
1213 1980 1503 2053 suscepisse
1532 1979 1891 2053 cognoscimus
1916 2018 1928 2039 ,
1974 1976 2129 2046 cujus

597 2078 845 2131 divinitas
889 2076 940 2128 in
981 2074 1223 2145 passione
1252 2070 1570 2141 erumpebat.
1600 2068 1685 2123 Ex
1709 2069 1894 2133 quibus
1936 2068 2129 2125 intelli-

595 2185 715 2241 gere
749 2180 825 2223 est
861 2166 962 2222 Dei
1004 2165 1206 2219 Filium
1253 2165 1364 2220 sine
1403 2162 1719 2235 subjectione
1762 2161 1871 2214 ulla
1910 2160 2125 2213 missum

595 2264 793 2335 fuisse:
814 2277 905 2315 nec
922 2258 1252 2313 metuendum
1284 2272 1346 2310 ne
1373 2254 1501 2324 ﬁdes
1522 2252 1633 2307 Ιιωε
1654 2252 1924 2321 displiceat
1955 2250 2127 2317 Patri;

595 2357 786 2428 quippe
815 2354 903 2425 qui
940 2355 993 2407 in
1025 2353 1133 2421 ﬁlio
1162 2349 1260 2405 sibi
1288 2348 1610 2421 complacerc
1632 2347 1909 2419 signiﬁcet.

594 2498 686 2553 89.
733 2499 972 2567 Agamus
1016 2501 1073 2549 et
1097 2506 1197 2546 nos
1230 2490 1533 2555 moraliter,
1566 2487 1992 2558 persuadeamus
2013 2484 2127 2540 illis

524 2590 669 2661 quod
704 2589 806 2644 sibi
836 2586 1042 2657 prosit,
1093 2585 1449 2638 ohsecrcmus
1480 2590 1533 2635 et
1565 2581 1843 2650 ploremus
1868 2588 1994 2633 ante
2019 2577 2126 2631 Do—

523 2687 731 2741 minum
763 2683 852 2751 qui
882 2680 1008 2734 iecit
1038 2675 1331 2745 nos(Psal.
1360 2691 1505 2730 χειν.
1532 2674 1613 2741 (ὶ).
1645 2672 1761 2726 Non
1788 2672 1931 2726 enim
1960 2668 2128 2741 ωε

525 2781 749 2833 vincere
776 2774 1049 2837 volumus,
1079 2770 1175 2824 sed
1209 2784 1431 2823 sanare:
1464 2783 1571 2822 non
1600 2764 1862 2820 insidiose
1891 2763 2122 2834 agimus,

526 2870 622 2926 scd
675 2868 931 2937 religiose
985 2879 1291 2920 monemus.
1349 2862 1505 2931 Saepe
1550 2860 1723 2916 llectit
1777 2859 2121 2924 humanitas,

526 2980 663 3035 quos
690 2975 792 3016 nec
823 2961 996 3012 virtus
1029 2957 1269 3027 potuerit
1294 2969 1555 3025 superare
1578 2995 1593 3019 ,
1642 2969 1743 3008 nec
1773 2954 1930 3008 ratio.
1966 2953 2136 3008 Deni:

527 3071 633 3123 que
657 3050 922 3107 Dominus
944 3048 1097 3102 illum
1120 3047 1393 3100 hominem
1421 3046 1510 3115 qui
1533 3060 1600 3099 ex
1625 3043 1879 3101 Hiericho
1898 3044 2126 3098 descen-

2229 447 2323 513 vit,
2354 445 2451 501 sed
2479 447 2643 500 etiam
2678 457 2901 499 causam
2930 440 3203 509 passionis
3233 437 3446 494 incidit.
3475 436 3520 493 0
3542 437 3673 493 ﬁdes
3699 437 3805 492 tlte-

2228 539 2410 594 sauris
2440 538 2697 593 omnibus
2724 532 3076 604 opulentior!
3105 547 3138 586 o
3172 531 3459 585 vulnerum
3490 538 3807 595 nostrorum,

2228 638 2686 702 peccatorumque
2710 626 2977 682 medicina
3008 621 3353 692 ιιιίιιειειιιιὶοι·
3377 623 3391 677 ι

2299 723 2388 777 95.
2424 720 2850 775 Consideremus
2887 718 3010 785 quia
3041 715 3201 769 nobis
3251 712 3474 784 prodest
3526 712 3665 768 bene
3701 718 3807 767 cre~

2230 815 2381 869 dere.
2406 814 2533 871 Ilihi
2560 813 2707 868 enim
2735 812 2957 882 prodest
2987 811 3131 865 scire
3160 810 3285 875 quia
3319 816 3540 877 propter
3566 823 3652 861 me
3672 804 3813 861 Chri-

2228 916 2344 961 stus
2388 905 2632 972 suscepit
2664 919 2815 958 meas
2855 901 3223 965 inﬁrmitates,
3255 900 3362 955 mei
3391 899 3638 969 corporis
3665 896 3817 954 subiit

2230 1002 2516 1072 passiones
2544 999 2717 1071 (Esai.
2747 1013 2861 1063 ιιιι,
2886 996 2979 1067 At):
3010 1011 3108 1066 p:o
3136 1009 3223 1051 me
3254 1002 3564 1063 peccatum,
3594 993 3695 1048 hoc
3719 1000 3813 1057 est,

2230 1111 2329 1167 pro
2361 1094 2509 1151 omni
2538 1094 2797 1157 homine,
2832 1107 2932 1161 pro
2971 1105 3059 1145 me
3097 1088 3444 1143 maledictum
3495 1088 3667 1145 lactus
3703 1094 3811 1149 est,

2230 1202 2333 1257 pro
2365 1202 2453 1242 me
2484 1197 2645 1255 atque
2686 1185 2739 1238 in
2780 1198 2869 1238 me
2897 1182 3145 1237 subditus
3192 1191 3353 1248 atque
3381 1179 3661 1250 subjectus
3684 1220 3700 1245 ,
3726 1192 3817 1248 pro

2232 1298 2317 1337 me
2341 1296 2533 1352 agnus,
2553 1296 2649 1349 pro
2670 1293 2759 1333 me
2786 1277 2937 1343 vitis,
2967 1292 3066 1346 pro
3092 1291 3178 1330 me
3199 1275 3479 1344 lapis.pro
3505 1288 3591 1329 me
3619 1286 3815 1335 servus,

2233 1392 2330 1447 pro
2358 1390 2447 1429 me
2478 1375 2621 1428 ﬁlius
2649 1371 2886 1435 ancillae,
2915 1386 3013 1439 pro
3044 1384 3132 1424 me
3153 1368 3299 1427 diem
3327 1365 3520 1436 iudicii
3551 1366 3812 1434 ignorans,

2233 1481 2331 1538 pro
2359 1465 2521 1520 nobis
2555 1464 2810 1519 nesciens
2840 1463 2984 1518 diem
3016 1472 3107 1515 aut
3142 1457 3431 1526 boram'tll
3457 1458 3577 1512 Cor.
3609 1472 3664 1521 v,
3688 1453 3789 1523 2i).

2304 1559 2395 1614 9i.
2425 1556 2558 1612 Nam
2599 1554 2875 1626 quomodo
2916 1563 3100 1624 posset
3138 1552 3281 1606 diem
3305 1549 3523 1605 nescire
3548 1590 3563 1614 ,
3596 1547 3685 1617 qui
3711 1546 3818 1599 dies

2232 1650 2360 1705 fecit
2398 1660 2456 1706 et
2502 1647 2791 1716 tempora?
2836 1644 3123 1713 Quomodo
3154 1651 3339 1713 posset
3384 1640 3532 1695 diem
3577 1640 3818 1709 ignorare

2158 1746 2207 1806 Β
2232 1742 2457 1815 iudicii,
2486 1742 2577 1812 qui
2609 1751 2664 1796 et
2694 1740 2885 1796 horam
2916 1737 3085 1793 futuri
3106 1736 3298 1805 iudicii
3325 1736 3607 1805 expressit
3628 1744 3677 1791 et
3699 1747 3813 1788 cau-

2229 1850 2346 1891 sam
2369 1836 2393 1889 ‘i
2420 1834 2617 1890 Factus
2637 1847 2768 1902 ergo
2800 1830 3147 1891 maledictum
3175 1844 3280 1889 non
3313 1826 3613 1885 secundum
3638 1823 3819 1883 divini-

2232 1936 2419 1995 tatem,
2452 1924 2549 1987 sed
2570 1924 2867 1983 secundum
2898 1937 3150 1985 carnem;
3194 1918 3459 1989 scriptum
3511 1927 3601 1975 est
3641 1916 3813 1973 enim:

2227 2021 2255 2061 δ
2281 2021 2593 2079 Maledictus
2614 2020 2783 2075 omnis
2809 2019 2900 2090 qui
2917 2019 3103 2090 pendet
3125 2018 3179 2073 in
3202 2016 3342 2088 ligno
3364 2013 3552 2086 (Deut.
3569 2028 3683 2079 ut,
3708 2008 3813 2081 25).

2230 2112 2541 2171 Secundum
2573 2127 2793 2169 carnem
2828 2112 3013 2180 utique
3040 2106 3340 2180 pependit;
3365 2116 3421 2161 et
3452 2105 3580 2163 ideo
3607 2102 3819 2160 maledi-

2227 2217 2394 2269 cmm,
2423 2205 2512 2275 qui
2544 2213 2728 2259 nostra
2754 2201 3041 2258 maledicta
3070 2199 3333 2270 suscepit.
3365 2196 3464 2253 Ille
3483 2195 3654 2263 ﬂevit,
3684 2210 3747 2251 ne
3768 2205 3815 2251 ut

2229 2299 2393 2354 homo
2449 2298 2542 2355 diu
2592 2296 2790 2353 ﬂeres:
2839 2295 2934 2353 ille
2993 2294 3221 2365 injurias
3268 2306 3466 2364 passus
3504 2298 3625 2359 est.
3664 2304 3729 2346 ne
3764 2296 3814 2342 tu

2229 2391 2483 2461 injuri-um
2515 2400 2659 2445 tuam
2689 2389 2926 2449 doleres.

2298 2484 2386 2541 95.
2406 2483 2624 2545 Grande
2644 2481 2968 2547 remedium,
2992 2480 3245 2543 solatium
3274 2478 3480 2543 habere
3504 2480 3575 2535 de
3590 2479 3811 2541 Christo.

2228 2576 2322 2631 llle
2363 2578 2509 2637 enim
2541 2591 2640 2646 pro
2668 2575 2825 2635 nobis
2870 2574 2987 2633 haec
3028 2574 3325 2644 patientins
3369 2574 3514 2638 tulit,
3548 2584 3608 2630 et
3642 2586 3815 2630 sumus

2227 2671 2318 2739 qui
2340 2671 2609 2741 patienter
2636 2672 2752 2729 hinc
2773 2684 2875 2742 pro
2896 2670 3045 2727 illius
3062 2671 3288 2727 nomine
3311 2669 3455 2727 ferre
3472 2668 3811 2740 nequeamus!

2227 2762 2359 2830 Quis
2403 2764 2675 2834 appetitus
2704 2778 2811 2818 non
2845 2762 3020 2823 discat
3047 2766 3366 2832 ignoscere,
3398 2764 3626 2835 quando
3653 2775 3705 2820 et
3728 2774 3815 2832 pro

2228 2856 2673 2926 persecutoribus
2705 2854 2871 2929 589
2899 2855 3013 2915 suis
3040 2855 3292 2915 Christus
3327 2856 3492 2913 etiam
3531 2857 3813 2913 cruciﬁxus

2225 2947 2457 3005 orabat?
2489 2946 2725 3009 Videsne
2748 2949 2868 3002 illas
2898 2962 3035 3016 quas
3064 2956 3118 3011 tu
3164 2956 3322 3015 putas
3348 2946 3558 3010 Christi
3605 2945 3813 3007 inﬁrmi.

2227 3050 2386 3109 tates,
2410 3052 2528 3096 tuas
2560 3056 2680 3097 esse
2709 3040 2979 3099 virtutes?
3007 3038 3118 3097 Cur
3145 3041 3214 3099 de
3253 3038 3513 3097 remediis
3539 3039 3741 3103 nostris
3767 3037 3811 3092 ei

531 3146 700 3209 deos,
751 3139 943 3195 incidit
988 3139 1043 3192 in
1104 3138 1364 3203 latrones,
1394 3151 1555 3206 quem
1607 3150 1712 3190 nou
1753 3134 2121 3206 asperioribus
2147 3124 2194 3194 C
2225 3137 2582 3206 quaestionem
2606 3133 2922 3191 movemus?
2951 3133 3229 3205 Lacryma‘.
3280 3133 3389 3195 illa:
3420 3144 3442 3173 ε
3474 3149 3580 3198 nos
3612 3134 3809 3197 lavant,

528 3239 688 3308 Legis
736 3232 1168 3297 medicamentis,
1202 3246 1312 3284 non
1341 3228 1661 3300 prophetico
1690 3229 1871 3299 rigore
1898 3240 2119 3281 curate-

526 3339 631 3396 rat,
657 3327 781 3382 oleo
804 3324 1015 3379 curavit
1041 3332 1096 3379 et
1126 3324 1249 3378 vino
1278 3320 1435 3393 (Luc.
1470 3336 1523 3388 ιι,
1547 3322 1616 3375 3t)
1646 3330 1694 3374 et
1721 3319 1874 3390 seq.).

595 3421 686 3477 90.
715 3419 944 3475 Veniant
970 3432 1102 3488 ergo
1125 3416 1189 3470 ad
1220 3416 1363 3470 hunc
1379 3428 1569 3469 omnes
1589 3414 1682 3484 qui
1700 3413 1881 3468 sanari
1911 3413 2115 3477 volunt;

522 3515 795 3587 accipiant
819 3513 1297 3575 medicamentum,
1333 3509 1475 3578 quod
1506 3516 1561 3564 et
1581 3522 1610 3562 a
1641 3507 1802 3563 Patre
1829 3505 2043 3570 detulit,
2066 3515 2121 3561 et

524 3607 846 3681 praeparavit
879 3606 931 3661 in
959 3606 1122 3670 coelo,
1146 3618 1214 3660 es
1246 3602 1355 3658 illis
1381 3602 1689 3657 coniectum
1723 3599 2120 3661 immortalibus

521 3704 719 3761 succis.
751 3700 865 3756 lloc
896 3715 963 3755 ex
992 3710 1140 3755 terra
1168 3713 1275 3752 non
1307 3695 1563 3767 pullulat;
1598 3698 1795 3765 espe‘rs
1839 3694 1984 3749 enim
2034 3700 2119 3748 est

522 3798 700 3854 ontnis
740 3804 933 3852 natura
977 3794 1136 3864 hujus
1172 3790 1549 3848 coniectionis.
1577 3789 1772 3846 Divino
1814 3789 1959 3845 enim
1988 3802 2119 3845 con-

524 3891 650 3945 silio
676 3889 919 3958 suscepit
944 3886 1084 3941 hanc
1110 3900 1355 3951 carnem,
1388 3893 1441 3937 ιιι
1464 3881 1778 3937 ostenderet
1802 3882 1976 3951 legem
1999 3893 2118 3937 cor-

524 3984 609 4038 nis
640 3981 744 4052 legi
776 3995 899 4037 esse
927 3980 1197 4036 subditam
1233 3978 1458 4033 mentis.
1489 3975 1742 4045 Suscepit
1774 3989 1993 4029 carnem
2018 4014 2031 4037 ,
2059 3979 2119 4027 ut

521 4074 674 4147 quasi
714 4072 876 4129 homo
907 4072 1167 4137 vinceret,
1193 4070 1284 4140 qui
1315 4066 1564 4129 homines
1595 4066 1856 4127 erudiret.

592 4169 683 4227 9i.
718 4167 860 4235 Quid
886 4165 1019 4223 mihi
1066 4162 1372 4236 prodesset,
1399 4162 1615 4233 siquasi
1643 4162 1781 4219 Deus
1804 4169 1985 4223 exerta
2022 4174 2117 4229 po-

525 4272 720 4325 testate
760 4263 1097 4318 divinitatem
1127 4275 1279 4315 suam
1327 4258 1703 4315 tantummodo
1748 4255 2113 4317 inviolabilem

426 4398 435 4401 ι
519 4353 991 4413 demonstrasset?
1021 4350 1131 4407 Aut
1163 4366 1262 4406 cur
1291 4349 1592 4417 susciperet
1634 4364 1887 4413 carnem,
1920 4348 2025 4407 nisi
2058 4353 2117 4402 ut

519 4450 717 4507 tentari
741 4463 801 4504 se
823 4457 1030 4503 natura:
1073 4451 1236 4514 atque
1268 4440 1595 4499 inﬁrmitatis
1628 4456 1765 4495 mea:
1800 4438 2114 4496 conditione

2222 3228 2382 3285 ﬂetus
2422 3229 2502 3283 illi
2549 3243 2649 3284 nos
2678 3227 2908 3287 abluunt
2930 3267 2946 3294 ,
2974 3242 3038 3283 ac
3064 3226 3332 3283 dubitatio
3361 3225 3454 3281 illa
3486 3241 3595 3283 nos
3619 3225 3810 3289 ﬁrmat;

2224 3336 2292 3376 ne
2324 3331 2378 3375 tu
2407 3322 2451 3377 si
2481 3321 2717 3390 cmperis
2756 3320 3005 3377 dubitare
3032 3361 3046 3387 ,
3079 3319 3361 3388 desperes.
3405 3318 3631 3386 Quanto
3657 3318 3815 3388 major

2221 3423 2304 3470 est
2338 3411 2558 3480 injuria,
2590 3421 2742 3467 tanto
2770 3412 2995 3477 uberior
3022 3412 3254 3469 debetur
3280 3412 3475 3481 gratia.

2292 3507 2383 3564 96.
2419 3507 2525 3564 Sed
2571 3509 2623 3562 in
2657 3506 2789 3575 ipsis
2817 3506 3031 3575 injuriis
3058 3520 3326 3574 Cognosce
3363 3505 3729 3569 divinitatem.
3758 3502 3811 3563 In

2219 3616 2381 3657 cruce
2426 3600 2717 3671 pendebat,
2749 3608 2801 3654 et
2850 3599 3118 3653 elementa
3172 3599 3222 3654 ei
3271 3599 3452 3653 omnia
3484 3599 3808 3661 serviebant.

2216 3696 2306 3751 Sol
2338 3694 2552 3765 refugit,
2576 3692 2694 3750 dies
2726 3692 2945 3759 occidit,
2980 3691 3171 3751 otiosa:
3212 3702 3264 3757 et
3296 3692 3652 3759 circumfusa:
3677 3704 3813 3748 tene-

2220 3788 2353 3855 brte,
2380 3796 2523 3844 terra
2536 3785 2786 3842 tremuit:
2809 3802 2917 3845 non
2939 3784 3163 3843 tremuit
3191 3785 3282 3856 qui
3307 3785 3571 3855 pependit
3597 3783 3798 3858 (stanti.

2222 3897 2394 3949 xxvii,
2427 3876 2543 3950 5]).
2566 3878 2707 3948 Quid
2734 3879 2878 3937 aliud
2908 3878 3043 3946 haec,
3076 3894 3238 3949 quam
3273 3879 3527 3945 Auctoris
3573 3892 3814 3941 reveren-

2221 3976 2346 4028 tiam
2369 3974 2588 4044 signaut
2611 3972 2635 4026 ?
2656 3971 2790 4039 Quia
2813 3971 2866 4037 in
2896 3986 3059 4029 cruce
3080 3981 3186 4039 est,
3216 3971 3369 4029 vides
3394 3988 3407 4025 :
3439 3972 3564 4043 quia
3598 3983 3813 4043 regnum

2220 4070 2314 4123 Dei
2344 4068 2531 4134 donat,
2567 4083 2675 4127 non
2700 4066 2875 4129 vides.
2915 4066 3051 4139 Quia
3081 4076 3313 4131 mortem
3349 4066 3623 4137 gustavit,
3653 4064 3809 4134 legis:

2217 4162 2338 4231 quia
2385 4163 2650 4217 latronem
2675 4175 2895 4230 quoque
2935 4158 3001 4213 ad
3039 4158 3351 4230 paradisum
3374 4159 3630 4217 invitavit
3660 4157 3812 4230 (an.

2218 4271 2370 4323 χχιιι,
2399 4254 2516 4327 45),
2547 4271 2655 4313 ιιοιι
2684 4255 2844 4325 legis.
2874 4253 3131 4319 Mulieres
3160 4252 3360 4313 ﬂentes
3387 4256 3619 4313 intueris
3648 4253 3713 4315 ad
3745 4260 3814 4309 tu-

2217 4349 2444 4410 mulum,
2478 4362 2586 4407 non
2625 4348 2852 4407 intueris
2879 4347 3104 4417 angelos
3130 4348 3466 4411 excubantes
3502 4346 3694 4417 (Joan.
3726 4360 3809 4407 xx,

2220 4439 2330 4507 l2).
2361 4438 2497 4508 Quid
2529 4439 2732 4503 dixerit
2758 4438 2919 4510 legis,
2951 4438 3081 4508 quid
3109 4439 3341 4510 gesserit
3364 4453 3473 4503 non
3498 4439 3654 4509 legis.
3682 4436 3813 4493 Dicis

519 4540 835 4612 pateretur?
857 4537 1079 4593 Tentari
1111 4513 1325 4601 debuit,
1362 4533 1605 4603 compati
1633 4530 1765 4587 mihi
1806 4530 2024 4595 debuit;
2056 4538 2114 4589 ut
2141 4513 2195 4583 Π
2220 4530 2542 4593 Chanaan-ir
2569 4531 2781 4595 mulieri
2814 4531 3019 4589 dixisse
3052 4531 3369 4595 Dominum:
3405 4530 3529 4593 Non
3552 4548 3665 4591 sum
3697 4531 3813 4593 mis-

517 4638 713 4693 scirem
745 4630 1202 4704 quemadmodum
1234 4635 1473 4684 tentatus
1519 4628 1833 4689 vincerem,
1866 4638 2115 4693 compas-

517 4744 607 4787 sus
634 4726 946 4784 evaderem.
977 4722 1117 4778 Vicit
1146 4736 1244 4791 per
1271 4718 1686 4786 cmitinentiant,
1713 4717 1839 4779 vicit
1865 4733 1961 4788 per
1981 4733 2114 4773 cono

520 4832 785 4895 templum
815 4818 1149 4882 divitiarum,
1182 4815 1312 4872 vicit
1342 4829 1437 4886 per
1467 4812 1628 4871 ﬁdem
1653 4830 1667 4867 :
1697 4811 1924 4869 calcavit
1946 4811 2116 4875 ambi-

518 4915 745 4982 tionem,
778 4911 985 4985 fugavit
1032 4906 1544 4981 intemperantiam,
1596 4914 1624 4943 ιι
1651 4905 1928 4965 lasciviam
1972 4903 2115 4958 relc-

513 5010 678 5081 gavit.

584 5102 675 5162 92.
696 5102 813 5160 Hoc
834 5098 1292 5157 medicamentum
1328 5096 1525 5161 Petrus
1548 5094 1705 5167 vidit,
1736 5102 1791 5152 et
1820 5092 1955 5153 retia
1986 5106 2106 5159 sua,

512 5196 876 5251 instrumenta
909 5193 1163 5257 videlicet
1189 5198 1426 5261 qntestus
1449 5197 1503 5242 et
1531 5187 1772 5251 subsidia
1797 5184 2105 5257 dereliquit,

512 5288 833 5344 renuntians
850 5285 1030 5345 carnis
1052 5280 1505 5357 concupiscemus
1533 5288 1808 5355 tamquam
1838 5286 2110 5346 corruptae

512 5384 657 5449 navi,
688 5383 742 5441 in
768 5396 931 5452 quam
971 5381 1125 5450 quasi
1153 5378 1368 5437 sentina
1410 5374 1655 5446 quaedam
1702 5373 1995 5435 multarum
2029 5372 2110 5431 in-

510 5478 753 5548 greditur
780 5475 1111 5547 passionum.
1156 5476 1405 5545 Magnum
1439 5484 1570 5540 ergo
1616 5467 2102 5537 medicamentum,

537 5708 548 5721 θ
582 5649 608 5676 ει
638 5637 763 5721 Mss.
799 5636 1021 5713 aliquot,
1042 5633 1304 5699 lasciviam
1334 5629 1604 5707 religavit;
1632 5624 1877 5695 nonnulli
1902 5623 2092 5695 etiam,

513 5708 892 5845 ’Ψιῗυιῗῖἒῗιαυε
920 5790 1051 5831 mss.
1069 5816 1085 5843 ,
1116 5775 1425 5830 Halcdiclus
1454 5775 1604 5829 homo
1630 5772 1738 5845 qui,
1773 5778 1879 5828 etc.

2219 4639 2306 4681 sus
2329 4623 2429 4683 nisi
2457 4622 2527 4681 ad
2559 4639 2677 4681 oves
2716 4639 2830 4692 qua:
2860 4624 3126 4693 perierunt
3150 4622 3333 4683 domus
3364 4621 3535 4685 Israel
3579 4624 3599 4696 (
3626 4620 3808 4681 Matth.

2223 4731 2315 4779 xv,
2341 4713 2457 4786 24):
2494 4729 2602 4783 non
2641 4714 2801 4785 dicis,
2829 4715 3084 4787 quoniam
3116 4714 3169 4781 id
3206 4714 3353 4788 quod
3389 4715 3459 4774 ab
3492 4732 3556 4775 ea
3598 4723 3809 4788 rogatus

2220 4816 2322 4875 est,
2357 4806 2502 4873 fecit.

2288 4901 2377 4956 97.
2412 4899 2565 4956 Unde
2595 4900 2901 4974 intelligere
2933 4908 2985 4955 te
3012 4902 3289 4965 convenit,
3318 4900 3443 4969 quia
3475 4902 3676 4957 missus
3704 4914 3804 4955 non

2218 4996 2270 5059 id
2302 4997 2606 5068 signiﬁcat,
2635 4996 2777 5071 quod
2826 4996 3003 5057 alieno
3031 4997 3104 5052 sit
3145 4982 3366 5052 coactus
3398 4996 3668 5079 imperio‘,
3714 4992 3805 5061 sed

2216 5092 2360 5162 quod
2392 5090 2701 5145 voluntario
2725 5090 2941 5144 functus
2970 5091 3041 5145 sit
3077 5090 3379 5151 arbitratu:
3410 5090 3656 5161 alioquin
3683 5102 3806 5153 con-

2215 5193 2479 5254 temptum
2505 5182 2750 5238 ostendis
2773 5181 2968 5237 Patris.
3006 5181 3061 5245 Si
3108 5182 3278 5247 enim,
3308 5192 3368 5236 ut
3396 5192 3457 5236 tu
3484 5183 3803 5250 interpreta-

2215 5279 2311 5347 ris,
2345 5287 2695 5349 paternorum
2727 5274 2962 5332 famulus
2987 5285 3387 5353 praeceptorum
3431 5274 3681 5337 Christus
3715 5286 3801 5327 ve-

2215 5383 2367 5429 nerat
2398 5374 2450 5435 in
2477 5371 2746 5437 Judmam,
2781 5380 2839 5427 ιιι
2868 5368 2998 5426 solis
3016 5369 3135 5441 ejus
3161 5368 3354 5429 incolis
3385 5368 3728 5435 mederetur,
3750 5370 3800 5423 et

2212 5466 2532 5529 Chananeus
2562 5465 2713 5533 prius
2740 5463 2903 5519 ﬁliam
2932 5505 2946 5530 ,
2974 5471 3032 5518 ut
3062 5461 3291 5533 legimus
3313 5501 3330 5530 ,
3374 5460 3655 5524 liberavit;
3696 5471 3795 5513 non

2279 5638 2298 5664 ε
2326 5624 2580 5703 Nonnulli
2609 5640 2766 5695 mss.,
2807 5642 2901 5682 nos
2937 5623 3189 5690 liberant;
3237 5621 3560 5703 concinnius
3586 5618 3713 5685 alii,
3742 5623 3795 5671 et

2210 5697 2341 5755 edit.
2353 5740 2368 5767 ,
2401 5714 2496 5755 nos
2521 5699 2712 5773 lavant.
