3932 6176
97 269 181 325 εει

1427 252 1518 328 DE
1558 258 1703 327 FIDE

1808 260 1885 323 Ill.
1929 261 1995 323 ll.
3254 267 3305 321 δὲ

3334 268 3360 304 3)

3326 278 3343 299 ι

3329 308 3360 323 -ι

92 385 256 457 utique
299 384 461 449 alieni
509 383 604 445 fuit
636 393 924 445 exsecutor
959 386 1198 457 imperii,
1226 383 1322 446 sed
1369 384 1658 447 voluntarii
1694 386 1737 450 Α
1770 397 1875 439 non
1904 381 2036 437 dicit
2076 381 2254 450 Pater,
2285 390 2340 438 et
2381 382 2625 452 prmdieit
2672 383 2878 438 Filius:
2909 384 3107 439 Amodo
3131 385 3365 441 uidebitis

93 477 213 535 liber
236 476 461 539 arbitrii.
488 475 581 539 Ubi
607 486 790 541 autem
819 478 1046 541 libertas
1070 479 1388 547 voluntatis.
1415 479 1491 537 ibi
1514 479 1661 537 nulla

98 569 449 641 prmvaricatin
481 570 777 637 missionis.

156 662 236 716 98.
283 661 390 721 Nec
426 678 647 723 vereare
689 679 759 723 ne
785 663 1074 735 displiceat
1113 665 1293 731 Patri,
1348 664 1498 737 quod
1538 665 1663 721 iecit

95 753 269 821 Filius;
292 770 411 821 Qtnn
446 756 561 826 ipse
589 755 776 813 dicat:
809 756 1159 825 animumque
1194 758 1391 827 placita
1437 767 1555 813 sunt
1595 758 1664 822 ei,

94 849 215 917 [uno
238 863 432 917 semper
455 846 632 921 (Joan.
661 864 774 915 vttt,
801 848 933 919 29);
963 857 1020 904 ct
1040 849 1198 906 alibi:
1230 849 1407 921 Opera
1438 864 1554 919 qua:
1574 864 1668 922 ego

95 940 241 1013 facio,
268 941 373 1014 ipse
402 943 530 1014 facit
558 940 742 1009 (Joan.
772 958 884 1009 xlv,
918 942 1029 1014 12).
1060 943 1346 1010 Quomodo
1374 959 1505 1013 ergo
1524 944 1670 1002 Patri

96 1033 247 1103 potuit
273 1033 583 1105 displicere,
630 1034 774 1105 quod
819 1036 935 1105 ipse
968 1036 1095 1093 fecit
1120 1051 1220 1108 per
1248 1035 1489 1097 Filium?
1518 1035 1671 1103 Unus

97 1127 221 1178 cnim
246 1125 399 1191 Dens,
430 1127 574 1180 sicut
601 1126 859 1199 scriptum
888 1133 993 1189 est.
1020 1128 1110 1200 qui
1120 1127 1430 1199 justiﬁcauit
1451 1127 1672 1187 circum-

98 1216 316 1271 tisiouem
340 1233 401 1271 ex
415 1216 540 1288 ﬁde,
564 1226 611 1279 et
628 1219 938 1288 prwputinrn
961 1234 1053 1288 per
1064 1218 1222 1289 ﬁdem
1244 1217 1425 1291 (llam.
1459 1234 1537 1284 ιιι,
1558 1216 1671 1290 56).

158 1310 239 1367 99.
272 1310 462 1366 Duruia
513 1310 633 1383 lege
657 1352 671 1375 ,
693 1311 872 1369 omnia
905 1311 1198 1383 diligenter
1230 1311 1486 1377 adverte;
1522 1312 1675 1373 iove-

101 1404 202 1459 nies
224 1403 299 1459 sic
348 1404 761 1461 demonstrasse
789 1419 848 1463 se
874 1403 1158 1465 Christum
1179 1446 1195 1473 ,
1233 1413 1291 1467 ut
1320 1404 1466 1465 Βουβ
1493 1404 1545 1466 ill
1576 1404 1676 1473 Ito-

103 1497 229 1555 mine
269 1505 628 1555 cerneretur:
674 1511 777 1557 nec
825 1497 1097 1559 malitiose
1144 1498 1385 1569 accipias
1414 1497 1487 1557 de
1516 1497 1677 1560 Patre

105 1589 271 1645 Filium
293 1590 618 1665 gloriantem
644 1631 660 1659 ,
690 1604 815 1649 cum
836 1590 1026 1651 audias
1054 1590 1273 1651 Patrem
1298 1592 1349 1655 in
1375 1590 1511 1655 Filio
1525 1606 1679 1653 com-

105 1683 375 1753 placentcm
404 1681 625 1755 (Manli.
656 1698 788 1748 ml,
809 1684 889 1755 5).

685 1797 918 1857 CAPUT
947 1800 1061 1855 XII.

111 1910 336 1968 Christum
363 1915 415 1968 in
443 1930 665 1984 persona
695 1914 895 1989 judicis
916 1914 1294 1969 consideratam
1339 1914 1595 1970 Catholici
1610 1932 1679 1970 an

169 2007 330 2062 Ariani
382 2008 569 2063 melius
608 2007 707 2062 sibi
732 2007 1044 2075 concilient,
1094 2008 1395 2078 inquiritur.
1441 2008 1682 2082 Objectio

171 2114 359 2176 propter
401 2104 601 2169 iudicis
647 2105 927 2159 sessionem
970 2120 1032 2156 ac
1082 2100 1259 2157 Patris
1305 2118 1452 2158 uoces
1504 2112 1685 2181 exorta

171 2196 491 2263 dissolvitur;
543 2197 1024 2267 demonstraturque
1065 2196 1262 2250 nullout
1305 2197 1359 2250 in
1401 2194 1544 2250 Filio
1592 2210 1684 2249 nec

174 2287 517 2361 subjectionem
554 2288 862 2361 signiﬁcari,
893 2287 1032 2359 quod
1054 2288 1227 2343 sedeat
1255 2304 1287 2341 a
1317 2286 1476 2342 Patre
1504 2287 1688 2341 invita-

175 2391 275 2436 tus:
296 2399 385 2437 nec
416 2383 805 2454 praelationem,
829 2383 969 2454 quod
988 2383 1056 2436 ad
1076 2384 1188 2453 ejus
1219 2382 1456 2437 dextram
1489 2382 1682 2437 sedeat.

177 2470 385 2545 Denique
419 2491 482 2529 ex
524 2473 781 2546 Angelico
818 2472 1060 2551 Trisagio
1100 2490 1435 2545 personarum
1480 2472 1532 2526 in
1579 2469 1687 2525 Deo

177 2564 488 2636 Trinitatem,
518 2584 589 2623 ac
609 2568 766 2623 simul
794 2569 1046 2624 unitatem
1067 2579 1269 2624 natura:
1294 2567 1580 2640 signiﬁcari
1600 2566 1690 2622 de-

180 2658 408 2716 claratur.
832 2664 839 2669 ’

186 2791 291 2847 100.
318 2794 421 2851 Sed
454 2796 499 2855 si
529 2796 837 2859 moralibus
867 2796 1013 2857 ﬂecti
1038 2812 1145 2859 non
1176 2807 1403 2873 queunt.
1435 2812 1694 2869 provoce-
1745 2817 1751 2823 '

127 2900 226 2943 mus
254 2887 316 2945 ad
350 2890 624 2960 judicent.
654 2889 737 2947 Ad
768 2905 928 2962 quem
968 2889 1186 2955 tandem
1219 2890 1462 2951 ibimus?
1489 2889 1696 2961 Nempe

130 2978 184 3031 ad
212 2994 321 3039 eum
360 2984 447 3053 qui
482 2982 760 3055 judicium
790 2982 974 3041 habet.
1025 2982 1295 3056 Numquid
1337 2983 1402 3039 ad
1434 2982 1698 3043 Patrem?

130 3068 217 3126 Sed
244 3072 390 3130 Pater
420 3094 521 3135 non
540 3078 759 3153 judico!
805 3094 1150 3154 quamquam;
1195 3094 1346 3135 omne
1381 3077 1527 3137 enim
1551 3078 1699 3151 judi-

1766 473 1965 530 Filium
1996 474 2221 530 hominis
2248 476 2503 530 sedentem
2538 476 2608 531 ad
2637 476 2901 533 dexteram
2923 478 3123 531 virtutis
3143 477 3358 549 (Matth.

1767 584 1917 633 xsvr,
1951 567 2079 641 64).
2125 568 2196 624 Et
2226 567 2330 625 hoc
2368 569 2437 625 de
2477 571 2861 639 asstrmptione
2906 571 3152 639 corporis
3194 571 3361 637 dicit;

1769 662 1895 718 huic
1922 663 2092 717 dicit:
2136 662 2272 719 Sede
2307 663 2376 718 ad
2406 664 2667 718 dexteram
2698 680 2865 717 meam
2896 662 2915 735 (
2943 662 3089 718 Psal.
3127 679 3236 729 Ctx,
3273 667 3294 719 l
3323 663 3366 736 ).

1768 755 1903 811 Nam
1933 758 1977 811 si
2006 756 2075 811 de
2118 766 2318 812 a‘tcrna
2353 758 2484 812 sedo
2527 756 2825 812 divinitatis
2852 758 3099 827 inquiris,
3133 757 3371 812 interro-

1769 861 1926 920 gatus
1974 866 2005 915 a
2049 851 2225 917 Pilato
2254 853 2297 915 si
2328 853 2441 923 ipse
2464 862 2607 909 esset
2642 866 2739 911 res
2786 850 3123 917 Judmorum,
3151 851 3257 909 ait:
3304 850 3370 908 In

1773 944 1870 1001 Itoc
1896 960 2014 1003 sum
2042 953 2194 1011 natus
2219 942 2399 1017 (Joan.
2443 960 2594 1011 svnt,
2636 942 2753 1017 37).
2778 941 2935 1000 Unde
2976 952 3034 1003 et
3072 944 3371 1013 ApoStolus

1772 1044 1960 1101 monet
1986 1037 2089 1093 hoc
2115 1050 2238 1095 esse
2270 1036 2429 1097 nobis
2451 1036 2604 1104 utile,
2627 1036 2671 1099 si
2698 1034 2976 1095 Christum
3002 1049 3107 1105 non
3134 1050 3201 1093 cx
3232 1050 3370 1105 prse-

1772 1137 1955 1201 cepto,
1986 1144 2163 1201 neque
2186 1143 2250 1187 ex
2278 1130 2475 1202 gratia,
2503 1127 2600 1189 sed
2642 1128 2796 1199 quasi
2839 1127 3251 1189 dilectissimum
3282 1127 3371 1187 Fi-

1777 1222 1908 1276 lium
1939 1222 2007 1279 ad
2050 1221 2331 1281 dextrrarn
2367 1221 2460 1281 Dei
2490 1221 2685 1279 sedere
2730 1219 3035 1279 credamus.
3092 1219 3183 1279 Sic
3223 1220 3370 1281 enim

1778 1315 1979 1370 habes:
2014 1314 2145 1381 Qua:
2170 1331 2378 1369 sursum
2398 1325 2539 1380 sunt,
2579 1315 2815 1387 qnwrite,
2841 1314 2928 1368 ubi
2949 1312 3183 1370 Christus
3204 1326 3278 1369 est
3306 1315 3374 1369 ad

1777 1406 2041 1461 dexteram
2066 1404 2161 1461 Dei
2182 1406 2366 1461 sedens
2382 1423 2401 1461 :
2424 1422 2540 1477 qua:
2564 1422 2771 1461 sursum
2787 1416 2931 1472 sunt,
2957 1407 3122 1475 sapite
3147 1407 3371 1476 (Coloss.

1778 1515 1858 1565 nt,
1891 1501 1946 1567 1,
1974 1498 2056 1572 2).
2108 1499 2222 1556 Hoc
2251 1508 2337 1556 est
2380 1501 2525 1556 enim
2548 1500 2831 1572 superiora
2873 1515 3066 1569 sapere
3088 1543 3102 1566 ,
3151 1503 3377 1560 credere

1778 1592 1902 1662 quia
1924 1590 2173 1647 Christus
2196 1601 2253 1646 ut
2282 1592 2491 1658 sedeat,
2524 1608 2631 1651 non
2654 1592 3008 1664 quasijussus
3035 1594 3375 1665 obsequitur,

1778 1685 1875 1745 sed
1901 1687 2054 1757 quasi
2079 1684 2249 1742 Filius
2265 1685 2652 1747 dilectissimus
2683 1684 3004 1741 honoratur.
3032 1685 3261 1757 Ρτυῃιυι·
3292 1702 3378 1743 ro-

1705 1779 1753 1842 B
1781 1780 1983 1835 tionem
2026 1796 2157 1850 ergo
2183 1781 2429 1851 corporis
2454 1779 2620 1835 dicit:
2651 1779 2789 1835 Sede
2810 1778 2879 1833 ad
2908 1779 3175 1834 dexteram
3190 1797 3377 1848 meam,

1782 1875 1943 1929 donec
1970 1890 2159 1945 ponam
2211 1874 2450 1929 inimicos
2494 1882 2610 1927 tuos
2640 1871 2923 1927 scabello»:
2958 1871 3150 1942 pedum
3177 1881 3377 1927 tuorum

1783 1965 1955 2036 (Psal.
1985 1982 2098 2030 cu,
2124 1967 2202 2029 Ι).

1856 2059 1981 2118 ίοι.
2014 2060 2170 2128 Quod
2202 2061 2246 2115 si
2277 2071 2333 2116 et
2375 2059 2478 2117 hoc
2505 2059 2574 2116 ad
2621 2060 2951 2117 calumniam
2996 2061 3167 2116 trabis
3194 2104 3208 2127 ,
3257 2060 3382 2131 quia

1785 2153 1950 2209 Pater
1969 2152 2139 2206 dixit:
2177 2150 2379 2206 Ponant
2408 2152 2646 2206 inimicos
2662 2161 2819 2216 tuos;
2850 2152 3012 2207 etiam
3038 2152 3200 2207 Pater
3219 2151 3387 2208 trahit

1787 2245 1852 2301 ad
1881 2243 2102 2309 Filium,
2129 2258 2268 2313 quos
2293 2243 2464 2298 Filius
2484 2243 2715 2299 suscitet
2744 2255 2907 2314 atque
2929 2243 3188 2299 viviﬁcet:
3216 2243 3384 2299 Nemo

1789 2337 1946 2400 enim,
1977 2335 2170 2407 inquit,
2208 2344 2373 2404 potest
2396 2335 2568 2390 uenire
2593 2335 2665 2389 ad
2693 2351 2791 2399 me,
2825 2336 2926 2389 nisi
2956 2335 3115 2389 Pater
3134 2338 3222 2408 qui
3247 2338 3388 2391 misit

1790 2446 1893 2497 nte,
1918 2429 2196 2487 attraxerit
2234 2445 2351 2484 eum
2373 2445 2392 2483 :
2415 2436 2469 2483 et
2494 2445 2588 2502 ego
2629 2430 2947 2483 resuscitabo
2983 2444 3102 2484 eum
3138 2430 3192 2484 in
3221 2434 3391 2485 noris-

1792 2524 1922 2578 simo
1946 2522 2032 2579 die
2058 2520 2241 2591 (Joan.
2270 2536 2347 2587 vt,
2373 2522 2491 2591 ιι).
2522 2521 2587 2576 Ει
2617 2529 2675 2576 ιιι
2703 2520 2897 2577 Filium
2925 2521 3020 2576 Dei
3049 2536 3144 2590 pro
3173 2521 3394 2578 inllrmi-

1794 2623 1907 2672 tate
1932 2614 2070 2679 dicis
2097 2629 2220 2670 esse
2248 2613 2556 2684 subjectum
2576 2655 2592 2681 ,
2624 2614 2707 2667 cui
2748 2612 2910 2668 Pater
2961 2612 3183 2671 attrahit
3211 2654 3224 2679 ,
3252 2628 3392 2676 quos

1794 2707 1884 2767 ille
1913 2707 1966 2766 in
1994 2705 2292 2763 novissimo
2321 2705 2409 2765 die
2448 2705 2712 2763 suscitet?
2760 2704 3016 2761 lizcccine
3043 2704 3139 2758 tibi
3180 2704 3395 2759 videtur

1797 2816 1917 2856 esse
1947 2798 2237 2870 sulrjectio,
2271 2799 2323 2853 in
2357 2813 2462 2868 qua
2516 2813 2743 2868 regnum
2788 2797 2938 2859 Patri
2980 2808 3202 2869 paratur
3227 2840 3243 2866 ,
3269 2811 3399 2852 cum

1800 2892 1965 2953 Pater
1989 2891 2056 2951 ad
2090 2890 2288 2951 Filium
2333 2888 2546 2955 trahat,
2574 2899 2632 2946 et
2656 2888 2944 2951 calumnia:
2970 2889 3118 2945 locus
3154 2905 3261 2945 non
3303 2890 3397 2955 sit,

1801 3002 1922 3047 cum
1947 2985 2094 3045 Patri
2122 3000 2350 3055 regnum
2382 2983 2553 3041 Filius
2590 2983 2804 3049 tradat,
2835 2982 2865 3024 δ
2894 2998 2995 3039 nec
3024 2983 3228 3055 aliquid
3262 2998 3399 3053 prae-

1804 3078 2053 3137 ieratur?
2089 3076 2219 3135 Hmc
2265 3077 2412 3139 enim
2444 3076 2769 3137 documenta
2796 3076 3017 3147 pietatis
3067 3085 3223 3141 sunt,
3258 3074 3404 3147 quod

131 3164 243 3218 cium
284 3167 418 3222 dedit
478 3168 633 3223 Filio
681 3168 862 3241 (Joan.
888 3185 942 3241 ν,
985 3168 1101 3242 '22).
1146 3170 1304 3229 Dedit
1332 3172 1515 3241 utique
1537 3186 1700 3240 3t:ne-
1728 3168 1775 3231 C
1806 3181 1860 3229 et
1889 3170 2048 3229 Pater
2083 3168 2245 3235 Filio,
2276 3180 2335 3229 et
2377 3168 2547 3225 Filius
2567 3167 2716 3225 Patri
2758 3169 2970 3235 tradat;
3002 3168 3074 3224 ita
3110 3169 3256 3223 enim
3299 3168 3406 3222 sibi

131 3261 295 3327 rando,
320 3278 421 3323 non
463 3262 775 3335 largiendo.
839 3262 971 3325 Vide
1002 3279 1160 3333 quam
1204 3272 1255 3321 te
1296 3263 1535 3321 uoluerit
1565 3263 1705 3323 Filio

133 3362 213 3405 suo
238 3351 506 3434 derogare,
546 3362 613 3411 ut
644 3353 742 3411 tibi
771 3354 945 3431 ipsum
976 3354 1213 3429 iudicem
1244 3355 1416 3417 daret.

191 3441 338 3523 590
368 3447 483 3503 lOI.
511 3446 814 3507 Videamus
846 3461 976 3523 ergo
1001 3457 1126 3507 ante
1155 3448 1419 3521 judicium
1440 3448 1562 3521 quis
1579 3462 1708 3509 cau-

136 3550 230 3595 sam
259 3543 529 3603 meliorem
562 3542 797 3608 habeat;
836 3556 959 3615 ego,
991 3558 1059 3601 an
1085 3552 1159 3601 tu.
1190 3541 1399 3615 Nempe
1428 3542 1710 3613 prudentis

139 3635 307 3692 actoris
337 3645 419 3695 est
444 3637 607 3711 prius
650 3636 947 3693 conciliare
975 3634 1081 3695 sibi
1104 3634 1369 3706 iudicem.
1418 3635 1710 3697 Hominem

140 3720 366 3795 honoras,
407 3737 430 3765 δ
463 3729 642 3789 Deum
675 3743 782 3787 non
824 3726 1107 3789 honores?
1136 3726 1277 3795 Quid
1302 3742 1436 3798 ergo
1460 3728 1716 3791 cmrciliat

142 3819 468 3889 cognitorem,
519 3820 973 3886 honoriﬁcentia,
1020 3836 1091 3879 an
1143 3820 1385 3890 injuria?
1425 3820 1575 3879 Pone
1625 3835 1714 3878 me

145 3921 386 3979 peccasse,
417 3916 560 3986 quod
596 3929 704 3969 non
733 3923 847 3980 est;
884 3930 1011 3973 num
1044 3912 1340 3976 offenditur
1372 3915 1579 3977 honore
1615 3929 1717 3972 suo

149 3997 397 4062 Christus?
422 4008 727 4067 l’eccamus
754 4022 985 4067 omnes:
1018 4009 1141 4079 quis
1172 4024 1301 4081 ergo
1340 4010 1555 4071 veniam
1592 4024 1718 4080 pro-

149 4099 426 4177 mcrebitur,
454 4104 542 4173 qui
570 4100 752 4158 defert
781 4100 1275 4171 honorificentiam,
1304 4118 1372 4158 au
1392 4104 1485 4175 qui
1509 4104 1718 4175 irrogat

150 4196 540 4251 contumeliam?

210 4285 316 4342 102.
341 4288 448 4348 Aut
473 4291 520 4347 si
552 4299 607 4346 te
634 4289 772 4347 ratio
801 4304 912 4349 non
934 4298 1146 4353 movet,
1174 4290 1387 4362 species
1414 4291 1607 4353 saltesn
1635 4289 1723 4361 ju-

155 4372 254 4431 dicii
282 4379 387 4451 ipsa
404 4391 775 4443 commoveat.
802 4382 1006 4439 Attolle
1023 4381 1211 4441 oculos
1235 4381 1550 4451 adiudicata
1575 4392 1719 4451 tuOS,

157 4466 337 4530 intuere
353 4476 443 4550 qui
468 4476 690 4542 sedeat,
721 4490 844 4535 cum
877 4490 986 4545 quo
1012 4475 1220 4543 sedeat,
1250 4474 1347 4531 ubi
1373 4475 1576 4539 sedem.
1628 4474 1726 4539 Se-

1811 3266 2068 3329 tradunt.
2107 3273 2168 3321 ut
2214 3279 2392 3334 neque
2420 3263 2519 3320 ille
2548 3265 2640 3335 qui
2687 3264 2918 3335 accipit,
2962 3263 3117 3334 quasi
3165 3263 3406 3320 alienum

1810 3357 2089 3427 acquirat:
2122 3370 2222 3412 nec
2249 3356 2338 3425 qui
2370 3354 2555 3422 tradit,
2581 3354 2816 3409 amittat.

1885 3454 2010 3531 ωε.
2042 3451 2124 3508 Ad
2153 3451 2435 3508 dexteram
2475 3466 2692 3521 quoque
2734 3450 2928 3506 sedere
2968 3451 3116 3506 nulla
3164 3452 3412 3522 pra~latio

1812 3555 1920 3613 est,
1953 3560 2128 3617 neque
2162 3545 2230 3601 ad
2273 3546 2550 3602 sinistram
2589 3545 2819 3614 injuria;
2843 3544 3099 3598 divinitas
3120 3543 3263 3597 cnim
3291 3559 3417 3614 gra-

1815 3640 1943 3699 dum
1976 3638 2173 3705 nescit,
2218 3653 2321 3699 nec
2369 3638 2493 3695 loco
2540 3637 2726 3705 aliqua
2770 3636 3262 3699 circumscribitur,
3315 3650 3418 3691 nee

1817 3730 2156 3801 temporibus
2185 3727 2467 3783 delinitur.
2508 3725 2769 3795 Augustis
2796 3726 2991 3779 animis
3037 3725 3288 3780 homines
3312 3725 3417 3782 ista

1819 3835 2127 3892 pensamus.
2152 3819 2310 3881 Nulla
2333 3818 2642 3877 dill‘erentia
2669 3816 2974 3883 clraritatis,
3000 3817 3204 3873 nullum
3226 3816 3420 3874 discri-

1819 3930 1943 3975 men
1974 3924 2059 3973 est
2086 3912 2328 3971 unitatis.
3400 3916 3417 3969 ’.

1886 4008 2049 4085 ωι
2093 4007 2214 4067 106.
2252 4006 2369 4065 Sed
2414 4022 2511 4063 cur
2556 4005 2768 4077 longius
2804 4009 3131 4076 evagamur?
3172 4008 3418 4065 Circum-

1820 4103 2076 4173 spectasti
2107 4102 2323 4167 omnia,
2355 4099 2537 4157 vidisti
2560 4099 2832 4170 judicent,
2866 4098 3144 4154 adven-iisti
3188 4102 3424 4172 Angelos

1821 4193 2200 4265 prmdicantes.
2248 4192 2325 4248 llli
2372 4192 2616 4259 laudant,
2644 4202 2704 4250 et
2736 4200 2791 4248 tu
2832 4190 3139 4262 vituperasl
3166 4192 3425 4251 Domina-

1825 4286 2000 4346 tiones
2043 4296 2098 4347 et
2133 4286 2440 4347 Potestatcs
2486 4294 2838 4352 venerantur,
2866 4292 2924 4341 et
2950 4293 3010 4340 tu
3039 4285 3425 4340 calunrniaris!

1826 4380 2073 4443 Aderant
2110 4396 2306 4441 omnes
2350 4381 2523 4437 salicti
2568 4381 2685 4450 ejus
2710 4398 2724 4436 :
2754 4396 2865 4441 non
2892 4381 3085 4437 adorat
3116 4380 3208 4436 Dei
3237 4380 3428 4448 Filius,

1829 4492 1936 4537 non
1990 4474 2183 4535 adorat
2240 4474 2479 4545 Spiritus
2535 4460 2778 4530 sanctus.
2839 4472 3129 4542 Serapbirn
3188 4472 3429 4528 dicunt:

157 4556 228 4614 det
252 4563 490 4626 Christus
532 4567 605 4627 ad
644 4566 925 4629 dexteram
963 4565 1158 4625 Patris.
1203 4569 1311 4629 Aut
1334 4567 1385 4629 si
1423 4568 1595 4627 oculis
1622 4568 1725 4629 hoc
1753 4563 1808 4624 Β
1833 4568 2081 4633 Muclus.
2110 4576 2345 4634 sanctus,
2376 4577 2585 4624 sanctus
2612 4565 2784 4639 (Esai.
2818 4582 2889 4631 rt,
2922 4567 3001 4637 ὃ).

161 4666 246 4711 non
281 4668 427 4728 potes
466 4659 941 4731 comprehendere
966 4701 981 4726 ,
1013 4659 1137 4717 audi
1168 4659 1442 4723 dicentem
1488 4660 1732 4730 Prophe-

164 4752 281 4804 tam:
308 4750 452 4813 Dicit
483 4752 750 4813 Dominus
781 4752 1008 4813 Domino
1045 4770 1182 4820 meo,
1215 4755 1339 4815 sede
1366 4755 1438 4813 ad
1462 4755 1733 4819 dexteram

163 4851 301 4895 meum
326 4843 494 4917 (Psat.
526 4862 642 4912 six,
676 4845 756 4919 2).
786 4846 959 4909 Sedrt
984 4861 1115 4917 ergo
1143 4848 1210 4902 ad
1244 4846 1523 4909 dexteram
1550 4848 1734 4907 Patris

164 4924 325 4988 Filius.
363 4936 455 4993 Dic
488 4953 633 4993 nunc
663 4939 756 5008 qui
795 4937 863 4993 de
890 4938 1247 4993 saecularibus
1280 4938 1559 4999 arbitraris
1586 4940 1735 4999 msti-

166 5031 333 5085 mauda
357 5033 559 5098 divina,
591 5050 719 5089 num
746 5033 839 5089 tibi
868 5034 1115 5089 videatur
1142 5034 1367 5090 inferior
1386 5036 1476 5105 qui
1507 5035 1574 5090 ad
1603 5036 1736 5091 dex-

168 5125 312 5176 teram
343 5129 537 5182 sedet?
574 5144 701 5182 num
732 5127 929 5199 injuria
958 5127 1156 5191 Patris,
1189 5128 1313 5198 quia
1347 5128 1413 5182 ad
1454 5128 1732 5183 sinistram

166 5212 330 5270 sedet?
358 5217 516 5276 Pater
557 5219 797 5276 honorat
818 5262 835 5286 ,
860 5231 920 5276 et
949 5229 1005 5275 tu
1054 5219 1305 5289 iniuriam
1340 5220 1546 5293 putas?
1574 5220 1737 5277 Pater

172 5309 346 5362 mavult
373 5311 421 5365 id
465 5328 587 5367 esse
618 5314 836 5387 pietatis
862 5314 1175 5383 exemplum
1197 5355 1211 5380 ,
1245 5322 1298 5367 et
1324 5320 1383 5371 tu
1413 5322 1568 5391 putas
1596 5330 1736 5391 prte-

173 5403 410 5470 ceptinuis
440 5408 770 5478 imperium?
800 5407 879 5466 De
907 5418 1081 5473 morte
1094 5408 1434 5476 surrexit,et
1456 5408 1528 5469 ad
1555 5409 1740 5473 denso

173 5502 271 5549 ram
300 5496 391 5553 Dei
410 5500 589 5557 sedet.

235 5589 347 5646 103.
394 5595 501 5652 Sed
532 5598 687 5667 dixit,
720 5599 922 5677 inquis,
957 5598 1138 5665 Pater.
1192 5596 1393 5673 Accipe
1438 5597 1599 5659 etiam
1650 5594 1742 5661 ubi

242 5726 403 5801 “iss.
431 5731 656 5801 aliquot,
692 5734 974 5791 Dominum
1006 5750 1110 5789 non
1148 5733 1395 5787 honoras.

243 5793 264 5831 ι’
291 5798 463 5857 Codex
478 5793 684 5876 Albini,
714 5823 809 5862 nec
826 5807 1018 5876 aliquis
1038 5821 1057 5871 ;
1079 5804 1279 5860 Teller.
1293 5844 1306 5870 ,
1322 5816 1413 5856 nec
1427 5800 1585 5856 alicui
1608 5815 1741 5871 prte-

1908 4664 2033 4721 107.
2074 4663 2216 4731 Quid
2264 4663 2368 4719 sibi
2412 4663 2527 4718 vult
2566 4662 2671 4717 sub
2716 4676 2830 4718 uno
2872 4661 3093 4716 nomine
3132 4658 3440 4719 sanctitatis

1834 4755 1973 4817 trina
2008 4755 2303 4826 repetitio?
2331 4754 2390 4812 Si
2418 4754 2557 4810 trina
2586 4754 2865 4824 repetitio,
2896 4770 2995 4808 cur
3022 4769 3125 4809 una
3159 4750 3441 4807 laudatio?

1833 4846 1889 4907 Si
1914 4863 2019 4903 una
2050 4845 2312 4912 laudatio.
2340 4860 2440 4900 cur
2474 4846 2616 4901 trina
2646 4846 2943 4914 repetitio?
2971 4845 3138 4901 Trina
3180 4844 3440 4913 repetitio

1834 4955 1963 5005 cur,
2008 4939 2114 4993 nisi
2162 4939 2288 5008 quia
2333 4938 2494 4992 Pater
2537 4946 2592 4992 et
2630 4936 2802 4992 Filius
2844 4949 2898 4993 et
2937 4939 3172 5007 Spiritus
3215 4948 3440 4993 sanctus

1836 5031 2121 5093 sanctitate
2144 5046 2311 5087 unum
2339 5041 2461 5086 sunt
2489 5030 2531 5101 (Ι
2554 5029 2716 5084 least.
2744 5046 2796 5095 γ,
2826 5028 2923 5109 7)?
2946 5030 3062 5085 Non
3082 5030 3227 5085 dixit
3244 5030 3439 5097 semel,

1838 5144 1907 5184 ne
1932 5126 2127 5182 Filium
2155 5132 2566 5195 sequestraret:
2610 5139 2715 5179 non
2744 5123 2849 5186 bis,
2890 5140 2960 5179 ne
3010 5124 3270 5194 Spiritum
3306 5139 3440 5192 prm—
3546 5122 3550 5126 Α

1842 5221 2063 5277 terit-et:
2100 5236 2204 5275 non
2233 5226 2450 5290 quater,
2483 5234 2555 5275 ne
2575 5227 2857 5276 creaturas
2882 5221 3265 5297 conjungerct.
3298 5216 3363 5273 Et
3390 5226 3450 5291 ut

1840 5312 2158 5371 ostenderet
2181 5311 2467 5369 Trinitatis
2490 5328 2651 5377 unam
2679 5327 2801 5375 esse
2823 5311 3103 5376 deitatem.
3131 5328 3253 5373 cum
3282 5312 3446 5379 tertio

1841 5406 2109 5462 dixisset:
2142 5404 2389 5470 Sanctus,
2418 5416 2647 5473 sanctus,
2676 5416 2913 5470 sanctus;
2958 5404 3169 5460 addidit
3204 5406 3446 5475 singulas

1843 5501 2015 5557 ritcr:
2051 5498 2303 5553 Dominus
2344 5496 2485 5552 Deus
2513 5497 2728 5552 sabaoth
2767 5495 2939 5568 (Esai.
2980 5512 3062 5565 vr,
3098 5497 3176 5569 '5).
3206 5496 3449 5569 Sanctus

1847 5594 2010 5673 igitur
2037 5592 2219 5660 Pater,
2253 5598 2471 5651 sanctus
2500 5589 2692 5657 Filius,
2726 5599 2947 5655 senatus
2967 5597 3029 5655 et
3054 5590 3149 5665 Dei
3189 5588 3445 5665 Spiritus.

1854 5730 2072 5799 (natur.
