3948 6172
523 228 633 285 585

1887 222 1966 278 SA
1977 222 2129 280 NCT]
2169 222 2496 280 AMBROSII
3683 221 3768 277 581

523 337 799 393 Adoratur
825 337 985 408 igitur
1017 336 1279 402 Trinitas,
1313 351 1423 392 non
1459 335 1653 391 adorat
1681 353 1692 388 :
1726 334 1975 391 laudatur
2001 336 2124 392 Tri-
2157 343 2208 400 Λ
2235 338 2428 408 inquit,
2465 338 2654 393 Deum.
2688 335 3056 409 Respondebit
3093 336 3141 391 ei
3189 335 3482 391 Dominus:
3515 334 3643 391 Dixit
3669 337 3768 389 insi-

522 430 696 495 nitas,
739 447 844 484 non
890 432 1096 483 laudat.
1147 430 1258 500 Ego
1299 429 1444 484 malo
1483 429 1626 486 sicut
1670 429 1956 502 Scrapliim
2005 446 2127 485 cre-

521 523 676 589 dere,
705 533 760 580 et
790 525 930 579 sicut
955 539 1146 579 omnes
1174 523 1480 580 Potestates
1507 524 1850 592 Virtutesque
1875 525 2125 579 ctelestes

520 617 772 673 adorare.
1172 659 1186 669 .

1117 708 1350 766 CAPUT
1389 709 1528 766 XIII.

518 819 835 879 Continuata
879 822 1074 895 judicii
1135 821 1401 877 Dominici
1453 824 1740 895 allegoria,
1798 824 2124 894 blasphemas

593 919 924 982 Arianorum,
957 918 1396 984 Sabellianorum,
1426 930 1471 974 et
1503 919 1912 974 Manichteorunt
1943 921 2008 974 de
2033 936 2125 972 suo

580 1012 764 1082 judice
799 1012 1066 1083 Opiniones
1107 1013 1410 1067 Ambrosius
1450 1014 1630 1084 paucis
1671 1013 1878 1082 refellit.
1929 1010 2127 1065 Deinde

592 1107 873 1178 propositis
895 1104 1088 1160 Christi
1111 1106 1175 1160 de
1197 1107 1396 1161 cwteris
1418 1107 1528 1160 suis
1553 1105 1861 1160 adversariis
1884 1115 2130 1175 expostu-

596 1200 893 1267 lationibus,
916 1199 1177 1272 judicium
1207 1201 1303 1254 sibi
1332 1199 1505 1254 mitius
1533 1203 1773 1271 futurum
1801 1208 1989 1268 sperat.

594 1357 718 1415 108.
761 1356 937 1429 Igitur
969 1357 1410 1427 prosecutionem
1444 1367 1588 1412 tuam
1620 1355 2128 1425 videamus,quem-

517 1450 814 1508 admodum
860 1451 1121 1506 concilies
1164 1450 1258 1505 tibi
1283 1451 1545 1522 judicem.
1600 1449 1697 1504 Dic
1727 1463 1881 1513 sane,
1907 1447 2015 1513 die,
2046 1449 2128 1502 in-

519 1562 680 1618 quam
712 1562 725 1600 :
759 1545 875 1616 Ego
907 1554 981 1611 te,
1011 1545 1251 1612 Christe,
1283 1554 1417 1617 puto
1446 1559 1569 1600 esse
1599 1543 1920 1599 dissimilem
1957 1542 2124 1597 Patri.

519 1637 896 1710 Respondebit
934 1649 989 1694 et
1036 1638 1167 1692 ille:
1205 1637 1496 1703 Discerne,
1528 1638 1574 1692 si
1615 1645 1801 1706 potes;
1847 1635 2120 1701 discerne,

518 1729 767 1802 inquam,
801 1731 855 1785 in
887 1745 998 1800 quo
1029 1737 1188 1800 putes
1211 1744 1333 1785 esse
1361 1729 1701 1785 dissimilem.

593 1825 717 1882 109.
763 1826 858 1880 Dic
884 1824 1032 1880 aliud
1059 1842 1072 1878 :
1100 1823 1445 1890 Creaturam,
1490 1824 1721 1895 inquies,
1763 1832 1816 1879 te
1861 1823 2122 1879 arbitror.

517 1918 892 1992 Respondebit
915 1928 972 1976 et
996 1919 1250 1976 Christus
1275 1937 1288 1975 :
1318 1919 1374 1974 Si
1399 1919 1628 1974 duorum
1659 1920 1939 1974 hominum
1971 1919 2128 1974 testi-

517 2012 763 2070 monium
794 2027 983 2067 verum
1013 2021 1135 2080 est,
1174 2021 1230 2067 tu
1264 2027 1364 2067 nec
1406 2012 1572 2078 mihi,
1607 2027 1707 2068 nec
1751 2011 1897 2067 Patri
1929 2011 2123 2067 saltem

519 2104 748 2161 credere
777 2105 1047 2173 debuisti,
1075 2107 1167 2177 qui
1199 2107 1442 2177 genitum
1470 2106 1804 2161 nominavit?

591 2200 716 2255 110.
759 2199 1004 2264 Bonum,
1050 2201 1294 2270 inquies,
1339 2215 1499 2272 nego.
1543 2200 1698 2255 Dicet
1741 2209 1796 2256 et
1835 2200 1974 2255 ille:
2006 2200 2125 2255 Fiat

519 2291 614 2348 tibi
661 2293 960 2348 secundum
1000 2292 1160 2349 [idem
1205 2303 1384 2360 tuam,
1421 2301 1482 2348 ut
1515 2292 1611 2349 tibi
1651 2293 1826 2348 bonus
1857 2309 1964 2348 non
1996 2294 2120 2348 sim.

593 2385 719 2441 111.
762 2385 1205 2457 Omnipoteutem
1238 2403 1346 2441 non
1377 2386 1634 2442 arbitror.
1670 2385 2043 2452 Respondebit
2070 2394 2126 2440 et

516 2484 675 2553 ipse:
710 2480 827 2536 Non
868 2496 1092 2551 possunt
1119 2497 1249 2552 ergo
1280 2481 1374 2536 tibi
1405 2489 1494 2536 tua
1525 2489 1742 2552 peccata
1771 2481 1997 2536 donare.

595 2574 720 2628 112.
762 2573 1081 2643 Subjectum
1125 2573 1268 2627 dico.
1315 2573 1539 2628 Referet
1565 2573 1632 2626 ad
1660 2573 1761 2626 hoc
1789 2591 1801 2627 :
1828 2571 1939 2627 Cur
1960 2573 2124 2641 igitur

515 2666 825 2722 libertatem
871 2679 934 2720 ac
973 2665 1188 2720 veniam
1222 2663 1292 2718 ab
1320 2679 1388 2719 eo
1417 2665 1588 2734 petis,
1618 2679 1779 2734 quem
1821 2675 1979 2734 putas
2023 2680 2122 2734 pro

515 2756 747 2813 servitio
775 2770 900 2812 esse
929 2755 1274 2826 subjectum?

592 2850 720 2906 115.
768 2849 937 2904 Video
968 2849 1180 2904 lnerere
1209 2849 1651 2919 prosecutionem
1677 2859 1822 2906 tuam
1851 2869 1864 2906 :
1894 2867 2000 2907 non
2032 2869 2122 2908 ur-

516 2957 642 3015 geo,
684 2941 806 3013 quia
852 2949 1199 3012 peccatorum
1244 2955 1490 2996 meorum
1522 2942 1640 3012 ipse
1685 2959 1802 2998 sunt
1843 2946 2117 3000 conscius.

517 3034 636 3090 Non
681 3032 898 3089 invideo
923 3032 1140 3088 veniam
1166 3075 1180 3098 ,
1211 3032 1338 3104 quia
1371 3033 1488 3103 ipse
1525 3043 1654 3106 Opto
1685 3034 2075 3104 indulgentiam
2104 3054 2116 3088 :

2229 433 2373 502 piens
2414 433 2466 486 in
2507 432 2662 487 corde
2701 449 2796 486 suo
2826 448 2845 486 :
2873 431 2995 485 Non
3034 444 3108 485 est
3150 429 3290 486 Deus
3342 429 3530 502 (Psal.
3577 446 3661 496 LII,
3694 430 3766 498 1).

2230 521 2306 576 De
2335 537 2442 590 quo
2467 522 2671 578 dictum
2703 530 2894 593 putas,
2933 521 3000 577 de
3027 521 3247 589 Judzeo,
3273 521 3341 577 de
3377 522 3582 593 gentili,
3621 537 3680 576 an
3717 521 3771 578 de

2227 615 2482 671 diabolo?
2516 618 2591 672 De
2617 617 2809 688 quovis
2839 617 3044 672 dictum
3074 618 3166 681 sit,
3198 616 3532 679 Pbotiniaue,
3560 615 3773 671 tolerabi-

2227 706 2332 762 lior
2365 718 2450 762 est
2491 709 2614 773 ille,
2656 710 2747 778 qui
2794 709 2998 763 tacuit:
3033 716 3089 762 tu
3124 722 3256 763 vero
3292 717 3348 763 et
3385 723 3512 764 voce
3549 722 3690 763 ausus
3723 723 3770 761 es

2229 799 2433 864 dicere,
2466 810 2522 854 ut
2563 801 2849 870 insipiente
2893 800 3240 871 insipientior
3278 800 3596 871 probareris.
3630 799 3773 869 Negas

2229 912 2380 968 ergo,
2415 897 2608 966 inquit,
2641 897 2806 951 Deum
2834 914 2849 962 ;
2882 912 3004 951 cum
3041 911 3142 966 ego
3180 895 3409 951 dixerim
3436 913 3447 948 :
3479 893 3566 948 Dii
3590 894 3710 960 estis,
3737 904 3773 946 et

2229 990 2327 1058 ﬁlii
2351 990 2537 1043 excelsi
2559 1005 2734 1044 omnes
2761 988 2936 1061 (Psal.
2965 1005 3147 1055 um,
3171 989 3248 1060 6).
3275 989 3338 1044 Et
3361 997 3414 1042 tu
3441 989 3600 1043 Deum
3621 1001 3774 1057 negas,

2229 1084 2384 1153 cujus
2413 1099 2577 1154 opera
2610 1084 2789 1139 divina
2821 1083 3229 1155 circumspicis?

2304 1178 2427 1234 1-18.
2472 1178 2627 1233 Dicat
2664 1186 2717 1233 et
2747 1176 3088 1232 Sabellianus
3134 1195 3147 1229 :
3198 1176 3311 1248 Ego
3341 1174 3562 1246 teipsum
3596 1173 3777 1228 Patrem

2231 1279 2286 1325 ct
2334 1270 2530 1325 Filium
2576 1280 2630 1324 et
2679 1269 2938 1340 Spiritum
2987 1277 3233 1324 sanctum
3279 1269 3526 1324 arbitror.
3573 1266 3779 1336 Respon-

2230 1363 2378 1419 debit
2417 1373 2474 1419 et
2517 1363 2776 1417 Dominus
2807 1379 2820 1414 :
2849 1361 2966 1417 Non
3011 1361 3169 1417 audis
3218 1361 3464 1427 Patrem,
3509 1374 3608 1416 non
3651 1356 3780 1411 audis

2229 1457 2446 1512 Filium.
2489 1455 2757 1526 Numquid
2804 1454 2892 1509 hic
2936 1455 3043 1508 ulla
3087 1454 3333 1509 confusio
3376 1454 3493 1509 est?
3535 1451 3780 1520 Scriptura

2229 1551 2344 1622 ipsa
2377 1562 2402 1588 ιι
2429 1560 2482 1606 te
2520 1551 2681 1607 docet
2723 1551 2939 1607 Patrem
2986 1566 3138 1616 esse,
3171 1551 3262 1622 qui
3293 1549 3486 1606 detulit
3511 1547 3779 1619 judicium:

2230 1643 2426 1698 Filium
2456 1659 2598 1708 esse,
2629 1643 2719 1714 qui
2742 1642 2968 1713 judicat.
2997 1643 3112 1699 Non
3152 1642 3352 1698 audisti
3386 1659 3473 1699 me
3507 1641 3778 1696 dicentem:

2157 1733 2204 1792 B
2233 1736 2393 1791 Solus
2441 1753 2543 1791 non
2590 1754 2739 1800 sum;
2796 1737 2884 1790 sed
2936 1754 3060 1809 ego,
3111 1747 3156 1792 et
3211 1738 3298 1807 qui
3351 1736 3489 1792 misit
3533 1750 3607 1819 nte
3653 1730 3784 1786 Pater

2228 1830 2408 1901 (Joan.
2442 1847 2556 1895 \Ill,
2596 1831 2713 1903 29).

2299 1923 2423 1980 119.
2469 1924 2624 1979 Dicat
2654 1935 2709 1980 et
2736 1924 3064 1980 Manichacus
3092 1941 3106 1979 :
3139 1923 3165 1962 ι)
3196 1925 3310 1995 Ego
3334 1933 3606 1981 auctorem
3633 1917 3785 1976 carnis

2225 2025 2427 2072 nostra:
2465 2016 2741 2071 diabolum
2780 2017 2966 2073 credo.
3004 2016 3373 2087 Respondebit
3404 2019 3454 2073 ei
3481 2033 3494 2069 :
3525 2014 3657 2084 Ergo
3680 2010 3786 2082 quid

2225 2109 2391 2165 facies
2420 2109 2472 2163 in
2503 2109 2854 2166 caelestibus?
2882 2109 3032 2165 Vade
3071 2111 3138 2165 ad
3180 2121 3459 2166 auctorem
3499 2118 3658 2164 tuum.
3693 2105 3788 2172 Ego

2224 2217 2320 2260 eos
2347 2203 2471 2258 volo
2502 2218 2711 2259 mecum
2743 2220 2885 2268 esse,
2915 2219 3052 2276 quos
3077 2204 3228 2261 dedit
3257 2205 3388 2260 mibi
3420 2205 3592 2261 Pater.
3634 2201 3705 2258 Tu
3746 2208 3786 2253 te

2225 2311 2254 2350 a
2300 2295 2518 2351 diabolo
2563 2296 3198 2363 creatum,«Maniclmee.
3230 2297 3515 2353 arbitraris
3542 2315 3554 2350 :
3581 2294 3642 2351 ad
3669 2292 3788 2348 illius

2224 2403 2354 2458 ergo
2401 2387 2599 2443 festina
2650 2389 2872 2456 sedem;
2918 2391 3004 2446 ubi
3044 2391 3185 2463 ignis
3213 2401 3268 2447 et
3299 2391 3550 2463 sulphur,
3579 2387 3662 2444 ubi
3695 2402 3783 2440 non

2226 2480 2581 2551 restinguitur
2607 2482 2724 2553 ejus
2754 2482 3093 2550 incendium,
3128 2498 3195 2540 ne
3227 2499 3484 2554 umquam
3516 2495 3666 2553 pcena
3689 2492 3779 2535 mo

2225 2576 2416 2632 riatur.

2299 2670 2419 2724 120.
2463 2669 2614 2725 Mitto
2651 2671 2755 2726 alia
2802 2671 3184 2728 haereticorum
3226 2680 3502 2743 portenta,
3540 2682 3561 2711 ε
3589 2683 3688 2726 non
3714 2679 3792 2722 no-

2225 2761 2404 2828 mina;
2438 2763 2566 2832 quid
2608 2763 2687 2819 eis
2716 2763 2822 2819 erit
2845 2763 3058 2834 judicii,
3087 2780 3209 2836 quae
3247 2764 3353 2821 erit
3393 2765 3566 2821 forma
3603 2768 3792 2818 sentcn-

2224 2853 2348 2909 tiai?
2373 2854 2744 2926 ReSpondebit
2778 2856 2863 2911 his
2886 2856 3136 2912 omnibus
3165 2866 3220 2914 et
3248 2858 3339 2914 ille
3366 2857 3642 2914 moraliter
3666 2871 3678 2908 :
3707 2851 3793 2906 Po-

2226 2949 2379 3020 pulus
2415 2967 2585 3015 meus,
2637 2949 2761 3019 quid
2803 2951 2901 3021 feci
2945 2950 3065 3015 tibi,
3107 2959 3196 3004 aut
3236 2952 3364 3022 quid
3414 2948 3724 3006 constristavi
3760 2955 3796 2997 te

2224 3041 2411 3114 (Micli.
2450 3058 2525 3108 vr,
2557 3043 2656 3112 5)?
2694 3041 2882 3097 Nonne
2925 3057 2992 3096 ex
3036 3041 3270 3115 Egypto
3314 3043 3482 3100 eduxi
3528 3052 3609 3111 te,
3651 3049 3702 3098 et
3737 3051 3793 3094 ex

517 3137 707 3184 votum
739 3136 888 3183 tuum
916 3127 1060 3182 scire
1089 3126 1362 3182 desidero.
1397 3127 1475 3182 Eu
1505 3129 1682 3199 allego
1709 3129 1850 3198 apud
1879 3129 2117 3199 judicent
2151 3116 2194 3176 C
2227 3135 2391 3191 domo
2420 3135 2704 3190 servitutis
2732 3133 2963 3189 liberavi
2990 3136 3082 3191 te?

515 3213 786 3281 desideria
835 3232 965 3278 tua:
997 3236 1104 3277 non
1142 3221 1312 3292 prodo
1350 3221 1610 3288 crimina,
1658 3223 1854 3280 seriem
1902 3232 2116 3279 tuorum

516 3328 777 3391 exspecto
807 3327 1082 3375 votorum.

591 3413 717 3469 111.
763 3413 860 3469 Dic
895 3412 1079 3482 itaque
1116 3427 1180 3468 ea
1222 3427 1343 3484 quae
1382 3409 1436 3466 in
1474 3410 1747 3466 communi
1793 3420 1919 3466 voto
1956 3419 2114 3474 sunt;

515 3507 634 3575 dic,
681 3509 942 3578 inquam:
977 3507 1227 3573 Domine,
1279 3506 1362 3562 lac
1409 3523 1496 3562 me
1549 3506 1614 3561 ad
1661 3507 1951 3577 imaginem
1999 3508 2112 3562 Dei.

516 3600 892 3673 Respondebit
959 3600 1112 3656 ille:
1171 3599 1252 3656 Ad
1326 3615 1487 3672 quam
1553 3600 1880 3671 imaginem?
1945 3600 2115 3666 Quam

513 3696 760 3768 negasti?

586 3789 712 3845 115.
757 3787 882 3843 Dic:
905 3786 1012 3843 Fac
1032 3801 1121 3844 me
1143 3786 1635 3859 incorruptibilem.
1660 3786 1880 3844 Referet
1902 3788 2115 3859 utique:

515 3879 678 3955 ω
716 3882 1001 3950 Quomodo
1043 3890 1095 3937 te
1140 3881 1606 3952 incorruptibilem
1650 3881 1828 3937 facere
1869 3897 2114 3953 possum,

512 3991 675 4047 quem
705 3983 758 4030 tu
787 3987 1092 4032 creaturam
1131 3974 1394 4040 dicendo,
1442 3989 1698 4045 capacem
1745 3973 2115 4046 corruptibili-

513 4068 642 4124 tatis
666 4083 789 4125 esse
811 4068 1070 4124 voluisti?
1095 4067 1294 4123 lllortui
1319 4077 1604 4138 resurgent
1630 4067 1951 4138 incorrupti,
1979 4077 2035 4123 et
2062 4077 2114 4121 tu

510 4161 924 4234 corruptibilem
940 4161 1080 4216 dicis
1095 4177 1256 4232 quem
1279 4162 1449 4216 Deum
1467 4162 1648 4216 cernis
1668 4161 1714 4232 (l
1737 4161 1855 4216 Cor.
1877 4177 1964 4226 xv,
1987 4160 2118 4233 52)?

582 4255 709 4310 116.
752 4253 846 4308 Dic
867 4270 880 4306 :
903 4253 1084 4308 Bonus
1105 4262 1226 4308 esto
1247 4251 1403 4306 mihi.
1430 4251 1584 4307 Dicet
1605 4251 1700 4306 tibi
1727 4270 1739 4306 :
1765 4253 1902 4318 Quid
1928 4261 2117 4324 postu-

509 4347 623 4414 las,
665 4345 806 4418 quod
853 4343 1102 4415 negasti?
1137 4343 1249 4415 Ego
1294 4354 1346 4398 te
1385 4344 1584 4400 bonum
1627 4359 1750 4400 esse
1795 4345 1972 4410 volui,
2014 4361 2115 4416 ego

508 4441 622 4498 dixi
651 4458 664 4496 :
698 4437 876 4493 Estote
904 4437 1091 4504 sancti,
1121 4437 1366 4508 quoniam
1398 4437 1505 4506 ipse
1529 4445 1736 4491 sanctus
1769 4453 1881 4492 sum
1921 4437 2109 4509 (Leuit.

2298 3230 2422 3284 19.1.
2464 3227 2570 3285 Sed
2612 3243 2798 3298 parum
2845 3238 2928 3283 est
2971 3243 3038 3283 ex
3080 3227 3319 3302 IEgypto
3348 3229 3637 3295 liberasse,
3672 3231 3722 3281 et
3745 3235 3798 3277 ex

2222 3320 2384 3378 domo
2411 3321 2693 3378 servitutis
2721 3322 2990 3392 eripuisse
3020 3340 3035 3376 :
3069 3321 3189 3393 plus
3213 3333 3297 3378 est
3323 3332 3376 3380 te
3404 3325 3581 3395 ipsum
3611 3317 3801 3376 dedisse

2223 3432 2322 3487 pro
2354 3415 2527 3472 nobis.
2556 3415 2714 3470 Dices
2743 3430 2874 3487 ergo
2900 3433 2913 3469 :
2946 3415 3138 3472 Nonne
3159 3424 3369 3471 vestras
3395 3430 3591 3472 omnes
3617 3404 3802 3478 suscepi

2221 3507 2485 3580 injurias?
2533 3507 2725 3565 Nonne
2779 3523 2980 3579 corpus
3037 3523 3215 3564 meum
3268 3524 3365 3579 pro
3421 3508 3578 3565 vobis
3625 3500 3803 3561 obtuli?

2220 3598 2412 3656 Nonne
2451 3608 2682 3656 mortem
2724 3600 2992 3670 appetivi,
3032 3599 3175 3671 quod
3219 3614 3324 3655 non
3369 3608 3496 3657 erat
3534 3589 3803 3654 divinitatis

2222 3708 2380 3761 meae,
2403 3692 2499 3749 sed
2530 3701 2729 3748 vestra:
2746 3689 2772 3729 ἀ
2793 3691 3218 3762 redemptionis?
3243 3691 3499 3749 llaccine
3525 3691 3806 3748 referuntur

2220 3787 2442 3860 gratim?
2471 3786 2584 3840 Hoc
2609 3784 2842 3856 proiecit
2863 3785 3082 3855 sanguis
3110 3801 3285 3851 meus,
3309 3785 3454 3841 sicut
3479 3784 3534 3839 in
3565 3780 3806 3852 Propheta

2221 3882 2338 3952 ipse
2367 3881 2477 3951 jam
2525 3879 2675 3934 dixi:
2707 3877 2838 3946 Quae
2881 3878 3078 3932 utilitas
3119 3879 3172 3933 in
3217 3880 3478 3950 sanguine
3522 3891 3665 3940 meo;
3705 3871 3807 3942 quia

2221 3974 2461 4029 descendi
2489 3974 2542 4028 in
2575 3973 2954 4045 corruptionem
2986 3969 3158 4044 (Psal.
3191 3987 3340 4036 χχιι,
3378 3972 3511 4044 10)?
3538 3970 3659 4025 Hoc
3695 3977 3807 4033 ergo

2221 4067 2484 4138 profecit,
2533 4077 2594 4122 ut
2642 4081 2729 4122 me
2772 4064 2938 4136 impie
2979 4065 3288 4136 negaretis,
3339 4079 3446 4135 pro
3487 4063 3684 4136 quibus
3725 4059 3809 4112 ista

2221 4160 2475 4217 sustinui.

2295 4254 2419 4309 122.
2464 4254 2576 4323 Ego
2605 4267 2736 4308 vero
2770 4261 2923 4319 tunc,
2955 4250 3185 4307 Domine
3218 4249 3369 4318 Jesu,
3419 4260 3479 4307 et
3511 4250 3558 4306 si
3587 4246 3809 4321 gravium

2219 4357 2562 4416 peccatorum
2595 4344 2726 4398 mihi
2756 4342 2872 4412 ipse
2909 4342 3010 4396 sim
3055 4341 3337 4408 conscius,
3375 4341 3559 4397 dicam
3603 4351 3768 4393 tamen
3800 4347 3807 4382 :

2221 4436 2339 4492 Non
2365 4446 2415 4492 te
2437 4436 2660 4508 negavi;
2689 4435 2857 4490 habes
2877 4433 3020 4505 quod
3049 4433 3298 4503 ignoscas
3321 4422 3607 4506 fragilitati
3628 4430 3811 4486 carnis.

511 4531 660 4605 su);
688 4543 744 4588 et
770 4539 824 4585 tu
850 4530 981 4587 mihi
1011 4529 1065 4585 id
1095 4544 1297 4601 negare
1321 4530 1643 4586 contendis?
1670 4538 1725 4584 et
1751 4540 1807 4584 lu
1829 4539 2112 4602 exspectas
2139 4514 2194 4574 Ῑ)
2221 4529 2484 4585 Delictum
2525 4527 2729 4593 fateor,
2759 4537 3039 4596 peccatum
3073 4540 3178 4580 non
3209 4525 3391 4581 abnuo
3421 4545 3434 4580 :
3462 4525 3530 4581 Si
3556 4526 3658 4589 vis,
3689 4529 3814 4592 potes

509 4627 728 4684 veniam
774 4623 1163 4697 peccatorum?
1206 4622 1315 4679 Sed
1358 4638 1520 4677 nemo
1551 4629 1727 4694 potest
1755 4623 1958 4681 donare
1990 4639 2112 4695 pec-

507 4726 660 4783 cata,
704 4716 806 4772 nisi
858 4715 1010 4771 solus
1057 4715 1222 4770 Deus.
1272 4713 1456 4786 Itaque
1497 4729 1619 4770 cum
1666 4731 1827 4771 verus
1871 4724 1927 4772 et
1962 4717 2110 4772 solus

505 4811 604 4869 tibi
635 4811 779 4868 Deus
810 4822 918 4866 nun
947 4809 1072 4878 sim,
1106 4824 1214 4866 non
1258 4823 1480 4881 possum
1522 4811 1708 4882 utique
1751 4819 1840 4866 tua
1887 4820 2106 4880 peccata

507 4902 876 5054 “ﬁliae
906 4995 1139 5053 Arianus
1159 4995 1326 5062 dicat,
1349 5003 1402 5052 et
1430 4994 1786 5052 Photinianus
1813 5013 1825 5049 :
1851 4994 2000 5068 Nego
2029 5004 2104 5062 te,

579 5169 605 5198 ι
635 5157 710 5214 Ita
757 5157 890 5214 edit.
933 5171 1057 5212 cum
1099 5170 1232 5210 mss.
1276 5153 1516 5225 aliquot;
1545 5157 1775 5212 aliorum
1809 5173 1939 5212 vero
1971 5171 2104 5212 non-

506 5232 664 5290 nulli.
712 5246 806 5284 nos
849 5232 1032 5292 docet;
1065 5227 1334 5290 nonnulli,
1373 5242 1461 5280 vos
1491 5231 1634 5282 docet
1663 5245 1680 5282 :
1707 5229 1816 5283 duo
1845 5229 2030 5293 etiam,
2061 5239 2108 5280 te

501 5317 608 5357 non
636 5302 803 5357 docet.
837 5299 1154 5370 Perperam,
1192 5298 1294 5353 nisi
1326 5313 1423 5368 per
1450 5296 1929 5369 interrogationem
1959 5299 2105 5354 acci-

547 5374 708 5429 iatur.

504 5388 964 5499 plglglanichazos
1013 5439 1441 5514 principiagduo
1493 5439 1820 5514 admisisse.
1875 5440 2107 5496 alterum

499 5513 654 5579 boni,
679 5517 805 5571 mali
834 5516 1064 5568 alterum
1090 5530 1104 5566 :
1129 5529 1158 5565 a
1184 5511 1309 5567 ntali
1337 5522 1519 5565 autem
1555 5511 1821 5581 principio
1847 5525 2108 5581 corporea

503 5589 689 5644 omnia
717 5585 934 5643 condita
965 5583 1240 5648 docuisse,
1283 5593 1532 5638 auctores
1569 5592 1696 5636 sunt
1725 5600 1751 5635 a
1799 5584 1956 5636 nobis
1990 5583 2098 5649 jam

501 5660 703 5729 ggepius
752 5653 1331 5729 laudatilipipltguiius
1357 5654 1520 5729 μιν.
1562 5656 1722 5729 7(i_et
1768 5654 2102 5729 Augustinus

501 5725 650 5789 Ilaér.
681 5726 772 5794 17,
801 5728 892 5797 qui
915 5726 1077 5779 etiam
1106 5725 1291 5795 adjicit
1319 5727 1519 5782 abillis
1545 5725 1748 5784 caedem
1781 5725 2099 5781 animalium

2219 4639 2299 4677 me
2325 4622 2574 4677 mundare
2598 4619 2814 4694 (Matth.
2839 4636 2954 4684 vttt,
2979 4618 3068 4692 2);
3097 4620 3224 4690 quia
3253 4619 3358 4675 hoc
3383 4620 3553 4686 dixit,
3576 4615 3812 4674 emeruit.

2217 4713 2380 4787 5,93
2414 4711 2519 4780 Ne,
2550 4727 2756 4784 quaeso,
2788 4713 2843 4766 in
2875 4711 3140 4785 judicium
3180 4714 3342 4766 intres
3387 4728 3512 4766 cunt
3553 4724 3696 4767 serva
3739 4715 3815 4759 tuo

2221 4807 2406 4879 (Psal.
2456 4822 2636 4872 chtt,
2675 4805 2767 4876 2).
2816 4804 2934 4861 Non
2981 4819 3168 4875 qumro
3213 4814 3274 4859 ut
3313 4803 3577 4874 judices,
3630 4799 3722 4860 sed
3771 4806 3820 4851 υῑ

2215 4904 2483 4975 ignoscas.

2210 5155 2404 5282 :cdnlq
2449 5153 2808 5225 prohibitam;
2850 5168 2918 5209 ne
2951 5151 3226 5224 principes
3271 5153 3636 5210 tenebrarum
3666 5147 3826 5206 oll'en-

2251 5243 2378 5282 L'I‘Bll
2410 5243 2490 5281 lIl'.

2266 5245 2276 5262 .
2367 5245 2378 5276 ,
2479 5267 2490 5279 ,

2251 5238 2546 5353 Lzeb‘tiiites
2570 5297 2701 5354 edit.
2745 5312 2774 5352 a
2804 5312 2933 5351 mss.
2970 5295 3206 5364 aliquot,
3239 5313 3340 5350 non
3367 5298 3616 5355 nomina,
3640 5296 3722 5366 qui
3749 5291 3821 5344 di-

2216 5379 2336 5424 cunt
2361 5370 2506 5441 :_Qui
2533 5369 2642 5422 dies
2671 5369 2768 5423 erit
2783 5368 3012 5441 jndicii;
3037 5367 3126 5420 alii
3165 5367 3437 5441 nonnulli,
3471 5385 3578 5422 non
3605 5366 3819 5441 nomine.

2217 5441 2320 5507 Qui
2360 5439 2472 5494 dies
2514 5441 2611 5494 erit
2645 5435 2878 5512 judiéii;
2911 5453 3147 5512 untts....
3183 5437 3320 5504 Quid
3356 5441 3590 5512 gesserit
3629 5435 3820 5506 iudicii.

2211 5513 2425 5582 Optime
2467 5511 2656 5566 autem
2694 5512 2912 5581 reliqui,
2960 5520 3019 5582 ut
3063 5511 3127 5582 in
3168 5518 3337 5582 textu,
3381 5511 3611 5565 duobus
3659 5519 3823 5564 tamen

2211 5579 2476 5650 eiceptis,
2507 5582 2597 5636 ubi
2624 5597 2721 5651 pro
2747 5579 2849 5637 non
2878 5581 3092 5635 nomina
3117 5579 3314 5649 legitur
3335 5595 3441 5634 non
3474 5583 3709 5645 nomine,
3741 5590 3827 5633 nec

2332 5670 2595 5706 ποθι-11511.

2279 5670 2380 5707 avo
2407 5669 2595 5708 sensu.

2213 5671 2312 5762 prd
2341 5723 2603 5781 Nonnulli
2635 5741 2790 5789 tuss.,
2823 5721 3192 5790 redemptionis
3221 5722 3521 5781 devotione.
