  <div class='ocr_page' id='page_1' title='image "/cluster/home/n/w/nwhite01/storage/ocr_20150623/16/uva.x000826550/300.png"; bbox 0 0 3932 6176; ppageno 0'>
   <div class='ocr_carea' id='block_1_1' title="bbox 117 200 3344 276">
    <p class='ocr_par' dir='ltr' id='par_1_1' title="bbox 117 200 3344 276">
     <span class='ocr_line' id='line_1_1' title="bbox 117 200 3344 276; baseline 0.009 -28"><span class='ocrx_word' id='word_1_1' title='bbox 117 217 202 274; x_wconf 57' lang='lat'><strong>535</strong></span> <span class='ocrx_word' id='word_1_2' title='bbox 1438 205 1526 260; x_wconf 81' lang='lat' dir='ltr'><strong>DE</strong></span> <span class='ocrx_word' id='word_1_3' title='bbox 1570 204 1725 260; x_wconf 78' lang='lat' dir='ltr'><strong>FIDE</strong></span> <span class='ocrx_word' id='word_1_4' title='bbox 1769 203 1894 259; x_wconf 86' lang='lat' dir='ltr'><strong>LIB.</strong></span> <span class='ocrx_word' id='word_1_5' title='bbox 1939 200 2002 260; x_wconf 89' lang='lat' dir='ltr'><strong>tt.</strong></span> <span class='ocrx_word' id='word_1_6' title='bbox 3236 219 3344 276; x_wconf 76' lang='lat' dir='ltr'><strong>sse</strong></span> 
     </span>
    </p>
   </div>
   <div class='ocr_carea' id='block_1_2' title="bbox 636 317 3344 398">
    <p class='ocr_par' dir='ltr' id='par_1_2' title="bbox 636 317 3344 398">
     <span class='ocr_line' id='line_1_2' title="bbox 636 317 3344 398; baseline 0.013 -45"><span class='ocrx_word' id='word_1_7' title='bbox 636 325 862 382; x_wconf 64' lang='lat' dir='ltr'><strong>CAPUT</strong></span> <span class='ocrx_word' id='word_1_8' title='bbox 905 324 1040 380; x_wconf 58' lang='grc' dir='ltr'>χιχχ</span> <span class='ocrx_word' id='word_1_9' title='bbox 1662 329 1714 388; x_wconf 70' lang='grc' dir='ltr'>Α</span> <span class='ocrx_word' id='word_1_10' title='bbox 1738 319 1836 372; x_wconf 86' lang='lat' dir='ltr'><strong>vivi</strong></span> <span class='ocrx_word' id='word_1_11' title='bbox 1883 317 2098 388; x_wconf 73' lang='lat' dir='ltr'><strong>(Matth.</strong></span> <span class='ocrx_word' id='word_1_12' title='bbox 2151 335 2270 388; x_wconf 78' lang='lat' dir='ltr'><strong>xvr,</strong></span> <span class='ocrx_word' id='word_1_13' title='bbox 2315 321 2434 394; x_wconf 82' lang='lat'><strong>16);</strong></span> <span class='ocrx_word' id='word_1_14' title='bbox 2485 333 2568 376; x_wconf 86' lang='lat' dir='ltr'><strong>sat</strong></span> <span class='ocrx_word' id='word_1_15' title='bbox 2616 333 2698 378; x_wconf 88' lang='lat' dir='ltr'><strong>est</strong></span> <span class='ocrx_word' id='word_1_16' title='bbox 2743 326 2887 380; x_wconf 81' lang='lat' dir='ltr'><strong>enirn</strong></span> <span class='ocrx_word' id='word_1_17' title='bbox 2933 332 3344 398; x_wconf 85' lang='lat' dir='ltr'><strong>generationem</strong></span> 
     </span>
    </p>
   </div>
   <div class='ocr_carea' id='block_1_3' title="bbox 1742 412 3343 489">
    <p class='ocr_par' dir='ltr' id='par_1_3' title="bbox 1742 412 3343 489">
     <span class='ocr_line' id='line_1_3' title="bbox 1742 412 3343 489; baseline 0.01 -25"><span class='ocrx_word' id='word_1_18' title='bbox 1742 412 1887 467; x_wconf 89' lang='lat' dir='ltr'><strong>scire</strong></span> <span class='ocrx_word' id='word_1_19' title='bbox 1918 412 2156 467; x_wconf 80' lang='lat' dir='ltr'><strong>divinam</strong></span> <span class='ocrx_word' id='word_1_20' title='bbox 2180 455 2195 479; x_wconf 91' lang='lat'><strong>,</strong></span> <span class='ocrx_word' id='word_1_21' title='bbox 2230 430 2337 469; x_wconf 90' lang='lat' dir='ltr'><strong>non</strong></span> <span class='ocrx_word' id='word_1_22' title='bbox 2369 415 2618 484; x_wconf 78' lang='lat' dir='ltr'><strong>divisam,</strong></span> <span class='ocrx_word' id='word_1_23' title='bbox 2652 416 2679 455; x_wconf 70' lang='grc'><strong>1³</strong></span> <span class='ocrx_word' id='word_1_24' title='bbox 2711 435 2816 473; x_wconf 89' lang='lat' dir='ltr'><strong>non</strong></span> <span class='ocrx_word' id='word_1_25' title='bbox 2850 419 3200 489; x_wconf 83' lang='lat' dir='ltr'><strong>diminutum,</strong></span> <span class='ocrx_word' id='word_1_26' title='bbox 3237 441 3343 480; x_wconf 91' lang='lat' dir='ltr'><strong>non</strong></span> 
     </span>
    </p>
   </div>
   <div class='ocr_carea' id='block_1_4' title="bbox 1743 503 2587 571">
    <p class='ocr_par' dir='ltr' id='par_1_4' title="bbox 1743 503 2587 571">
     <span class='ocr_line' id='line_1_4' title="bbox 1743 503 2587 571; baseline 0.004 -12"><span class='ocrx_word' id='word_1_27' title='bbox 1743 503 2152 571; x_wconf 88' lang='lat' dir='ltr'><strong>derivatoriam,</strong></span> <span class='ocrx_word' id='word_1_28' title='bbox 2187 521 2292 561; x_wconf 91' lang='lat' dir='ltr'><strong>non</strong></span> <span class='ocrx_word' id='word_1_29' title='bbox 2325 518 2587 563; x_wconf 87' lang='lat' dir='ltr'><strong>creatam.</strong></span> 
     </span>
    </p>
   </div>
   <div class='ocr_carea' id='block_1_5' title="bbox 1812 595 3348 676">
    <p class='ocr_par' dir='ltr' id='par_1_5' title="bbox 1812 595 3348 676">
     <span class='ocr_line' id='line_1_5' title="bbox 1812 595 3348 676; baseline 0.008 -26"><span class='ocrx_word' id='word_1_30' title='bbox 1812 595 1978 669; x_wconf 67' lang='grc'><strong>494</strong></span> <span class='ocrx_word' id='word_1_31' title='bbox 2017 598 2139 654; x_wconf 89' lang='grc'><strong>150.</strong></span> <span class='ocrx_word' id='word_1_32' title='bbox 2182 599 2296 654; x_wconf 83' lang='lat' dir='ltr'><strong>Hoc</strong></span> <span class='ocrx_word' id='word_1_33' title='bbox 2342 600 2509 656; x_wconf 91' lang='lat' dir='ltr'><strong>etiam</strong></span> <span class='ocrx_word' id='word_1_34' title='bbox 2559 602 2686 657; x_wconf 92' lang='lat' dir='ltr'><strong>totis</strong></span> <span class='ocrx_word' id='word_1_35' title='bbox 2729 602 3132 674; x_wconf 88' lang='lat' dir='ltr'><strong>Scripturarum</strong></span> <span class='ocrx_word' id='word_1_36' title='bbox 3181 625 3348 676; x_wconf 76' lang='lat' dir='ltr'><strong>espo-</strong></span> 
     </span>
    </p>
   </div>
   <div class='ocr_carea' id='block_1_6' title="bbox 1743 690 3347 764">
    <p class='ocr_par' dir='ltr' id='par_1_6' title="bbox 1743 690 3347 764">
     <span class='ocr_line' id='line_1_6' title="bbox 1743 690 3347 764; baseline 0.006 -20"><span class='ocrx_word' id='word_1_37' title='bbox 1743 690 1891 745; x_wconf 89' lang='lat' dir='ltr'><strong>nitur</strong></span> <span class='ocrx_word' id='word_1_38' title='bbox 1921 691 2096 758; x_wconf 88' lang='lat' dir='ltr'><strong>libris,</strong></span> <span class='ocrx_word' id='word_1_39' title='bbox 2131 706 2231 747; x_wconf 88' lang='lat' dir='ltr'><strong>nec</strong></span> <span class='ocrx_word' id='word_1_40' title='bbox 2254 692 2431 749; x_wconf 88' lang='lat' dir='ltr'><strong>adhuc</strong></span> <span class='ocrx_word' id='word_1_41' title='bbox 2455 694 2524 749; x_wconf 92' lang='lat' dir='ltr'><strong>ab</strong></span> <span class='ocrx_word' id='word_1_42' title='bbox 2549 694 2730 764; x_wconf 86' lang='lat' dir='ltr'><strong>impiis</strong></span> <span class='ocrx_word' id='word_1_43' title='bbox 2759 696 3001 752; x_wconf 79' lang='lat' dir='ltr'><strong>creditur</strong></span> <span class='ocrx_word' id='word_1_44' title='bbox 3027 716 3038 751; x_wconf 87' lang='lat'><strong>:</strong></span> <span class='ocrx_word' id='word_1_45' title='bbox 3073 697 3347 754; x_wconf 83' lang='lat' dir='ltr'><strong>lncrassa-</strong></span> 
     </span>
    </p>
   </div>
   <div class='ocr_carea' id='block_1_7' title="bbox 163 785 3354 865">
    <p class='ocr_par' dir='ltr' id='par_1_7' title="bbox 163 785 3354 865">
     <span class='ocr_line' id='line_1_7' title="bbox 163 785 3354 865; baseline 0.001 -21"><span class='ocrx_word' id='word_1_46' title='bbox 163 788 262 844; x_wconf 70' lang='lat'><strong>123.</strong></span> <span class='ocrx_word' id='word_1_47' title='bbox 299 787 423 856; x_wconf 88' lang='lat' dir='ltr'><strong>Quid</strong></span> <span class='ocrx_word' id='word_1_48' title='bbox 466 797 711 857; x_wconf 90' lang='lat' dir='ltr'><strong>putamus</strong></span> <span class='ocrx_word' id='word_1_49' title='bbox 757 786 1034 842; x_wconf 86' lang='lat' dir='ltr'><strong>Christum</strong></span> <span class='ocrx_word' id='word_1_50' title='bbox 1080 786 1485 865; x_wconf 83' lang='lat' dir='ltr'><strong>judicaturum?</strong></span> <span class='ocrx_word' id='word_1_51' title='bbox 1527 786 1640 856; x_wconf 84' lang='lat' dir='ltr'><strong>Ego</strong></span> <span class='ocrx_word' id='word_1_52' title='bbox 1744 792 1851 837; x_wconf 88' lang='lat' dir='ltr'><strong>tum</strong></span> <span class='ocrx_word' id='word_1_53' title='bbox 1885 793 1960 838; x_wconf 83' lang='lat' dir='ltr'><strong>est</strong></span> <span class='ocrx_word' id='word_1_54' title='bbox 2003 785 2174 853; x_wconf 90' lang='lat' dir='ltr'><strong>enim,</strong></span> <span class='ocrx_word' id='word_1_55' title='bbox 2210 795 2267 840; x_wconf 93' lang='lat' dir='ltr'><strong>ut</strong></span> <span class='ocrx_word' id='word_1_56' title='bbox 2302 787 2562 856; x_wconf 87' lang='lat' dir='ltr'><strong>scriptum</strong></span> <span class='ocrx_word' id='word_1_57' title='bbox 2597 799 2702 854; x_wconf 87' lang='lat' dir='ltr'><strong>est,</strong></span> <span class='ocrx_word' id='word_1_58' title='bbox 2735 805 2823 842; x_wconf 88' lang='lat' dir='ltr'><strong>cor</strong></span> <span class='ocrx_word' id='word_1_59' title='bbox 2863 791 3043 860; x_wconf 89' lang='lat' dir='ltr'><strong>papuli</strong></span> <span class='ocrx_word' id='word_1_60' title='bbox 3082 791 3262 864; x_wconf 85' lang='lat' dir='ltr'><strong>hujus,</strong></span> <span class='ocrx_word' id='word_1_61' title='bbox 3303 805 3354 847; x_wconf 85' lang='lat' dir='ltr'><strong>et</strong></span> 
     </span>
    </p>
   </div>
   <div class='ocr_carea' id='block_1_8' title="bbox 106 879 3351 954">
    <p class='ocr_par' dir='ltr' id='par_1_8' title="bbox 106 879 3351 954">
     <span class='ocr_line' id='line_1_8' title="bbox 106 879 3351 954; baseline 0.001 -18"><span class='ocrx_word' id='word_1_62' title='bbox 106 882 210 947; x_wconf 77' lang='lat' dir='ltr'><strong>scio,</strong></span> <span class='ocrx_word' id='word_1_63' title='bbox 231 881 569 952; x_wconf 71' lang='lat' dir='ltr'><strong>iudicaturum</strong></span> <span class='ocrx_word' id='word_1_64' title='bbox 597 881 761 936; x_wconf 90' lang='lat' dir='ltr'><strong>dico?</strong></span> <span class='ocrx_word' id='word_1_65' title='bbox 806 880 974 935; x_wconf 87' lang='lat' dir='ltr'><strong>Immo</strong></span> <span class='ocrx_word' id='word_1_66' title='bbox 1009 881 1120 950; x_wconf 86' lang='lat' dir='ltr'><strong>jam</strong></span> <span class='ocrx_word' id='word_1_67' title='bbox 1151 880 1432 952; x_wconf 82' lang='lat' dir='ltr'><strong>judicavit.</strong></span> <span class='ocrx_word' id='word_1_68' title='bbox 1464 880 1641 936; x_wconf 90' lang='lat' dir='ltr'><strong>Tene-</strong></span> <span class='ocrx_word' id='word_1_69' title='bbox 1743 879 1956 933; x_wconf 83' lang='lat' dir='ltr'><strong>auribus</strong></span> <span class='ocrx_word' id='word_1_70' title='bbox 1980 881 2206 951; x_wconf 88' lang='lat' dir='ltr'><strong>graviter</strong></span> <span class='ocrx_word' id='word_1_71' title='bbox 2235 881 2531 947; x_wconf 89' lang='lat' dir='ltr'><strong>audierunt,</strong></span> <span class='ocrx_word' id='word_1_72' title='bbox 2559 891 2604 935; x_wconf 89' lang='lat' dir='ltr'><strong>et</strong></span> <span class='ocrx_word' id='word_1_73' title='bbox 2631 882 2809 936; x_wconf 87' lang='lat' dir='ltr'><strong>oculos</strong></span> <span class='ocrx_word' id='word_1_74' title='bbox 2836 899 2955 937; x_wconf 88' lang='lat' dir='ltr'><strong>suos</strong></span> <span class='ocrx_word' id='word_1_75' title='bbox 2981 897 3351 954; x_wconf 86' lang='lat' dir='ltr'><strong>gravaverunt;</strong></span> 
     </span>
    </p>
   </div>
   <div class='ocr_carea' id='block_1_9' title="bbox 104 971 3350 1045">
    <p class='ocr_par' dir='ltr' id='par_1_9' title="bbox 104 971 3350 1045">
     <span class='ocr_line' id='line_1_9' title="bbox 104 971 3350 1045; baseline 0.001 -16"><span class='ocrx_word' id='word_1_76' title='bbox 104 990 196 1030; x_wconf 85' lang='lat' dir='ltr'><strong>lnllS</strong></span> <span class='ocrx_word' id='word_1_77' title='bbox 235 974 339 1045; x_wconf 83' lang='lat' dir='ltr'><strong>ejus</strong></span> <span class='ocrx_word' id='word_1_78' title='bbox 375 975 693 1030; x_wconf 90' lang='lat' dir='ltr'><strong>sententiam</strong></span> <span class='ocrx_word' id='word_1_79' title='bbox 727 991 740 1026; x_wconf 91' lang='lat'><strong>:</strong></span> <span class='ocrx_word' id='word_1_80' title='bbox 776 973 994 1037; x_wconf 85' lang='lat' dir='ltr'><strong>Omnes,</strong></span> <span class='ocrx_word' id='word_1_81' title='bbox 1045 973 1255 1042; x_wconf 80' lang='lat' dir='ltr'><strong>inquit,</strong></span> <span class='ocrx_word' id='word_1_82' title='bbox 1304 973 1641 1041; x_wconf 74' lang='lat' dir='ltr'><strong>honori/iacnt</strong></span> <span class='ocrx_word' id='word_1_83' title='bbox 1746 985 1808 1022; x_wconf 90' lang='lat' dir='ltr'><strong>ne</strong></span> <span class='ocrx_word' id='word_1_84' title='bbox 1837 971 2042 1039; x_wconf 88' lang='lat' dir='ltr'><strong>quando</strong></span> <span class='ocrx_word' id='word_1_85' title='bbox 2067 973 2236 1026; x_wconf 83' lang='lat' dir='ltr'><strong>oculis</strong></span> <span class='ocrx_word' id='word_1_86' title='bbox 2263 972 2371 1027; x_wconf 94' lang='lat' dir='ltr'><strong>suis</strong></span> <span class='ocrx_word' id='word_1_87' title='bbox 2397 973 2629 1038; x_wconf 79' lang='lat' dir='ltr'><strong>videant,</strong></span> <span class='ocrx_word' id='word_1_88' title='bbox 2675 983 2719 1028; x_wconf 90' lang='lat' dir='ltr'><strong>et</strong></span> <span class='ocrx_word' id='word_1_89' title='bbox 2764 976 2973 1030; x_wconf 81' lang='lat' dir='ltr'><strong>auribus</strong></span> <span class='ocrx_word' id='word_1_90' title='bbox 3009 979 3255 1038; x_wconf 88' lang='lat' dir='ltr'><strong>audiant.</strong></span> <span class='ocrx_word' id='word_1_91' title='bbox 3305 989 3350 1033; x_wconf 83' lang='lat' dir='ltr'><strong>et</strong></span> 
     </span>
    </p>
   </div>
   <div class='ocr_carea' id='block_1_10' title="bbox 100 1065 3347 1138">
    <p class='ocr_par' dir='ltr' id='par_1_10' title="bbox 100 1065 3347 1138">
     <span class='ocr_line' id='line_1_10' title="bbox 100 1065 3347 1138; baseline 0.002 -18"><span class='ocrx_word' id='word_1_92' title='bbox 100 1065 278 1132; x_wconf 82' lang='lat' dir='ltr'><strong>Fdium,</strong></span> <span class='ocrx_word' id='word_1_93' title='bbox 314 1069 434 1122; x_wconf 89' lang='lat' dir='ltr'><strong>sicut</strong></span> <span class='ocrx_word' id='word_1_94' title='bbox 470 1068 809 1137; x_wconf 73' lang='lat' dir='ltr'><strong>honoriﬁcam</strong></span> <span class='ocrx_word' id='word_1_95' title='bbox 850 1065 1078 1120; x_wconf 84' lang='lat' dir='ltr'><strong>Patrem.</strong></span> <span class='ocrx_word' id='word_1_96' title='bbox 1133 1065 1236 1132; x_wconf 86' lang='lat' dir='ltr'><strong>Qui</strong></span> <span class='ocrx_word' id='word_1_97' title='bbox 1277 1083 1380 1120; x_wconf 89' lang='lat' dir='ltr'><strong>non</strong></span> <span class='ocrx_word' id='word_1_98' title='bbox 1428 1065 1640 1120; x_wconf 86' lang='lat' dir='ltr'><strong>honori-</strong></span> <span class='ocrx_word' id='word_1_99' title='bbox 1744 1065 1898 1118; x_wconf 85' lang='lat' dir='ltr'><strong>corde</strong></span> <span class='ocrx_word' id='word_1_100' title='bbox 1915 1066 2206 1136; x_wconf 88' lang='lat' dir='ltr'><strong>intelligant</strong></span> <span class='ocrx_word' id='word_1_101' title='bbox 2226 1065 2394 1136; x_wconf 86' lang='lat' dir='ltr'><strong>(Esai.</strong></span> <span class='ocrx_word' id='word_1_102' title='bbox 2423 1066 2475 1131; x_wconf 92' lang='lat'><strong>6,</strong></span> <span class='ocrx_word' id='word_1_103' title='bbox 2504 1067 2617 1134; x_wconf 90' lang='lat'><strong>10).</strong></span> <span class='ocrx_word' id='word_1_104' title='bbox 2642 1067 2906 1138; x_wconf 82' lang='lat' dir='ltr'><strong>Namque,</strong></span> <span class='ocrx_word' id='word_1_105' title='bbox 2934 1070 3347 1137; x_wconf 84' lang='lat' dir='ltr'><strong>moreJudaico,</strong></span> 
     </span>
    </p>
   </div>
   <div class='ocr_carea' id='block_1_11' title="bbox 99 1157 3352 1229">
    <p class='ocr_par' dir='ltr' id='par_1_11' title="bbox 99 1157 3352 1229">
     <span class='ocr_line' id='line_1_11' title="bbox 99 1157 3352 1229; baseline 0.002 -17"><span class='ocrx_word' id='word_1_106' title='bbox 99 1162 191 1227; x_wconf 71' lang='grc' dir='ltr'><strong>ῥοαί</strong></span> <span class='ocrx_word' id='word_1_107' title='bbox 216 1159 425 1228; x_wconf 80' lang='lat' dir='ltr'><strong>Filium,</strong></span> <span class='ocrx_word' id='word_1_108' title='bbox 458 1177 558 1215; x_wconf 89' lang='lat' dir='ltr'><strong>non</strong></span> <span class='ocrx_word' id='word_1_109' title='bbox 591 1161 897 1229; x_wconf 73' lang='lat' dir='ltr'><strong>honoriﬁcat</strong></span> <span class='ocrx_word' id='word_1_110' title='bbox 929 1158 1174 1225; x_wconf 88' lang='lat' dir='ltr'><strong>Patrem,</strong></span> <span class='ocrx_word' id='word_1_111' title='bbox 1208 1160 1294 1228; x_wconf 87' lang='lat' dir='ltr'><strong>qui</strong></span> <span class='ocrx_word' id='word_1_112' title='bbox 1327 1160 1463 1213; x_wconf 90' lang='lat' dir='ltr'><strong>misit</strong></span> <span class='ocrx_word' id='word_1_113' title='bbox 1491 1157 1641 1212; x_wconf 89' lang='lat' dir='ltr'><strong>illum</strong></span> <span class='ocrx_word' id='word_1_114' title='bbox 1745 1169 1906 1210; x_wconf 86' lang='lat' dir='ltr'><strong>aures</strong></span> <span class='ocrx_word' id='word_1_115' title='bbox 1933 1170 2060 1210; x_wconf 90' lang='lat' dir='ltr'><strong>suas</strong></span> <span class='ocrx_word' id='word_1_116' title='bbox 2084 1157 2271 1210; x_wconf 82' lang='lat' dir='ltr'><strong>Ariani</strong></span> <span class='ocrx_word' id='word_1_117' title='bbox 2302 1157 2562 1213; x_wconf 87' lang='lat' dir='ltr'><strong>claudere</strong></span> <span class='ocrx_word' id='word_1_118' title='bbox 2587 1158 2785 1222; x_wconf 87' lang='lat' dir='ltr'><strong>solent,</strong></span> <span class='ocrx_word' id='word_1_119' title='bbox 2817 1171 2907 1214; x_wconf 89' lang='lat' dir='ltr'><strong>aut</strong></span> <span class='ocrx_word' id='word_1_120' title='bbox 2939 1177 3124 1216; x_wconf 85' lang='lat' dir='ltr'><strong>serere</strong></span> <span class='ocrx_word' id='word_1_121' title='bbox 3153 1165 3352 1218; x_wconf 88' lang='lat' dir='ltr'><strong>tumul-</strong></span> 
     </span>
    </p>
   </div>
   <div class='ocr_carea' id='block_1_12' title="bbox 99 1248 1656 1324">
    <p class='ocr_par' dir='ltr' id='par_1_12' title="bbox 99 1249 455 1324">
     <span class='ocr_line' id='line_1_12' title="bbox 99 1249 455 1324; baseline 0.011 -20"><span class='ocrx_word' id='word_1_122' title='bbox 99 1249 242 1318; x_wconf 73' lang='lat' dir='ltr'><strong>(loan.</strong></span> <span class='ocrx_word' id='word_1_123' title='bbox 269 1269 320 1318; x_wconf 86' lang='lat' dir='ltr'><strong>v,</strong></span> <span class='ocrx_word' id='word_1_124' title='bbox 343 1253 455 1324; x_wconf 71' lang='grc'><strong>25).</strong></span> 
     </span>
    </p>
   </div>
   <div class='ocr_carea' id='block_1_13' title="bbox 1768 1248 3080 1324">
    <p class='ocr_par' dir='ltr' id='par_1_13' title="bbox 1769 1248 3080 1319">
     <span class='ocr_line' id='line_1_13' title="bbox 1769 1248 3080 1319; baseline 0.006 -18"><span class='ocrx_word' id='word_1_125' title='bbox 1769 1263 1853 1313; x_wconf 94' lang='lat' dir='ltr'><strong>us,</strong></span> <span class='ocrx_word' id='word_1_126' title='bbox 1885 1248 2340 1319; x_wconf 89' lang='lat' dir='ltr'><strong>quotiescumque</strong></span> <span class='ocrx_word' id='word_1_127' title='bbox 2366 1250 2593 1305; x_wconf 85' lang='lat' dir='ltr'><strong>verbum</strong></span> <span class='ocrx_word' id='word_1_128' title='bbox 2622 1251 2816 1306; x_wconf 85' lang='lat' dir='ltr'><strong>salutis</strong></span> <span class='ocrx_word' id='word_1_129' title='bbox 2845 1253 3080 1309; x_wconf 89' lang='lat' dir='ltr'><strong>auditur.</strong></span> 
     </span>
    </p>
   </div>
   <div class='ocr_carea' id='block_1_14' title="bbox 152 1342 3352 1416">
    <p class='ocr_par' dir='ltr' id='par_1_14' title="bbox 152 1342 3352 1416">
     <span class='ocr_line' id='line_1_14' title="bbox 152 1342 3352 1416; baseline 0.003 -19"><span class='ocrx_word' id='word_1_130' title='bbox 152 1345 254 1399; x_wconf 67' lang='lat'><strong>1&#39;24.</strong></span> <span class='ocrx_word' id='word_1_131' title='bbox 290 1346 338 1401; x_wconf 91' lang='lat' dir='ltr'><strong>Si</strong></span> <span class='ocrx_word' id='word_1_132' title='bbox 380 1346 629 1416; x_wconf 76' lang='lat' dir='ltr'><strong>displicet</strong></span> <span class='ocrx_word' id='word_1_133' title='bbox 677 1345 983 1410; x_wconf 88' lang='lat' dir='ltr'><strong>sententia,</strong></span> <span class='ocrx_word' id='word_1_134' title='bbox 1025 1344 1237 1414; x_wconf 83' lang='lat' dir='ltr'><strong>appella</strong></span> <span class='ocrx_word' id='word_1_135' title='bbox 1283 1343 1351 1399; x_wconf 93' lang='lat' dir='ltr'><strong>ad</strong></span> <span class='ocrx_word' id='word_1_136' title='bbox 1391 1343 1638 1408; x_wconf 83' lang='lat' dir='ltr'><strong>Patrem,</strong></span> <span class='ocrx_word' id='word_1_137' title='bbox 1820 1343 1940 1397; x_wconf 90' lang='grc'><strong>151.</strong></span> <span class='ocrx_word' id='word_1_138' title='bbox 1987 1342 2054 1396; x_wconf 86' lang='grc' dir='ltr'>Ει</span> <span class='ocrx_word' id='word_1_139' title='bbox 2093 1344 2221 1414; x_wconf 90' lang='lat' dir='ltr'><strong>quid</strong></span> <span class='ocrx_word' id='word_1_140' title='bbox 2262 1346 2461 1399; x_wconf 90' lang='lat' dir='ltr'><strong>mirum</strong></span> <span class='ocrx_word' id='word_1_141' title='bbox 2493 1346 2540 1401; x_wconf 94' lang='lat' dir='ltr'><strong>si</strong></span> <span class='ocrx_word' id='word_1_142' title='bbox 2581 1346 2832 1401; x_wconf 90' lang='lat' dir='ltr'><strong>humanis</strong></span> <span class='ocrx_word' id='word_1_143' title='bbox 2873 1349 3099 1404; x_wconf 85' lang='lat' dir='ltr'><strong>vocibus</strong></span> <span class='ocrx_word' id='word_1_144' title='bbox 3124 1351 3352 1408; x_wconf 88' lang='lat' dir='ltr'><strong>credere</strong></span> 
     </span>
    </p>
   </div>
   <div class='ocr_carea' id='block_1_15' title="bbox 98 1435 3354 1508">
    <p class='ocr_par' dir='ltr' id='par_1_15' title="bbox 98 1435 3354 1508">
     <span class='ocr_line' id='line_1_15' title="bbox 98 1435 3354 1508; baseline 0.002 -18"><span class='ocrx_word' id='word_1_145' title='bbox 98 1437 302 1494; x_wconf 79' lang='lat' dir='ltr'><strong>rcscinde</strong></span> <span class='ocrx_word' id='word_1_146' title='bbox 324 1438 601 1507; x_wconf 87' lang='lat' dir='ltr'><strong>judicium,</strong></span> <span class='ocrx_word' id='word_1_147' title='bbox 625 1438 768 1508; x_wconf 88' lang='lat' dir='ltr'><strong>quod</strong></span> <span class='ocrx_word' id='word_1_148' title='bbox 794 1438 953 1493; x_wconf 88' lang='lat' dir='ltr'><strong>Pater</strong></span> <span class='ocrx_word' id='word_1_149' title='bbox 977 1437 1191 1492; x_wconf 88' lang='lat' dir='ltr'><strong>detulit.</strong></span> <span class='ocrx_word' id='word_1_150' title='bbox 1217 1437 1313 1491; x_wconf 92' lang='lat' dir='ltr'><strong>Dic</strong></span> <span class='ocrx_word' id='word_1_151' title='bbox 1335 1438 1458 1507; x_wconf 85' lang='lat' dir='ltr'><strong>quia</strong></span> <span class='ocrx_word' id='word_1_152' title='bbox 1481 1437 1642 1493; x_wconf 89' lang='lat' dir='ltr'><strong>dissi-</strong></span> <span class='ocrx_word' id='word_1_153' title='bbox 1747 1449 1853 1489; x_wconf 92' lang='lat' dir='ltr'><strong>non</strong></span> <span class='ocrx_word' id='word_1_154' title='bbox 1877 1435 2094 1491; x_wconf 88' lang='lat' dir='ltr'><strong>soleant</strong></span> <span class='ocrx_word' id='word_1_155' title='bbox 2115 1435 2389 1502; x_wconf 90' lang='lat' dir='ltr'><strong>infideles,</strong></span> <span class='ocrx_word' id='word_1_156' title='bbox 2415 1438 2506 1506; x_wconf 88' lang='lat' dir='ltr'><strong>qui</strong></span> <span class='ocrx_word' id='word_1_157' title='bbox 2530 1454 2636 1493; x_wconf 91' lang='lat' dir='ltr'><strong>non</strong></span> <span class='ocrx_word' id='word_1_158' title='bbox 2658 1439 2896 1493; x_wconf 90' lang='lat' dir='ltr'><strong>credunt</strong></span> <span class='ocrx_word' id='word_1_159' title='bbox 2923 1439 3157 1496; x_wconf 88' lang='lat' dir='ltr'><strong>divinis?</strong></span> <span class='ocrx_word' id='word_1_160' title='bbox 3185 1441 3354 1498; x_wconf 88' lang='lat' dir='ltr'><strong>Filius</strong></span> 
     </span>
    </p>
   </div>
   <div class='ocr_carea' id='block_1_16' title="bbox 97 1526 3357 1602">
    <p class='ocr_par' dir='ltr' id='par_1_16' title="bbox 97 1526 3357 1602">
     <span class='ocr_line' id='line_1_16' title="bbox 97 1526 3357 1602; baseline 0.002 -19"><span class='ocrx_word' id='word_1_161' title='bbox 97 1529 240 1584; x_wconf 88' lang='lat' dir='ltr'><strong>milem</strong></span> <span class='ocrx_word' id='word_1_162' title='bbox 287 1529 438 1586; x_wconf 82' lang='lat' dir='ltr'><strong>habet</strong></span> <span class='ocrx_word' id='word_1_163' title='bbox 467 1531 694 1585; x_wconf 89' lang='lat' dir='ltr'><strong>Filium.</strong></span> <span class='ocrx_word' id='word_1_164' title='bbox 736 1529 1110 1600; x_wconf 82' lang='lat' dir='ltr'><strong>Respondebit</strong></span> <span class='ocrx_word' id='word_1_165' title='bbox 1155 1529 1251 1584; x_wconf 87' lang='lat' dir='ltr'><strong>tibi</strong></span> <span class='ocrx_word' id='word_1_166' title='bbox 1292 1549 1306 1585; x_wconf 74' lang='grc' dir='ltr'>ε</span> <span class='ocrx_word' id='word_1_167' title='bbox 1352 1529 1468 1600; x_wconf 87' lang='lat' dir='ltr'><strong>Ego</strong></span> <span class='ocrx_word' id='word_1_168' title='bbox 1515 1545 1645 1601; x_wconf 87' lang='lat' dir='ltr'><strong>ergo</strong></span> <span class='ocrx_word' id='word_1_169' title='bbox 1747 1526 1842 1582; x_wconf 87' lang='lat' dir='ltr'><strong>Dei</strong></span> <span class='ocrx_word' id='word_1_170' title='bbox 1875 1527 2111 1593; x_wconf 85' lang='lat' dir='ltr'><strong>dicebat,</strong></span> <span class='ocrx_word' id='word_1_171' title='bbox 2140 1528 2287 1584; x_wconf 88' lang='lat' dir='ltr'><strong>sicut</strong></span> <span class='ocrx_word' id='word_1_172' title='bbox 2312 1528 2484 1585; x_wconf 84' lang='lat' dir='ltr'><strong>habes</strong></span> <span class='ocrx_word' id='word_1_173' title='bbox 2513 1531 2564 1584; x_wconf 90' lang='lat' dir='ltr'><strong>in</strong></span> <span class='ocrx_word' id='word_1_174' title='bbox 2615 1531 2960 1602; x_wconf 86' lang='lat' dir='ltr'><strong>Evangelia:</strong></span> <span class='ocrx_word' id='word_1_175' title='bbox 2997 1533 3175 1601; x_wconf 89' lang='lat' dir='ltr'><strong>Pater,</strong></span> <span class='ocrx_word' id='word_1_176' title='bbox 3199 1537 3357 1590; x_wconf 83' lang='lat' dir='ltr'><strong>clari-</strong></span> 
     </span>
    </p>
   </div>
   <div class='ocr_carea' id='block_1_17' title="bbox 99 1619 3354 1692">
    <p class='ocr_par' dir='ltr' id='par_1_17' title="bbox 99 1619 3354 1692">
     <span class='ocr_line' id='line_1_17' title="bbox 99 1619 3354 1692; baseline 0.003 -18"><span class='ocrx_word' id='word_1_177' title='bbox 99 1621 306 1676; x_wconf 85' lang='lat' dir='ltr'><strong>mentitus</strong></span> <span class='ocrx_word' id='word_1_178' title='bbox 325 1638 460 1690; x_wconf 90' lang='lat' dir='ltr'><strong>sum,</strong></span> <span class='ocrx_word' id='word_1_179' title='bbox 487 1624 580 1692; x_wconf 90' lang='lat' dir='ltr'><strong>qui</strong></span> <span class='ocrx_word' id='word_1_180' title='bbox 612 1622 723 1678; x_wconf 81' lang='lat' dir='ltr'><strong>dixi</strong></span> <span class='ocrx_word' id='word_1_181' title='bbox 754 1622 892 1677; x_wconf 90' lang='lat' dir='ltr'><strong>Filio</strong></span> <span class='ocrx_word' id='word_1_182' title='bbox 917 1641 930 1674; x_wconf 90' lang='lat'><strong>:</strong></span> <span class='ocrx_word' id='word_1_183' title='bbox 961 1619 1242 1676; x_wconf 78' lang='lat' dir='ltr'><strong>Faciamus</strong></span> <span class='ocrx_word' id='word_1_184' title='bbox 1279 1623 1536 1676; x_wconf 79' lang='lat' dir='ltr'><strong>hominem</strong></span> <span class='ocrx_word' id='word_1_185' title='bbox 1576 1623 1642 1675; x_wconf 84' lang='lat' dir='ltr'><strong>ad</strong></span> <span class='ocrx_word' id='word_1_186' title='bbox 1747 1619 1847 1688; x_wconf 82' lang='lat' dir='ltr'><strong>ﬁca</strong></span> <span class='ocrx_word' id='word_1_187' title='bbox 1869 1637 2052 1676; x_wconf 83' lang='lat' dir='ltr'><strong>nomen</strong></span> <span class='ocrx_word' id='word_1_188' title='bbox 2079 1631 2242 1676; x_wconf 89' lang='lat' dir='ltr'><strong>tuum.</strong></span> <span class='ocrx_word' id='word_1_189' title='bbox 2271 1622 2384 1678; x_wconf 78' lang='lat' dir='ltr'><strong>Vox</strong></span> <span class='ocrx_word' id='word_1_190' title='bbox 2411 1624 2587 1678; x_wconf 89' lang='lat' dir='ltr'><strong>Patris</strong></span> <span class='ocrx_word' id='word_1_191' title='bbox 2607 1624 2676 1679; x_wconf 91' lang='lat' dir='ltr'><strong>de</strong></span> <span class='ocrx_word' id='word_1_192' title='bbox 2695 1626 2834 1680; x_wconf 89' lang='lat' dir='ltr'><strong>coelo</strong></span> <span class='ocrx_word' id='word_1_193' title='bbox 2857 1628 3037 1681; x_wconf 81' lang='lat' dir='ltr'><strong>audita</strong></span> <span class='ocrx_word' id='word_1_194' title='bbox 3063 1639 3146 1683; x_wconf 91' lang='lat' dir='ltr'><strong>est</strong></span> <span class='ocrx_word' id='word_1_195' title='bbox 3172 1628 3354 1685; x_wconf 88' lang='lat' dir='ltr'><strong>dicen-</strong></span> 
     </span>
    </p>
   </div>
   <div class='ocr_carea' id='block_1_18' title="bbox 116 458 1635 538">
    <p class='ocr_par' dir='ltr' id='par_1_18' title="bbox 116 458 1635 538">
     <span class='ocr_line' id='line_1_18' title="bbox 116 458 1635 538; baseline -0.009 -15"><span class='ocrx_word' id='word_1_196' title='bbox 116 468 278 523; x_wconf 84' lang='lat' dir='ltr'><strong>Judicis</strong></span> <span class='ocrx_word' id='word_1_197' title='bbox 316 467 514 538; x_wconf 69' lang='lat' dir='ltr'><strong>exponit</strong></span> <span class='ocrx_word' id='word_1_198' title='bbox 547 465 878 530; x_wconf 87' lang='lat' dir='ltr'><strong>sententiam;</strong></span> <span class='ocrx_word' id='word_1_199' title='bbox 925 463 1271 532; x_wconf 78' lang='lat' dir='ltr'><strong>discussisque</strong></span> <span class='ocrx_word' id='word_1_200' title='bbox 1310 458 1635 514; x_wconf 67' lang='lat' dir='ltr'><strong>adversario-</strong></span> 
     </span>
    </p>
   </div>
   <div class='ocr_carea' id='block_1_19' title="bbox 167 552 1638 629">
    <p class='ocr_par' dir='ltr' id='par_1_19' title="bbox 167 552 1638 629">
     <span class='ocr_line' id='line_1_19' title="bbox 167 552 1638 629; baseline -0.007 -14"><span class='ocrx_word' id='word_1_201' title='bbox 167 579 258 615; x_wconf 85' lang='lat' dir='ltr'><strong>rum</strong></span> <span class='ocrx_word' id='word_1_202' title='bbox 293 558 492 621; x_wconf 86' lang='lat' dir='ltr'><strong>cavillis,</strong></span> <span class='ocrx_word' id='word_1_203' title='bbox 520 559 580 612; x_wconf 90' lang='lat' dir='ltr'><strong>ab</strong></span> <span class='ocrx_word' id='word_1_204' title='bbox 609 575 668 613; x_wconf 89' lang='lat' dir='ltr'><strong>ea</strong></span> <span class='ocrx_word' id='word_1_205' title='bbox 693 558 1106 629; x_wconf 80' lang='lat' dir='ltr'><strong>provocationem</strong></span> <span class='ocrx_word' id='word_1_206' title='bbox 1136 571 1236 608; x_wconf 87' lang='lat' dir='ltr'><strong>non</strong></span> <span class='ocrx_word' id='word_1_207' title='bbox 1281 554 1395 607; x_wconf 83' lang='lat' dir='ltr'><strong>dari</strong></span> <span class='ocrx_word' id='word_1_208' title='bbox 1426 552 1638 622; x_wconf 86' lang='lat' dir='ltr'><strong>planum</strong></span> 
     </span>
    </p>
   </div>
   <div class='ocr_carea' id='block_1_20' title="bbox 169 655 288 724">
    <p class='ocr_par' dir='ltr' id='par_1_20' title="bbox 169 655 288 724">
     <span class='ocr_line' id='line_1_20' title="bbox 169 655 288 724; baseline -0.034 -16"><span class='ocrx_word' id='word_1_209' title='bbox 169 655 288 724; x_wconf 78' lang='lat' dir='ltr'><strong>facit.</strong></span> 
     </span>
    </p>
   </div>
   <div class='ocr_carea' id='block_1_21' title="bbox 96 1713 3354 1798">
    <p class='ocr_par' dir='ltr' id='par_1_21' title="bbox 96 1713 3354 1798">
     <span class='ocr_line' id='line_1_21' title="bbox 96 1713 3354 1798; baseline 0.004 -34"><span class='ocrx_word' id='word_1_210' title='bbox 96 1714 321 1786; x_wconf 76' lang='lat' dir='ltr'><strong>imaginem</strong></span> <span class='ocrx_word' id='word_1_211' title='bbox 345 1726 388 1769; x_wconf 85' lang='lat' dir='ltr'><strong>et</strong></span> <span class='ocrx_word' id='word_1_212' title='bbox 417 1715 811 1771; x_wconf 85' lang='lat' dir='ltr'><strong>similitudinem</strong></span> <span class='ocrx_word' id='word_1_213' title='bbox 839 1724 1069 1770; x_wconf 88' lang='lat' dir='ltr'><strong>nostram</strong></span> <span class='ocrx_word' id='word_1_214' title='bbox 1099 1713 1256 1784; x_wconf 86' lang='lat' dir='ltr'><strong>(Gen.</strong></span> <span class='ocrx_word' id='word_1_215' title='bbox 1287 1731 1328 1779; x_wconf 91' lang='grc' dir='ltr'>ι,</span> <span class='ocrx_word' id='word_1_216' title='bbox 1357 1713 1472 1784; x_wconf 69' lang='lat'><strong>26).</strong></span> <span class='ocrx_word' id='word_1_217' title='bbox 1675 1722 1722 1780; x_wconf 86' lang='lat' dir='ltr'><strong>B</strong></span> <span class='ocrx_word' id='word_1_218' title='bbox 1751 1715 1818 1769; x_wconf 88' lang='lat' dir='ltr'><strong>tis</strong></span> <span class='ocrx_word' id='word_1_219' title='bbox 1844 1732 1858 1767; x_wconf 89' lang='lat'><strong>:</strong></span> <span class='ocrx_word' id='word_1_220' title='bbox 1887 1714 1951 1768; x_wconf 85' lang='lat' dir='ltr'><strong>Et</strong></span> <span class='ocrx_word' id='word_1_221' title='bbox 1972 1717 2275 1785; x_wconf 83' lang='lat' dir='ltr'><strong>clariﬁcavi,</strong></span> <span class='ocrx_word' id='word_1_222' title='bbox 2299 1728 2345 1771; x_wconf 87' lang='lat' dir='ltr'><strong>et</strong></span> <span class='ocrx_word' id='word_1_223' title='bbox 2367 1718 2553 1772; x_wconf 83' lang='lat' dir='ltr'><strong>iterum</strong></span> <span class='ocrx_word' id='word_1_224' title='bbox 2575 1719 2874 1788; x_wconf 87' lang='lat' dir='ltr'><strong>clari/icabo</strong></span> <span class='ocrx_word' id='word_1_225' title='bbox 2900 1719 3082 1794; x_wconf 78' lang='lat' dir='ltr'><strong>(Joan.</strong></span> <span class='ocrx_word' id='word_1_226' title='bbox 3116 1739 3211 1788; x_wconf 78' lang='lat' dir='ltr'><strong>xtl,</strong></span> <span class='ocrx_word' id='word_1_227' title='bbox 3235 1724 3354 1798; x_wconf 72' lang='lat'><strong>28).</strong></span> 
     </span>
    </p>
   </div>
   <div class='ocr_carea' id='block_1_22' title="bbox 154 1804 3360 1878">
    <p class='ocr_par' dir='ltr' id='par_1_22' title="bbox 154 1804 3360 1878">
     <span class='ocr_line' id='line_1_22' title="bbox 154 1804 3360 1878; baseline 0.005 -19"><span class='ocrx_word' id='word_1_228' title='bbox 154 1807 252 1862; x_wconf 73' lang='grc'><strong>125.</strong></span> <span class='ocrx_word' id='word_1_229' title='bbox 291 1808 376 1864; x_wconf 92' lang='lat' dir='ltr'><strong>Dic</strong></span> <span class='ocrx_word' id='word_1_230' title='bbox 398 1808 519 1878; x_wconf 84' lang='lat' dir='ltr'><strong>quia</strong></span> <span class='ocrx_word' id='word_1_231' title='bbox 551 1807 784 1864; x_wconf 87' lang='lat' dir='ltr'><strong>creavit.</strong></span> <span class='ocrx_word' id='word_1_232' title='bbox 807 1806 1185 1878; x_wconf 82' lang='lat' dir='ltr'><strong>Respondebit</strong></span> <span class='ocrx_word' id='word_1_233' title='bbox 1216 1806 1312 1862; x_wconf 88' lang='lat' dir='ltr'><strong>tibi</strong></span> <span class='ocrx_word' id='word_1_234' title='bbox 1340 1825 1351 1860; x_wconf 92' lang='lat'><strong>:</strong></span> <span class='ocrx_word' id='word_1_235' title='bbox 1381 1805 1490 1862; x_wconf 92' lang='lat' dir='ltr'><strong>Cur</strong></span> <span class='ocrx_word' id='word_1_236' title='bbox 1511 1821 1644 1878; x_wconf 90' lang='lat' dir='ltr'><strong>ergo</strong></span> <span class='ocrx_word' id='word_1_237' title='bbox 1745 1804 1996 1863; x_wconf 88' lang='lat' dir='ltr'><strong>Inlideles</strong></span> <span class='ocrx_word' id='word_1_238' title='bbox 2026 1808 2142 1864; x_wconf 70' lang='lat' dir='ltr'><strong>hinc</strong></span> <span class='ocrx_word' id='word_1_239' title='bbox 2171 1809 2487 1875; x_wconf 83' lang='lat' dir='ltr'><strong>audiebant,</strong></span> <span class='ocrx_word' id='word_1_240' title='bbox 2513 1812 2609 1868; x_wconf 91' lang='lat' dir='ltr'><strong>sed</strong></span> <span class='ocrx_word' id='word_1_241' title='bbox 2642 1829 2749 1866; x_wconf 93' lang='lat' dir='ltr'><strong>non</strong></span> <span class='ocrx_word' id='word_1_242' title='bbox 2777 1815 3097 1870; x_wconf 84' lang='lat' dir='ltr'><strong>credebant.</strong></span> <span class='ocrx_word' id='word_1_243' title='bbox 3134 1817 3360 1874; x_wconf 85' lang='lat' dir='ltr'><strong>Dicebat</strong></span> 
     </span>
    </p>
   </div>
   <div class='ocr_carea' id='block_1_23' title="bbox 97 1897 3357 1971">
    <p class='ocr_par' dir='ltr' id='par_1_23' title="bbox 97 1897 3357 1971">
     <span class='ocr_line' id='line_1_23' title="bbox 97 1897 3357 1971; baseline 0.005 -24"><span class='ocrx_word' id='word_1_244' title='bbox 97 1897 307 1967; x_wconf 74' lang='lat' dir='ltr'><strong>atlorasti,</strong></span> <span class='ocrx_word' id='word_1_245' title='bbox 334 1916 488 1971; x_wconf 90' lang='lat' dir='ltr'><strong>quem</strong></span> <span class='ocrx_word' id='word_1_246' title='bbox 517 1911 830 1957; x_wconf 84' lang='lat' dir='ltr'><strong>creaturam</strong></span> <span class='ocrx_word' id='word_1_247' title='bbox 867 1901 1112 1970; x_wconf 87' lang='lat' dir='ltr'><strong>putasti?</strong></span> <span class='ocrx_word' id='word_1_248' title='bbox 1747 1897 1936 1968; x_wconf 88' lang='lat' dir='ltr'><strong>Filius,</strong></span> <span class='ocrx_word' id='word_1_249' title='bbox 1966 1901 2331 1971; x_wconf 84' lang='lat' dir='ltr'><strong>respondebat</strong></span> <span class='ocrx_word' id='word_1_250' title='bbox 2359 1903 2554 1970; x_wconf 84' lang='lat' dir='ltr'><strong>Pater;</strong></span> <span class='ocrx_word' id='word_1_251' title='bbox 2583 1913 2637 1959; x_wconf 93' lang='lat' dir='ltr'><strong>et</strong></span> <span class='ocrx_word' id='word_1_252' title='bbox 2660 1904 2917 1962; x_wconf 88' lang='lat' dir='ltr'><strong>dicebant</strong></span> <span class='ocrx_word' id='word_1_253' title='bbox 2945 1906 3119 1968; x_wconf 64' lang='grc' dir='ltr'><strong>τιυάΨί</strong></span> <span class='ocrx_word' id='word_1_254' title='bbox 3147 1927 3161 1964; x_wconf 88' lang='lat'><strong>:</strong></span> <span class='ocrx_word' id='word_1_255' title='bbox 3193 1908 3357 1964; x_wconf 85' lang='lat' dir='ltr'><strong>Tani-</strong></span> 
     </span>
    </p>
   </div>
   <div class='ocr_carea' id='block_1_24' title="bbox 153 1990 3361 2066">
    <p class='ocr_par' dir='ltr' id='par_1_24' title="bbox 153 1990 3361 2066">
     <span class='ocr_line' id='line_1_24' title="bbox 153 1990 3361 2066; baseline 0.004 -23"><span class='ocrx_word' id='word_1_256' title='bbox 153 1990 252 2046; x_wconf 68' lang='lat'><strong>128.</strong></span> <span class='ocrx_word' id='word_1_257' title='bbox 291 1992 378 2048; x_wconf 91' lang='lat' dir='ltr'><strong>Dic</strong></span> <span class='ocrx_word' id='word_1_258' title='bbox 397 1995 520 2063; x_wconf 91' lang='lat' dir='ltr'><strong>quia</strong></span> <span class='ocrx_word' id='word_1_259' title='bbox 544 1994 816 2048; x_wconf 90' lang='lat' dir='ltr'><strong>minorem</strong></span> <span class='ocrx_word' id='word_1_260' title='bbox 839 1993 1120 2062; x_wconf 80' lang='lat' dir='ltr'><strong>generavit</strong></span> <span class='ocrx_word' id='word_1_261' title='bbox 1147 1992 1362 2047; x_wconf 88' lang='lat' dir='ltr'><strong>Filium.</strong></span> <span class='ocrx_word' id='word_1_262' title='bbox 1398 1992 1645 2062; x_wconf 85' lang='lat' dir='ltr'><strong>Respon-</strong></span> <span class='ocrx_word' id='word_1_263' title='bbox 1748 2002 1917 2046; x_wconf 86' lang='lat' dir='ltr'><strong>truum</strong></span> <span class='ocrx_word' id='word_1_264' title='bbox 1943 1997 2143 2064; x_wconf 75' lang='lat' dir='ltr'><strong>factum</strong></span> <span class='ocrx_word' id='word_1_265' title='bbox 2169 2003 2239 2049; x_wconf 88' lang='lat' dir='ltr'><strong>est</strong></span> <span class='ocrx_word' id='word_1_266' title='bbox 2273 1995 2351 2049; x_wconf 84' lang='lat' dir='ltr'><strong>illi</strong></span> <span class='ocrx_word' id='word_1_267' title='bbox 2389 1994 2584 2066; x_wconf 90' lang='lat' dir='ltr'><strong>(Ibid.,</strong></span> <span class='ocrx_word' id='word_1_268' title='bbox 2616 1996 2744 2066; x_wconf 75' lang='lat'><strong>29);</strong></span> <span class='ocrx_word' id='word_1_269' title='bbox 2790 1999 2881 2052; x_wconf 86' lang='lat' dir='ltr'><strong>alii</strong></span> <span class='ocrx_word' id='word_1_270' title='bbox 2927 1999 3223 2056; x_wconf 83' lang='lat' dir='ltr'><strong>dicebant:</strong></span> <span class='ocrx_word' id='word_1_271' title='bbox 3254 2003 3361 2056; x_wconf 79' lang='lat' dir='ltr'><strong>An-</strong></span> 
     </span>
    </p>
   </div>
   <div class='ocr_carea' id='block_1_25' title="bbox 99 2081 1656 2161">
    <p class='ocr_par' dir='ltr' id='par_1_25' title="bbox 99 2081 873 2154">
     <span class='ocr_line' id='line_1_25' title="bbox 99 2081 873 2154; baseline 0.006 -19"><span class='ocrx_word' id='word_1_272' title='bbox 99 2081 249 2137; x_wconf 79' lang='lat' dir='ltr'><strong>dcbit:</strong></span> <span class='ocrx_word' id='word_1_273' title='bbox 279 2093 302 2123; x_wconf 72' lang='grc' dir='ltr'>α</span> <span class='ocrx_word' id='word_1_274' title='bbox 330 2085 535 2154; x_wconf 84' lang='lat' dir='ltr'><strong>Metire,</strong></span> <span class='ocrx_word' id='word_1_275' title='bbox 567 2086 873 2142; x_wconf 89' lang='lat' dir='ltr'><strong>videamus.</strong></span> 
     </span>
    </p>
   </div>
   <div class='ocr_carea' id='block_1_26' title="bbox 1768 2081 2681 2161">
    <p class='ocr_par' dir='ltr' id='par_1_26' title="bbox 1768 2085 2681 2161">
     <span class='ocr_line' id='line_1_26' title="bbox 1768 2085 2681 2161; baseline 0.005 -23"><span class='ocrx_word' id='word_1_276' title='bbox 1768 2085 1892 2150; x_wconf 74' lang='lat' dir='ltr'><strong>telus</strong></span> <span class='ocrx_word' id='word_1_277' title='bbox 1919 2086 2121 2139; x_wconf 88' lang='lat' dir='ltr'><strong>locutus</strong></span> <span class='ocrx_word' id='word_1_278' title='bbox 2152 2096 2226 2140; x_wconf 88' lang='lat' dir='ltr'><strong>est</strong></span> <span class='ocrx_word' id='word_1_279' title='bbox 2257 2087 2303 2142; x_wconf 89' lang='lat' dir='ltr'><strong>ei</strong></span> <span class='ocrx_word' id='word_1_280' title='bbox 2327 2088 2466 2157; x_wconf 77' lang='lat' dir='ltr'><strong>(Act.</strong></span> <span class='ocrx_word' id='word_1_281' title='bbox 2502 2105 2583 2156; x_wconf 82' lang='lat' dir='ltr'><strong>ix,</strong></span> <span class='ocrx_word' id='word_1_282' title='bbox 2603 2089 2681 2161; x_wconf 70' lang='lat'><strong>4).</strong></span> 
     </span>
    </p>
   </div>
   <div class='ocr_carea' id='block_1_27' title="bbox 151 2175 3361 2254">
    <p class='ocr_par' dir='ltr' id='par_1_27' title="bbox 151 2175 3361 2254">
     <span class='ocr_line' id='line_1_27' title="bbox 151 2175 3361 2254; baseline 0.005 -26"><span class='ocrx_word' id='word_1_283' title='bbox 151 2175 251 2232; x_wconf 73' lang='grc'><strong>127.</strong></span> <span class='ocrx_word' id='word_1_284' title='bbox 286 2177 376 2234; x_wconf 93' lang='lat' dir='ltr'><strong>Dic</strong></span> <span class='ocrx_word' id='word_1_285' title='bbox 404 2179 528 2250; x_wconf 85' lang='lat' dir='ltr'><strong>quia</strong></span> <span class='ocrx_word' id='word_1_286' title='bbox 562 2177 620 2235; x_wconf 88' lang='lat' dir='ltr'><strong>ei</strong></span> <span class='ocrx_word' id='word_1_287' title='bbox 651 2195 759 2234; x_wconf 91' lang='lat' dir='ltr'><strong>non</strong></span> <span class='ocrx_word' id='word_1_288' title='bbox 784 2177 1016 2234; x_wconf 89' lang='lat' dir='ltr'><strong>debuisti</strong></span> <span class='ocrx_word' id='word_1_289' title='bbox 1047 2177 1293 2234; x_wconf 89' lang='lat' dir='ltr'><strong>credere.</strong></span> <span class='ocrx_word' id='word_1_290' title='bbox 1325 2177 1546 2234; x_wconf 89' lang='lat' dir='ltr'><strong>Referet</strong></span> <span class='ocrx_word' id='word_1_291' title='bbox 1577 2177 1646 2233; x_wconf 92' lang='lat' dir='ltr'><strong>ad</strong></span> <span class='ocrx_word' id='word_1_292' title='bbox 1823 2177 1947 2232; x_wconf 77' lang='grc'><strong>152.</strong></span> <span class='ocrx_word' id='word_1_293' title='bbox 1992 2178 2192 2234; x_wconf 90' lang='lat' dir='ltr'><strong>Paulus</strong></span> <span class='ocrx_word' id='word_1_294' title='bbox 2212 2196 2449 2252; x_wconf 90' lang='lat' dir='ltr'><strong>quoque,</strong></span> <span class='ocrx_word' id='word_1_295' title='bbox 2479 2183 2620 2238; x_wconf 90' lang='lat' dir='ltr'><strong>sicut</strong></span> <span class='ocrx_word' id='word_1_296' title='bbox 2644 2185 2906 2254; x_wconf 87' lang='lat' dir='ltr'><strong>scriptum</strong></span> <span class='ocrx_word' id='word_1_297' title='bbox 2935 2197 3020 2242; x_wconf 90' lang='lat' dir='ltr'><strong>est</strong></span> <span class='ocrx_word' id='word_1_298' title='bbox 3046 2189 3099 2243; x_wconf 92' lang='lat' dir='ltr'><strong>in</strong></span> <span class='ocrx_word' id='word_1_299' title='bbox 3131 2190 3361 2246; x_wconf 80' lang='lat' dir='ltr'><strong>Actibus</strong></span> 
     </span>
    </p>
   </div>
   <div class='ocr_carea' id='block_1_28' title="bbox 100 2266 3365 2352">
    <p class='ocr_par' dir='ltr' id='par_1_28' title="bbox 100 2266 3365 2352">
     <span class='ocr_line' id='line_1_28' title="bbox 100 2266 3365 2352; baseline 0.005 -33"><span class='ocrx_word' id='word_1_300' title='bbox 100 2266 206 2322; x_wconf 83' lang='lat' dir='ltr'><strong>hoc:</strong></span> <span class='ocrx_word' id='word_1_301' title='bbox 232 2269 334 2326; x_wconf 89' lang='lat' dir='ltr'><strong>Non</strong></span> <span class='ocrx_word' id='word_1_302' title='bbox 373 2271 467 2326; x_wconf 81' lang='lat' dir='ltr'><strong>tibi</strong></span> <span class='ocrx_word' id='word_1_303' title='bbox 504 2273 754 2328; x_wconf 72' lang='lat' dir='ltr'><strong>dixeram</strong></span> <span class='ocrx_word' id='word_1_304' title='bbox 785 2290 798 2325; x_wconf 89' lang='lat'><strong>:</strong></span> <span class='ocrx_word' id='word_1_305' title='bbox 830 2270 931 2326; x_wconf 81' lang='lat' dir='ltr'><strong>Hic</strong></span> <span class='ocrx_word' id='word_1_306' title='bbox 959 2281 1034 2326; x_wconf 87' lang='lat' dir='ltr'><strong>est</strong></span> <span class='ocrx_word' id='word_1_307' title='bbox 1062 2271 1206 2340; x_wconf 80' lang='lat' dir='ltr'><strong>ﬁlius</strong></span> <span class='ocrx_word' id='word_1_308' title='bbox 1240 2288 1386 2328; x_wconf 81' lang='lat' dir='ltr'><strong>meus</strong></span> <span class='ocrx_word' id='word_1_309' title='bbox 1413 2271 1646 2326; x_wconf 87' lang='lat' dir='ltr'><strong>dilectis-</strong></span> <span class='ocrx_word' id='word_1_310' title='bbox 1750 2270 2160 2339; x_wconf 77' lang='lat' dir='ltr'><strong>Apostolorum,</strong></span> <span class='ocrx_word' id='word_1_311' title='bbox 2207 2286 2329 2328; x_wconf 90' lang='lat' dir='ltr'><strong>cum</strong></span> <span class='ocrx_word' id='word_1_312' title='bbox 2371 2289 2507 2329; x_wconf 90' lang='lat' dir='ltr'><strong>voce</strong></span> <span class='ocrx_word' id='word_1_313' title='bbox 2545 2274 2746 2330; x_wconf 85' lang='lat' dir='ltr'><strong>Christi</strong></span> <span class='ocrx_word' id='word_1_314' title='bbox 2790 2290 3080 2334; x_wconf 88' lang='lat' dir='ltr'><strong>vocaretur</strong></span> <span class='ocrx_word' id='word_1_315' title='bbox 3128 2281 3194 2336; x_wconf 91' lang='lat' dir='ltr'><strong>ad</strong></span> <span class='ocrx_word' id='word_1_316' title='bbox 3240 2297 3365 2352; x_wconf 88' lang='lat' dir='ltr'><strong>gra-</strong></span> 
     </span>
    </p>
   </div>
   <div class='ocr_carea' id='block_1_29' title="bbox 98 2361 3366 2439">
    <p class='ocr_par' dir='ltr' id='par_1_29' title="bbox 98 2361 3366 2439">
     <span class='ocr_line' id='line_1_29' title="bbox 98 2361 3366 2439; baseline 0.005 -26"><span class='ocrx_word' id='word_1_317' title='bbox 98 2361 240 2429; x_wconf 79' lang='lat' dir='ltr'><strong>timus,</strong></span> <span class='ocrx_word' id='word_1_318' title='bbox 258 2364 304 2418; x_wconf 90' lang='lat' dir='ltr'><strong>in</strong></span> <span class='ocrx_word' id='word_1_319' title='bbox 323 2382 417 2435; x_wconf 90' lang='lat' dir='ltr'><strong>qua</strong></span> <span class='ocrx_word' id='word_1_320' title='bbox 436 2365 754 2438; x_wconf 88' lang='lat' dir='ltr'><strong>complacui,</strong></span> <span class='ocrx_word' id='word_1_321' title='bbox 775 2367 945 2435; x_wconf 88' lang='lat' dir='ltr'><strong>ipsum</strong></span> <span class='ocrx_word' id='word_1_322' title='bbox 965 2365 1139 2421; x_wconf 85' lang='lat' dir='ltr'><strong>audite</strong></span> <span class='ocrx_word' id='word_1_323' title='bbox 1160 2364 1534 2439; x_wconf 60' lang='lat' dir='ltr'><strong>(Matt/nun,</strong></span> <span class='ocrx_word' id='word_1_324' title='bbox 1553 2363 1666 2434; x_wconf 60' lang='lat'><strong>5)?’</strong></span> <span class='ocrx_word' id='word_1_325' title='bbox 1753 2361 1914 2428; x_wconf 89' lang='lat' dir='ltr'><strong>tiam,</strong></span> <span class='ocrx_word' id='word_1_326' title='bbox 1962 2362 2257 2434; x_wconf 88' lang='lat' dir='ltr'><strong>pluresque</strong></span> <span class='ocrx_word' id='word_1_327' title='bbox 2299 2365 2532 2421; x_wconf 83' lang='lat' dir='ltr'><strong>comites</strong></span> <span class='ocrx_word' id='word_1_328' title='bbox 2574 2367 2778 2436; x_wconf 88' lang='lat' dir='ltr'><strong>pariter</strong></span> <span class='ocrx_word' id='word_1_329' title='bbox 2821 2368 3168 2439; x_wconf 88' lang='lat' dir='ltr'><strong>incederent,</strong></span> <span class='ocrx_word' id='word_1_330' title='bbox 3214 2374 3366 2430; x_wconf 87' lang='lat' dir='ltr'><strong>solus</strong></span> 
     </span>
    </p>
   </div>
   <div class='ocr_carea' id='block_1_30' title="bbox 98 2451 3360 2532">
    <p class='ocr_par' dir='ltr' id='par_1_30' title="bbox 98 2451 3360 2532">
     <span class='ocr_line' id='line_1_30' title="bbox 98 2451 3360 2532; baseline 0.004 -26"><span class='ocrx_word' id='word_1_331' title='bbox 98 2451 204 2518; x_wconf 78' lang='lat' dir='ltr'><strong>Quid</strong></span> <span class='ocrx_word' id='word_1_332' title='bbox 244 2465 346 2523; x_wconf 90' lang='lat' dir='ltr'><strong>est,</strong></span> <span class='ocrx_word' id='word_1_333' title='bbox 381 2459 551 2529; x_wconf 87' lang='lat' dir='ltr'><strong>ipsum</strong></span> <span class='ocrx_word' id='word_1_334' title='bbox 605 2457 827 2512; x_wconf 84' lang='lat' dir='ltr'><strong>audite?</strong></span> <span class='ocrx_word' id='word_1_335' title='bbox 875 2458 1154 2514; x_wconf 89' lang='lat' dir='ltr'><strong>Dicentem</strong></span> <span class='ocrx_word' id='word_1_336' title='bbox 1202 2459 1429 2527; x_wconf 89' lang='lat' dir='ltr'><strong>utique:</strong></span> <span class='ocrx_word' id='word_1_337' title='bbox 1463 2456 1652 2512; x_wconf 86' lang='lat' dir='ltr'><strong>Omnia</strong></span> <span class='ocrx_word' id='word_1_338' title='bbox 1752 2467 1940 2508; x_wconf 91' lang='lat' dir='ltr'><strong>vocem</strong></span> <span class='ocrx_word' id='word_1_339' title='bbox 1982 2452 2186 2510; x_wconf 89' lang='lat' dir='ltr'><strong>Christi</strong></span> <span class='ocrx_word' id='word_1_340' title='bbox 2216 2454 2434 2511; x_wconf 89' lang='lat' dir='ltr'><strong>audisse</strong></span> <span class='ocrx_word' id='word_1_341' title='bbox 2457 2470 2518 2513; x_wconf 92' lang='lat' dir='ltr'><strong>se</strong></span> <span class='ocrx_word' id='word_1_342' title='bbox 2549 2457 2707 2512; x_wconf 81' lang='lat' dir='ltr'><strong>dixit.</strong></span> <span class='ocrx_word' id='word_1_343' title='bbox 2743 2459 2929 2524; x_wconf 84' lang='lat' dir='ltr'><strong>Adeo,</strong></span> <span class='ocrx_word' id='word_1_344' title='bbox 2970 2470 3158 2516; x_wconf 90' lang='lat' dir='ltr'><strong>sancte</strong></span> <span class='ocrx_word' id='word_1_345' title='bbox 3186 2461 3360 2532; x_wconf 87' lang='lat' dir='ltr'><strong>Impe-</strong></span> 
     </span>
    </p>
   </div>
   <div class='ocr_carea' id='block_1_31' title="bbox 97 2547 3360 2627">
    <p class='ocr_par' dir='ltr' id='par_1_31' title="bbox 97 2547 3360 2627">
     <span class='ocr_line' id='line_1_31' title="bbox 97 2547 3360 2627; baseline 0.004 -28"><span class='ocrx_word' id='word_1_346' title='bbox 97 2563 184 2614; x_wconf 81' lang='lat' dir='ltr'><strong>qua:</strong></span> <span class='ocrx_word' id='word_1_347' title='bbox 208 2548 350 2605; x_wconf 84' lang='lat' dir='ltr'><strong>Pater</strong></span> <span class='ocrx_word' id='word_1_348' title='bbox 373 2553 542 2620; x_wconf 89' lang='lat' dir='ltr'><strong>habet,</strong></span> <span class='ocrx_word' id='word_1_349' title='bbox 579 2570 699 2608; x_wconf 87' lang='lat' dir='ltr'><strong>mea</strong></span> <span class='ocrx_word' id='word_1_350' title='bbox 725 2562 843 2607; x_wconf 90' lang='lat' dir='ltr'><strong>sunt</strong></span> <span class='ocrx_word' id='word_1_351' title='bbox 876 2551 1058 2626; x_wconf 84' lang='lat' dir='ltr'><strong>(Joan.</strong></span> <span class='ocrx_word' id='word_1_352' title='bbox 1096 2569 1225 2618; x_wconf 75' lang='lat' dir='ltr'><strong>xvtt,</strong></span> <span class='ocrx_word' id='word_1_353' title='bbox 1260 2551 1371 2624; x_wconf 89' lang='grc'><strong>10).</strong></span> <span class='ocrx_word' id='word_1_354' title='bbox 1399 2552 1512 2606; x_wconf 90' lang='lat' dir='ltr'><strong>Hoc</strong></span> <span class='ocrx_word' id='word_1_355' title='bbox 1551 2567 1652 2605; x_wconf 88' lang='lat' dir='ltr'><strong>au-</strong></span> <span class='ocrx_word' id='word_1_356' title='bbox 1752 2555 1925 2612; x_wconf 84' lang='lat' dir='ltr'><strong>rator,</strong></span> <span class='ocrx_word' id='word_1_357' title='bbox 1949 2547 2040 2617; x_wconf 90' lang='lat' dir='ltr'><strong>qui</strong></span> <span class='ocrx_word' id='word_1_358' title='bbox 2063 2549 2257 2614; x_wconf 89' lang='lat' dir='ltr'><strong>credit,</strong></span> <span class='ocrx_word' id='word_1_359' title='bbox 2281 2549 2463 2616; x_wconf 88' lang='lat' dir='ltr'><strong>audit;</strong></span> <span class='ocrx_word' id='word_1_360' title='bbox 2497 2560 2552 2606; x_wconf 90' lang='lat' dir='ltr'><strong>et</strong></span> <span class='ocrx_word' id='word_1_361' title='bbox 2582 2552 2752 2619; x_wconf 89' lang='lat' dir='ltr'><strong>audit,</strong></span> <span class='ocrx_word' id='word_1_362' title='bbox 2788 2563 2845 2608; x_wconf 91' lang='lat' dir='ltr'><strong>ut</strong></span> <span class='ocrx_word' id='word_1_363' title='bbox 2870 2555 3058 2610; x_wconf 87' lang='lat' dir='ltr'><strong>credat</strong></span> <span class='ocrx_word' id='word_1_364' title='bbox 3087 2573 3100 2609; x_wconf 89' lang='lat'><strong>:</strong></span> <span class='ocrx_word' id='word_1_365' title='bbox 3131 2556 3224 2627; x_wconf 89' lang='lat' dir='ltr'><strong>qui</strong></span> <span class='ocrx_word' id='word_1_366' title='bbox 3254 2573 3360 2613; x_wconf 89' lang='lat' dir='ltr'><strong>non</strong></span> 
     </span>
    </p>
   </div>
   <div class='ocr_carea' id='block_1_32' title="bbox 97 2637 3358 2717">
    <p class='ocr_par' dir='ltr' id='par_1_32' title="bbox 97 2637 3358 2717">
     <span class='ocr_line' id='line_1_32' title="bbox 97 2637 3358 2717; baseline 0.005 -26"><span class='ocrx_word' id='word_1_367' title='bbox 97 2637 271 2698; x_wconf 88' lang='lat' dir='ltr'><strong>dieruut</strong></span> <span class='ocrx_word' id='word_1_368' title='bbox 288 2646 534 2716; x_wconf 87' lang='lat' dir='ltr'><strong>apostoli,</strong></span> <span class='ocrx_word' id='word_1_369' title='bbox 570 2646 717 2702; x_wconf 89' lang='lat' dir='ltr'><strong>sicut</strong></span> <span class='ocrx_word' id='word_1_370' title='bbox 742 2646 1006 2717; x_wconf 87' lang='lat' dir='ltr'><strong>scriptum</strong></span> <span class='ocrx_word' id='word_1_371' title='bbox 1029 2655 1152 2702; x_wconf 88' lang='lat' dir='ltr'><strong>est:</strong></span> <span class='ocrx_word' id='word_1_372' title='bbox 1184 2644 1253 2699; x_wconf 88' lang='lat' dir='ltr'><strong>Et</strong></span> <span class='ocrx_word' id='word_1_373' title='bbox 1280 2646 1576 2700; x_wconf 88' lang='lat' dir='ltr'><strong>ceciderunt</strong></span> <span class='ocrx_word' id='word_1_374' title='bbox 1599 2645 1652 2698; x_wconf 90' lang='lat' dir='ltr'><strong>in</strong></span> <span class='ocrx_word' id='word_1_375' title='bbox 1751 2639 1947 2707; x_wconf 88' lang='lat' dir='ltr'><strong>credit,</strong></span> <span class='ocrx_word' id='word_1_376' title='bbox 1981 2656 2086 2696; x_wconf 92' lang='lat' dir='ltr'><strong>non</strong></span> <span class='ocrx_word' id='word_1_377' title='bbox 2118 2641 2303 2709; x_wconf 87' lang='lat' dir='ltr'><strong>audit;</strong></span> <span class='ocrx_word' id='word_1_378' title='bbox 2337 2643 2434 2700; x_wconf 92' lang='lat' dir='ltr'><strong>sed</strong></span> <span class='ocrx_word' id='word_1_379' title='bbox 2476 2659 2577 2701; x_wconf 91' lang='lat' dir='ltr'><strong>nec</strong></span> <span class='ocrx_word' id='word_1_380' title='bbox 2605 2645 2742 2712; x_wconf 85' lang='lat' dir='ltr'><strong>vult,</strong></span> <span class='ocrx_word' id='word_1_381' title='bbox 2782 2662 2882 2703; x_wconf 90' lang='lat' dir='ltr'><strong>nec</strong></span> <span class='ocrx_word' id='word_1_382' title='bbox 2925 2657 3108 2717; x_wconf 86' lang='lat' dir='ltr'><strong>putest</strong></span> <span class='ocrx_word' id='word_1_383' title='bbox 3149 2650 3358 2716; x_wconf 87' lang='lat' dir='ltr'><strong>audire,</strong></span> 
     </span>
    </p>
   </div>
   <div class='ocr_carea' id='block_1_33' title="bbox 98 2734 2076 2809">
    <p class='ocr_par' dir='ltr' id='par_1_33' title="bbox 98 2734 2076 2809">
     <span class='ocr_line' id='line_1_33' title="bbox 98 2734 2076 2809; baseline 0.003 -26"><span class='ocrx_word' id='word_1_384' title='bbox 98 2734 242 2800; x_wconf 78' lang='lat' dir='ltr'><strong>{aciem</strong></span> <span class='ocrx_word' id='word_1_385' title='bbox 276 2753 442 2806; x_wconf 89' lang='lat' dir='ltr'><strong>suam,</strong></span> <span class='ocrx_word' id='word_1_386' title='bbox 487 2749 537 2794; x_wconf 89' lang='lat' dir='ltr'><strong>et</strong></span> <span class='ocrx_word' id='word_1_387' title='bbox 583 2739 868 2793; x_wconf 86' lang='lat' dir='ltr'><strong>timuerunt</strong></span> <span class='ocrx_word' id='word_1_388' title='bbox 905 2739 1054 2793; x_wconf 84' lang='lat' dir='ltr'><strong>valde</strong></span> <span class='ocrx_word' id='word_1_389' title='bbox 1092 2738 1278 2809; x_wconf 81' lang='lat' dir='ltr'><strong>(Matt.</strong></span> <span class='ocrx_word' id='word_1_390' title='bbox 1313 2753 1446 2806; x_wconf 80' lang='lat' dir='ltr'><strong>xvtt,</strong></span> <span class='ocrx_word' id='word_1_391' title='bbox 1486 2736 1563 2808; x_wconf 89' lang='lat'><strong>6).</strong></span> <span class='ocrx_word' id='word_1_392' title='bbox 1595 2737 1654 2792; x_wconf 88' lang='lat' dir='ltr'><strong>Si</strong></span> <span class='ocrx_word' id='word_1_393' title='bbox 1754 2748 1822 2789; x_wconf 87' lang='lat' dir='ltr'><strong>ne</strong></span> <span class='ocrx_word' id='word_1_394' title='bbox 1849 2734 2076 2790; x_wconf 84' lang='lat' dir='ltr'><strong>credat!</strong></span> 
     </span>
    </p>
   </div>
   <div class='ocr_carea' id='block_1_34' title="bbox 98 2826 3369 2904">
    <p class='ocr_par' dir='ltr' id='par_1_34' title="bbox 98 2826 3369 2904">
     <span class='ocr_line' id='line_1_34' title="bbox 98 2826 3369 2904; baseline 0.005 -27"><span class='ocrx_word' id='word_1_395' title='bbox 98 2826 359 2887; x_wconf 87' lang='lat' dir='ltr'><strong>ceciderunt</strong></span> <span class='ocrx_word' id='word_1_396' title='bbox 382 2833 469 2904; x_wconf 90' lang='lat' dir='ltr'><strong>qui</strong></span> <span class='ocrx_word' id='word_1_397' title='bbox 501 2833 746 2889; x_wconf 89' lang='lat' dir='ltr'><strong>confessi</strong></span> <span class='ocrx_word' id='word_1_398' title='bbox 774 2840 924 2900; x_wconf 86' lang='lat' dir='ltr'><strong>sunt,</strong></span> <span class='ocrx_word' id='word_1_399' title='bbox 964 2832 1093 2903; x_wconf 91' lang='lat' dir='ltr'><strong>quid</strong></span> <span class='ocrx_word' id='word_1_400' title='bbox 1122 2832 1324 2887; x_wconf 79' lang='lat' dir='ltr'><strong>facient</strong></span> <span class='ocrx_word' id='word_1_401' title='bbox 1361 2833 1451 2901; x_wconf 90' lang='lat' dir='ltr'><strong>qui</strong></span> <span class='ocrx_word' id='word_1_402' title='bbox 1492 2846 1666 2902; x_wconf 59' lang='lat' dir='ltr'><strong>nega«_</strong></span> <span class='ocrx_word' id='word_1_403' title='bbox 1830 2827 1954 2883; x_wconf 84' lang='grc'><strong>155.</strong></span> <span class='ocrx_word' id='word_1_404' title='bbox 1998 2830 2179 2897; x_wconf 81' lang='lat' dir='ltr'><strong>Atque</strong></span> <span class='ocrx_word' id='word_1_405' title='bbox 2220 2830 2452 2894; x_wconf 89' lang='lat' dir='ltr'><strong>utinam,</strong></span> <span class='ocrx_word' id='word_1_406' title='bbox 2493 2831 2639 2902; x_wconf 91' lang='lat' dir='ltr'><strong>quod</strong></span> <span class='ocrx_word' id='word_1_407' title='bbox 2679 2834 2732 2888; x_wconf 93' lang='lat' dir='ltr'><strong>in</strong></span> <span class='ocrx_word' id='word_1_408' title='bbox 2771 2848 2858 2890; x_wconf 90' lang='lat' dir='ltr'><strong>me</strong></span> <span class='ocrx_word' id='word_1_409' title='bbox 2900 2844 3003 2902; x_wconf 90' lang='lat' dir='ltr'><strong>est,</strong></span> <span class='ocrx_word' id='word_1_410' title='bbox 3038 2836 3226 2892; x_wconf 89' lang='lat' dir='ltr'><strong>audire</strong></span> <span class='ocrx_word' id='word_1_411' title='bbox 3261 2839 3369 2893; x_wconf 85' lang='lat' dir='ltr'><strong>vel-</strong></span> 
     </span>
    </p>
   </div>
   <div class='ocr_carea' id='block_1_35' title="bbox 103 2921 3366 2997">
    <p class='ocr_par' dir='ltr' id='par_1_35' title="bbox 103 2921 3366 2997">
     <span class='ocr_line' id='line_1_35' title="bbox 103 2921 3366 2997; baseline 0.003 -26"><span class='ocrx_word' id='word_1_412' title='bbox 103 2921 224 2974; x_wconf 88' lang='lat' dir='ltr'><strong>runt?</strong></span> <span class='ocrx_word' id='word_1_413' title='bbox 256 2921 350 2979; x_wconf 88' lang='lat' dir='ltr'><strong>Sed</strong></span> <span class='ocrx_word' id='word_1_414' title='bbox 382 2925 507 2982; x_wconf 87' lang='lat' dir='ltr'><strong>illos</strong></span> <span class='ocrx_word' id='word_1_415' title='bbox 550 2925 718 2982; x_wconf 81' lang='lat' dir='ltr'><strong>Jesus</strong></span> <span class='ocrx_word' id='word_1_416' title='bbox 755 2925 934 2997; x_wconf 78' lang='lat' dir='ltr'><strong>tetigit</strong></span> <span class='ocrx_word' id='word_1_417' title='bbox 973 2933 1030 2980; x_wconf 92' lang='lat' dir='ltr'><strong>et</strong></span> <span class='ocrx_word' id='word_1_418' title='bbox 1071 2925 1269 2981; x_wconf 86' lang='lat' dir='ltr'><strong>levavit</strong></span> <span class='ocrx_word' id='word_1_419' title='bbox 1298 2943 1311 2979; x_wconf 91' lang='lat'><strong>:</strong></span> <span class='ocrx_word' id='word_1_420' title='bbox 1345 2939 1441 2980; x_wconf 89' lang='lat' dir='ltr'><strong>vos</strong></span> <span class='ocrx_word' id='word_1_421' title='bbox 1471 2925 1655 2995; x_wconf 87' lang='lat' dir='ltr'><strong>jacere</strong></span> <span class='ocrx_word' id='word_1_422' title='bbox 1754 2921 1901 2987; x_wconf 91' lang='lat' dir='ltr'><strong>lent,</strong></span> <span class='ocrx_word' id='word_1_423' title='bbox 1935 2929 1995 2976; x_wconf 92' lang='lat' dir='ltr'><strong>ut</strong></span> <span class='ocrx_word' id='word_1_424' title='bbox 2027 2921 2318 2979; x_wconf 89' lang='lat' dir='ltr'><strong>crederent</strong></span> <span class='ocrx_word' id='word_1_425' title='bbox 2347 2943 2359 2978; x_wconf 88' lang='lat'><strong>:</strong></span> <span class='ocrx_word' id='word_1_426' title='bbox 2392 2925 2585 2982; x_wconf 86' lang='lat' dir='ltr'><strong>audite</strong></span> <span class='ocrx_word' id='word_1_427' title='bbox 2631 2941 2754 2981; x_wconf 91' lang='lat' dir='ltr'><strong>cum</strong></span> <span class='ocrx_word' id='word_1_428' title='bbox 2808 2927 2948 2982; x_wconf 91' lang='lat' dir='ltr'><strong>bona</strong></span> <span class='ocrx_word' id='word_1_429' title='bbox 2993 2927 3263 2985; x_wconf 89' lang='lat' dir='ltr'><strong>charitate</strong></span> <span class='ocrx_word' id='word_1_430' title='bbox 3311 2937 3366 2985; x_wconf 87' lang='lat' dir='ltr'><strong>et</strong></span> 
     </span>
    </p>
   </div>
   <div class='ocr_carea' id='block_1_36' title="bbox 101 3014 3362 3091">
    <p class='ocr_par' dir='ltr' id='par_1_36' title="bbox 101 3014 3362 3091">
     <span class='ocr_line' id='line_1_36' title="bbox 101 3014 3362 3091; baseline 0.005 -28"><span class='ocrx_word' id='word_1_431' title='bbox 101 3014 317 3083; x_wconf 78' lang='lat' dir='ltr'><strong>patietur;</strong></span> <span class='ocrx_word' id='word_1_432' title='bbox 342 3034 406 3074; x_wconf 89' lang='lat' dir='ltr'><strong>ne</strong></span> <span class='ocrx_word' id='word_1_433' title='bbox 433 3019 671 3077; x_wconf 85' lang='lat' dir='ltr'><strong>videatis</strong></span> <span class='ocrx_word' id='word_1_434' title='bbox 701 3019 952 3089; x_wconf 75' lang='lat' dir='ltr'><strong>gloriam,</strong></span> <span class='ocrx_word' id='word_1_435' title='bbox 984 3035 1145 3091; x_wconf 83' lang='lat' dir='ltr'><strong>quam</strong></span> <span class='ocrx_word' id='word_1_436' title='bbox 1177 3018 1438 3089; x_wconf 86' lang='lat' dir='ltr'><strong>negastis.</strong></span> <span class='ocrx_word' id='word_1_437' title='bbox 1756 3015 2197 3083; x_wconf 88' lang='lat' dir='ltr'><strong>mansuetudine,</strong></span> <span class='ocrx_word' id='word_1_438' title='bbox 2228 3026 2287 3071; x_wconf 92' lang='lat' dir='ltr'><strong>ut</strong></span> <span class='ocrx_word' id='word_1_439' title='bbox 2316 3032 2502 3072; x_wconf 89' lang='lat' dir='ltr'><strong>verum</strong></span> <span class='ocrx_word' id='word_1_440' title='bbox 2539 3031 2845 3088; x_wconf 80' lang='lat' dir='ltr'><strong>quaerentes</strong></span> <span class='ocrx_word' id='word_1_441' title='bbox 2868 3061 2881 3084; x_wconf 94' lang='lat'><strong>,</strong></span> <span class='ocrx_word' id='word_1_442' title='bbox 2923 3035 3030 3076; x_wconf 91' lang='lat' dir='ltr'><strong>non</strong></span> <span class='ocrx_word' id='word_1_443' title='bbox 3071 3024 3362 3078; x_wconf 85' lang='lat' dir='ltr'><strong>veritatem</strong></span> 
     </span>
    </p>
   </div>
   <div class='ocr_carea' id='block_1_37' title="bbox 154 3099 3366 3185">
    <p class='ocr_par' dir='ltr' id='par_1_37' title="bbox 154 3099 3366 3185">
     <span class='ocr_line' id='line_1_37' title="bbox 154 3099 3366 3185; baseline 0.004 -24"><span class='ocrx_word' id='word_1_444' title='bbox 154 3107 256 3165; x_wconf 67' lang='lat'><strong>128.</strong></span> <span class='ocrx_word' id='word_1_445' title='bbox 297 3111 582 3170; x_wconf 82' lang='lat' dir='ltr'><strong>Videamus</strong></span> <span class='ocrx_word' id='word_1_446' title='bbox 616 3129 747 3185; x_wconf 88' lang='lat' dir='ltr'><strong>ergo</strong></span> <span class='ocrx_word' id='word_1_447' title='bbox 787 3114 1044 3185; x_wconf 90' lang='lat' dir='ltr'><strong>quoniam</strong></span> <span class='ocrx_word' id='word_1_448' title='bbox 1090 3128 1252 3184; x_wconf 91' lang='lat' dir='ltr'><strong>quem</strong></span> <span class='ocrx_word' id='word_1_449' title='bbox 1283 3113 1455 3168; x_wconf 85' lang='lat' dir='ltr'><strong>Filius</strong></span> <span class='ocrx_word' id='word_1_450' title='bbox 1495 3112 1652 3168; x_wconf 85' lang='lat' dir='ltr'><strong>dam-</strong></span> <span class='ocrx_word' id='word_1_451' title='bbox 1681 3099 1727 3163; x_wconf 88' lang='lat' dir='ltr'><strong>C</strong></span> <span class='ocrx_word' id='word_1_452' title='bbox 1759 3109 2161 3179; x_wconf 85' lang='lat' dir='ltr'><strong>impugnantes.</strong></span> <span class='ocrx_word' id='word_1_453' title='bbox 2193 3109 2465 3180; x_wconf 77' lang='lat' dir='ltr'><strong>Scriptum</strong></span> <span class='ocrx_word' id='word_1_454' title='bbox 2492 3121 2575 3167; x_wconf 90' lang='lat' dir='ltr'><strong>est</strong></span> <span class='ocrx_word' id='word_1_455' title='bbox 2598 3108 2766 3180; x_wconf 82' lang='lat' dir='ltr'><strong>enim,</strong></span> <span class='ocrx_word' id='word_1_456' title='bbox 2797 3123 2855 3168; x_wconf 91' lang='lat' dir='ltr'><strong>ut</strong></span> <span class='ocrx_word' id='word_1_457' title='bbox 2881 3129 2990 3170; x_wconf 91' lang='lat' dir='ltr'><strong>non</strong></span> <span class='ocrx_word' id='word_1_458' title='bbox 3017 3115 3366 3175; x_wconf 88' lang='lat' dir='ltr'><strong>intendamus</strong></span> 
     </span>
    </p>
   </div>
   <div class='ocr_carea' id='block_1_38' title="bbox 99 3199 3367 3278">
    <p class='ocr_par' dir='ltr' id='par_1_38' title="bbox 99 3199 3367 3278">
     <span class='ocr_line' id='line_1_38' title="bbox 99 3199 3367 3278; baseline 0.005 -27"><span class='ocrx_word' id='word_1_459' title='bbox 99 3210 186 3266; x_wconf 86' lang='lat' dir='ltr'><strong>nat,</strong></span> <span class='ocrx_word' id='word_1_460' title='bbox 215 3212 260 3259; x_wconf 83' lang='lat' dir='ltr'><strong>et</strong></span> <span class='ocrx_word' id='word_1_461' title='bbox 283 3204 434 3263; x_wconf 66' lang='lat' dir='ltr'><strong>Pater</strong></span> <span class='ocrx_word' id='word_1_462' title='bbox 461 3209 715 3264; x_wconf 58' lang='lat' dir='ltr'><strong>damnat,</strong></span> <span class='ocrx_word' id='word_1_463' title='bbox 745 3207 815 3262; x_wconf 80' lang='grc' dir='ltr'>Ει</span> <span class='ocrx_word' id='word_1_464' title='bbox 835 3207 960 3264; x_wconf 75' lang='lat' dir='ltr'><strong>ideo</strong></span> <span class='ocrx_word' id='word_1_465' title='bbox 983 3207 1400 3264; x_wconf 70' lang='lat' dir='ltr'><strong>honoriﬁcemus</strong></span> <span class='ocrx_word' id='word_1_466' title='bbox 1430 3207 1650 3274; x_wconf 69' lang='lat' dir='ltr'><strong>Filium,</strong></span> <span class='ocrx_word' id='word_1_467' title='bbox 1756 3199 1944 3268; x_wconf 80' lang='lat' dir='ltr'><strong>fabulis</strong></span> <span class='ocrx_word' id='word_1_468' title='bbox 1970 3211 2016 3255; x_wconf 89' lang='lat' dir='ltr'><strong>et</strong></span> <span class='ocrx_word' id='word_1_469' title='bbox 2042 3202 2361 3273; x_wconf 88' lang='lat' dir='ltr'><strong>genealogiis</strong></span> <span class='ocrx_word' id='word_1_470' title='bbox 2400 3204 2888 3273; x_wconf 87' lang='lat' dir='ltr'><strong>interminabilibus,</strong></span> <span class='ocrx_word' id='word_1_471' title='bbox 2920 3223 3036 3275; x_wconf 75' lang='lat' dir='ltr'><strong>quae</strong></span> <span class='ocrx_word' id='word_1_472' title='bbox 3059 3211 3367 3278; x_wconf 63' lang='lat' dir='ltr'><strong>questiones</strong></span> 
     </span>
    </p>
   </div>
   <div class='ocr_carea' id='block_1_39' title="bbox 98 3293 1656 3372">
    <p class='ocr_par' dir='ltr' id='par_1_39' title="bbox 98 3293 1650 3372">
     <span class='ocr_line' id='line_1_39' title="bbox 98 3293 1650 3372; baseline 0.008 -26"><span class='ocrx_word' id='word_1_473' title='bbox 98 3293 205 3351; x_wconf 86' lang='lat' dir='ltr'><strong>sicut</strong></span> <span class='ocrx_word' id='word_1_474' title='bbox 221 3297 633 3358; x_wconf 83' lang='lat' dir='ltr'><strong>honorificamus</strong></span> <span class='ocrx_word' id='word_1_475' title='bbox 655 3301 902 3366; x_wconf 87' lang='lat' dir='ltr'><strong>Patrem;</strong></span> <span class='ocrx_word' id='word_1_476' title='bbox 926 3311 985 3357; x_wconf 90' lang='lat' dir='ltr'><strong>ut</strong></span> <span class='ocrx_word' id='word_1_477' title='bbox 1008 3316 1105 3372; x_wconf 92' lang='lat' dir='ltr'><strong>per</strong></span> <span class='ocrx_word' id='word_1_478' title='bbox 1125 3299 1322 3356; x_wconf 87' lang='lat' dir='ltr'><strong>Filium</strong></span> <span class='ocrx_word' id='word_1_479' title='bbox 1347 3301 1413 3357; x_wconf 85' lang='lat' dir='ltr'><strong>ad</strong></span> <span class='ocrx_word' id='word_1_480' title='bbox 1437 3301 1650 3358; x_wconf 87' lang='lat' dir='ltr'><strong>Patrem</strong></span> 
     </span>
    </p>
   </div>
   <div class='ocr_carea' id='block_1_40' title="bbox 1768 3293 3367 3372">
    <p class='ocr_par' dir='ltr' id='par_1_40' title="bbox 1768 3293 3367 3371">
     <span class='ocr_line' id='line_1_40' title="bbox 1768 3293 3367 3371; baseline 0.007 -26"><span class='ocrx_word' id='word_1_481' title='bbox 1768 3293 1921 3364; x_wconf 78' lang='lat' dir='ltr'><strong>magis</strong></span> <span class='ocrx_word' id='word_1_482' title='bbox 1961 3303 2206 3364; x_wconf 78' lang='lat' dir='ltr'><strong>prtestant</strong></span> <span class='ocrx_word' id='word_1_483' title='bbox 2251 3311 2404 3362; x_wconf 88' lang='lat' dir='ltr'><strong>quam</strong></span> <span class='ocrx_word' id='word_1_484' title='bbox 2445 3296 2848 3364; x_wconf 77' lang='lat' dir='ltr'><strong>wdiﬁcationem</strong></span> <span class='ocrx_word' id='word_1_485' title='bbox 2889 3295 3012 3364; x_wconf 88' lang='lat' dir='ltr'><strong>Dei,</strong></span> <span class='ocrx_word' id='word_1_486' title='bbox 3039 3316 3153 3370; x_wconf 74' lang='lat' dir='ltr'><strong>quae</strong></span> <span class='ocrx_word' id='word_1_487' title='bbox 3179 3303 3234 3355; x_wconf 87' lang='lat' dir='ltr'><strong>in</strong></span> <span class='ocrx_word' id='word_1_488' title='bbox 3261 3302 3367 3371; x_wconf 81' lang='lat' dir='ltr'><strong>[ide</strong></span> 
     </span>
    </p>
   </div>
   <div class='ocr_carea' id='block_1_41' title="bbox 72 3387 3366 3465">
    <p class='ocr_par' dir='ltr' id='par_1_41' title="bbox 72 3387 3366 3465">
     <span class='ocr_line' id='line_1_41' title="bbox 72 3387 3366 3465; baseline 0.001 -16"><span class='ocrx_word' id='word_1_489' title='bbox 72 3456 74 3458; x_wconf 22' lang='grc' dir='ltr'><strong><em>τ</em></strong></span> <span class='ocrx_word' id='word_1_490' title='bbox 98 3387 339 3451; x_wconf 69' lang='lat' dir='ltr'><strong>Pervenité</strong></span> <span class='ocrx_word' id='word_1_491' title='bbox 367 3395 662 3464; x_wconf 85' lang='lat' dir='ltr'><strong>possimus.</strong></span> <span class='ocrx_word' id='word_1_492' title='bbox 1757 3399 1849 3444; x_wconf 89' lang='lat' dir='ltr'><strong>est.</strong></span> <span class='ocrx_word' id='word_1_493' title='bbox 1877 3387 2032 3444; x_wconf 81' lang='lat' dir='ltr'><strong>Finis</strong></span> <span class='ocrx_word' id='word_1_494' title='bbox 2056 3400 2225 3444; x_wconf 89' lang='lat' dir='ltr'><strong>autem</strong></span> <span class='ocrx_word' id='word_1_495' title='bbox 2252 3392 2493 3461; x_wconf 60' lang='lat' dir='ltr'><strong>praecepti</strong></span> <span class='ocrx_word' id='word_1_496' title='bbox 2519 3401 2599 3445; x_wconf 92' lang='lat' dir='ltr'><strong>est</strong></span> <span class='ocrx_word' id='word_1_497' title='bbox 2628 3391 2858 3447; x_wconf 83' lang='lat' dir='ltr'><strong>charitas</strong></span> <span class='ocrx_word' id='word_1_498' title='bbox 2879 3391 2944 3447; x_wconf 88' lang='lat' dir='ltr'><strong>de</strong></span> <span class='ocrx_word' id='word_1_499' title='bbox 2965 3393 3121 3448; x_wconf 82' lang='lat' dir='ltr'><strong>corde</strong></span> <span class='ocrx_word' id='word_1_500' title='bbox 3139 3413 3293 3465; x_wconf 86' lang='lat' dir='ltr'><strong>puro,</strong></span> <span class='ocrx_word' id='word_1_501' title='bbox 3317 3408 3366 3451; x_wconf 88' lang='lat' dir='ltr'><strong>et</strong></span> 
     </span>
    </p>
   </div>
   <div class='ocr_carea' id='block_1_42' title="bbox 642 3483 3362 3566">
    <p class='ocr_par' dir='ltr' id='par_1_42' title="bbox 642 3483 3362 3566">
     <span class='ocr_line' id='line_1_42' title="bbox 642 3483 3362 3566; baseline -0.002 -19"><span class='ocrx_word' id='word_1_502' title='bbox 642 3506 872 3566; x_wconf 74' lang='lat' dir='ltr'><strong>CAPUT</strong></span> <span class='ocrx_word' id='word_1_503' title='bbox 911 3509 1028 3565; x_wconf 46' lang='lat' dir='ltr'><strong>xv.</strong></span> <span class='ocrx_word' id='word_1_504' title='bbox 1756 3484 2066 3539; x_wconf 86' lang='lat' dir='ltr'><strong>conscientia</strong></span> <span class='ocrx_word' id='word_1_505' title='bbox 2107 3484 2261 3550; x_wconf 90' lang='lat' dir='ltr'><strong>bona,</strong></span> <span class='ocrx_word' id='word_1_506' title='bbox 2303 3492 2350 3537; x_wconf 93' lang='lat' dir='ltr'><strong>et</strong></span> <span class='ocrx_word' id='word_1_507' title='bbox 2391 3484 2496 3553; x_wconf 83' lang='lat' dir='ltr'><strong>ﬁde</strong></span> <span class='ocrx_word' id='word_1_508' title='bbox 2526 3502 2628 3538; x_wconf 91' lang='lat' dir='ltr'><strong>non</strong></span> <span class='ocrx_word' id='word_1_509' title='bbox 2660 3486 2798 3554; x_wconf 87' lang='lat' dir='ltr'><strong>ﬁcta.</strong></span> <span class='ocrx_word' id='word_1_510' title='bbox 2836 3483 2881 3538; x_wconf 84' lang='lat' dir='ltr'><strong><em>A</em></strong></span> <span class='ocrx_word' id='word_1_511' title='bbox 2923 3486 3110 3553; x_wconf 87' lang='lat' dir='ltr'><strong>quibus</strong></span> <span class='ocrx_word' id='word_1_512' title='bbox 3151 3490 3362 3557; x_wconf 88' lang='lat' dir='ltr'><strong>quidam</strong></span> 
     </span>
    </p>
   </div>
   <div class='ocr_carea' id='block_1_43' title="bbox 1755 3577 3366 3648">
    <p class='ocr_par' dir='ltr' id='par_1_43' title="bbox 1755 3577 3366 3648">
     <span class='ocr_line' id='line_1_43' title="bbox 1755 3577 3366 3648; baseline 0.002 -20"><span class='ocrx_word' id='word_1_513' title='bbox 1755 3577 2075 3641; x_wconf 86' lang='lat' dir='ltr'><strong>aberrantes,</strong></span> <span class='ocrx_word' id='word_1_514' title='bbox 2107 3577 2337 3630; x_wconf 84' lang='lat' dir='ltr'><strong>conversi</strong></span> <span class='ocrx_word' id='word_1_515' title='bbox 2375 3585 2492 3630; x_wconf 88' lang='lat' dir='ltr'><strong>sunt</strong></span> <span class='ocrx_word' id='word_1_516' title='bbox 2517 3577 2571 3629; x_wconf 90' lang='lat' dir='ltr'><strong>in</strong></span> <span class='ocrx_word' id='word_1_517' title='bbox 2603 3577 2976 3648; x_wconf 87' lang='lat' dir='ltr'><strong>vaniloquium,</strong></span> <span class='ocrx_word' id='word_1_518' title='bbox 3004 3579 3228 3632; x_wconf 83' lang='lat' dir='ltr'><strong>volentes</strong></span> <span class='ocrx_word' id='word_1_519' title='bbox 3258 3597 3366 3633; x_wconf 86' lang='lat' dir='ltr'><strong>esse</strong></span> 
     </span>
    </p>
   </div>
   <div class='ocr_carea' id='block_1_44' title="bbox 1758 3669 3360 3742">
    <p class='ocr_par' dir='ltr' id='par_1_44' title="bbox 1758 3669 3360 3742">
     <span class='ocr_line' id='line_1_44' title="bbox 1758 3669 3360 3742; baseline 0 -17"><span class='ocrx_word' id='word_1_520' title='bbox 1758 3672 1885 3742; x_wconf 88' lang='lat' dir='ltr'><strong>legis</strong></span> <span class='ocrx_word' id='word_1_521' title='bbox 1912 3673 2171 3736; x_wconf 86' lang='lat' dir='ltr'><strong>doctores,</strong></span> <span class='ocrx_word' id='word_1_522' title='bbox 2205 3687 2308 3725; x_wconf 88' lang='lat' dir='ltr'><strong>non</strong></span> <span class='ocrx_word' id='word_1_523' title='bbox 2337 3669 2678 3740; x_wconf 82' lang='lat' dir='ltr'><strong>intelligentes</strong></span> <span class='ocrx_word' id='word_1_524' title='bbox 2705 3687 2866 3741; x_wconf 89' lang='lat' dir='ltr'><strong>neque</strong></span> <span class='ocrx_word' id='word_1_525' title='bbox 2900 3686 3015 3735; x_wconf 68' lang='lat' dir='ltr'><strong>qua:</strong></span> <span class='ocrx_word' id='word_1_526' title='bbox 3058 3671 3360 3740; x_wconf 88' lang='lat' dir='ltr'><strong>loquuntur,</strong></span> 
     </span>
    </p>
   </div>
   <div class='ocr_carea' id='block_1_45' title="bbox 1760 3761 3361 3834">
    <p class='ocr_par' dir='ltr' id='par_1_45' title="bbox 1760 3761 3361 3834">
     <span class='ocr_line' id='line_1_45' title="bbox 1760 3761 3361 3834; baseline 0.001 -17"><span class='ocrx_word' id='word_1_527' title='bbox 1760 3780 1916 3834; x_wconf 89' lang='lat' dir='ltr'><strong>neque</strong></span> <span class='ocrx_word' id='word_1_528' title='bbox 1956 3764 2020 3818; x_wconf 88' lang='lat' dir='ltr'><strong>de</strong></span> <span class='ocrx_word' id='word_1_529' title='bbox 2049 3765 2230 3834; x_wconf 87' lang='lat' dir='ltr'><strong>quibus</strong></span> <span class='ocrx_word' id='word_1_530' title='bbox 2270 3763 2528 3832; x_wconf 72' lang='lat' dir='ltr'><strong>afﬁrmant</strong></span> <span class='ocrx_word' id='word_1_531' title='bbox 2561 3761 2603 3833; x_wconf 89' lang='lat' dir='ltr'><strong>(I</strong></span> <span class='ocrx_word' id='word_1_532' title='bbox 2637 3761 2770 3816; x_wconf 90' lang='lat' dir='ltr'><strong>Tim.</strong></span> <span class='ocrx_word' id='word_1_533' title='bbox 2807 3778 2857 3827; x_wconf 93' lang='grc' dir='ltr'>ι,</span> <span class='ocrx_word' id='word_1_534' title='bbox 2888 3762 2921 3815; x_wconf 76' lang='grc'>4</span> <span class='ocrx_word' id='word_1_535' title='bbox 2949 3771 2994 3815; x_wconf 92' lang='lat' dir='ltr'><strong>et</strong></span> <span class='ocrx_word' id='word_1_536' title='bbox 3023 3761 3171 3832; x_wconf 78' lang='lat' dir='ltr'><strong>seq.)</strong></span> <span class='ocrx_word' id='word_1_537' title='bbox 3215 3764 3361 3819; x_wconf 81' lang='lat' dir='ltr'><strong>Alibi</strong></span> 
     </span>
    </p>
   </div>
   <div class='ocr_carea' id='block_1_46' title="bbox 1757 3852 3362 3927">
    <p class='ocr_par' dir='ltr' id='par_1_46' title="bbox 1757 3852 3362 3927">
     <span class='ocr_line' id='line_1_46' title="bbox 1757 3852 3362 3927; baseline 0.002 -18"><span class='ocrx_word' id='word_1_538' title='bbox 1757 3870 1974 3927; x_wconf 89' lang='lat' dir='ltr'><strong>quoque</strong></span> <span class='ocrx_word' id='word_1_539' title='bbox 2004 3855 2146 3909; x_wconf 89' lang='lat' dir='ltr'><strong>idem</strong></span> <span class='ocrx_word' id='word_1_540' title='bbox 2181 3854 2478 3924; x_wconf 83' lang='lat' dir='ltr'><strong>Apostolus</strong></span> <span class='ocrx_word' id='word_1_541' title='bbox 2507 3852 2675 3909; x_wconf 89' lang='lat' dir='ltr'><strong>dicit:</strong></span> <span class='ocrx_word' id='word_1_542' title='bbox 2707 3854 2915 3908; x_wconf 83' lang='lat' dir='ltr'><strong>Stultus</strong></span> <span class='ocrx_word' id='word_1_543' title='bbox 2952 3863 3124 3908; x_wconf 88' lang='lat' dir='ltr'><strong>autem</strong></span> <span class='ocrx_word' id='word_1_544' title='bbox 3159 3865 3205 3909; x_wconf 88' lang='lat' dir='ltr'><strong>et</strong></span> <span class='ocrx_word' id='word_1_545' title='bbox 3249 3857 3362 3912; x_wconf 86' lang='lat' dir='ltr'><strong>sine</strong></span> 
     </span>
    </p>
   </div>
   <div class='ocr_carea' id='block_1_47' title="bbox 1759 3945 3038 4021">
    <p class='ocr_par' dir='ltr' id='par_1_47' title="bbox 1759 3945 3038 4021">
     <span class='ocr_line' id='line_1_47' title="bbox 1759 3945 3038 4021; baseline -0.002 -17"><span class='ocrx_word' id='word_1_546' title='bbox 1759 3949 2036 4021; x_wconf 88' lang='lat' dir='ltr'><strong>disciplina</strong></span> <span class='ocrx_word' id='word_1_547' title='bbox 2061 3949 2365 4019; x_wconf 81' lang='lat' dir='ltr'><strong>qutestiones</strong></span> <span class='ocrx_word' id='word_1_548' title='bbox 2390 3948 2558 4002; x_wconf 83' lang='lat' dir='ltr'><strong>devita</strong></span> <span class='ocrx_word' id='word_1_549' title='bbox 2580 3947 2646 4018; x_wconf 87' lang='lat' dir='ltr'><strong>(ll</strong></span> <span class='ocrx_word' id='word_1_550' title='bbox 2670 3945 2808 4000; x_wconf 89' lang='lat' dir='ltr'><strong>Tim.</strong></span> <span class='ocrx_word' id='word_1_551' title='bbox 2834 3962 2894 4013; x_wconf 86' lang='grc' dir='ltr'>ιι,</span> <span class='ocrx_word' id='word_1_552' title='bbox 2921 3946 3038 4018; x_wconf 75' lang='lat'><strong>‘23).</strong></span> 
     </span>
    </p>
   </div>
   <div class='ocr_carea' id='block_1_48' title="bbox 1833 4041 3364 4113">
    <p class='ocr_par' dir='ltr' id='par_1_48' title="bbox 1833 4041 3364 4113">
     <span class='ocr_line' id='line_1_48' title="bbox 1833 4041 3364 4113; baseline 0.003 -16"><span class='ocrx_word' id='word_1_553' title='bbox 1833 4043 1956 4100; x_wconf 79' lang='grc'><strong>154.</strong></span> <span class='ocrx_word' id='word_1_554' title='bbox 1999 4042 2159 4098; x_wconf 83' lang='lat' dir='ltr'><strong>Tales</strong></span> <span class='ocrx_word' id='word_1_555' title='bbox 2187 4053 2209 4082; x_wconf 77' lang='grc' dir='ltr'><strong>ο</strong></span> <span class='ocrx_word' id='word_1_556' title='bbox 2229 4041 2565 4097; x_wconf 86' lang='lat' dir='ltr'><strong>deserendus</strong></span> <span class='ocrx_word' id='word_1_557' title='bbox 2586 4041 2882 4110; x_wconf 87' lang='lat' dir='ltr'><strong>Apostolus</strong></span> <span class='ocrx_word' id='word_1_558' title='bbox 2902 4041 3054 4106; x_wconf 88' lang='lat' dir='ltr'><strong>dicit,</strong></span> <span class='ocrx_word' id='word_1_559' title='bbox 3075 4044 3163 4112; x_wconf 91' lang='lat' dir='ltr'><strong>qui</strong></span> <span class='ocrx_word' id='word_1_560' title='bbox 3189 4062 3364 4113; x_wconf 59' lang='lat' dir='ltr'><strong>quais-</strong></span> 
     </span>
    </p>
   </div>
   <div class='ocr_carea' id='block_1_49' title="bbox 1761 4133 3363 4206">
    <p class='ocr_par' dir='ltr' id='par_1_49' title="bbox 1761 4133 3363 4206">
     <span class='ocr_line' id='line_1_49' title="bbox 1761 4133 3363 4206; baseline 0.001 -14"><span class='ocrx_word' id='word_1_561' title='bbox 1761 4137 1939 4192; x_wconf 88' lang='lat' dir='ltr'><strong>tiones</strong></span> <span class='ocrx_word' id='word_1_562' title='bbox 1969 4145 2181 4202; x_wconf 86' lang='lat' dir='ltr'><strong>serunt,</strong></span> <span class='ocrx_word' id='word_1_563' title='bbox 2208 4134 2311 4190; x_wconf 91' lang='lat' dir='ltr'><strong>hoc</strong></span> <span class='ocrx_word' id='word_1_564' title='bbox 2335 4143 2440 4201; x_wconf 90' lang='lat' dir='ltr'><strong>est,</strong></span> <span class='ocrx_word' id='word_1_565' title='bbox 2466 4133 2759 4190; x_wconf 63' lang='lat' dir='ltr'><strong>haereticos</strong></span> <span class='ocrx_word' id='word_1_566' title='bbox 2788 4153 2801 4189; x_wconf 88' lang='lat'>:</span> <span class='ocrx_word' id='word_1_567' title='bbox 2831 4134 2900 4190; x_wconf 88' lang='lat' dir='ltr'><strong>de</strong></span> <span class='ocrx_word' id='word_1_568' title='bbox 2925 4135 3124 4206; x_wconf 89' lang='lat' dir='ltr'><strong>quibus</strong></span> <span class='ocrx_word' id='word_1_569' title='bbox 3152 4147 3203 4192; x_wconf 89' lang='lat' dir='ltr'><strong>et</strong></span> <span class='ocrx_word' id='word_1_570' title='bbox 3234 4140 3363 4194; x_wconf 82' lang='lat' dir='ltr'><strong>alibi</strong></span> 
     </span>
    </p>
   </div>
   <div class='ocr_carea' id='block_1_50' title="bbox 1760 4224 3362 4299">
    <p class='ocr_par' dir='ltr' id='par_1_50' title="bbox 1760 4224 3362 4299">
     <span class='ocr_line' id='line_1_50' title="bbox 1760 4224 3362 4299; baseline 0.001 -17"><span class='ocrx_word' id='word_1_571' title='bbox 1760 4226 1891 4282; x_wconf 89' lang='lat' dir='ltr'><strong>dicit</strong></span> <span class='ocrx_word' id='word_1_572' title='bbox 1926 4225 2071 4296; x_wconf 89' lang='lat' dir='ltr'><strong>quod</strong></span> <span class='ocrx_word' id='word_1_573' title='bbox 2102 4224 2362 4281; x_wconf 85' lang='lat' dir='ltr'><strong>discedent</strong></span> <span class='ocrx_word' id='word_1_574' title='bbox 2389 4224 2601 4295; x_wconf 88' lang='lat' dir='ltr'><strong>quidam</strong></span> <span class='ocrx_word' id='word_1_575' title='bbox 2639 4242 2669 4278; x_wconf 93' lang='lat' dir='ltr'><strong>a</strong></span> <span class='ocrx_word' id='word_1_576' title='bbox 2696 4225 2822 4295; x_wconf 81' lang='lat' dir='ltr'><strong>ﬁde,</strong></span> <span class='ocrx_word' id='word_1_577' title='bbox 2854 4225 3174 4282; x_wconf 85' lang='lat' dir='ltr'><strong>intendentes</strong></span> <span class='ocrx_word' id='word_1_578' title='bbox 3208 4230 3362 4299; x_wconf 86' lang='lat' dir='ltr'><strong>spiri-</strong></span> 
     </span>
    </p>
   </div>
   <div class='ocr_carea' id='block_1_51' title="bbox 159 4299 3354 4394">
    <p class='ocr_par' dir='ltr' id='par_1_51' title="bbox 159 4299 3354 4394">
     <span class='ocr_line' id='line_1_51' title="bbox 159 4299 3354 4394; baseline 0.002 -27"><span class='ocrx_word' id='word_1_579' title='bbox 159 4314 260 4371; x_wconf 73' lang='lat'><strong>129.</strong></span> <span class='ocrx_word' id='word_1_580' title='bbox 297 4319 418 4378; x_wconf 60' lang='lat' dir='ltr'><strong>Huic</strong></span> <span class='ocrx_word' id='word_1_581' title='bbox 438 4299 900 4394; x_wconf 26' lang='lat' dir='ltr'><strong>ego,.lmperalor</strong></span> <span class='ocrx_word' id='word_1_582' title='bbox 921 4333 1172 4394; x_wconf 84' lang='lat' dir='ltr'><strong>auguste,</strong></span> <span class='ocrx_word' id='word_1_583' title='bbox 1194 4323 1422 4392; x_wconf 86' lang='lat' dir='ltr'><strong>carptim</strong></span> <span class='ocrx_word' id='word_1_584' title='bbox 1449 4335 1520 4378; x_wconf 74' lang='lat' dir='ltr'><strong>ac‘</strong></span> <span class='ocrx_word' id='word_1_585' title='bbox 1539 4323 1657 4378; x_wconf 61' lang='lat' dir='ltr'><strong>breo</strong></span> <span class='ocrx_word' id='word_1_586' title='bbox 1761 4318 1895 4373; x_wconf 81' lang='lat' dir='ltr'><strong>tibus</strong></span> <span class='ocrx_word' id='word_1_587' title='bbox 1923 4320 2112 4373; x_wconf 88' lang='lat' dir='ltr'><strong>erroris</strong></span> <span class='ocrx_word' id='word_1_588' title='bbox 2141 4328 2187 4374; x_wconf 88' lang='lat' dir='ltr'><strong>et</strong></span> <span class='ocrx_word' id='word_1_589' title='bbox 2227 4318 2482 4372; x_wconf 82' lang='lat' dir='ltr'><strong>doctrinis</strong></span> <span class='ocrx_word' id='word_1_590' title='bbox 2526 4319 2899 4373; x_wconf 64' lang='lat' dir='ltr'><strong>daemoniorum</strong></span> <span class='ocrx_word' id='word_1_591' title='bbox 2931 4319 2972 4392; x_wconf 94' lang='lat' dir='ltr'><strong>(l</strong></span> <span class='ocrx_word' id='word_1_592' title='bbox 2995 4318 3128 4377; x_wconf 90' lang='lat' dir='ltr'><strong>Tim.</strong></span> <span class='ocrx_word' id='word_1_593' title='bbox 3156 4337 3229 4386; x_wconf 84' lang='lat' dir='ltr'><strong>tv,</strong></span> <span class='ocrx_word' id='word_1_594' title='bbox 3281 4322 3354 4390; x_wconf 88' lang='lat'><strong>1).</strong></span> 
     </span>
    </p>
   </div>
   <div class='ocr_carea' id='block_1_52' title="bbox 103 4403 3360 4488">
    <p class='ocr_par' dir='ltr' id='par_1_52' title="bbox 103 4403 3360 4488">
     <span class='ocr_line' id='line_1_52' title="bbox 103 4403 3360 4488; baseline 0.003 -30"><span class='ocrx_word' id='word_1_595' title='bbox 103 4403 208 4462; x_wconf 83' lang='lat' dir='ltr'><strong>\iter</strong></span> <span class='ocrx_word' id='word_1_596' title='bbox 226 4408 458 4483; x_wconf 90' lang='lat' dir='ltr'><strong>impolita</strong></span> <span class='ocrx_word' id='word_1_597' title='bbox 482 4417 660 4488; x_wconf 88' lang='lat' dir='ltr'><strong>magis</strong></span> <span class='ocrx_word' id='word_1_598' title='bbox 682 4416 962 4487; x_wconf 89' lang='lat' dir='ltr'><strong>proposui,</strong></span> <span class='ocrx_word' id='word_1_599' title='bbox 987 4430 1147 4486; x_wconf 90' lang='lat' dir='ltr'><strong>quam</strong></span> <span class='ocrx_word' id='word_1_600' title='bbox 1176 4415 1405 4472; x_wconf 90' lang='lat' dir='ltr'><strong>enodata</strong></span> <span class='ocrx_word' id='word_1_601' title='bbox 1428 4415 1651 4486; x_wconf 87' lang='lat' dir='ltr'><strong>digessi.</strong></span> <span class='ocrx_word' id='word_1_602' title='bbox 1835 4411 1960 4468; x_wconf 83' lang='grc'><strong>155.</strong></span> <span class='ocrx_word' id='word_1_603' title='bbox 1999 4412 2066 4466; x_wconf 86' lang='lat' dir='ltr'><strong>Et</strong></span> <span class='ocrx_word' id='word_1_604' title='bbox 2092 4410 2336 4468; x_wconf 84' lang='lat' dir='ltr'><strong>Joannes</strong></span> <span class='ocrx_word' id='word_1_605' title='bbox 2356 4410 2492 4466; x_wconf 85' lang='lat' dir='ltr'><strong>dicit</strong></span> <span class='ocrx_word' id='word_1_606' title='bbox 2512 4411 2801 4467; x_wconf 73' lang='lat' dir='ltr'><strong>luereticos</strong></span> <span class='ocrx_word' id='word_1_607' title='bbox 2827 4425 2950 4467; x_wconf 88' lang='lat' dir='ltr'><strong>esse</strong></span> <span class='ocrx_word' id='word_1_608' title='bbox 2974 4411 3360 4478; x_wconf 83' lang='lat' dir='ltr'><strong>Antichristos,</strong></span> 
     </span>
    </p>
   </div>
   <div class='ocr_carea' id='block_1_53' title="bbox 101 4493 3362 4578">
    <p class='ocr_par' dir='ltr' id='par_1_53' title="bbox 101 4493 3362 4578">
     <span class='ocr_line' id='line_1_53' title="bbox 101 4493 3362 4578; baseline -0 -19"><span class='ocrx_word' id='word_1_609' title='bbox 101 4494 222 4559; x_wconf 74' lang='lat' dir='ltr'><strong>Quod</strong></span> <span class='ocrx_word' id='word_1_610' title='bbox 257 4504 299 4558; x_wconf 91' lang='lat' dir='ltr'><strong>si</strong></span> <span class='ocrx_word' id='word_1_611' title='bbox 332 4523 431 4576; x_wconf 89' lang='lat' dir='ltr'><strong>qua</strong></span> <span class='ocrx_word' id='word_1_612' title='bbox 469 4509 664 4565; x_wconf 78' lang='lat' dir='ltr'><strong>Ariani</strong></span> <span class='ocrx_word' id='word_1_613' title='bbox 704 4509 1136 4564; x_wconf 89' lang='lat' dir='ltr'><strong>inconsummata</strong></span> <span class='ocrx_word' id='word_1_614' title='bbox 1178 4507 1529 4575; x_wconf 89' lang='lat' dir='ltr'><strong>arbitrantur,</strong></span> <span class='ocrx_word' id='word_1_615' title='bbox 1561 4521 1662 4577; x_wconf 84' lang='lat' dir='ltr'><strong>ego</strong></span> <span class='ocrx_word' id='word_1_616' title='bbox 1685 4493 1741 4554; x_wconf 83' lang='grc' dir='ltr'><strong>Ῑ)</strong></span> <span class='ocrx_word' id='word_1_617' title='bbox 1766 4507 1996 4563; x_wconf 85' lang='lat' dir='ltr'><strong>Arianos</strong></span> <span class='ocrx_word' id='word_1_618' title='bbox 2026 4507 2211 4578; x_wconf 89' lang='lat' dir='ltr'><strong>utique</strong></span> <span class='ocrx_word' id='word_1_619' title='bbox 2241 4507 2531 4577; x_wconf 85' lang='lat' dir='ltr'><strong>designans</strong></span> <span class='ocrx_word' id='word_1_620' title='bbox 2562 4505 2609 4575; x_wconf 70' lang='grc' dir='ltr'><strong>(Ι</strong></span> <span class='ocrx_word' id='word_1_621' title='bbox 2631 4503 2788 4560; x_wconf 81' lang='lat' dir='ltr'><strong>Joan.</strong></span> <span class='ocrx_word' id='word_1_622' title='bbox 2823 4521 2884 4571; x_wconf 89' lang='grc' dir='ltr'>ιι,</span> <span class='ocrx_word' id='word_1_623' title='bbox 2919 4505 3035 4577; x_wconf 89' lang='grc'><strong>18).</strong></span> <span class='ocrx_word' id='word_1_624' title='bbox 3064 4505 3188 4560; x_wconf 77' lang='lat' dir='ltr'><strong>Haec</strong></span> <span class='ocrx_word' id='word_1_625' title='bbox 3217 4507 3362 4561; x_wconf 85' lang='lat' dir='ltr'><strong>enim</strong></span> 
     </span>
    </p>
   </div>
   <div class='ocr_carea' id='block_1_54' title="bbox 101 4587 3364 4671">
    <p class='ocr_par' dir='ltr' id='par_1_54' title="bbox 101 4587 3364 4671">
     <span class='ocr_line' id='line_1_54' title="bbox 101 4587 3364 4671; baseline 0.005 -34"><span class='ocrx_word' id='word_1_626' title='bbox 101 4587 168 4641; x_wconf 80' lang='lat' dir='ltr'><strong>vix</strong></span> <span class='ocrx_word' id='word_1_627' title='bbox 209 4591 365 4652; x_wconf 87' lang='lat' dir='ltr'><strong>fateor</strong></span> <span class='ocrx_word' id='word_1_628' title='bbox 402 4600 700 4655; x_wconf 89' lang='lat' dir='ltr'><strong>inchoata:</strong></span> <span class='ocrx_word' id='word_1_629' title='bbox 735 4602 780 4654; x_wconf 93' lang='lat' dir='ltr'><strong>si</strong></span> <span class='ocrx_word' id='word_1_630' title='bbox 828 4614 931 4670; x_wconf 88' lang='lat' dir='ltr'><strong>qua</strong></span> <span class='ocrx_word' id='word_1_631' title='bbox 979 4600 1159 4655; x_wconf 91' lang='lat' dir='ltr'><strong>adhuc</strong></span> <span class='ocrx_word' id='word_1_632' title='bbox 1204 4613 1497 4670; x_wconf 88' lang='lat' dir='ltr'><strong>superesse</strong></span> <span class='ocrx_word' id='word_1_633' title='bbox 1541 4599 1659 4667; x_wconf 87' lang='lat' dir='ltr'><strong>opi-</strong></span> <span class='ocrx_word' id='word_1_634' title='bbox 1763 4600 1988 4656; x_wconf 69' lang='lat' dir='ltr'><strong>haeresis</strong></span> <span class='ocrx_word' id='word_1_635' title='bbox 2038 4609 2161 4671; x_wconf 90' lang='lat' dir='ltr'><strong>post</strong></span> <span class='ocrx_word' id='word_1_636' title='bbox 2207 4614 2398 4655; x_wconf 90' lang='lat' dir='ltr'><strong>omnes</strong></span> <span class='ocrx_word' id='word_1_637' title='bbox 2449 4599 2688 4654; x_wconf 66' lang='lat' dir='ltr'><strong>hmrescs</strong></span> <span class='ocrx_word' id='word_1_638' title='bbox 2734 4599 2936 4669; x_wconf 88' lang='lat' dir='ltr'><strong>coepit,</strong></span> <span class='ocrx_word' id='word_1_639' title='bbox 2992 4608 3048 4654; x_wconf 90' lang='lat' dir='ltr'><strong>et</strong></span> <span class='ocrx_word' id='word_1_640' title='bbox 3099 4615 3166 4654; x_wconf 81' lang='lat' dir='ltr'><strong>ex</strong></span> <span class='ocrx_word' id='word_1_641' title='bbox 3215 4602 3364 4654; x_wconf 89' lang='lat' dir='ltr'><strong>omni</strong></span> 
     </span>
    </p>
   </div>
   <div class='ocr_carea' id='block_1_55' title="bbox 104 4688 3364 4763">
    <p class='ocr_par' dir='ltr' id='par_1_55' title="bbox 104 4688 3364 4763">
     <span class='ocr_line' id='line_1_55' title="bbox 104 4688 3364 4763; baseline 0.004 -30"><span class='ocrx_word' id='word_1_642' title='bbox 104 4692 294 4750; x_wconf 68' lang='lat' dir='ltr'><strong>nuntur,</strong></span> <span class='ocrx_word' id='word_1_643' title='bbox 339 4705 440 4762; x_wconf 90' lang='lat' dir='ltr'><strong>ego</strong></span> <span class='ocrx_word' id='word_1_644' title='bbox 479 4707 652 4763; x_wconf 88' lang='lat' dir='ltr'><strong>prope</strong></span> <span class='ocrx_word' id='word_1_645' title='bbox 692 4692 907 4756; x_wconf 91' lang='lat' dir='ltr'><strong>omnia;</strong></span> <span class='ocrx_word' id='word_1_646' title='bbox 949 4691 1256 4746; x_wconf 85' lang='lat' dir='ltr'><strong>infidelibus</strong></span> <span class='ocrx_word' id='word_1_647' title='bbox 1297 4692 1442 4746; x_wconf 91' lang='lat' dir='ltr'><strong>enim</strong></span> <span class='ocrx_word' id='word_1_648' title='bbox 1487 4697 1656 4746; x_wconf 90' lang='lat' dir='ltr'><strong>totum</strong></span> <span class='ocrx_word' id='word_1_649' title='bbox 1761 4691 1957 4748; x_wconf 62' lang='lat' dir='ltr'><strong>haeresi</strong></span> <span class='ocrx_word' id='word_1_650' title='bbox 1999 4706 2204 4747; x_wconf 89' lang='lat' dir='ltr'><strong>venena</strong></span> <span class='ocrx_word' id='word_1_651' title='bbox 2244 4689 2482 4759; x_wconf 84' lang='lat' dir='ltr'><strong>collegit.</strong></span> <span class='ocrx_word' id='word_1_652' title='bbox 2530 4688 2688 4744; x_wconf 91' lang='lat' dir='ltr'><strong>Sicut</strong></span> <span class='ocrx_word' id='word_1_653' title='bbox 2729 4689 2875 4746; x_wconf 90' lang='lat' dir='ltr'><strong>enim</strong></span> <span class='ocrx_word' id='word_1_654' title='bbox 2915 4689 2984 4744; x_wconf 91' lang='lat' dir='ltr'><strong>de</strong></span> <span class='ocrx_word' id='word_1_655' title='bbox 3025 4689 3364 4745; x_wconf 82' lang='lat' dir='ltr'><strong>Antichristo</strong></span> 
     </span>
    </p>
   </div>
   <div class='ocr_carea' id='block_1_56' title="bbox 100 4768 3364 4862">
    <p class='ocr_par' dir='ltr' id='par_1_56' title="bbox 100 4768 3364 4862">
     <span class='ocr_line' id='line_1_56' title="bbox 100 4768 3364 4862; baseline 0.003 -36"><span class='ocrx_word' id='word_1_656' title='bbox 100 4768 245 4845; x_wconf 86' lang='lat' dir='ltr'><strong>deest,</strong></span> <span class='ocrx_word' id='word_1_657' title='bbox 266 4781 500 4839; x_wconf 84' lang='lat' dir='ltr'><strong>abundat</strong></span> <span class='ocrx_word' id='word_1_658' title='bbox 523 4785 798 4840; x_wconf 87' lang='lat' dir='ltr'><strong>fidelibus.</strong></span> <span class='ocrx_word' id='word_1_659' title='bbox 823 4785 1066 4854; x_wconf 86' lang='lat' dir='ltr'><strong>Denique</strong></span> <span class='ocrx_word' id='word_1_660' title='bbox 1089 4800 1192 4840; x_wconf 92' lang='lat' dir='ltr'><strong>una</strong></span> <span class='ocrx_word' id='word_1_661' title='bbox 1215 4785 1488 4840; x_wconf 82' lang='lat' dir='ltr'><strong>confessio</strong></span> <span class='ocrx_word' id='word_1_662' title='bbox 1513 4785 1657 4840; x_wconf 86' lang='lat' dir='ltr'><strong>Petri</strong></span> <span class='ocrx_word' id='word_1_663' title='bbox 1760 4785 2024 4853; x_wconf 91' lang='lat' dir='ltr'><strong>scriptum</strong></span> <span class='ocrx_word' id='word_1_664' title='bbox 2054 4793 2157 4845; x_wconf 88' lang='lat' dir='ltr'><strong>est,</strong></span> <span class='ocrx_word' id='word_1_665' title='bbox 2179 4785 2304 4851; x_wconf 91' lang='lat' dir='ltr'><strong>quia</strong></span> <span class='ocrx_word' id='word_1_666' title='bbox 2348 4782 2549 4852; x_wconf 84' lang='lat' dir='ltr'><strong>aperuit</strong></span> <span class='ocrx_word' id='word_1_667' title='bbox 2600 4798 2657 4835; x_wconf 87' lang='lat' dir='ltr'><strong>os</strong></span> <span class='ocrx_word' id='word_1_668' title='bbox 2697 4798 2847 4835; x_wconf 87' lang='lat' dir='ltr'><strong>suum</strong></span> <span class='ocrx_word' id='word_1_669' title='bbox 2895 4783 2948 4836; x_wconf 89' lang='lat' dir='ltr'><strong>in</strong></span> <span class='ocrx_word' id='word_1_670' title='bbox 2991 4783 3364 4862; x_wconf 84' lang='lat' dir='ltr'><strong>blasphemiam</strong></span> 
     </span>
    </p>
   </div>
   <div class='ocr_carea' id='block_1_57' title="bbox 100 4861 3366 4944">
    <p class='ocr_par' dir='ltr' id='par_1_57' title="bbox 100 4861 3366 4944">
     <span class='ocr_line' id='line_1_57' title="bbox 100 4861 3366 4944; baseline 0.005 -29"><span class='ocrx_word' id='word_1_671' title='bbox 100 4861 352 4928; x_wconf 85' lang='lat' dir='ltr'><strong>abundavit</strong></span> <span class='ocrx_word' id='word_1_672' title='bbox 371 4875 438 4930; x_wconf 89' lang='lat' dir='ltr'><strong>ad</strong></span> <span class='ocrx_word' id='word_1_673' title='bbox 465 4877 625 4932; x_wconf 89' lang='lat' dir='ltr'><strong>fidem</strong></span> <span class='ocrx_word' id='word_1_674' title='bbox 647 4878 867 4933; x_wconf 89' lang='lat' dir='ltr'><strong>Christo</strong></span> <span class='ocrx_word' id='word_1_675' title='bbox 891 4894 904 4931; x_wconf 90' lang='lat'><strong>:</strong></span> <span class='ocrx_word' id='word_1_676' title='bbox 928 4876 1011 4932; x_wconf 84' lang='lat' dir='ltr'><strong>Tu</strong></span> <span class='ocrx_word' id='word_1_677' title='bbox 1035 4893 1087 4932; x_wconf 86' lang='lat' dir='ltr'><strong>es</strong></span> <span class='ocrx_word' id='word_1_678' title='bbox 1109 4877 1343 4932; x_wconf 82' lang='lat' dir='ltr'><strong>Christus</strong></span> <span class='ocrx_word' id='word_1_679' title='bbox 1368 4874 1541 4932; x_wconf 88' lang='lat' dir='ltr'><strong>Filius</strong></span> <span class='ocrx_word' id='word_1_680' title='bbox 1562 4875 1662 4932; x_wconf 87' lang='lat' dir='ltr'><strong>Dei</strong></span> <span class='ocrx_word' id='word_1_681' title='bbox 1767 4878 1835 4931; x_wconf 87' lang='lat' dir='ltr'><strong>ad</strong></span> <span class='ocrx_word' id='word_1_682' title='bbox 1865 4876 2046 4939; x_wconf 89' lang='lat' dir='ltr'><strong>Deum,</strong></span> <span class='ocrx_word' id='word_1_683' title='bbox 2081 4874 2437 4943; x_wconf 84' lang='lat' dir='ltr'><strong>blasphemare</strong></span> <span class='ocrx_word' id='word_1_684' title='bbox 2478 4888 2664 4927; x_wconf 85' lang='lat' dir='ltr'><strong>nomen</strong></span> <span class='ocrx_word' id='word_1_685' title='bbox 2709 4877 2842 4944; x_wconf 87' lang='lat' dir='ltr'><strong>ejus,</strong></span> <span class='ocrx_word' id='word_1_686' title='bbox 2874 4883 2921 4928; x_wconf 90' lang='lat' dir='ltr'><strong>et</strong></span> <span class='ocrx_word' id='word_1_687' title='bbox 2965 4873 3153 4928; x_wconf 87' lang='lat' dir='ltr'><strong>bellum</strong></span> <span class='ocrx_word' id='word_1_688' title='bbox 3193 4878 3366 4944; x_wconf 84' lang='lat' dir='ltr'><strong>facere</strong></span> 
     </span>
    </p>
   </div>
   <div class='ocr_carea' id='block_1_58' title="bbox 103 3610 1654 3696">
    <p class='ocr_par' dir='ltr' id='par_1_58' title="bbox 103 3610 1654 3696">
     <span class='ocr_line' id='line_1_58' title="bbox 103 3610 1654 3696; baseline 0.009 -32"><span class='ocrx_word' id='word_1_689' title='bbox 103 3610 292 3678; x_wconf 74' lang='lat' dir='ltr'><strong>.lfodeste</strong></span> <span class='ocrx_word' id='word_1_690' title='bbox 330 3626 481 3680; x_wconf 84' lang='lat' dir='ltr'><strong>sentit</strong></span> <span class='ocrx_word' id='word_1_691' title='bbox 528 3626 597 3680; x_wconf 86' lang='lat' dir='ltr'><strong>de</strong></span> <span class='ocrx_word' id='word_1_692' title='bbox 641 3624 813 3696; x_wconf 87' lang='lat' dir='ltr'><strong>Opere</strong></span> <span class='ocrx_word' id='word_1_693' title='bbox 838 3642 974 3681; x_wconf 87' lang='lat' dir='ltr'><strong>suo:</strong></span> <span class='ocrx_word' id='word_1_694' title='bbox 1004 3625 1126 3680; x_wconf 83' lang='lat' dir='ltr'><strong>dicit</strong></span> <span class='ocrx_word' id='word_1_695' title='bbox 1171 3634 1340 3679; x_wconf 89' lang='lat' dir='ltr'><strong>tamen</strong></span> <span class='ocrx_word' id='word_1_696' title='bbox 1384 3626 1452 3679; x_wconf 90' lang='lat' dir='ltr'><strong>ad</strong></span> <span class='ocrx_word' id='word_1_697' title='bbox 1497 3625 1654 3695; x_wconf 81' lang='lat' dir='ltr'><strong>[idem</strong></span> 
     </span>
    </p>
   </div>
   <div class='ocr_carea' id='block_1_59' title="bbox 151 3709 1654 3791">
    <p class='ocr_par' dir='ltr' id='par_1_59' title="bbox 151 3709 1654 3791">
     <span class='ocr_line' id='line_1_59' title="bbox 151 3709 1654 3791; baseline 0.007 -31"><span class='ocrx_word' id='word_1_698' title='bbox 151 3709 264 3765; x_wconf 76' lang='lat' dir='ltr'><strong>illud</strong></span> <span class='ocrx_word' id='word_1_699' title='bbox 313 3718 576 3787; x_wconf 67' lang='lat' dir='ltr'><strong>suﬂicere;</strong></span> <span class='ocrx_word' id='word_1_700' title='bbox 627 3734 742 3771; x_wconf 88' lang='lat' dir='ltr'><strong>cum</strong></span> <span class='ocrx_word' id='word_1_701' title='bbox 795 3719 984 3773; x_wconf 73' lang='lat' dir='ltr'><strong>divinat</strong></span> <span class='ocrx_word' id='word_1_702' title='bbox 1036 3718 1351 3791; x_wconf 87' lang='lat' dir='ltr'><strong>generationi</strong></span> <span class='ocrx_word' id='word_1_703' title='bbox 1404 3725 1475 3771; x_wconf 92' lang='lat' dir='ltr'><strong>tot</strong></span> <span class='ocrx_word' id='word_1_704' title='bbox 1527 3717 1654 3771; x_wconf 86' lang='lat' dir='ltr'><strong>locis</strong></span> 
     </span>
    </p>
   </div>
   <div class='ocr_carea' id='block_1_60' title="bbox 156 3801 1650 3886">
    <p class='ocr_par' dir='ltr' id='par_1_60' title="bbox 156 3801 1650 3886">
     <span class='ocr_line' id='line_1_60' title="bbox 156 3801 1650 3886; baseline 0.003 -25"><span class='ocrx_word' id='word_1_705' title='bbox 156 3801 404 3878; x_wconf 82' lang='lat' dir='ltr'><strong>Scriptura</strong></span> <span class='ocrx_word' id='word_1_706' title='bbox 459 3813 815 3886; x_wconf 74' lang='lat' dir='ltr'><strong>suffragetur,</strong></span> <span class='ocrx_word' id='word_1_707' title='bbox 875 3815 960 3868; x_wconf 90' lang='lat' dir='ltr'><strong>cui</strong></span> <span class='ocrx_word' id='word_1_708' title='bbox 1015 3813 1385 3869; x_wconf 85' lang='lat' dir='ltr'><strong>obsurdescunt</strong></span> <span class='ocrx_word' id='word_1_709' title='bbox 1450 3812 1650 3866; x_wconf 76' lang='lat' dir='ltr'><strong>Ariani.</strong></span> 
     </span>
    </p>
   </div>
   <div class='ocr_carea' id='block_1_61' title="bbox 160 3897 1679 3978">
    <p class='ocr_par' dir='ltr' id='par_1_61' title="bbox 160 3897 1679 3978">
     <span class='ocr_line' id='line_1_61' title="bbox 160 3897 1679 3978; baseline 0.003 -28"><span class='ocrx_word' id='word_1_710' title='bbox 160 3897 332 3957; x_wconf 79' lang='lat' dir='ltr'><strong>Horum</strong></span> <span class='ocrx_word' id='word_1_711' title='bbox 374 3908 718 3978; x_wconf 83' lang='lat' dir='ltr'><strong>pervicaciam</strong></span> <span class='ocrx_word' id='word_1_712' title='bbox 762 3905 1003 3962; x_wconf 75' lang='lat' dir='ltr'><strong>Judaica:</strong></span> <span class='ocrx_word' id='word_1_713' title='bbox 1053 3907 1206 3978; x_wconf 85' lang='lat' dir='ltr'><strong>plane</strong></span> <span class='ocrx_word' id='word_1_714' title='bbox 1249 3906 1465 3962; x_wconf 88' lang='lat' dir='ltr'><strong>similem</strong></span> <span class='ocrx_word' id='word_1_715' title='bbox 1513 3914 1679 3976; x_wconf 86' lang='lat' dir='ltr'><strong>pate-.</strong></span> 
     </span>
    </p>
   </div>
   <div class='ocr_carea' id='block_1_62' title="bbox 156 3993 1655 4068">
    <p class='ocr_par' dir='ltr' id='par_1_62' title="bbox 156 3993 1655 4068">
     <span class='ocr_line' id='line_1_62' title="bbox 156 3993 1655 4068; baseline 0.003 -23"><span class='ocrx_word' id='word_1_716' title='bbox 156 3993 342 4064; x_wconf 75' lang='lat' dir='ltr'><strong>faciens,</strong></span> <span class='ocrx_word' id='word_1_717' title='bbox 369 3999 690 4068; x_wconf 87' lang='lat' dir='ltr'><strong>adprecatur</strong></span> <span class='ocrx_word' id='word_1_718' title='bbox 719 3999 824 4054; x_wconf 91' lang='lat' dir='ltr'><strong>illis</strong></span> <span class='ocrx_word' id='word_1_719' title='bbox 855 4000 1082 4054; x_wconf 88' lang='lat' dir='ltr'><strong>veritatis</strong></span> <span class='ocrx_word' id='word_1_720' title='bbox 1112 4014 1358 4053; x_wconf 87' lang='lat' dir='ltr'><strong>antorem.</strong></span> <span class='ocrx_word' id='word_1_721' title='bbox 1384 3997 1655 4052; x_wconf 87' lang='lat' dir='ltr'><strong>Postremo</strong></span> 
     </span>
    </p>
   </div>
   <div class='ocr_carea' id='block_1_63' title="bbox 156 4084 1653 4163">
    <p class='ocr_par' dir='ltr' id='par_1_63' title="bbox 156 4084 1653 4163">
     <span class='ocr_line' id='line_1_63' title="bbox 156 4084 1653 4163; baseline 0.003 -23"><span class='ocrx_word' id='word_1_722' title='bbox 156 4084 428 4146; x_wconf 79' lang='lat' dir='ltr'><strong>deserendas</strong></span> <span class='ocrx_word' id='word_1_723' title='bbox 485 4108 606 4162; x_wconf 86' lang='lat' dir='ltr'><strong>eos,</strong></span> <span class='ocrx_word' id='word_1_724' title='bbox 635 4101 813 4163; x_wconf 82' lang='lat' dir='ltr'><strong>utpote</strong></span> <span class='ocrx_word' id='word_1_725' title='bbox 871 4092 1139 4146; x_wconf 76' lang='lat' dir='ltr'><strong>htcreticos</strong></span> <span class='ocrx_word' id='word_1_726' title='bbox 1185 4101 1233 4146; x_wconf 91' lang='lat' dir='ltr'><strong>et</strong></span> <span class='ocrx_word' id='word_1_727' title='bbox 1282 4089 1653 4155; x_wconf 82' lang='lat' dir='ltr'><strong>Antichristos,</strong></span> 
     </span>
    </p>
   </div>
   <div class='ocr_carea' id='block_1_64' title="bbox 157 4175 296 4236">
    <p class='ocr_par' dir='ltr' id='par_1_64' title="bbox 157 4175 296 4236">
     <span class='ocr_line' id='line_1_64' title="bbox 157 4175 296 4236; baseline 0.029 -3"><span class='ocrx_word' id='word_1_728' title='bbox 157 4175 296 4236; x_wconf 69' lang='lat' dir='ltr'><strong>(locet.</strong></span> 
     </span>
    </p>
   </div>
   <div class='ocr_carea' id='block_1_65' title="bbox 127 5003 3361 5084">
    <p class='ocr_par' dir='ltr' id='par_1_65' title="bbox 127 5003 3361 5084">
     <span class='ocr_line' id='line_1_65' title="bbox 127 5003 3361 5084; baseline -0 -21"><span class='ocrx_word' id='word_1_729' title='bbox 127 5012 179 5084; x_wconf 51' lang='grc' dir='ltr'><strong>,ξ</strong></span> <span class='ocrx_word' id='word_1_730' title='bbox 205 5003 498 5084; x_wconf 80' lang='lat' dir='ltr'><strong>lrridentur</strong></span> <span class='ocrx_word' id='word_1_731' title='bbox 530 5013 621 5068; x_wconf 89' lang='lat' dir='ltr'><strong>hic</strong></span> <span class='ocrx_word' id='word_1_732' title='bbox 646 5015 856 5078; x_wconf 81' lang='lat' dir='ltr'><strong>Ariani,</strong></span> <span class='ocrx_word' id='word_1_733' title='bbox 889 5014 978 5084; x_wconf 90' lang='lat' dir='ltr'><strong>qui</strong></span> <span class='ocrx_word' id='word_1_734' title='bbox 1009 5028 1132 5069; x_wconf 91' lang='lat' dir='ltr'><strong>cum</strong></span> <span class='ocrx_word' id='word_1_735' title='bbox 1164 5013 1520 5084; x_wconf 78' lang='lat' dir='ltr'><strong>philosOplii:e</strong></span> <span class='ocrx_word' id='word_1_736' title='bbox 1550 5013 1666 5082; x_wconf 89' lang='lat' dir='ltr'><strong>pla—</strong></span> <span class='ocrx_word' id='word_1_737' title='bbox 1761 5012 1901 5084; x_wconf 88' lang='lat' dir='ltr'><strong>loco</strong></span> <span class='ocrx_word' id='word_1_738' title='bbox 1922 5010 2018 5064; x_wconf 92' lang='lat' dir='ltr'><strong>lib.</strong></span> <span class='ocrx_word' id='word_1_739' title='bbox 2053 5023 2104 5062; x_wconf 75' lang='lat' dir='ltr'><strong>v1</strong></span> <span class='ocrx_word' id='word_1_740' title='bbox 2134 5007 2222 5084; x_wconf 83' lang='lat' dir='ltr'><strong>de_</strong></span> <span class='ocrx_word' id='word_1_741' title='bbox 2245 5006 2440 5084; x_wconf 85' lang='lat' dir='ltr'><strong>&#39;1‘r_ini_t.</strong></span> <span class='ocrx_word' id='word_1_742' title='bbox 2483 5006 2562 5061; x_wconf 90' lang='lat' dir='ltr'><strong>sic</strong></span> <span class='ocrx_word' id='word_1_743' title='bbox 2601 5007 2917 5084; x_wconf 47' lang='lat' dir='ltr'><strong>loquentis:</strong></span> <span class='ocrx_word' id='word_1_744' title='bbox 2957 5005 3135 5060; x_wconf 83' lang='lat' dir='ltr'><strong>Nescit</strong></span> <span class='ocrx_word' id='word_1_745' title='bbox 3165 5007 3217 5060; x_wconf 89' lang='lat' dir='ltr'><strong>in</strong></span> <span class='ocrx_word' id='word_1_746' title='bbox 3236 5006 3361 5084; x_wconf 87' lang='lat' dir='ltr'><strong>_Deo</strong></span> 
     </span>
    </p>
   </div>
   <div class='ocr_carea' id='block_1_66' title="bbox 100 5076 3363 5156">
    <p class='ocr_par' dir='ltr' id='par_1_66' title="bbox 100 5076 3363 5156">
     <span class='ocr_line' id='line_1_66' title="bbox 100 5076 3363 5156; baseline 0.001 -25"><span class='ocrx_word' id='word_1_747' title='bbox 100 5076 204 5156; x_wconf 47' lang='lat' dir='ltr'><strong>vllis</strong></span> <span class='ocrx_word' id='word_1_748' title='bbox 249 5079 337 5156; x_wconf 81' lang='lat' dir='ltr'><strong>niti</strong></span> <span class='ocrx_word' id='word_1_749' title='bbox 360 5099 444 5156; x_wconf 88' lang='lat' dir='ltr'><strong>_se</strong></span> <span class='ocrx_word' id='word_1_750' title='bbox 490 5085 796 5154; x_wconf 87' lang='lat' dir='ltr'><strong>jactarent,</strong></span> <span class='ocrx_word' id='word_1_751' title='bbox 838 5076 1178 5141; x_wconf 54' lang='lat' dir='ltr'><strong>relationem&#39;</strong></span> <span class='ocrx_word' id='word_1_752' title='bbox 1203 5076 1664 5156; x_wconf 46' lang='lat' dir='ltr'><strong>quantitatisfubi</strong></span> <span class='ocrx_word' id='word_1_753' title='bbox 1768 5083 2088 5154; x_wconf 75' lang='lat' dir='ltr'><strong>porticum,</strong></span> <span class='ocrx_word' id='word_1_754' title='bbox 2133 5079 2222 5132; x_wconf 83' lang='lat' dir='ltr'><strong>sed</strong></span> <span class='ocrx_word' id='word_1_755' title='bbox 2251 5079 2345 5156; x_wconf 78' lang='lat' dir='ltr'><strong>scit</strong></span> <span class='ocrx_word' id='word_1_756' title='bbox 2377 5076 2544 5132; x_wconf 88' lang='lat' dir='ltr'><strong>Deum</strong></span> <span class='ocrx_word' id='word_1_757' title='bbox 2572 5085 2735 5156; x_wconf 80' lang='lat' dir='ltr'><strong>totum</strong></span> <span class='ocrx_word' id='word_1_758' title='bbox 2763 5094 2826 5131; x_wconf 79' lang='lat' dir='ltr'><strong>ea:</strong></span> <span class='ocrx_word' id='word_1_759' title='bbox 2856 5077 2965 5133; x_wconf 90' lang='lat' dir='ltr'><strong>Deo</strong></span> <span class='ocrx_word' id='word_1_760' title='bbox 2995 5087 3098 5156; x_wconf 77' lang='lat' dir='ltr'><strong>toto</strong></span> <span class='ocrx_word' id='word_1_761' title='bbox 3128 5095 3146 5131; x_wconf 92' lang='lat'><em>:</em></span> <span class='ocrx_word' id='word_1_762' title='bbox 3173 5080 3270 5156; x_wconf 75' lang='lat' dir='ltr'><strong>scit</strong></span> <span class='ocrx_word' id='word_1_763' title='bbox 3298 5096 3363 5133; x_wconf 84' lang='lat' dir='ltr'><strong>ea:</strong></span> 
     </span>
    </p>
   </div>
   <div class='ocr_carea' id='block_1_67' title="bbox 101 5141 3366 5225">
    <p class='ocr_par' dir='ltr' id='par_1_67' title="bbox 101 5141 3366 5225">
     <span class='ocr_line' id='line_1_67' title="bbox 101 5141 3366 5225; baseline -0.001 -17"><span class='ocrx_word' id='word_1_764' title='bbox 101 5141 442 5225; x_wconf 58' lang='lat' dir='ltr'><strong>Pililpsophice</strong></span> <span class='ocrx_word' id='word_1_765' title='bbox 471 5141 751 5222; x_wconf 65' lang='lat' dir='ltr'><strong>foquendo</strong></span> <span class='ocrx_word' id='word_1_766' title='bbox 781 5141 1060 5225; x_wconf 76' lang='lat' dir='ltr'><strong>qualitatis</strong></span> <span class='ocrx_word' id='word_1_767' title='bbox 1091 5141 1467 5217; x_wconf 57' lang='lat' dir='ltr'><strong>esse&#39;debeat,</strong></span> <span class='ocrx_word' id='word_1_768' title='bbox 1505 5141 1664 5209; x_wconf 80' lang='lat' dir='ltr'><strong>indu-</strong></span> <span class='ocrx_word' id='word_1_769' title='bbox 1766 5141 1870 5208; x_wconf 67' lang='lat' dir='ltr'><strong>uno</strong></span> <span class='ocrx_word' id='word_1_770' title='bbox 1918 5141 2254 5225; x_wconf 19' lang='lat' dir='ltr'><strong>unum-anon</strong></span> <span class='ocrx_word' id='word_1_771' title='bbox 2275 5151 2563 5216; x_wconf 87' lang='lat' dir='ltr'><strong>desectum,</strong></span> <span class='ocrx_word' id='word_1_772' title='bbox 2605 5150 2696 5225; x_wconf 78' lang='lat' dir='ltr'><strong>sed</strong></span> <span class='ocrx_word' id='word_1_773' title='bbox 2733 5159 2912 5225; x_wconf 82' lang='lat' dir='ltr'><strong>natum</strong></span> <span class='ocrx_word' id='word_1_774' title='bbox 2935 5163 2956 5203; x_wconf 91' lang='lat'><strong><em>:</em></strong></span> <span class='ocrx_word' id='word_1_775' title='bbox 2979 5150 3366 5225; x_wconf 67' lang='lat' dir='ltr'><strong>scitnativitate</strong></span> 
     </span>
    </p>
   </div>
   <div class='ocr_carea' id='block_1_68' title="bbox 98 5215 3366 5299">
    <p class='ocr_par' dir='ltr' id='par_1_68' title="bbox 98 5215 3366 5299">
     <span class='ocr_line' id='line_1_68' title="bbox 98 5215 3366 5299; baseline -0.001 -22"><span class='ocrx_word' id='word_1_776' title='bbox 98 5215 395 5299; x_wconf 28' lang='lat' dir='ltr'><strong>Wbut“.-ng</strong></span> <span class='ocrx_word' id='word_1_777' title='bbox 420 5215 592 5299; x_wconf 11' lang='lat' dir='ltr'><strong>etiam,</strong></span> <span class='ocrx_word' id='word_1_778' title='bbox 613 5215 848 5299; x_wconf 79' lang='lat' dir='ltr'><strong>Cyrillus</strong></span> <span class='ocrx_word' id='word_1_779' title='bbox 877 5227 1038 5282; x_wconf 77' lang='lat' dir='ltr'><strong>Alex.</strong></span> <span class='ocrx_word' id='word_1_780' title='bbox 1064 5228 1122 5299; x_wconf 87' lang='lat' dir='ltr'><strong>in</strong></span> <span class='ocrx_word' id='word_1_781' title='bbox 1151 5227 1316 5282; x_wconf 89' lang='lat' dir='ltr'><strong>Thes.</strong></span> <span class='ocrx_word' id='word_1_782' title='bbox 1343 5215 1564 5282; x_wconf 83' lang='lat' dir='ltr'><strong>dissert.</strong></span> <span class='ocrx_word' id='word_1_783' title='bbox 1599 5226 1662 5280; x_wconf 85' lang='lat'><strong>11</strong></span> <span class='ocrx_word' id='word_1_784' title='bbox 1768 5225 1866 5279; x_wconf 88' lang='lat' dir='ltr'><strong>Dei</strong></span> <span class='ocrx_word' id='word_1_785' title='bbox 1893 5239 1983 5278; x_wconf 89' lang='lat' dir='ltr'><strong>nec</strong></span> <span class='ocrx_word' id='word_1_786' title='bbox 2013 5221 2405 5299; x_wconf 78' lang='lat' dir='ltr'><strong>diminutionem</strong></span> <span class='ocrx_word' id='word_1_787' title='bbox 2431 5215 2846 5293; x_wconf 83' lang='lat' dir='ltr'><strong>esscgignentis,</strong></span> <span class='ocrx_word' id='word_1_788' title='bbox 2879 5236 2971 5274; x_wconf 87' lang='lat' dir='ltr'><strong>nec</strong></span> <span class='ocrx_word' id='word_1_789' title='bbox 3011 5221 3366 5289; x_wconf 79' lang='lat' dir='ltr'><strong>infirmitatem</strong></span> 
     </span>
    </p>
   </div>
   <div class='ocr_carea' id='block_1_69' title="bbox 100 5291 2182 5370">
    <p class='ocr_par' dir='ltr' id='par_1_69' title="bbox 100 5291 2182 5370">
     <span class='ocr_line' id='line_1_69' title="bbox 100 5291 2182 5370; baseline 0 -25"><span class='ocrx_word' id='word_1_790' title='bbox 100 5291 313 5370; x_wconf 58' lang='grc' dir='ltr'>εξὶιξιιιιειῐι</span> <span class='ocrx_word' id='word_1_791' title='bbox 344 5295 598 5370; x_wconf 82' lang='lat' dir='ltr'><strong>Eunomii</strong></span> <span class='ocrx_word' id='word_1_792' title='bbox 628 5291 891 5354; x_wconf 78' lang='lat' dir='ltr'><strong>fallaciam</strong></span> <span class='ocrx_word' id='word_1_793' title='bbox 923 5298 1121 5367; x_wconf 91' lang='lat' dir='ltr'><strong>arguit.</strong></span> <span class='ocrx_word' id='word_1_794' title='bbox 1155 5299 1457 5370; x_wconf 83' lang='lat' dir='ltr'><strong>Eapropter</strong></span> <span class='ocrx_word' id='word_1_795' title='bbox 1483 5304 1668 5370; x_wconf 82' lang='lat' dir='ltr'><strong>autem</strong></span> <span class='ocrx_word' id='word_1_796' title='bbox 1768 5313 1880 5352; x_wconf 86' lang='lat' dir='ltr'><strong>esse</strong></span> <span class='ocrx_word' id='word_1_797' title='bbox 1900 5294 2182 5370; x_wconf 73' lang='lat' dir='ltr'><strong>nascentis.</strong></span> 
     </span>
    </p>
   </div>
   <div class='ocr_carea' id='block_1_70' title="bbox 99 5353 3372 5437">
    <p class='ocr_par' dir='ltr' id='par_1_70' title="bbox 99 5353 3372 5437">
     <span class='ocr_line' id='line_1_70' title="bbox 99 5353 3372 5437; baseline 0.001 -23"><span class='ocrx_word' id='word_1_798' title='bbox 99 5353 440 5437; x_wconf 73' lang='lat' dir='ltr'><strong>difﬁcultatem</strong></span> <span class='ocrx_word' id='word_1_799' title='bbox 471 5367 615 5423; x_wconf 84' lang='lat' dir='ltr'><strong>hanc</strong></span> <span class='ocrx_word' id='word_1_800' title='bbox 642 5385 749 5424; x_wconf 89' lang='lat' dir='ltr'><strong>uno</strong></span> <span class='ocrx_word' id='word_1_801' title='bbox 769 5353 946 5426; x_wconf 77' lang='lat' dir='ltr'><strong>verbo</strong></span> <span class='ocrx_word' id='word_1_802' title='bbox 977 5353 1294 5437; x_wconf 62' lang='lat' dir='ltr'><strong>perstrinxit</strong></span> <span class='ocrx_word' id='word_1_803' title='bbox 1320 5353 1664 5436; x_wconf 53' lang='lat' dir='ltr'><strong>Ambrosius,</strong></span> <span class='ocrx_word' id='word_1_804' title='bbox 1844 5377 1866 5406; x_wconf 78' lang='grc' dir='ltr'><strong>ο</strong></span> <span class='ocrx_word' id='word_1_805' title='bbox 1899 5367 1974 5421; x_wconf 84' lang='lat' dir='ltr'><strong>lta</strong></span> <span class='ocrx_word' id='word_1_806' title='bbox 2006 5379 2136 5420; x_wconf 90' lang='lat' dir='ltr'><strong>mss.</strong></span> <span class='ocrx_word' id='word_1_807' title='bbox 2167 5364 2350 5434; x_wconf 90' lang='lat' dir='ltr'><strong>plures</strong></span> <span class='ocrx_word' id='word_1_808' title='bbox 2377 5379 2440 5419; x_wconf 90' lang='lat' dir='ltr'><strong>ac</strong></span> <span class='ocrx_word' id='word_1_809' title='bbox 2465 5363 2706 5434; x_wconf 88' lang='lat' dir='ltr'><strong>potiores</strong></span> <span class='ocrx_word' id='word_1_810' title='bbox 2735 5381 2747 5416; x_wconf 91' lang='lat'><strong>:</strong></span> <span class='ocrx_word' id='word_1_811' title='bbox 2781 5362 2872 5416; x_wconf 87' lang='lat' dir='ltr'><strong>alii</strong></span> <span class='ocrx_word' id='word_1_812' title='bbox 2901 5377 3030 5418; x_wconf 90' lang='lat' dir='ltr'><strong>vero</strong></span> <span class='ocrx_word' id='word_1_813' title='bbox 3058 5363 3276 5437; x_wconf 78' lang='lat' dir='ltr'><strong>partim,</strong></span> <span class='ocrx_word' id='word_1_814' title='bbox 3313 5372 3372 5418; x_wconf 90' lang='lat' dir='ltr'><strong>ut</strong></span> 
     </span>
    </p>
   </div>
   <div class='ocr_carea' id='block_1_71' title="bbox 99 5433 3369 5510">
    <p class='ocr_par' dir='ltr' id='par_1_71' title="bbox 99 5433 3369 5510">
     <span class='ocr_line' id='line_1_71' title="bbox 99 5433 3369 5510; baseline -0.002 -18"><span class='ocrx_word' id='word_1_815' title='bbox 99 5433 396 5510; x_wconf 65' lang='lat' dir='ltr'><strong>quja_i_psam</strong></span> <span class='ocrx_word' id='word_1_816' title='bbox 425 5453 592 5510; x_wconf 91' lang='lat' dir='ltr'><strong>supra</strong></span> <span class='ocrx_word' id='word_1_817' title='bbox 621 5440 833 5496; x_wconf 88' lang='lat' dir='ltr'><strong>abunde</strong></span> <span class='ocrx_word' id='word_1_818' title='bbox 861 5433 1136 5496; x_wconf 84' lang='lat' dir='ltr'><strong>enodavit.</strong></span> <span class='ocrx_word' id='word_1_819' title='bbox 1650 5433 1658 5436; x_wconf 46' lang='grc'>⁷</span> <span class='ocrx_word' id='word_1_820' title='bbox 1769 5439 1991 5494; x_wconf 82' lang='lat' dir='ltr'><strong>Amerb.</strong></span> <span class='ocrx_word' id='word_1_821' title='bbox 2023 5446 2184 5506; x_wconf 84' lang='lat' dir='ltr'><strong>atque</strong></span> <span class='ocrx_word' id='word_1_822' title='bbox 2213 5437 2391 5510; x_wconf 62' lang='lat' dir='ltr'><strong>Erus,</strong></span> <span class='ocrx_word' id='word_1_823' title='bbox 2417 5433 2514 5510; x_wconf 56' lang='lat' dir='ltr'><strong>qui</strong></span> <span class='ocrx_word' id='word_1_824' title='bbox 2527 5438 2836 5510; x_wconf 64' lang='lat' dir='ltr'><strong>quaestiones</strong></span> <span class='ocrx_word' id='word_1_825' title='bbox 2858 5444 3108 5510; x_wconf 76' lang='lat' dir='ltr'><strong>asserunt.</strong></span> <span class='ocrx_word' id='word_1_826' title='bbox 3137 5434 3230 5510; x_wconf 80' lang='lat' dir='ltr'><strong>hos</strong></span> <span class='ocrx_word' id='word_1_827' title='bbox 3260 5451 3369 5489; x_wconf 84' lang='lat' dir='ltr'><strong>esse</strong></span> 
     </span>
    </p>
   </div>
   <div class='ocr_carea' id='block_1_72' title="bbox 159 5496 3368 5582">
    <p class='ocr_par' dir='ltr' id='par_1_72' title="bbox 159 5496 3368 5582">
     <span class='ocr_line' id='line_1_72' title="bbox 159 5496 3368 5582; baseline 0 -25"><span class='ocrx_word' id='word_1_828' title='bbox 159 5496 181 5534; x_wconf 69' lang='grc' dir='ltr'>δ</span> <span class='ocrx_word' id='word_1_829' title='bbox 209 5496 328 5582; x_wconf 63' lang='lat' dir='ltr'><strong>Mss.</strong></span> <span class='ocrx_word' id='word_1_830' title='bbox 372 5496 516 5582; x_wconf 75' lang='lat' dir='ltr'><strong>haud</strong></span> <span class='ocrx_word' id='word_1_831' title='bbox 558 5513 748 5582; x_wconf 82' lang='lat' dir='ltr'><strong>pauci,</strong></span> <span class='ocrx_word' id='word_1_832' title='bbox 799 5528 901 5565; x_wconf 91' lang='lat' dir='ltr'><strong>non</strong></span> <span class='ocrx_word' id='word_1_833' title='bbox 941 5513 1276 5566; x_wconf 85' lang='lat' dir='ltr'><strong>demutatam.</strong></span> <span class='ocrx_word' id='word_1_834' title='bbox 1311 5511 1665 5582; x_wconf 80' lang='lat' dir='ltr'><strong>‘Quamquam</strong></span> <span class='ocrx_word' id='word_1_835' title='bbox 1770 5496 2317 5577; x_wconf 50' lang='lat' dir='ltr'><strong>hwreticosfpartim</strong></span> <span class='ocrx_word' id='word_1_836' title='bbox 2359 5496 2684 5582; x_wconf 59' lang='lat' dir='ltr'><strong>ut&#39;Giti.,..._</strong></span> <span class='ocrx_word' id='word_1_837' title='bbox 2710 5514 2910 5582; x_wconf 81' lang='lat' dir='ltr'><strong>serunt,</strong></span> <span class='ocrx_word' id='word_1_838' title='bbox 2935 5504 3036 5582; x_wconf 64' lang='lat' dir='ltr'><strong>hos</strong></span> <span class='ocrx_word' id='word_1_839' title='bbox 3059 5521 3168 5560; x_wconf 85' lang='lat' dir='ltr'><strong>esse</strong></span> <span class='ocrx_word' id='word_1_840' title='bbox 3202 5505 3368 5582; x_wconf 77' lang='lat' dir='ltr'><strong>licere-</strong></span> 
     </span>
    </p>
   </div>
   <div class='ocr_carea' id='block_1_73' title="bbox 100 5575 3366 5654">
    <p class='ocr_par' dir='ltr' id='par_1_73' title="bbox 100 5575 3366 5654">
     <span class='ocr_line' id='line_1_73' title="bbox 100 5575 3366 5654; baseline 0.002 -29"><span class='ocrx_word' id='word_1_841' title='bbox 100 5582 190 5654; x_wconf 62' lang='grc' dir='ltr'><strong>μίξει</strong></span> <span class='ocrx_word' id='word_1_842' title='bbox 217 5575 464 5654; x_wconf 74' lang='lat' dir='ltr'><strong>absurde,</strong></span> <span class='ocrx_word' id='word_1_843' title='bbox 496 5575 692 5637; x_wconf 80' lang='lat' dir='ltr'><strong>melius</strong></span> <span class='ocrx_word' id='word_1_844' title='bbox 724 5575 901 5638; x_wconf 79' lang='lat' dir='ltr'><strong>tamen</strong></span> <span class='ocrx_word' id='word_1_845' title='bbox 935 5583 1051 5649; x_wconf 89' lang='lat' dir='ltr'><strong>alii,</strong></span> <span class='ocrx_word' id='word_1_846' title='bbox 1083 5592 1246 5654; x_wconf 90' lang='lat' dir='ltr'><strong>atque</strong></span> <span class='ocrx_word' id='word_1_847' title='bbox 1262 5575 1419 5646; x_wconf 69' lang='lat' dir='ltr'><strong>edit.,</strong></span> <span class='ocrx_word' id='word_1_848' title='bbox 1449 5575 1550 5636; x_wconf 76' lang='lat' dir='ltr'><strong>non</strong></span> <span class='ocrx_word' id='word_1_849' title='bbox 1581 5584 1666 5636; x_wconf 89' lang='lat' dir='ltr'><strong>di-</strong></span> <span class='ocrx_word' id='word_1_850' title='bbox 1769 5584 1927 5648; x_wconf 86' lang='lat' dir='ltr'><strong>ticos;</strong></span> <span class='ocrx_word' id='word_1_851' title='bbox 1965 5595 2104 5635; x_wconf 90' lang='lat' dir='ltr'><strong>unus</strong></span> <span class='ocrx_word' id='word_1_852' title='bbox 2126 5575 2290 5654; x_wconf 23' lang='lat' dir='ltr'><strong>‘ms.,‘</strong></span> <span class='ocrx_word' id='word_1_853' title='bbox 2313 5589 2360 5632; x_wconf 84' lang='lat' dir='ltr'><strong>et</strong></span> <span class='ocrx_word' id='word_1_854' title='bbox 2399 5594 2484 5654; x_wconf 83' lang='lat' dir='ltr'><strong>eos</strong></span> <span class='ocrx_word' id='word_1_855' title='bbox 2516 5593 2622 5630; x_wconf 83' lang='lat' dir='ltr'><strong>esse</strong></span> <span class='ocrx_word' id='word_1_856' title='bbox 2665 5578 2965 5640; x_wconf 75' lang='lat' dir='ltr'><strong>hatreticos;</strong></span> <span class='ocrx_word' id='word_1_857' title='bbox 3003 5576 3160 5630; x_wconf 89' lang='lat' dir='ltr'><strong>Rom.</strong></span> <span class='ocrx_word' id='word_1_858' title='bbox 3208 5577 3366 5643; x_wconf 89' lang='lat' dir='ltr'><strong>edit.,</strong></span> 
     </span>
    </p>
   </div>
   <div class='ocr_carea' id='block_1_74' title="bbox 102 5649 2557 5725">
    <p class='ocr_par' dir='ltr' id='par_1_74' title="bbox 102 5649 2557 5725">
     <span class='ocr_line' id='line_1_74' title="bbox 102 5649 2557 5725; baseline 0.004 -34"><span class='ocrx_word' id='word_1_859' title='bbox 102 5653 358 5725; x_wconf 53' lang='lat' dir='ltr'><strong>minutam.</strong></span> <span class='ocrx_word' id='word_1_860' title='bbox 381 5649 536 5705; x_wconf 84' lang='lat' dir='ltr'><strong>Hanc</strong></span> <span class='ocrx_word' id='word_1_861' title='bbox 556 5664 740 5725; x_wconf 84' lang='lat' dir='ltr'><strong>_aulem</strong></span> <span class='ocrx_word' id='word_1_862' title='bbox 770 5668 980 5720; x_wconf 89' lang='lat' dir='ltr'><strong>vocem,</strong></span> <span class='ocrx_word' id='word_1_863' title='bbox 1009 5649 1234 5725; x_wconf 77' lang='lat' dir='ltr'><strong>perinde</strong></span> <span class='ocrx_word' id='word_1_864' title='bbox 1261 5669 1324 5709; x_wconf 90' lang='lat' dir='ltr'><strong>ac</strong></span> <span class='ocrx_word' id='word_1_865' title='bbox 1344 5664 1671 5725; x_wconf 80' lang='lat' dir='ltr'><strong>sequentem</strong></span> <span class='ocrx_word' id='word_1_866' title='bbox 1775 5654 1870 5707; x_wconf 87' lang='lat' dir='ltr'><strong>hoc</strong></span> <span class='ocrx_word' id='word_1_867' title='bbox 1896 5663 1990 5720; x_wconf 85' lang='lat' dir='ltr'><strong>est,</strong></span> <span class='ocrx_word' id='word_1_868' title='bbox 2021 5667 2108 5706; x_wconf 90' lang='lat' dir='ltr'><strong>eos</strong></span> <span class='ocrx_word' id='word_1_869' title='bbox 2137 5667 2246 5705; x_wconf 87' lang='lat' dir='ltr'><strong>esse</strong></span> <span class='ocrx_word' id='word_1_870' title='bbox 2271 5650 2557 5704; x_wconf 76' lang='lat' dir='ltr'><strong>htereticos.</strong></span> 
     </span>
    </p>
   </div>
   <div class='ocr_carea' id='block_1_75' title="bbox 104 5718 1674 5798">
    <p class='ocr_par' dir='ltr' id='par_1_75' title="bbox 104 5718 1674 5798">
     <span class='ocr_line' id='line_1_75' title="bbox 104 5718 1674 5798; baseline 0.008 -30"><span class='ocrx_word' id='word_1_871' title='bbox 104 5723 193 5768; x_wconf 88' lang='lat' dir='ltr'><strong>non</strong></span> <span class='ocrx_word' id='word_1_872' title='bbox 221 5718 392 5788; x_wconf 83' lang='lat' dir='ltr'><strong>possis</strong></span> <span class='ocrx_word' id='word_1_873' title='bbox 433 5721 639 5777; x_wconf 88' lang='lat' dir='ltr'><strong>rectius</strong></span> <span class='ocrx_word' id='word_1_874' title='bbox 678 5718 1024 5794; x_wconf 62' lang='lat' dir='ltr'><strong>intelligere,</strong></span> <span class='ocrx_word' id='word_1_875' title='bbox 1046 5740 1210 5798; x_wconf 85' lang='lat' dir='ltr'><strong>quam</strong></span> <span class='ocrx_word' id='word_1_876' title='bbox 1240 5740 1307 5783; x_wconf 83' lang='lat' dir='ltr'><strong>ex</strong></span> <span class='ocrx_word' id='word_1_877' title='bbox 1342 5718 1446 5780; x_wconf 74' lang='lat' dir='ltr'><strong>hoc</strong></span> <span class='ocrx_word' id='word_1_878' title='bbox 1484 5724 1674 5780; x_wconf 80' lang='lat' dir='ltr'><strong>Hilarii</strong></span> 
     </span>
    </p>
   </div>
   <div class='ocr_carea' id='block_1_76' title="bbox 510 5818 1656 5886">
    <p class='ocr_par' dir='ltr' id='par_1_76' title="bbox 510 5819 1024 5886">
     <span class='ocr_line' id='line_1_76' title="bbox 510 5819 1024 5886; baseline 0 -5"><span class='ocrx_word' id='word_1_879' title='bbox 510 5819 794 5884; x_wconf 63' lang='lat' dir='ltr'><strong>Panos.</strong></span> <span class='ocrx_word' id='word_1_880' title='bbox 853 5819 1024 5886; x_wconf 77' lang='lat' dir='ltr'><strong>XVI.</strong></span> 
     </span>
    </p>
   </div>
   <div class='ocr_carea' id='block_1_77' title="bbox 1768 5818 2928 5886">
    <p class='ocr_par' dir='ltr' id='par_1_77' title="bbox 2853 5818 2928 5884">
     <span class='ocr_line' id='line_1_77' title="bbox 2853 5818 2928 5884; baseline 0.067 -5"><span class='ocrx_word' id='word_1_881' title='bbox 2853 5818 2928 5884; x_wconf 76' lang='lat'><strong>10</strong></span> 
     </span>
    </p>
   </div>
  </div>
