3932 6176
123 204 217 261 58·)

1444 210 1536 268 DE
1577 210 1739 271 FIDE
1771 214 1910 273 LIB.
1952 215 2045 274 III.

3273 228 3381 288 590

120 324 291 379 exsilia
337 324 604 380 recordari
633 366 648 392 ,
700 325 913 395 piorum
978 326 1282 383 sacerdotia
1342 329 1679 398 proditorum
1708 333 1762 393 A
1785 335 1964 390 avium
1994 338 2296 392 exercitum
2325 339 2526 393 ducunt
2562 354 2575 392 :
2607 340 2701 395 sed
2744 348 2920 408 tuum,
2948 342 3179 401 Domine
3226 345 3377 413 Jesn,

117 432 335 472 numera.
367 417 553 473 Nonne
592 417 659 473 de
685 417 937 475 Thracite
979 420 1227 490 partibus
1258 437 1354 492 per
1388 421 1681 491 Ripensem

1786 443 1981 483 nomen
2013 437 2069 484 et
2097 431 2294 484 cultus.
2347 430 2462 485 Non
2509 432 2595 487 hic
2643 431 2879 489 inﬁdelis
2916 432 2945 472 δ
2981 435 3162 506 aliqua
3205 442 3373 509 regio,

118 512 308 565 Daciam
352 522 402 567 et
450 512 707 584 Mysiam,
755 529 1085 586 omnemque
1130 515 1404 572 Valeriam
1466 516 1685 573 Panno-
1784 522 1878 577 sed
1918 537 1983 577 ea
2022 539 2142 593 qua:
2186 524 2534 580 confessorcs
2578 527 2798 583 mittere
2841 528 2984 584 solet
3013 529 3197 596 Italia;
3228 532 3377 588 Italia

114 606 325 669 nierum,
373 614 543 663 totum
580 609 728 663 illuni
759 609 987 665 limitem
1029 611 1307 681 sacrilegis
1352 613 1554 682 pariter
1583 629 1678 668 vo.

111 700 245 756 cibus
278 711 327 757 et
356 702 661 758 Barbaricis
685 703 926 760 motibus
941 704 1246 760 audivimus
1272 705 1682 763 inhorrentem?

107 794 224 863 Quid
273 804 481 865 poterat
522 797 683 853 nobis
731 798 929 852 vicinia
982 809 1090 853 tam
1144 798 1332 854 feralis
1385 799 1679 855 invehere?

109 901 185 944 aut
230 890 677 960 quemadmodum
738 909 827 949 res
869 888 1111 949 Romana
1168 894 1257 949 tali
1311 902 1423 949 tuta
1469 903 1678 966 poterat

109 999 215 1039 esse
236 984 509 1040 custodia?

164 1078 275 1132 Ill.
302 1079 401 1134 Sed
448 1079 557 1150 jam
604 1082 738 1136 satis
783 1096 1081 1151 superque,
1124 1081 1472 1151 omnipotens
1504 1083 1672 1149 Dens,

110 1177 131 1204 ι
159 1180 329 1225 nostro
371 1173 589 1238 exsilio,
626 1182 924 1243 nostroque
965 1174 1248 1243 sanguine,
1296 1175 1671 1230 confessorum

102 1277 259 1328 neces,
282 1264 467 1319 exsilia
503 1266 874 1333 sacerdotum,
908 1275 959 1321 et
995 1265 1149 1321 nefas
1171 1273 1343 1321 tanta:
1377 1268 1673 1338 impietatis

100 1354 304 1410 eluitnus
353 1375 364 1409 :
415 1357 552 1412 satis
597 1358 793 1412 claruit
832 1372 929 1413 eos
973 1357 1066 1428 qui
1108 1357 1433 1414 violaverim
1474 1358 1668 1429 fidem,

101 1454 222 1502 tutos
249 1464 364 1505 esse
394 1464 502 1506 non
533 1465 716 1519 posse.
749 1449 1113 1519 Convertere,
1143 1450 1395 1518 Domine,
1430 1453 1670 1525 ﬁdeique

100 1548 187 1595 tute
227 1542 405 1598 attolle
436 1544 658 1599 vexilla.

158 1633 265 1687 lli.
294 1635 407 1691 Non
477 1637 565 1691 hic
615 1637 811 1707 aquila:
859 1637 1145 1705 militares,
1213 1652 1391 1710 neque
1454 1639 1667 1696 volatus

1782 615 2073 686 aliquando
2100 624 2340 682 tentata,
2386 625 2591 673 mutata
2616 630 2908 690 numquam
2936 638 2949 674 :
2978 636 3138 691 quam
3169 623 3373 679 dudum

1781 709 1850 764 ab
1874 708 2030 765 hoste
2056 708 2288 766 barbaro
2323 710 2636 778 defendisti,
2688 727 2833 769 nunc
2862 713 3029 769 etiam
3063 715 3371 772 vindicasti.

1780 800 1897 856 Non
1952 802 2041 858 hic
2090 803 2142 858 in
2191 802 2523 873 Imperatore
2577 817 2729 860 mens
2782 804 3031 874 lubrica,
3087 807 3183 863 sed
3241 808 3375 865 ﬁdes

1779 894 1903 950 ﬁxa.

1851 989 1974 1046 145.
2002 991 2240 1047 Ostende
2287 1006 2430 1046 nunc
2458 978 2680 1047 evidens
2732 999 2837 1047 tum
2882 992 3183 1062 maiestatis
3232 995 3373 1051 indi-

1774 1083 1956 1148 cium;
2010 1092 2068 1139 ut
2116 1085 2163 1138 is
2211 1083 2306 1153 qui
2348 1093 2400 1140 te
2438 1099 2628 1138 verum
2677 1084 2935 1139 virtutum
2979 1085 3273 1142 Dominum
3318 1097 3376 1143 et

1776 1176 2016 1232 cmlestis
2043 1175 2249 1230 militize
2276 1173 2470 1231 ducem
2503 1192 2516 1227 :
2548 1175 2595 1229 is
2637 1175 2731 1245 qui
2763 1183 2815 1231 te
2855 1190 3041 1230 veram
3077 1176 3171 1232 Dei
3204 1178 3376 1232 virtu-

1777 1278 1883 1325 tem
1914 1270 2090 1325 credit
2118 1283 2241 1325 esse
2270 1279 2434 1340 atque
2478 1269 2827 1338 sapientiam,
2860 1284 2966 1325 non
3013 1271 3371 1342 temporalem

1774 1363 1961 1432 utique
1991 1375 2093 1416 nec
2131 1369 2396 1427 creatam,
2442 1361 2538 1416 sed
2568 1362 2980 1432 sempiternam,
3022 1362 3162 1418 sicut
3197 1365 3372 1434 scrip-

1775 1463 2023 1521 tutn‘est,
2070 1453 2165 1509 Dei
2221 1454 2475 1529 virtutem
2518 1463 2574 1508 et
2614 1452 2981 1519 divinitatem,
3017 1462 3123 1509 tuae
3171 1456 3370 1525 majes-

1771 1548 1902 1603 tatis
1957 1545 2125 1601 fultus
2180 1543 2405 1610 auxilio,
2461 1543 2588 1600 ﬁdei
2644 1558 2759 1599 suae
2794 1534 3032 1616 ‘troptea
3088 1556 3369 1602 mereatur

1772 1639 1817 1713 (Ι
1846 1638 1966 1696 Cor.
1998 1654 2039 1704 ι,
2070 1636 2204 1709 24).-

154 1782 175 1809 δ
201 1773 343 1830 Rom.
373 1776 660 1861 edit..cum
690 1794 805 1835 uno
823 1779 907 1835 vel
920 1780 1114 1861 altero
1144 1796 1275 1847 ms.,
1298 1791 1477 1861 nostra
1499 1783 1664 1861 exitio
1698 1801 1746 1861 Β
1774 1796 1879 1836 non
1930 1793 2129 1861 paucos
2157 1778 2243 1833 his
2287 1777 2644 1834 barbarorum
2690 1775 3093 1832 incursionibus
3135 1791 3170 1833 e
3200 1777 3370 1847 patria

97 1854 182 1921 vel.
206 1847 586 1921 cumreliqnis,
622 1862 800 1906 nostro
821 1852 1004 1906 exsilio
1031 1869 1049 1918 ;
1078 1868 1185 1906 non
1213 1854 1377 1908 male.
1403 1854 1669 1921 Loquitur

96 1915 208 1970 enim
238 1918 284 1972 in
313 1918 717 1975 Catholicorum
752 1937 1011 1992 persona,
1031 1915 1038 1918 ’
1061 1939 1293 1993 quorum
1323 1915 1532 1980 certum
1580 1933 1665 1980 est

1773 1867 1867 1927 sua
1900 1851 2184 1927 expulsos.
2404 1921 2434 1927 __
2632 1921 2661 1927 __
2702 1921 2714 1927 _
2824 1920 2873 1927 η
3110 1918 3143 1927 ,_

1843 1922 1871 1962 ι)
1900 1918 2027 1979 Mss.
2058 1920 2326 1987 nonnulli,
2362 1921 2536 1992 aliqua
2565 1921 2769 1992 religio,
2803 1920 2984 1976 minus
3004 1918 3292 1976 eou‘c‘inne.

1158 2184 1161 2191 ’
1225 2170 1571 2254 LIBER
1647 2120 2191 2254 TERTIUS.

458 2442 631 2517 497
680 2442 911 2501 CAPUT
954 2444 1244 2501 PRIMUM.

93 2572 171 2628 Ubi
195 2578 423 2647 praemisit
466 2578 774 2633 Ambrosius
800 2579 1129 2650 quamobrem
1158 2578 1387 2634 strictius
1436 2584 1652 2630 tractata

144 2668 187 2721 iu
212 2670 451 2739 prioribus
495 2672 662 2740 libris,
704 2660 879 2727 in'ltis
918 2673 1128 2727 uberius
1167 2671 1442 2726 tractanda
1488 2671 1649 2724 susci-

144 2768 234 2830 piat
254 2783 271 2831 ;
292 2764 549 2832 objectum
575 2764 672 2819 sibi
696 2764 988 2836 fabularum
1019 2781 1169 2820 usum
1198 2765 1430 2835 exemplo
1462 2762 1649 2832 Scrip-

145 2866 253 2909 turtr
272 2857 415 2911 diluit
444 2875 569 2913 cum
599 2858 703 2911 alia
743 2858 942 2929 poetica
974 2858 1326 2919 memorantis,
1372 2865 1481 2908 tum
1539 2870 1651 2905 ma—

144 2951 258 3003 xime
279 2950 509 3018 Sirenas,
538 2968 657 3022 quae
678 2953 861 3022 ﬁgura:
883 2962 1000 3005 sunt
1024 2951 1346 3018 voluptatum
1374 2964 1437 3002 :a
1467 2947 1650 3017 quibus

145 3054 185 3096 et
233 3042 377 3097 Pauli
426 3045 587 3101 verba
644 3052 691 3099 et
736 3043 931 3098 Christi
991 3045 1130 3115 facta
1179 3051 1379 3114 oportet
1437 3038 1651 3094 auore/tl

144 3132 450 3195 Christianos.

1768 2440 2071 2496 versiculos
2122 2446 2416 2508 poetarunt'
2474 2439 2772 2511 Scripturis
2821 2442 3056 2501 insertos
3110 2461 3231 2505 esse
3286 2448 3367 2506 dil-

1764 2548 1925 2586 VIIIIS.

1834 2623 1889 2677 4.
1920 2623 2074 2679 Unde
2114 2624 2260 2679 enim
2295 2624 2427 2681 illud
2456 2643 2467 2679 :
2499 2624 2675 2697 Hujus
2718 2637 2768 2682 et
2808 2645 2973 2699 genus
3002 2646 3181 2687 sumus
3223 2631 3363 2705 (Act.

1762 2731 1893 2780 xv",
1926 2712 2004 2787 8),
2036 2715 2180 2785 quod
2231 2715 2434 2771 Paulus
2466 2731 2565 2772 usu
2598 2717 2923 2787 prophetico
2970 2720 3168 2777 doctus
3199 2740 3360 2779 usurn

1761 2808 1899 2878 pst?
1941 2807 2074 2863 Nam
2123 2817 2178 2863 et
2232 2807 2481 2878 gigantes
2533 2808 2722 2879 (Nam.
2769 2827 2890 2878 xm,
2921 2812 3039 2883 54),
3073 2810 3361 2871 εῐνιιιιριιι

1755 2898 2006 2954 Titanum
2053 2899 2118 2970 (ll
2149 2899 2276 2971 Reg.
2323 2916 2376 2967 ν,
2418 2899 2510 2972 18)
2543 2901 2847 2971 prophetici
2890 2906 3162 2961 sermdnis
3190 2908 3363 2964 series

1755 3009 1865 3049 non
1896 2993 2115 3063 refugit.
2152 2993 2220 3048 Et
2264 2992 2453 3048 Esaias
2502 2993 2751 3061 Sirenas,
2782 3005 2836 3050 et
2889 2996 3028 3052 tilias
3078 3012 3358 3067 passerum

1754 3086 1891 3141 dixit
1925 3083 2099 3159 (Esai.
2150 3099 2301 3147 xutt.
2333 3084 2452 3156 ΞΟ).
2514 3086 2583 3140 Et
2608 3085 2912 3142 Hieremias
2956 3087 3025 3144 de
3061 3088 3360 3161 Babylonia

1752 3177 2074 3233 memoravit
2132 3175 2276 3247 quod
2331 3176 2652 3233 ltabilabunt
2694 3179 2749 3233 in
2799 3194 2865 3235 ea
2910 3178 3040 3236 ﬁlia
3096 3181 3352 3239 Sirenum

148 3265 188 3319 1.
214 3271 486 3338 Quoniam,
518 3270 955 3326 clementissime
999 3269 1317 3340 Imperator,
1345 3267 1645 3326 instruendi
1674 3277 1719 3340 ί]
1755 3269 1970 3344 (lerant.
2005 3284 2179 3334 xxvu,
2203 3269 2321 3338 ‘59);
2347 3279 2406 3323 ut
2430 3269 2750 3327 ostenderet
2775 3270 3094 3343 Babylonis,
3123 3272 3227 3330 hoc
3246 3282 3351 3342 est,

89 3360 150 3410 tui
186 3362 361 3429 gratia,
408 3363 591 3433 aliqua
638 3362 707 3419 de
752 3362 856 3417 ﬁde
898 3362 1031 3417 mihi
1079 3362 1364 3419 scribenda
1417 3362 1643 3418 manda-

90 3462 232 3519 ret-as,
274 3467 323 3509 et
364 3454 825 3512 verecundantem
873 3470 1059 3512 coram
1102 3456 1263 3511 etiam
1315 3456 1430 3525 ipse
1466 3454 1646 3511 fueras

89 3542 402 3613 adhortatus;
452 3549 578 3605 ideo
606 3549 760 3618 quasi
811 3550 863 3602 in
916 3549 1194 3618 procinctu
1244 3550 1474 3618 positus,
1506 3549 1644 3604 dttos

92 3643 259 3695 tantum
306 3643 606 3713 conscripsi
660 3642 907 3709 libellos,
958 3643 1155 3713 quibus
1221 3643 1334 3696 vias
1383 3640 1641 3712 quasdam

89 3729 189 3787 ﬁdei
212 3746 262 3789 et
284 3739 503 3793 semitas
533 3737 993 3793 dctnonstrarem.

140 3822 184 3878 2.
210 3826 306 3885 Sed
334 3833 589 3901 quoniam
619 3844 776 3886 mens
808 3842 971 3901 prava
1002 3829 1360 3899 quorumdam
1392 3828 1639 3885 serendis

89 3916 253 3976 intenta
285 3925 693 3993 quaestionibus,
727 3924 870 3993 stylo
904 3924 1124 3979 lacessit
1154 3934 1176 3960 ¹¹
1208 3924 1458 3979 uberiore
1504 3938 1636 3978 con.

88 4006 187 4077 ﬁci;
215 4022 309 4070 tua:
336 4033 549 4089 quoque
587 4016 673 4087 pia
709 4032 794 4071 me
840 4032 966 4070 cura
997 4017 1299 4070 clementiae
1335 4015 1400 4068 ad
1441 4025 1636 4069 caetera

87 4114 237 4172 vocat,
264 4110 445 4166 volens
488 4112 540 4164 in
574 4108 823 4180 pluribus
862 4108 1129 4178 experiri,
1158 4118 1316 4178 quem
1365 4106 1419 4160 in
1455 4106 1638 4175 paucis

86 4196 327 4267 probasti;
369 4217 430 4258 ea
477 4217 600 4272 qua:
644 4202 928 4271 perstricta
961 4202 1150 4270 paucis
1196 4196 1445 4267 superius
1488 4204 1630 4258 sunt,

86 4285 249 4351 Placuit
272 4294 393 4348 mihi
426 4296 588 4365 paulo
615 4295 775 4348 latins
823 4294 1084 4363 exst'qni;
1115 4306 1183 4347 ne
1211 4308 1271 4347 ea
1312 4291 1462 4359 quasi
1494 4289 1635 4344 difﬁ-

88 4374 229 4435 dentia
270 4386 587 4441 assertionis
630 4385 943 4441 deseruisse
987 4384 1185 4454 potius,
1236 4396 1394 4454 quam
1435 4381 1635 4437 securi-

88 4476 174 4526 tate
197 4475 390 4533 ﬁdueia:
416 4479 769 4547 proposuisse
807 4479 1112 4533 videamur.

141 4565 185 4620 ὅ.
211 4568 267 4623 Ει
293 4573 409 4642 quia
440 4572 717 4645 1illydruti
772 4570 1026 4635 nominis,
1073 4580 1130 4626 et
1174 4568 1388 4641 Scyllazi
1438 4569 1633 4624 littoris

1748 3365 2031 3422 saecularis
2065 3363 2406 3420 confusionis
2445 3363 2755 3432 illecebras,
2803 3374 3034 3423 vetustte
3067 3377 3091 3406 ο
3116 3367 3355 3425 lascivia:

1746 3460 1948 3515 fabulis
1976 3457 2417 3530 comparandas;
2451 3475 2571 3530 qurc
2603 3459 2748 3514 velut
2773 3461 3071 3530 scopuloso
3116 3463 3171 3518 in
3199 3465 3356 3521 istius

1745 3554 1870 3609 vitae
1903 3554 2104 3618 littore,
2144 3553 2359 3608 dulcem
2408 3567 2670 3631 resonare
2725 3553 3036 3623 quamdam,
3072 3555 3166 3611 sed
3200 3572 3348 3613 mor-

1747 3647 1957 3703 tiferam
1986 3646 2314 3701 cantilenam
2346 3644 2414 3699 ad
2439 3642 2734 3713 capiendos
2773 3645 2986 3701 animos
3022 3646 3347 3704 adolescen-

1743 3740 1877 3795 tiutn
1942 3739 2258 3795 viderentur
2316 3754 2329 3790 :
2380 3751 2543 3807 quam
2604 3738 2826 3808 sapiens
2875 3739 3044 3793 etiam
3106 3739 3176 3795 ab
3226 3742 3346 3811 ipso

1745 3840 1902 3904 poeta
1957 3831 2147 3886 Graec
2197 3829 2467 3884 inducitur
2518 3827 2701 3899 (Hom.
2757 3846 2831 3884 χιι
2886 3830 3133 3904 Odyss),
3186 3838 3342 3902 quasi

1742 3921 2065 3994 quibusdam
2123 3920 2429 3990 prudentiae
2495 3934 2610 3975 suae
2673 3919 3043 3976 circumdatus
3110 3922 3343 3984 vinculis

1745 4014 2087 4084 przeteriisse.
2118 4010 2194 4065 Ita
2218 4009 2438 4066 difﬁcile
2458 4010 2868 4081 judicattnncst
2889 4022 3017 4069 ante
3042 4015 3335 4075 adventum

1740 4105 1941 4161 Christi
1974 4104 2137 4160 etiam
2166 4101 2422 4158 fortiores
2461 4116 2567 4157 non
2601 4116 2764 4172 posse
2790 4102 2911 4173 capi
2951 4105 3216 4175 speciosae
3244 4110 3339 4166 dc-

1740 4199 1878 4256 lieiis
1916 4197 2212 4268 voluptatis
2238 4198 2250 4249 ι

1810 4292 1864 4348 ὅ.
1896 4290 2063 4364 [Alias
2099 4306 2216 4359 cap.
2248 4286 2338 4359 IL]
2372 4286 2526 4357 Quod
2575 4288 2621 4342 si
2652 4295 2809 4355 poeta
2849 4287 2941 4345 ille
2970 4291 3331 4360 perniciosam

1740 4385 2009 4440 mentibus
2052 4383 2355 4447 hominum,
2404 4388 2459 4435 et
2510 4379 2807 4436 subeundis
2862 4380 3153 4440 obnoxiam
3199 4401 3333 4442 nau-

1737 4477 1944 4549 fragiis,
2004 4475 2240 4530 lascivia:
2305 4472 2583 4528 saecularis
2635 4472 2953 4530 illecebram
3032 4476 3329 4546 judicavit;

1736 4570 1866 4641 quid
1912 4586 2012 4625 nos
2056 4570 2611 4638 aestimaremportet,
2665 4566 2861 4636 quibus
2906 4568 3165 4638 scriptum
3205 4581 3328 4627 est:

86 4666 496 4728 comparationem
546 4666 859 4722 induximus
901 4665 1058 4735 (Sup.
1088 4663 1177 4718 lib.
1222 4679 1264 4730 ι,
1301 4679 1420 4731 cap.
1460 4662 1542 4735 4),
1577 4670 1714 4729 ull)
1739 4663 1940 4729 Carnis
1977 4675 2155 4715 curam
2207 4675 2269 4713 nc
2300 4658 2529 4726 feceritis
2590 4656 2643 4710 in
2691 4658 3105 4726 concupiscentia
3146 4661 3325 4732 (Rom.

87 4753 445 4815 ostenderemus
474 4760 560 4815 vel
593 4760 832 4815 rediviva
879 4759 1145 4829 plantaria
1191 4758 1429 4812 cavenda
1461 4757 1625 4827 perli-
1734 4769 1852 4819 xm,
1892 4751 2010 4823 id)?
2034 4752 2102 4807 Et
2128 4750 2255 4805 alibi
2290 4767 2300 4801 :
2335 4746 2541 4819 Castigo
2586 4764 2773 4819 corpus
2805 4764 2980 4804 mcum-
3017 4761 3066 4805 et
3094 4755 3333 4811 servituti

83 4834 285 4907 dimn’el
328 4851 531 4906 famosa
577 4851 857 4922 naufragia
900 4851 991 4904 :si
1034 4852 1156 4920 quis
1197 4858 1386 4904 contra
1420 4849 1624 4905 licitum
1731 4846 1913 4916 redigo
1949 4860 1967 4898 :
2016 4860 2080 4897 ne
2119 4842 2237 4896 aliis
2285 4839 2615 4908 praedicans,
2671 4840 2782 4910 ipse
2822 4842 3074 4912 reprobus
3119 4847 3326 4917 efﬁciar
3410 4892 3413 4893 ν

82 4938 445 4994 Putatcolorcm
484 4942 875 5012 disputationis
899 4940 1167 5010 ejusmodi
1207 4956 1235 4993 a
1275 4940 1503 5010 poeticis
1549 4940 1629 4994 fa-
1733 4938 1777 5009 (Ι
1807 4937 1928 4992 Cor.
1958 4952 2034 4999 ιχ,
2063 4933 2179 5005 ‘27).

81 5014 196 5077 bulis
218 5027 523 5100 derivatum,
571 5043 627 5088 et
662 5050 785 5090 cum
833 5036 888 5089 in
923 5034 1027 5089 “de
1067 5034 1199 5089 nihil
1240 5033 1381 5103 quod
1414 5033 1626 5103 νίιυρρ.
1803 5027 1973 5100 ἧος
1996 5026 2048 5081 6.
2078 5024 2195 5079 Νοιι
2224 5023 2368 5078 enim
2416 5037 2509 5089 per
2544 5022 2810 5079 luxuriam
2863 5026 3021 5083 nobis
3044 5028 3319 5102 Christus,

82 5122 180 5168 raro
220 5125 374 5187 possit
417 5127 722 5194 invenerit,
776 5126 980 5197 aliquid
1036 5125 1090 5180 iu
1143 5139 1399 5181 sermone
1446 5140 1629 5194 repre-
1733 5122 1829 5178 sed
1873 5136 1967 5191 per
1993 5115 2258 5189 jejunium
2298 5116 2527 5170 salutem
2560 5116 2781 5171 attulit.-
2812 5118 2999 5189 Neque
3045 5123 3143 5180 ille‘
3179 5142 3330 5183 eme-

83 5198 546 5287 hendilmgnoscat
586 5236 697 5275 non
743 5221 919 5275 solum
949 5219 1269 5287 sententias,
1319 5218 1412 5274 sed
1463 5220 1628 5274 etiam
1735 5215 1917 5272 renda:
1974 5213 2161 5285 gratiae
2211 5226 2322 5265 suae
2361 5224 2546 5276 causa,
2602 5211 2696 5267 sed
2750 5221 2951 5271 nostra:
3002 5219 3325 5277 erudlIiOnis

1730 5356 1922 5425 excipe
1965 5364 2145 5407 tamen
2170 5350 2383 5427 Thuan.
2420 5368 2609 5419 unum,
2642 5355 2729 5411 ubi
2760 5357 3054 5426 legitttr....
3085 5367 3163 5425 vel
3190 5374 3320 5427 mi-

1729 5427 1833 5500 duo
1865 5425 2276 5500 plantaria._._.vel
2314 5426 2584 5500 plaginosa
2621 5432 2921 5500 naufragia;
2968 5445 3075 5490 etc.
3108 5428 3214 5495 P'er
3240 5425 3328 5499 eo.

1728 5498 1898 5580 iorem
1920 5507 2103 5555 autem
2132 5496 2518 5566 disputationis
2546 5496 2787 5570 intelligo
2808 5496 3060 5562 ornatum
3095 5510 3214 5580 ejus
3251 5496 3321 5570 ac

1728 5568 1966 5714 {2°33
1988 5652 2126 5714 voce
2155 5638 2379 5714 lasciuia!
2412 5641 2473 5694 itr
2502 5638 2713 5695 'Plttlan.
2769 5656 2881 5699 uno
2924 5646 3044 5704 cod.
3095 5651 3324 5714 habetur

1730 5710 1817 5767 hic
1845 5721 1905 5766 et
1923 5712 2084 5776 intra,
2115 5711 2357 5780 [αιιπιω.

142 5350 161 5377 ⁸
182 5345 321 5404 Rom.
346 5355 475 5429 edit.
505 5357 645 5417 sola,
695 5358 926 5412 uberiore
979 5357 1205 5429 conﬁgi;
1238 5365 1349 5413 vet.
1382 5357 1516 5429 edit.
1563 5368 1626 5412 ac

216 5427 465 5542 nlontmlli,
496 5429 727 5483 uberiore
774 5429 1016 5499 conﬂigi;
1066 5422 1261 5483 inclitas
1309 5428 1524 5498 reliqui,
1570 5438 1628 5482 ιιι

202 5505 302 5543 xu.
707 5534 713 5541 .

122 5552 163 5632 ιδ
200 5563 397 5641 Amerb.
461 5579 516 5641 et
566 5558 769 5641 liras,
813 5569 1007 5641 Hydra:
1058 5571 1621 5625 mtminis....calorem

88 5622 401 5712 ᾂξεριυαιίᾳριίε
433 5656 445 5691 ε
474 5622 627 5712 ὒιιις
652 5622 721 5694 ac
741 5622 945 5707 me;
966 5622 1198 5712 "nam
1220 5622 1501 5696 tiaran-.1

86 5695 270 5755 calorem
289 5706 655 5777 disputationis
683 5726 698 5763 :
730 5695 1027 5769 mss.vcro
1053 5695 1351 5770 bobiscum
1386 5695 1621 5779 faciunt;
