3932 6176
522 219 590 272 59
603 219 619 270 Ι

1888 199 2130 258 δΑΝΟΤΙ

2257 195 2494 253 ιωὶοδιι
3680 185 3760 239 59‘!

517 333 688 401 gratia
734 327 1008 399 jejunavit.
1043 325 1228 392 Neque
1269 321 1578 375 inﬁrmitate
1632 319 1878 384 corporis
1932 315 2111 368 vietus
2143 313 2193 373 Α
2220 310 2344 364 tatis
2367 307 2663 378 potentiam
2697 301 3199 372 Filiudenegaudo,
3225 311 3280 355 et
3321 302 3636 356 incarnatutu
3682 297 3759 350 νει-

521 434 627 486 est,
681 431 737 475 ut
784 419 1010 474 esurirct
1046 433 1058 468 :
1089 414 1181 467 sed
1232 411 1526 468 esuriendo
1575 408 1815 478 suscepti
1867 403 2115 474 corporis

527 516 684 570 tidem
729 510 1007 582 praestitit;
1065 516 1119 561 ut
1161 524 1264 559 lmtl
1309 506 1481 558 Solum
1533 518 1754 574 corpus,
1805 501 1900 555 sed
1951 498 2116 552 etiam

525 608 867 662 inﬁrmitates
899 601 1069 655 nostri
1101 597 1346 668 corporis
1373 596 1595 650 doceret
1637 610 1664 648 a
1703 609 1761 648 se
1788 606 1908 646 esse
1933 603 2120 643 susce-

523 711 663 771 ptas,
731 696 870 752 sicut
934 694 1192 762 scriptum
1264 700 1344 745 est
1397 705 1412 742 :
1463 687 1719 753 Quoniam
1788 682 2118 753 inﬁrmitates

483 838 497 850 .
524 769 727 846 nostras
756 786 1000 856 suscepit,
1033 796 1079 838 et
1114 780 1444 853 aegritudines
1472 788 1672 832 nostras
1694 774 1914 847 portavit
1945 769 2117 835 (Esai.

529 899 642 950 un,
673 882 753 948 .l).

1161 966 1387 1025 CAPUT
1431 967 1492 1022 ll.

533 1118 662 1184 Qua:
691 1111 918 1184 corporis
957 1116 1072 1163 sunt
1099 1123 1131 1159 a
1161 1105 1365 1159 Christo
1393 1120 1487 1174 pro
1529 1101 1673 1156 nobis
1699 1098 1944 1167 suscepti,
1987 1095 2121 1150 divi-

599 1206 748 1261 nitati
791 1221 893 1257 non
937 1201 1202 1255 tribuenda
1237 1215 1254 1252 :
1294 1196 1576 1252 secundum
1615 1193 1747 1248 hanc
1795 1192 1944 1247 illum
1977 1188 2121 1244 altis-

605 1302 830 1362 simum;
859 1294 1007 1366 'quod
1055 1293 1141 1360 qui
1195 1295 1361 1360 neget,
1402 1305 1519 1344 eum
1554 1286 1704 1340 Patri
1756 1284 2006 1338 ascribere
2047 1280 2128 1333 itt-

606 1389 971 1444 carnationem.
999 1382 1127 1437 Cum
1156 1380 1295 1436 Deus
1326 1381 1514 1451 legitur
1537 1376 1678 1431 solus
1713 1391 1839 1437 esse,
1870 1381 1958 1426 aut
1986 1371 2127 1424 solus

611 1482 793 1535 habere
858 1474 1317 1536 immortalitatem,
1385 1471 1439 1522 id
1504 1467 1661 1522 etiam
1737 1461 2129 1534 intelligendum

609 1574 671 1627 de
699 1571 925 1634 Christo,
958 1574 1063 1620 tum
1105 1573 1160 1617 ut
1211 1571 1492 1617 memorata
1541 1560 1777 1630 impietas
1808 1556 2126 1622 declinetnr,

609 1675 717 1718 tum
765 1663 886 1733 quia
943 1657 1120 1713 eadem
1185 1653 1311 1710 Filii
1362 1671 1448 1707 ac.
1486 1651 1658 1706 Patris
1711 1650 1958 1704 asseritur
2008 1664 2127 1718 ape-

609 1758 764 1812 ratio.

613 1895 664 1948 7.
695 1889 957 1962 Corporis
979 1897 1061 1943 est
1092 1887 1279 1956 igitur,
1311 1884 1416 1940 hoc
1439 1891 1541 1946 est,
1573 1891 1817 1937 nostrum
1847 1889 1950 1946 est,
1987 1877 2130 1950 quod

542 1987 765 2044 esurivit
800 2003 813 2039 :
844 1992 1085 2039 nostrum
1121 1989 1227 2046 est,
1261 1978 1406 2050 quod
1448 1977 1616 2038 ﬂevit,
1659 1974 1803 2046 quod
1841 1973 2010 2028 tristis
2035 1973 2136 2027 fuit

543 2097 712 2154 usque
761 2080 828 2134 ad
869 2086 1118 2132 mortem.
1161 2075 1271 2128 Cur
1326 2072 1392 2127 ad
1439 2069 1777 2125 divinitatem
1836 2082 1957 2136 qua:
2010 2072 2138 2120 sunt

540 2188 724 2233 nostra
753 2170 1104 2230 referuntur?
1127 2166 1387 2238 Corporis
1417 2173 1523 2230 est,
1571 2161 1715 2232 quod
1758 2161 1921 2217 etiam
1964 2160 2136 2214 laetus

543 2269 825 2325 asseritur.
880 2262 1125 2331 Denique
1172 2260 1252 2315 sic
1311 2259 1480 2314 habes
1519 2254 1728 2309 :Mater
1781 2253 1912 2309 Sion
1959 2253 2135 2305 dicet:

548 2361 748 2423 Homo,
776 2368 821 2412 et
853 2357 1004 2409 homo
1033 2359 1196 2425 factus
1220 2352 1292 2407 est
1321 2353 1378 2405 in
1407 2367 1486 2415 ea,
1519 2359 1566 2403 et
1601 2349 1713 2416 ipse
1741 2347 1975 2419 fundavit
2028 2361 2140 2399 eam

549 2451 846 2506 Altissimus
874 2445 1046 2521 (Psal.
1082 2458 1308 2510 unum,
1339 2441 1416 2514 5).
1475 2438 1664 2506 Homo,
1723 2437 1916 2508 inquit,
1973 2441 2141 2508 factus

543 2555 636 2611 cst,
675 2526 779 2598 non
811 2542 952 2596 Deus
982 2538 1157 2594 factus
1197 2546 1302 2590 est.

619 2637 674 2689 8.
704 2633 804 2700 Qui
850 2640 1030 2685 autem
1070 2629 1211 2682 idem
1242 2627 1564 2689 altissimus,
1605 2625 1746 2677 idem
1799 2624 1980 2686 homo,
2039 2623 2140 2676 nisi

554 2726 812 2780 Mediutor
861 2721 987 2786 Dei,
1045 2732 1090 2773 et
1141 2719 1436 2781 hominum,
1488 2717 1638 2770 homo
1683 2716 1916 2770 Christus
1965 2714 2139 2781 Jesus,

547 2817 637 2884 qui
667 2815 806 2868 dedit
849 2813 1178 2881 semetipsum
1207 2808 1607 2875 redemptionem
1640 2824 1732 2876 pro
1754 2808 1900 2861 nobis
1932 2807 1972 2878 (I
2003 2805 2140 2862 Tim.

551 2923 612 2968 tt,
645 2908 698 2970 5,
723 2903 814 2976 6)?
845 2903 915 2956 Et
951 2902 1056 2956 hoc
1086 2901 1269 2968 utique
1311 2899 1378 2951 ad
1411 2897 1840 2952 incarnationem
1873 2897 2142 2968 pertinet;

551 2995 852 3078 redemptio
900 2994 1044 3047 enim
1101 2999 1285 3045 nostra
1341 3006 1435 3059 per
1487 2991 1826 3058 sanguinem,
1887 2991 2139 3045 remissio

2222 411 2356 456 trem
2424 398 2728 455 Sabelliana
2805 395 3080 465 impietate
3153 401 3398 447 astruere
3471 388 3758 443 videbuntur.

2222 494 2414 548 Dicant
2440 492 2583 548 enim
2616 488 2889 561 quomodo
2942 485 3072 542 illud
3105 502 3214 540 non
3246 484 3407 555 impie
3445 482 3510 536 de
3535 481 3675 536 Patre
3699 482 3762 533 iu-

2222 585 2463 656 telligere
2526 583 2753 654 possint,
2803 579 2947 651 quod
2997 577 3290 648 Apostolus
3337 576 3412 630 ait
3456 593 3469 628 :
3519 573 3578 627 lu
3615 589 3697 640 quo
3729 581 3765 626 et

2221 678 2626 733 consurrexistis
2655 693 2744 744 per
2771 676 2926 744 fidem
2954 672 3269 743 Operati'onis
3295 669 3415 735 Dei,
3439 670 3525 740 qui
3549 667 3764 723 suscitavit

2222 769 2371 825 illum
2397 787 2430 823 a
2458 770 2674 824 mortuis
2700 765 2942 838 (Coloss.
2968 781 3028 829 ιι,
3057 763 3124 817 12
3142 762 3194 834 );
3229 771 3284 817 et
3311 760 3590 816 advertant
3613 757 3673 814 de
3703 772 3767 812 se-

2224 863 2512 933 quentibus
2561 861 2690 932 quid
2743 860 3062 918 incurrant;
3114 855 3359 926 sequitur
3408 849 3658 909 etiiszt
3681 867 3770 903 cum

2225 955 2412 1009 mortui
2438 954 2614 1008 essetis
2661 951 2863 1006 delictis
2890 959 2939 1004 et
2973 950 3229 1019 praeputio
3259 947 3431 1001 carnis
3463 953 3650 1008 vestrm,
3676 943 3772 998 siri-

2228 1049 2396 1117 [icavit
2424 1063 2517 1101 nos
2548 1062 2664 1099 cum
2710 1043 2826 1110 illo,
2863 1043 3064 1096 donans
3093 1040 3239 1096 nobis
3276 1040 3454 1094 omnia
3479 1039 3667 1103 delicta,
3706 1037 3772 1091 de-

2228 1143 2337 1198 lens
2383 1140 2530 1210 quod
2553 1139 2830 1193 adversum
2874 1154 2966 1191 nos
3006 1146 3115 1190 erat
3160 1136 3560 1206 chirographum
3605 1130 3775 1195 decreti,

2228 1233 2365 1302 quod
2393 1243 2504 1286 erat
2530 1231 2851 1285 contrarium
2877 1228 3024 1283 nobis
3059 1243 3078 1281 :
3107 1237 3155 1282 et
3183 1227 3360 1297 ipsum
3401 1227 3519 1280 tulit
3544 1224 3602 1278 de
3625 1223 3778 1286 medio,

2229 1325 2450 1396 afﬁgens
2493 1322 2626 1377 illud
2650 1322 2814 1385 cruci,
2859 1337 3053 1376 exuens
3082 1336 3137 1374 se
3165 1335 3323 1373 carne
3352 1315 3549 1386 (Ibid.,
3579 1315 3658 1382 l5,
3683 1313 3777 1384 ll).

2309 1417 2394 1471 15.
2437 1421 2463 1450 ⁸
2492 1413 2635 1483 Ergo
2666 1428 2774 1467 non
2802 1412 2945 1468 Deus
2965 1411 3129 1467 Pater
3148 1411 3300 1464 solus
3327 1407 3788 1478 intelligendusest.

2231 1510 2323 1578 qui
2356 1507 2636 1562 suscitavit
2682 1520 2902 1560 carnem
2933 1523 2946 1558 :
2977 1514 3031 1559 et
3061 1519 3167 1558 non
3216 1503 3380 1557 etiam
3433 1500 3613 1562 Filius.
3661 1497 3784 1568 cujus

2233 1601 2493 1668 templum
2518 1599 2898 1656 rcsuscitatum
2930 1605 3032 1652 est.
3058 1595 3161 1663 Qui
3197 1593 3507 1656 suscitavit,
3545 1591 3706 1662 utique
3743 1599 3786 1645 et

2161 1699 2209 1759 B
2235 1695 2524 1751 viviﬁcavit
2565 1693 2701 1764 :qui
2747 1691 3059 1755 viviﬁcavit,
3104 1699 3159 1744 et
3194 1687 3393 1744 delicta
3439 1685 3681 1743 donavit:
3716 1682 3783 1754 qui

2235 1789 2431 1845 delicta
2463 1787 2711 1853 donavit,
2741 1794 2795 1842 et
2812 1782 3240 1854 chirographum
3273 1781 3427 1836 tulit:
3453 1780 3540 1850 qui
3560 1777 3788 1847 chirogra-

2237 1881 2400 1953 phum
2436 1881 2576 1944 tulit,
2610 1878 2784 1933 alﬁxit
2813 1875 2941 1932 illud
2965 1876 3113 1930 cruci
3139 1891 3152 1928 ε
3182 1874 3275 1944 qui
3313 1872 3488 1927 afﬁxit
3513 1869 3631 1925 illud
3651 1866 3788 1929 cruci,

2235 1990 2454 2032 carnem
2500 1989 2561 2029 se
2597 1973 2766 2027 exuit.
2801 1969 2908 2028 Sed
2949 1969 3112 2025 Pater
3138 1982 3243 2022 non
3290 1981 3352 2022 se
3395 1964 3542 2022 exuit
3577 1975 3787 2024 carnem;

2243 2087 2350 2126 non
2376 2070 2522 2124 enim
2569 2068 2734 2124 Pater
2776 2081 2902 2121 caro
2944 2065 3115 2122 lactus
3145 2071 3252 2127 est,
3285 2062 3384 2118 sed
3429 2061 3654 2122 Verbum,
3684 2058 3791 2112 sicut

2243 2165 2492 2235 legimus,
2524 2179 2644 2217 caro
2691 2166 2890 2234 factum
2919 2170 2989 2215 est
3025 2157 3214 2231 (Joan.
3248 2173 3288 2222 ι,
3319 2155 3441 2228 ιιι).
3476 2153 3667 2210 Videtis
3692 2165 3791 2218 ergo

2241 2257 2382 2328 quod
2415 2256 2595 2310 Ariani
2620 2255 2748 2309 dum
2773 2259 3030 2323 separant
3051 2265 3082 2306 a
3108 2249 3266 2305 Patre
3287 2248 3513 2314 Filium,
3539 2244 3656 2302 inid
3681 2242 3792 2314 peri-

2243 2352 2423 2408 culum
2471 2349 2734 2413 incidant,
2786 2355 2846 2401 ut
2892 2345 3106 2401 Patrem
3154 2357 3378 2413 passum
3425 2356 3546 2398 esse
3589 2349 3793 2395 comme-

2244 2451 2479 2501 merent.

2320 2535 2403 2590 M.
2446 2533 2552 2589 Nos
2595 2543 2776 2588 autem
2825 2531 2985 2586 facile
3031 2529 3290 2585 docemus
3353 2528 3424 2584 de
3469 2525 3585 2582 Filii
3633 2522 3797 2577 dictum

2245 2629 2598 2700 operatione;
2632 2642 2755 2679 nam
2788 2632 2843 2679 et
2887 2625 3002 2693 ipse
3041 2637 3239 2692 corpus
3269 2636 3431 2680 Suum
3479 2611 3797 2675 resuscitavit.

2244 2723 2390 2777 sicut
2440 2721 2555 2790 ipse
2601 2717 2738 2772 dixit
2766 2733 2785 2771 :
2812 2717 3012 2772 Solvite
3045 2714 3291 2786 templum
3340 2713 3462 2780 hoc,
3491 2722 3538 2767 et
3565 2711 3615 2764 in
3654 2705 3794 2760 triduo

2246 2815 2559 2872 resuscitubo
2621 2813 2753 2867 illud
2803 2811 2995 2883 (Joan.
3047 2827 3103 2874 ιι,
3156 2810 3282 2881 19).
3327 2810 3399 2865 Et
3451 2809 3562 2879 ipse
3608 2802 3799 2860 viviﬁcat

2249 2927 2351 2964 nos
2382 2925 2502 2963 cmn
2547 2923 2646 2961 suo
2696 2920 2930 2973 corpore
2969 2921 2982 2958 :
3028 2901 3176 2958 Sicut
3225 2902 3367 2956 enim
3419 2899 3572 2955 Pater
3631 2894 3802 2951 suscitat

2251 3013 2479 3056 mortuos
2505 3008 2555 3055 et
2600 3000 2855 3066 vivi/icat;
2901 2997 2975 3052 sic
3004 3005 3050 3050 et
3083 2993 3252 3050 Filius
3281 3010 3415 3064 quos
3457 2993 3584 3058 vult,
3623 2985 3803 3057 viviﬁcat

557 3103 652 3156 per
678 3075 1026 3157 potestatem,
1050 3083 1157 3136 vita
1210 3096 1310 3150 per
1349 3081 1597 3150 gratiam.
1649 3081 1812 3148 Quasi
1851 3083 2144 3139 altissimus
2173 3086 2218 3147 C
2253 3092 2440 3165 (Joan,
2475 3108 2526 3158 ν,
2557 3089 2684 3161 ει),
2736 3090 2800 3144 Ει
2825 3089 2942 3159 ipse
2985 3087 3181 3142 delicta
3219 3084 3448 3141 domm
3489 3084 3664 3139 dicens
3689 3097 3702 3134 ε
3728 3075 3801 3131 pg.

554 3184 740 3243 donat,
775 3177 928 3246 quasi
959 3177 1121 3231 homo
1152 3186 1404 3245 precatur
1437 3194 1449 3228 :
1478 3175 1625 3230 aliud
1674 3177 1962 3239 creatoris.
2005 3177 2148 3232 aliud

556 3271 920 3340 redemptoris
964 3279 1069 3325 est.
1115 3268 1387 3324 Distincta
1431 3269 1579 3335 licet,
1628 3270 1786 3324 unius
1815 3281 1991 3325 tamen
2021 3287 2150 3328 auc-

561 3365 692 3419 toris
724 3361 986 3418 beneﬁcia
1012 3370 1168 3426 sunt;
1200 3360 1549 3416 deeuitenim
1577 3371 1634 3415 ut
1675 3363 1765 3416 ille
1789 3378 1886 3418 nos
1918 3365 2155 3422 redime-

561 3463 665 3520 ret,
693 3455 784 3524 qui
817 3454 1044 3509 creavit.

629 3549 684 3605 9.
715 3548 848 3618 Quis
899 3557 1080 3603 autem
1134 3559 1294 3617 neget
1337 3547 1614 3602 Christum
1659 3564 1784 3605 esse
1829 3549 2154 3607 altissimum

560 3647 965 3718 signiﬁcatum?
1012 3644 1144 3700 Nam
1170 3645 1260 3715 qui
1293 3645 1454 3701 aliter
1508 3645 1692 3706 sentit.
1736 3646 1852 3702 Deo
1893 3645 2038 3700 Patri
2067 3661 2154 3701 sa-

559 3748 899 3794 cramentum
935 3738 1328 3793 incarnationis
1358 3737 1600 3792 ascribit.
1630 3736 1737 3792 Sed
1769 3737 1897 3792 hinc
1924 3735 2160 3792 dubitari

561 3847 666 3886 non
701 3841 881 3900 potest
911 3831 1058 3902 quod
1091 3830 1391 3885 altissimus
1418 3829 1670 3885 Christus
1701 3830 1808 3895 sit;
1839 3845 1960 3886 cum
1997 3829 2160 3885 etiam

565 3924 691 3978 alibi
744 3923 947 3979 dixerit
993 3923 1062 3978 de
1115 3923 1379 3995 mysterio
1423 3924 1691 3993 passionis
1736 3941 1748 3977 :
1797 3923 1947 3978 Dedit
1994 3939 2165 3978 vacem

566 4033 714 4070 suam
759 4017 1076 4085 Altissimus,
1124 4027 1332 4072 etmota
1381 4027 1452 4072 est
1499 4027 1636 4072 terra
1683 4016 1857 4090 (Psal.
1887 4033 2015 4082 xm,
2050 4018 2160 4089 ll).

567 4108 633 4163 Et
661 4108 710 4162 in
739 4107 1033 4179 Evangelio
1063 4110 1231 4163 habes
1261 4127 1273 4160 :
1310 4108 1373 4163 Et
1407 4119 1484 4173 tu,
1511 4126 1658 4178 puer,
1683 4109 1933 4180 propheta
1956 4109 2165 4163 Altissi-

572 4204 638 4254 mi
669 4205 967 4266 vocaberis;
991 4203 1196 4273 prwibis
1234 4204 1371 4255 enim
1396 4212 1517 4257 ante
1539 4204 1724 4273 faciem
1749 4202 1958 4256 Domini
1984 4219 2170 4272 parare

573 4299 680 4350 vias
709 4293 996 4368 ejus(Luc.
1027 4309 1065 4356 ι,
1127 4295 1244 4360 '76).
1299 4295 1398 4360 Qui
1450 4295 1784 4351 altissimus?
1831 4297 1924 4351 Dei
1979 4296 2165 4351 Filius.

577 4389 720 4458 Ergo
746 4387 837 4456 qui
865 4385 1162 4440 altissimus
1190 4388 1356 4454 Deus,
1388 4388 1640 4443 Christus
1675 4401 1779 4444 est.

2252 3189 2412 3241 missa
2441 3196 2558 3240 sunt
2587 3183 2679 3238 tibi
2709 3190 2917 3255 peccata
2947 3191 3034 3235 tua
3063 3180 3081 3251 (
3103 3179 3233 3232 Luc.
3257 3194 3310 3243 ν,
3344 3178 3476 3248 20).
3512 3177 3578 3231 Et
3602 3176 3702 3245 ipse
3723 3167 3806 3226 chi-

2253 3276 2585 3347 rographum
2617 3275 2791 3329 allixit
2827 3271 2996 3337 cruci.
3028 3272 3117 3342 qui
3148 3271 3448 3326 cruciﬁxus
3493 3277 3576 3325 est
3613 3281 3696 3338 per
3714 3276 3807 3317 eut-

2258 3369 2403 3438 poris
2430 3367 2755 3438 passionem.
2788 3365 2896 3421 Nec
2926 3365 3063 3419 alius
3093 3378 3152 3418 se
3173 3377 3397 3417 carnem
3431 3361 3601 3425 exuit,
3622 3357 3710 3413 nisi
3737 3349 3809 3407 Dei

2257 3459 2451 3525 Filius,
2483 3459 2576 3528 qui
2615 3472 2834 3514 carnem
2876 3470 2936 3511 se
2965 3453 3164 3509 induit.
3207 3453 3329 3524 Ipse
3357 3469 3489 3524 ergo
3526 3450 3812 3522 signiﬁcatur

2263 3551 2424 3618 Deus,
2453 3551 2542 3620 qui
2565 3565 2702 3620 opus
2725 3556 2927 3604 nostrai
2950 3545 3376 3602 resurrectionis
3402 3552 3653 3616 operatus
3674 3547 3761 3596 est.

2863 3678 3092 3736 CAPUT
3140 3678 3227 3734 IIl.

2268 3801 2462 3856 Filium
2493 3818 2524 3854 a
2559 3798 2714 3853 Patre
2752 3814 2855 3851 non
2896 3794 3240 3868 separandum
3280 3811 3347 3850 ea:
3391 3793 3637 3865 Apostolo
3660 3784 3813 3853 conﬁr-

2337 3894 2489 3956 mari,
2515 3907 2632 3945 cum
2676 3887 2821 3943 Filio
2864 3905 3063 3958 quoque
3091 3889 3360 3942 conveniat
3387 3889 3586 3942 beatum
3619 3897 3731 3944 esse.
3754 3893 3816 3932 δυ’

2337 3989 2440 4040 lum
2475 3992 2732 4056 potentem
2759 3999 2821 4036 ac
2850 3981 3193 4037 immortalem
3214 4021 3229 4046 ,
3267 3989 3458 4035 natura
3486 3978 3719 4038 videlicet,
3739 3985 3816 4024 uctt

2340 4078 2506 4148 gratia
2533 4093 2634 4148 qua
2661 4075 2762 4145 ipsi
2789 4074 2942 4128 etiam
2964 4074 3135 4142 angeli
3173 4082 3291 4126 sunt
3317 4071 3660 4134 iinmortales;
3687 4074 3726 4121 et
3758 4064 3819 4116 ΙΙ·

2340 4187 2446 4224 cem
2477 4168 2709 4222 habitare
2733 4166 3138 4221 inacccs'sibilem
3161 4180 3180 4219 :
3199 4182 3303 4236 quo
3337 4167 3519 4220 ultimo
3541 4179 3636 4234 qua
3661 4158 3821 4213 ratione

2343 4263 2436 4332 ﬁat
2461 4261 2739 4330 explicato,
2768 4275 2870 4325 quo
2901 4270 3050 4324 pacto
3079 4256 3238 4312 Pater
3255 4258 3424 4324 solus,
3449 4274 3509 4312 ac
3531 4255 3689 4310 Filius
3713 4245 3824 4320 ρανί-

2345 4364 2420 4409 ter
2446 4354 2588 4408 solus
2610 4352 2876 4416 dicantur,
2908 4349 3210 4404 ostenditur.

652 4478 739 4533 10.
772 4476 842 4531 Et
868 4477 1018 4532 solus
1049 4477 1233 4546 utique
1280 4492 1402 4532 cum
1431 4477 1629 4533 dicitur
1673 4480 1835 4546 Deus,
1864 4497 1969 4535 non
2015 4497 2171 4553 sepa-
2200 4463 2248 4523 ί)
2345 4491 2434 4546 15,
2481 4490 2627 4560 Ergo
2653 4504 2774 4544 cum
2805 4489 2938 4561 legis
2977 4489 3168 4555 Deum,
3220 4504 3326 4544 non
3366 4505 3587 4559 separes
3624 4487 3822 4540 Patrem.

579 4577 727 4624 ratur
753 4569 916 4623 etiam
964 4567 1059 4622 Dei
1093 4567 1280 4621 Filius.
1330 4567 1432 4636 Qui
1473 4569 1621 4624 enim
1652 4569 1970 4638 altissimus,
2001 4573 2172 4639 solus,

577 4665 718 4716 sicut
745 4661 1008 4731 scriptum
1039 4669 1119 4714 est
1149 4678 1160 4713 :
1199 4659 1262 4713 Et
1290 4672 1600 4731 cognoscant
1621 4663 1862 4733 quoniam
1880 4680 2062 4718 nomen
2088 4667 2179 4719 tibi

579 4754 860 4821 Dominus,
904 4763 958 4807 tu
999 4753 1143 4808 solus
1201 4753 1485 4808 altissimus
1533 4770 1687 4824 super
1734 4772 1930 4810 omnem
1984 4768 2172 4812 terram

582 4845 759 4915 (Psal.
795 4861 1003 4911 Luxu,
1037 4844 1147 4919 19).

656 4941 742 4995 Η.
773 4939 926 4996 Unde
967 4942 1128 4996 etiam
1167 4941 1297 4996 illud
1354 4943 1638 5012 explosum
1693 4953 1794 5009 est,
1827 4945 1968 5015 quod
1997 4945 2174 5001 solent

577 5035 643 5089 ad
674 5035 1002 5090 calumniam
1044 5035 1317 5100 derivare,
1349 5036 1476 5107 quia
1513 5036 1581 5093 de
1613 5039 1721 5093 Deo
1751 5039 2014 5108 scriptum
2044 5048 2127 5094 est
2157 5057 2170 5094 :

588 5127 691 5194 Qui
715 5127 856 5181 solus
878 5128 1026 5182 habet
1048 5129 1505 5192 immortalitatem,
1536 5142 1584 5184 et
1613 5132 1780 5184 lucem
1809 5130 2004 5188 habitat
2033 5133 2177 5186 inac-

580 5219 866 5274 cessibilem
911 5219 954 5290 (ἰ
984 5219 1117 5275 Tim.
1159 5236 1233 5280 vr.
1274 5221 1358 5292 l6)
1395 5221 1503 5286 ;de
1557 5222 1668 5277 Deo
1721 5225 1864 5278 enim
1914 5227 2175 5294 scriptum

585 5322 686 5378 est,
721 5313 864 5382 quod
893 5324 976 5368 est
1004 5330 1291 5370 commune
1320 5331 1514 5370 nomen
1548 5317 1690 5370 Patri
1719 5329 1774 5373 et
1804 5318 1959 5374 Filio.

651 5405 937 5479 49912.
979 5407 1112 5462 Nam
1139 5410 1184 5462 si
1231 5398 1560 5478 ubicumque
1593 5408 1762 5463 Deum
1811 5410 2018 5479 legunt,
2077 5428 2176 5468 ne-

581 5506 712 5569 gant
737 5502 901 5555 etiam
959 5499 1155 5556 Filium
1178 5500 1482 5571 designari;
1512 5509 1567 5556 et
1604 5500 1752 5572 impii
1802 5513 1948 5570 sunt,
1980 5503 2178 5560 divini-

577 5685 586 5695 '
639 5620 676 5698 Λα
719 5615 843 5670 Mss.
865 5616 1213 5698 complures,
1271 5615 1410 5698 _Ergo
1510 5612 1874 5698 Deus._.blale,
1933 5614 2178 5698 nisi_per

574 5686 1066 5758 interrogationem
1101 5696 1197 5742 aut
1224 5687 1638 5746 admirationem
1661 5686 1868 5747 dictum
1893 5686 2164 5760 accipias,

2275 4599 2380 4639 non
2412 4598 2636 4653 separes
2664 4582 2895 4648 Filium;
2945 4583 3072 4653 quia
3117 4581 3291 4637 deitas
3335 4594 3390 4638 et
3440 4582 3609 4638 Patris
3648 4586 3698 4633 et
3727 4569 3825 4630 Filii

2274 4690 2381 4730 una
2403 4674 2701 4745 eademque
2729 4682 2833 4730 est.
2863 4674 2933 4732 Et
2953 4674 3075 4729 ideo
3099 4689 3199 4730 nec
3231 4673 3303 4730 ibi
3325 4689 3570 4745 separes,
3611 4671 3690 4726 ubi
3719 4664 3828 4735 legis

2273 4768 2397 4837 quia
2447 4767 2620 4822 beatus
2650 4777 2697 4822 et
2733 4767 2874 4822 solus
2913 4777 3120 4839 potens;
3153 4772 3182 4810 ιι
3211 4767 3280 4822 de
3319 4767 3432 4823 Deo
3473 4766 3613 4822 enim
3655 4763 3826 4817 dictum

2272 4870 2377 4928 est,
2409 4861 2548 4916 sicut
2580 4860 2786 4915 habes:
2831 4858 3091 4928 Prwcipio
3137 4875 3311 4913 coram
3359 4858 3486 4926 Deo,
3531 4857 3617 4928 qui
3645 4851 3830 4920 vivi/ica!

2281 4952 2451 5005 omnia
2482 4951 2533 5022 (1
2555 4950 2692 5006 Tim.
2724 4965 2796 5014 vr,
2827 4951 2960 5019 l3);
2992 4950 3088 5005 sed
3118 4951 3280 5005 etiam
3308 4948 3559 5005 Christus
3598 4941 3826 5000 viviﬁcat:

2281 5043 2535 5099 convenit
2559 5057 2690 5115 ergo
2723 5053 2777 5098 et
2809 5042 2954 5098 Patri
2987 5051 3043 5097 et
3067 5041 3208 5097 Filio
3255 5043 3350 5098 Dei
3382 5057 3607 5105 nomen;
3647 5032 3830 5109 quando

2277 5136 2532 5190 convenit
2558 5143 2610 5190 et
2638 5134 2969 5205 operationis
2990 5132 3233 5188 effectus.
3274 5134 3435 5206 500
3473 5131 3829 5199 Persequamul’

2278 5236 2592 5288 eteadem.
2629 5227 2908 5296 Principio,
2940 5226 3134 5296 inquit,
3180 5243 3354 5281 coram
3377 5224 3488 5280 Deo
3534 5223 3623 5294 qui
3647 5218 3830 5287 viviﬁcat

2279 5321 2471 5382 omnia,
2505 5331 2552 5374 et
2575 5318 2781 5374 Christo
2811 5318 2963 5372 Jesu.

2355 5414 2441 5468 16.
2479 5412 2533 5467 ln
2569 5413 2678 5468 Deo
2707 5422 2791 5468 est
2815 5413 2977 5467 etiam
3007 5410 3267 5477 Verbum,
3297 5411 3437 5466 sicut
3464 5409 3712 5478 scriptum
3731 5410 3826 5456 esl:

2285 5505 2349 5561 In
2380 5507 2487 5561 Deo
2509 5505 2733 5560 laudabo
2764 5504 2987 5561 Verbum
3008 5505 3026 5575 (
3047 5503 3194 5559 Psal.
3223 5519 3288 5559 LV
3313 5544 3330 5571 ,
3354 5503 3476 5574 11).
3505 5503 3564 5558 ιιι
3596 5502 3698 5557 Deo
3715 5506 3828 5550 scmc

2289 5619 2376 5688 ubi
2409 5618 2670 5688 particula
2705 5628 2752 5672 et
2777 5628 2926 5674 esset
2954 5614 3332 5688 expungenda.

2346 5686 2376 5729 δ
2411 5682 2588 5760 Edit.,
2616 5689 2680 5745 de
2709 5705 2769 5746 eo
2792 5689 2961 5754 enim;
2984 5682 3236 5757 uiss.,'de
3270 5682 3378 5742 Deo
3407 5684 3561 5755 enim,
3583 5690 3680 5740 etc.
