3932 6176
116 288 208 347 595

1450 295 1537 351 DE
1578 295 1737 354 FIDE
1778 296 1908 354 LIB.
1958 299 2046 353 Ill.

3300 301 3406 358 594

112 413 309 480 piterna
331 423 427 465 sua
454 419 477 447 ιι
502 409 675 464 virtus
701 420 780 465 est
805 411 998 466 Jesus:
1029 413 1080 467 in
1110 412 1220 468 Deo
1248 413 1410 484 igitur
1436 417 1700 473 unitatem
1729 421 1780 481 Λ
1807 420 1850 474 si
1880 435 1985 475 non
2019 420 2284 476 moriatur
2309 430 2403 475 aut
2434 431 2642 491 peccet,
2673 435 2844 490 capax
2873 429 3054 474 tamen
3097 419 3280 474 omnis
3321 431 3404 476 est

112 501 416 570 divinitatis,
471 502 522 556 in
569 503 767 559 Christi
809 515 990 560 autem
1040 507 1258 562 nomine
1308 508 1702 567 incarnationis

114 592 427 650 testificatus
476 603 560 650 est
585 605 1010 652 sacramentum.

173 691 260 743 17.
306 689 549 759 Denique
578 698 637 743 ut
662 689 730 745 de
762 691 1138 748 incarnatione
1165 690 1368 750 Christi
1401 710 1460 751 se
1489 696 1697 752 dixisse

108 783 433 847 ostenderet,
477 783 764 839 subdidit:
795 784 898 850 Qui
943 787 1286 841 testimonium
1329 789 1556 844 reddidit
1604 793 1696 846 sub

110 873 292 928 Pontio
340 873 513 929 Pilato
557 877 739 929 bonam
786 876 1193 946 confessionem;
1247 888 1302 932 ut
1343 895 1510 935 serves
1552 898 1698 937 man-

109 970 278 1021 datum
307 969 419 1021 sine
448 968 648 1022 macula
697 985 855 1039 usque
884 971 937 1023 in
982 970 1254 1023 adventum
1287 970 1496 1027 Domini
1535 976 1696 1029 nostri

105 1059 221 1116 Iesu
249 1061 445 1115 Christi
477 1079 495 1116 :
521 1078 669 1132 quem
695 1064 803 1117 suis
833 1065 1148 1134 temporibus
1177 1067 1408 1121 ostendet
1433 1069 1610 1123 beatus
1650 1080 1697 1124 et

107 1152 238 1206 solus
271 1161 478 1220 potens,
508 1168 600 1205 rea:
641 1167 844 1223 regum,
894 1163 940 1206 et
979 1151 1237 1208 Dominus
1276 1155 1696 1222 dominantium;

105 1244 181 1312 qui
215 1244 360 1297 solus
392 1243 543 1297 habet
585 1244 1047 1310 immortalitatem,
1078 1255 1126 1298 et
1171 1251 1338 1299 lucem
1384 1247 1580 1301 habitat
1612 1250 1692 1302 in-

107 1336 449 1390 accessibilem
465 1355 477 1390 :
494 1353 643 1407 quem
659 1337 784 1390 vidit
807 1338 1070 1391 hominum
1097 1354 1267 1405 nemo,
1287 1339 1376 1393 sed
1405 1356 1496 1394 nec
1521 1340 1696 1395 videre

109 1439 259 1498 potest
279 1429 300 1502 (
324 1427 344 1482 l
365 1427 502 1484 Tim.
521 1445 596 1496 vt,
613 1430 680 1486 l3
703 1441 750 1484 et
777 1430 933 1501 seq.).
963 1431 1103 1502 Ergo
1130 1431 1197 1486 de
1215 1431 1328 1488 Deo
1356 1433 1471 1488 ba-c
1485 1434 1690 1504 scripta

107 1533 244 1586 sunt,
271 1523 429 1592 cujus
459 1523 696 1579 nominis
724 1535 778 1580 et
806 1524 1045 1596 dignitas
1071 1535 1126 1580 et
1157 1525 1359 1581 veritas
1387 1529 1693 1583 communis

107 1625 178 1670 est
210 1615 374 1671 Filio.

169 1709 257 1764 18.
299 1707 412 1764 Cur
455 1709 617 1781 igitur
667 1709 769 1765 hoc
819 1710 939 1766 loco
986 1711 1156 1767 Filius
1209 1721 1517 1782 separatur,
1569 1729 1690 1769 cum

104 1802 257 1855 etiam
288 1799 432 1856 Filio
462 1802 578 1856 bare
601 1811 794 1856 cuncta
813 1802 1166 1857 conveniant?
1189 1805 1295 1858 Aut
1331 1804 1376 1860 si
1421 1820 1526 1858 non
1556 1819 1688 1859 con-
1723 1817 1771 1878 Β

105 1893 344 1960 veniant,
378 1909 509 1964 nega
543 1893 793 1960 Deum;b
828 1903 884 1948 ut
907 1909 1071 1965 neges
1101 1910 1222 1966 quae
1256 1895 1369 1951 Deo
1410 1905 1536 1951 sunt
1557 1911 1691 1951 con-

104 1986 393 2040 venientia.
423 1986 624 2042 Beatus
651 1986 835 2058 negari
864 2001 972 2042 non
997 1997 1197 2058 potest,
1221 1992 1310 2059 qui
1335 1989 1693 2046 beatitudines

103 2076 293 2132 donat:
334 2075 487 2131 Beati
539 2077 682 2133 enim
727 2078 909 2149 quibus
951 2081 1180 2134 remissa:
1228 2093 1348 2135 sunt
1399 2081 1694 2152 iniquitates

103 2170 283 2243 (Psal.
310 2187 460 2239 snt,
486 2171 569 2239 1).
596 2171 795 2228 Beatus
817 2174 999 2244 negari
1024 2190 1129 2228 non
1155 2182 1352 2245 potest,
1387 2176 1478 2246 qui
1501 2191 1691 2230 sanam

104 2264 395 2320 doctrinam
429 2265 638 2330 tribuit,
669 2267 810 2322 sicut
830 2268 1091 2337 scriptum
1116 2278 1202 2323 est
1227 2287 1241 2323 :
1268 2285 1384 2338 qua:
1407 2281 1481 2324 est
1509 2287 1694 2324 secun-

103 2358 220 2412 dum
253 2357 596 2430 Evangelium
644 2360 896 2414 claritatis
945 2362 1079 2414 beati
1125 2360 1224 2415 Dei
1275 2361 1468 2434 (lTim.
1502 2379 1539 2428 ι,
1569 2363 1689 2434 11).

105 2451 292 2508 Potens
316 2454 481 2509 abnui
510 2471 618 2509 non
665 2463 864 2524 potest,
902 2455 970 2512 de
990 2472 1097 2527 quo
1124 2456 1290 2511 Pater
1318 2458 1452 2512 dicit
1485 2474 1502 2513 :
1531 2457 1694 2513 Posui

102 2546 416 2619 adjutorium
439 2563 595 2618 super
620 2557 877 2619 potentem
907 2547 1096 2622 (Psal.
1132 2565 1389 2614 Lxxxvm,
1422 2549 1548 2622 9.0).
1592 2551 1695 2605 lm-

101 2642 483 2696 mortalitatem
529 2650 709 2698 autem
757 2642 878 2712 ejus
908 2643 1028 2713 quis
1058 2643 1257 2699 audeat
1285 2644 1524 2712 difﬁteri,
1571 2659 1692 2700 cum

99 2737 258 2790 etiam
296 2736 420 2790 aliis
462 2736 928 2792 immortalitatem
984 2738 1099 2808 ipse
1146 2738 1373 2808 largitus
1417 2741 1510 2806 sit,
1556 2740 1695 2794 sicut

83 2831 354 2900 scriptum
384 2840 467 2884 est
493 2829 563 2886 de
584 2831 853 2901 sapientia
884 2831 980 2886 Dei
1016 2847 1033 2884 :
1066 2829 1169 2885 Per
1206 2831 1342 2886 hanc
1373 2832 1568 2888 habebo
1597 2834 1693 2886 im-

101 2923 461 2978 mortalitatem
490 2922 657 2994 (δίῳ.
684 2938 800 2990 VIII,
832 2925 956 2993 15).

166 3015 260 3071 19.
298 3014 404 3072 Sed
434 3016 538 3070 alia
576 3017 956 3072 immortalitas
1005 3031 1117 3070 suae
1148 3026 1376 3084 naturae,
1417 3018 1524 3073 alia
1571 3035 1696 3074 nos-

104 3119 213 3164 trm.
249 3110 363 3168 Non
392 3121 520 3166 sunt
546 3110 751 3182 fragilia
775 3111 1138 3181 comparanda
1171 3111 1410 3167 divinis:
1437 3129 1541 3166 una
1579 3113 1690 3167 sola

1802 523 2092 569 creatura:
2129 529 2230 570 nec
2279 531 2344 570 ex
2389 515 2678 570 immortali
2724 523 2914 568 natura
2965 513 3151 580 habet,
3205 513 3300 569 sed
3332 529 3398 570 ex

1800 606 2084 678 disciplina
2124 610 2211 664 vel
2246 609 2441 680 gratia,
2467 610 2511 664 si
2541 625 2601 664 se
2626 611 2678 663 in
2728 608 2999 680 aliquibus
3030 609 3096 664 ad
3125 610 3256 664 vitia
3291 625 3398 665 non

1801 711 1992 758 mutat.
2020 705 2138 758 Alia
2159 721 2289 776 ergo
2312 705 2694 760 immortalitas
2715 722 2835 774 qua:
2858 705 3111 773 donatur,
3136 707 3239 762 alia
3279 723 3402 780 quae

1801 799 1917 854 sine
1955 801 2254 869 capacitate
2287 801 2664 856 mutabilitatis
2695 813 2780 856 est
2809 817 3048 872 semper.

1869 893 1960 948 2i.
2001 893 2082 948 An
2113 905 2337 964 negatur
2360 894 2686 950 immortalis
2714 894 2970 949 divinitas
2999 893 3228 961 Christi,
3261 898 3386 966 quia

1805 986 1858 1041 in
1883 1001 2048 1042 Carne
2100 1001 2198 1056 pro
2227 987 2478 1042 omnibus
2524 996 2752 1043 mortem
2785 989 3048 1058 gustavit?
3087 988 3245 1060 501
3281 988 3400 1044 Jam

1799 1095 1931 1150 ergo
1977 1081 2170 1134 melior
2207 1079 2424 1135 Gabriel
2478 1095 2639 1151 quam
2669 1079 2948 1145 Christus;
2992 1081 3119 1151 quia
3150 1081 3242 1135 ille
3294 1095 3402 1135 non

1797 1180 1880 1226 est
1918 1171 2228 1237 defunctus,
2263 1172 2351 1226 hic
2377 1183 2625 1227 mortuus
2652 1182 2753 1228 est.
2789 1172 2895 1228 Sed
2942 1187 3047 1228 non
3097 1182 3181 1228 est
3208 1189 3399 1229 servus

1795 1279 1956 1334 supra
2003 1264 2282 1319 dominum
2318 1265 2546 1336 (Matth.
2595 1283 2648 1331 κ,
2681 1265 2823 1337 24);
2854 1267 2956 1320 alia
3009 1267 3154 1321 enim
3209 1269 3391 1323 carnis

1798 1356 2107 1423 inﬁrmitas,
2157 1359 2262 1412 alia
2313 1357 2612 1413 divinitatis
2665 1358 2942 1413 :eternitas
2975 1376 2986 1412 :
3021 1374 3166 1413 mors
3216 1360 3398 1414 carnis

1797 1459 1902 1513 est,
1941 1449 2317 1504 immortalitas
2349 1450 2654 1520 potestatis.
2692 1450 2846 1517 Quod
2897 1453 2941 1505 si
2986 1451 3243 1507 divinitas
3274 1451 3401 1507 fecit

1797 1558 1864 1597 ne
1885 1557 2014 1597 caro
2035 1542 2246 1598 videret
2264 1544 2693 1613 corruptionem,
2720 1560 2839 1613 quae
2864 1545 3052 1615 utique
3074 1547 3397 1615 corruptelae

1797 1645 1916 1690 erat
1959 1635 2190 1690 obnoxia
2235 1651 2330 1705 per
2375 1645 2657 1698 naturam;
2704 1635 2980 1704 quomodo
3023 1639 3158 1690 mori
3217 1648 3402 1706 posset

1793 1727 1911 1798 ipsa
1941 1728 2240 1783 divinitas?

1869 1821 1961 1876 22.
2001 1821 2287 1890 Quomodo
2345 1831 2524 1877 autem
2574 1823 2749 1877 lucem
2814 1821 3242 1878 inaccessibilem
3296 1836 3404 1877 non

1797 1913 2007 1968 habitat
2056 1913 2257 1980 Filius,
2294 1930 2416 1969 cum
2449 1915 2500 1968 in
2543 1915 2664 1969 sinn
2697 1915 2873 1968 Patris
2923 1914 3092 1969 Filius
3124 1913 3199 1970 sit
3243 1933 3258 1969 :
3315 1914 3403 1969 lux

1797 2015 1978 2061 autem
2008 2008 2188 2074 Pater,
2211 2012 2305 2062 lux
2334 2009 2497 2063 etiam
2527 2007 2644 2076 ipse
2668 2008 2738 2061 sit
2766 2006 2962 2070 Filius;
2985 2007 3112 2077 quia
3139 2007 3286 2062 Deus
3307 2006 3401 2060 lux

1797 2108 1882 2154 est
1913 2099 2105 2170 (Joan.
2137 2115 2176 2165 ι,
2201 2098 2298 2170 9)?
2323 2097 2430 2153 Aut
2467 2098 2512 2152 si
2561 2099 2722 2153 aliam
2756 2099 2930 2154 lucem
2973 2097 3405 2153 inaccessibilem

1798 2191 1900 2245 nisi
1930 2190 2152 2244 deitatis
2178 2201 2451 2260 putamus,
2479 2190 2736 2260 numquid
2769 2189 2964 2243 melior
2986 2188 3260 2244 Patrelux
3289 2196 3403 2251 est;

1798 2292 1856 2338 ut
1885 2298 1991 2338 non
2025 2283 2096 2337 sit
2128 2284 2178 2336 in
2213 2285 2355 2349 luce,
2389 2284 2480 2352 qui
2531 2283 2670 2336 sicut
2717 2277 2978 2350 scriptum
3025 2289 3130 2346 est,
3173 2290 3229 2334 et
3259 2279 3401 2348 apud

1799 2362 2011 2430 Patrem
2045 2387 2151 2442 est,
2192 2384 2246 2428 et
2277 2375 2328 2428 in
2362 2374 2523 2428 Patre
2563 2372 2762 2444 (Ibid.
2789 2372 2882 2442 '2)?
2933 2372 3050 2425 Non
3079 2387 3211 2441 ergo
3242 2385 3400 2441 sepa-

1798 2480 1920 2524 rent
1946 2469 2162 2528 Filinm.
2194 2485 2316 2524 eum
2356 2470 2534 2539 legunt
2568 2469 2742 2522 solum
2787 2467 2957 2521 Deum
2997 2484 3010 2520 :
3051 2482 3151 2521 nec
3181 2466 3398 2522 Patrem

1797 2573 2074 2634 separent,
2107 2577 2228 2617 cum
2264 2562 2451 2631 legunt
2481 2560 2676 2615 Filium
2709 2560 2907 2614 solum.

1867 2656 1960 2711 9'5.
2001 2654 2058 2709 In
2106 2655 2270 2709 terris
2301 2653 2474 2708 Filius
2513 2653 2636 2706 sine
2677 2652 2839 2706 Patre
2872 2666 2980 2705 non
3011 2659 3116 2715 est,
3149 2659 3204 2704 et
3239 2657 3400 2720 putas

1798 2747 1920 2818 quia
1953 2748 2112 2801 Pater
2132 2746 2251 2800 sine
2276 2744 2416 2800 Filio
2442 2745 2514 2799 sit
2543 2744 2596 2797 in
2621 2743 2788 2799 ρωιηῖ
2815 2743 2871 2798 in
2897 2757 3060 2797 carne
3089 2754 3174 2797 est
3203 2740 3399 2804 Filius,

1799 2854 1919 2894 cum
1945 2839 2068 2893 dico
2093 2839 2145 2892 in
2170 2853 2333 2892 carne
2358 2846 2462 2903 est,
2485 2837 2568 2891 vel
2599 2837 2650 2891 in
2679 2835 2861 2903 terris,
2893 2833 3193 2889 secundum
3220 2831 3400 2886 Evan-

1799 2932 1923 3003 gelii
1951 2941 2194 3001 tempora
2224 2931 2449 3000 loquor;
2480 2943 2625 2984 nunc
2651 2929 2798 2983 enim
2829 2926 3130 2983 secundum
3169 2940 3393 2980 carnem

1794 3025 1903 3096 jam
1937 3041 2043 3080 non
2089 3025 2336 3079 novimus
2385 3022 2663 3078 Christum
2714 3022 2792 3092 (Il
2825 3020 2944 3076 Cor.
2978 3037 3033 3089 ν,
3069 3020 3208 3090 16);
3253 3035 3386 3090 ergo

1799 3119 1853 3172 in
1883 3132 2047 3172 carne
2093 3126 2174 3171 est
2229 3115 2422 3179 Filius,
2455 3124 2508 3169 et
2559 3115 2705 3168 solus
2740 3128 2844 3167 non
2900 3122 3004 3176 est,
3058 3110 3359 3166 secundum

104 3205 402 3260 substantia
432 3205 736 3260 divinitatis
765 3215 872 3272 est,
902 3221 1024 3276 qua:
1052 3204 1190 3260 mori
1241 3207 1432 3259 nescit.
1465 3204 1618 3261 Unde
1635 3215 1691 3260 et
1716 3207 1762 3270 C
1794 3210 1936 3281 quod
1983 3209 2247 3280 scriptum
2295 3217 2419 3262 est:
2453 3205 2518 3260 Et
2548 3224 2650 3260 non
2700 3223 2814 3259 sum
2857 3204 3022 3270 solus,
3058 3205 3180 3275 quia
3233 3202 3395 3257 Pater

105 3299 414 3367 Apostolus,
444 3315 567 3354 cum
600 3298 767 3353 sciret
795 3309 850 3354 et
877 3299 1114 3353 animam
1142 3307 1198 3354 et
1221 3299 1440 3370 angelos
1473 3299 1695 3354 immor-

107 3391 260 3459 tales,
291 3392 434 3464 quod
460 3393 610 3448 solus
633 3392 777 3447 Deus
825 3391 1287 3447 immortalitatem
1333 3391 1529 3448 habeat
1560 3408 1699 3463 pra:-

107 3484 322 3540 dicavit.
369 3485 503 3540 Nam
547 3495 602 3540 et
638 3487 816 3540 anima
863 3486 1095 3540 moritur
1124 3501 1138 3537 :
1166 3485 1352 3539 Anima
1398 3485 1534 3539 enim
1583 3498 1698 3555 quia

111 3587 302 3644 peccat,
325 3578 439 3645 ipsa
460 3579 710 3632 morietur
734 3576 959 3648 (Ezeclt.
987 3592 1144 3643 xvm,
1170 3577 1302 3647 20);
1330 3593 1432 3634 nec
1461 3579 1696 3648 Angelus

111 3667 427 3724 immortalis
476 3678 561 3724 est
623 3668 962 3733 naturaliter,
1011 3669 1167 3739 cujus
1215 3669 1592 3724 immortalitas
1642 3670 1694 3723 io

115 3762 384 3817 voluntate
414 3771 501 3817 est
526 3759 833 3816 Creatoris.

174 3853 268 3907 20.
309 3853 491 3924 Neque
513 3852 578 3908 ad
603 3852 976 3924 prtejudicium
1002 3853 1207 3920 trahas,
1235 3851 1380 3924 quod
1401 3868 1506 3907 non
1532 3856 1700 3907 mori-

115 3954 196 4000 tnr
239 3945 477 4013 Gabriel,
530 3961 636 4003 non
684 3947 913 4002 moritur
963 3947 1227 4016 Raphael,
1258 3958 1280 3984 ο
1310 3929 1416 4001 non
1469 3946 1700 4001 moritur

120 4039 362 4108 lJriel;et
384 4045 435 4098 in
461 4043 594 4114 ipsis
616 4042 762 4098 enim
799 4054 1009 4097 naturae.
1047 4043 1322 4112 capacitas
1357 4042 1490 4096 vitio
1531 4041 1700 4096 obno-

118 4135 215 4196 xia.
246 4136 337 4190 sed
367 4153 474 4191 non
505 4135 736 4191 obnoxia
764 4135 1088 4205 disciplima.
1123 4134 1310 4190 Omnis
1338 4137 1483 4191 enim
1533 4135 1701 4189 ratio-

122 4229 305 4283 nabilis
331 4240 579 4285 creatura
623 4229 924 4284 accidentia
962 4229 1174 4299 recipit,
1205 4236 1262 4286 et
1289 4229 1531 4299 subjecta
1555 4227 1704 4298 judi-

121 4320 201 4373 cio
237 4333 334 4376 est.
383 4323 440 4378 in
475 4321 848 4378 accidentibus
891 4332 1070 4378 autem
1119 4331 1175 4378 et
1214 4321 1598 4392 paenajudicii,
1651 4331 1707 4377 et

125 4417 414 4484 corruptela
456 4425 562 4481 est,
611 4424 666 4470 et
711 4414 1004 4485 profectus.
1061 4414 1213 4470 Unde
1242 4425 1296 4469 et
1348 4413 1704 4470 Ecclesiastes

127 4503 195 4557 ait
223 4525 232 4557 :
264 4508 517 4574 Quoniam
549 4524 700 4562 omne
725 4523 856 4578 Opus
877 4524 1026 4562 suum
1061 4505 1200 4562 Deus
1230 4507 1452 4560 adducet
1483 4508 1536 4560 in
1556 4508 1708 4581 judi-

1796 3319 1996 3358 mecum
2042 3313 2114 3358 est
2146 3299 2341 3372 (Joan.
2372 3316 2488 3368 vtu,
2515 3297 2653 3370 {6);
2688 3308 2741 3354 et
2773 3307 2930 3368 putas
2961 3297 3106 3368 quod
3137 3297 3205 3351 sit
3237 3295 3400 3351 Pater

1796 3398 1944 3452 solus
1974 3397 2026 3450 in
2057 3395 2218 3451 luce?

1867 3492 1958 3552 24‘.
2004 3499 2075 3549 At
2105 3508 2172 3547 nc
2206 3493 2308 3547 hoc
2334 3490 2361 3528 ἀ
2391 3500 2771 3562 argumentum
2804 3498 2986 3560 putes,
3019 3489 3204 3558 accipe
3235 3488 3399 3542 etiam

1797 3586 2165 3641 testimonium
2195 3602 2208 3637 :
2237 3583 2424 3647 Deum,
2452 3583 2648 3651 inquit,
2676 3596 2824 3635 nemo
2850 3580 2979 3634 vidit
3003 3593 3270 3647 umquam,
3297 3577 3399 3629 nisi

1800 3679 2098 3749 unigenitus
2127 3674 2324 3741 Filius,
2353 3675 2442 3745 qui
2470 3683 2542 3727 est
2569 3673 2621 3725 in
2652 3673 2770 3725 sinu
2818 3670 3014 3736 Patris,
3052 3671 3163 3740 ipse
3189 3685 3402 3722 enarra-

1798 3770 1868 3823 vit
1898 3768 2092 3840 (Joan.
2137 3783 2176 3831 ι,
2215 3765 2332 3835 18).
2377 3764 2662 3833 Quomodo
2691 3763 2839 3817 solus
2871 3761 3055 3825 Pater,
3103 3760 3150 3814 si
3178 3759 3230 3813 in
3279 3759 3404 3814 sinu

1803 3863 1974 3918 Patris
2004 3861 2173 3915 Filius
2203 3860 2311 3914 est?
2349 3857 2625 3929 quomodo
2664 3867 2908 3920 enarrat,
2967 3867 3128 3923 quem
3158 3867 3264 3907 non
3313 3852 3396 3906 vi-

1802 3953 1940 4010 det?
1972 3953 2090 4008 Non
2121 3966 2252 4022 ergo
2280 3950 2429 4004 solus
2462 3949 2642 4002 Pater.

1871 4047 1962 4102 25.
2007 4046 2203 4114 Accipe
2236 4059 2381 4098 nunc
2426 4053 2480 4096 et
2523 4041 2700 4096 solum
2748 4039 2987 4102 Patrem,
3013 4049 3067 4093 et
3107 4037 3282 4092 solum
3313 4036 3410 4091 Fi-

1804 4139 1955 4193 lium.
1989 4130 2153 4194 Solus
2183 4136 2368 4200 Pater,
2401 4133 2524 4206 quia
2574 4133 2712 4187 alius
2739 4131 2900 4185 Pater
2930 4146 3036 4184 non
3090 4138 3174 4184 est
3207 4146 3219 4181 :
3250 4127 3404 4183 solus

1809 4230 2004 4294 Filius,
2034 4229 2161 4299 quia
2190 4227 2332 4282 alius
2360 4226 2530 4282 Filius
2559 4239 2666 4279 non
2703 4231 2787 4278 est
2819 4241 2832 4277 :
2865 4221 3017 4277 solus
3070 4221 3230 4285 Deus,
3281 4219 3407 4289 quia

1809 4321 2202 4378 una'divinitas
2230 4320 2515 4376 Trinitatis
2543 4329 2646 4374 est.
2707 4378 2714 4383 ,

2439 4412 2668 4470 CAPUT
2709 4412 2798 4467 IV.

1812 4508 2069 4564 Christum
2101 4526 2201 4563 non
2234 4509 2332 4562 nisi
2377 4508 2658 4562 secundum
2685 4521 2891 4560 carnem
2925 4506 3119 4575 factum
3167 4500 3374 4555 narrari
3399 4519 3418 4567 ,-

129 4596 430 4668 cium(Eccl.
457 4617 551 4666 χιι,
579 4601 686 4669 Μ).
716 4599 1193 4669 Ενεοροιτιιριθιιιε
1209 4609 1266 4654 et
1288 4599 1502 4662 mortis,
1521 4599 1700 4653 etiam-

1887 4603 2076 4676 quippe
2103 4603 2188 4674 qui
2211 4613 2266 4656 ut
2291 4602 2520 4655 homines
2563 4601 2860 4664 redimeret,
2896 4613 2998 4650 non
3027 4593 3220 4667 eguerit
3266 4591 3418 4664 adju-

200 4747 232 4820 ι.
269 4737 435 4796 Virtus
463 4751 539 4796 est
569 4740 744 4805 Jesus,
793 4755 895 4794 vox
935 4739 1122 4794 ultima
1150 4738 1204 4794 in
1253 4753 1384 4794 mss.
1428 4738 1707 4811 plerisque

133 4821 316 4864 οιιιιςετι
346 4823 446 4867 CSI.

200 4879 227 4916 δ
262 4881 368 4938 Νοιι
395 4885 550 4953 pauci
586 4897 745 4948 mss.,
774 4881 905 4937 sicut
957 4898 1112 4953 negas
1137 4896 1252 4952 quae
1279 4879 1389 4936 Deo
1415 4892 1534 4936 sunt
1583 4899 1709 4936 con-

133 4958 398 5014 sequentia.
820 4983 830 4992 -

209 5033 230 5060 ι’
268 5023 382 5080 Non
431 5027 655 5082 moritur
699 5023 867 5090 Uriel,
899 5024 1054 5080 abest
1088 5038 1118 5078 a
1156 5038 1287 5079 mss.
1337 5038 1442 5079 non
1493 5025 1708 5091 paucis;

135 5106 252 5148 cum
275 5109 446 5153 autem
469 5099 523 5152 in
553 5098 677 5151 aliis
725 5096 1046 5166 quibusdam
1084 5105 1139 5151 et
1162 5095 1373 5150 cunctis
1393 5094 1525 5149 edit.
1555 5096 1707 5149 inve-

138 5166 325 5238 niatur,
349 5169 482 5224 nihil
505 5167 755 5238 prohibet
775 5167 904 5238 quin
926 5166 1199 5238 Ambrosii
1221 5181 1344 5221 esse
1359 5166 1707 5238 arbitremur.

139 5234 334 5310 [Etenim
361 5234 612 5310 quamvis
643 5239 712 5292 cl.
749 5234 831 5293 vir
866 5238 915 5292 .I.
968 5237 1028 5291 Β.
1059 5237 1348 5292 'l‘biersius
1379 5237 1433 5290 in
1448 5238 1610 5310 epist.
1645 5236 1710 5310 ad

140 5303 325 5386 Lucam
356 5303 648 5386 Acherium
692 5310 778 5366 τὸν
824 5311 1111 5386 μκαρρτηχ
1156 5303 1498 5386 argumentis
1527 5308 1713 5386 _pluri-

142 5376 261 5441 IIIIS.
278 5382 507 5436 maxime
535 5396 668 5435 vero
717 5376 1044 5435 testimoniis
1072 5376 1250 5434 Caroli
1298 5379 1493 5445 Magni,
1527 5379 1710 5432 Ilaito-

142 5448 567 5519 nisBasileensis,
586 5451 805 5506 concilii
822 5453 1098 5506 Aurelian.
1119 5461 1173 5505 et
1189 5455 1343 5504 conc.
1367 5451 1524 5504 Rom.
1542 5465 1597 5512 ιι,
1617 5449 1717 5504 sub

143 5516 389 5577 Zacharia
414 5516 693 5591 pontiﬁce,
717 5539 783 5577 ex
809 5523 1123 5591 angelormn
1153 5522 1277 5576 albo
1300 5521 1715 5591 expungendum

145 5604 265 5657 esse
288 5592 424 5648 hunc
489 5595 732 5652 Urielcm
794 5593 1288 5657 tit-monstraverit;
1351 5605 1529 5647 tamen
1596 5607 1718 5646 cum

147 5650 300 5734 lib-tv
329 5650 532 5730 Esdra',
559 5665 651 5719 ubi
681 5680 876 5719 nomen
901 5666 1032 5718 illud
1061 5650 1584 5734 saepius'occurrere
1630 5678 1726 5732 ag-

150 5734 633 5805 umithhiersius,
653 5751 752 5805 pro
777 5738 1041 5790 canonico
1057 5751 1129 5788 szr
1139 5735 1256 5805 pius
1272 5735 1593 5801 Ambrosius
1608 5735 1721 5787 lau-

151 5789 372 5864 alaveritl
397 5789 632 5860 sanati
655 5789 1040 5872 'tluhiumqttin
1070 5789 1313 5871 eitisdeni
1345 5797 1722 5858 auctoritatem

1817 4740 1903 4795 hic
1933 4741 2094 4812 etiam
2122 4739 2280 4812 _s_cqn_i
2307 4739 2563 4812 potuerit.
2587 4736 2722 4812 Nam
2743 4734 2884 4804 quod
2914 4733 3127 4812 ibidem
3145 4728 3296 4784 addit
3327 4728 3413 4812 vir

1816 4811 2064 4866 eruditus
2121 4799 2353 4866 Urielein
2407 4809 2599 4862 fortea
2630 4799 2857 4861 doctore
2909 4803 3159 4874 reprobis
3209 4799 3417 4869 angelis

1817 4884 2204 4951 annumerari,
2224 4881 2326 4951 hoc
2347 4879 2416 4933 ab
2445 4879 2564 4947 ejus
2581 4873 3024 4951 Amentepror‘sus
3051 4873 3288 4951 alienum
3309 4878 3415 4951 est.

1815 4953 2087 5007 Caeterum
2117 4941 2345 5018 pulchre
2389 4963 2451 5003 ac
2476 4941 2757 5017 sapienter
2786 4941 2891 5001 hoc
2928 4946 3053 5000 loco
3097 4941 3419 5018 immortali-

1821 5031 1986 5077 tatem
2048 5016 2351 5076 naturalem
2385 5035 2413 5071 a
2465 5016 2808 5088 participato,
2861 5016 3147 5084 distinguit
3195 5024 3418 5088 sanctus

1822 5093 2049 5158 Prmsul,
2079 5102 2127 5147 et
2159 5093 2343 5162 priore
2371 5083 2482 5162 Deo
2509 5089 2620 5162 soli
2634 5083 2902 5162 concessa
2928 5097 2982 5162 _et
3006 5083 3307 5162 reservata,
3335 5083 3415 5136 al-

1823 5175 1991 5218 teram
2040 5157 2424 5218 tantummodo
2469 5161 2678 5232 angelis
2724 5159 3018 5213 attribuit:
3055 5157 3108 5210 in
3152 5170 3260 5224 quo
3287 5169 3412 5209 eum

1822 5236 2156 5307 Augustinus
2185 5249 2410 5307 quoque,
2430 5242 2615 5302 postea
2642 5242 2883 5307 secutus.
2970 5299 3004 5307 n
3153 5296 3164 5307 .

1893 5299 1932 5342 δ’
1961 5307 2115 5361 Eras.
2147 5299 2364 5362 ac'Gill.
2400 5299 2453 5359 in
2505 5317 2674 5373 marg.
2699 5311 2755 5357 et
2793 5301 2943 5373 edit._
2969 5299 3126 5353 Rom.
3151 5299 3206 5350 in
3235 5311 3414 5367 corp.,

1825 5387 2066 5448 argutum
2099 5388 2243 5446 putes
2267 5393 2286 5432 :
2312 5376 2472 5430 iidem
2507 5371 2660 5448 Erus.
2694 5381 2750 5428 et
2773 5373 2899 5428 Cill.
2935 5371 2985 5424 in
3015 5385 3167 5437 corp.
3199 5383 3423 5448 necnon

1827 5446 2047 5504 Anterb.
2107 5463 2228 5502 cum
2301 5462 2435 5502 mss.
2495 5446 2764 5505 omnibus,
2832 5447 3421 5514 argumentum_putes.

1827 5519 2062 5590 Optime,
2103 5518 2371 5590 siquidem
2409 5534 2512 5572 non
2565 5515 2734 5591 semel
2769 5509 3054 5591 advertere
3102 5509 3425 5591 licuit_Am-

1826 5583 2013 5664 brosio
2043 5583 2418 5664 argumentum
2441 5603 2561 5664 esse
2588 5587 2963 5664 probationem
2996 5583 3235 5664 humano
3275 5583 3425 5664 ἰιιεεξ-

1829 5663 1920 5718 nio
1941 5673 1995 5718 et
2021 5652 2238 5718 solértia
2279 5652 2671 5730 excogitatum,
2694 5657 2782 5713 cui
2799 5670 3073 5728 opponere
3103 5655 3238 5708 solet
3282 5652 3426 5709 Seria

1833 5743 2008 5801 plura!
2039 5729 2438 5787 testimonium.
2468 5740 2527 5783 nt
2558 5729 2660 5782 hoc
2690 5730 2740 5782 in
2774 5731 2910 5782 loco.
