3932 6176
531 318 639 381 595

1873 306 2117 367 SANCTI
2161 302 2486 365 AMBROSII

3690 292 3774 348 593

597 438 746 501 torio,
780 437 916 490 sicut
944 450 1034 491 nec
1063 443 1115 486 ut
1142 449 1196 488 se
1216 432 1581 497 resuscitaret;
1606 444 1725 483 cum
1752 426 1872 482 aliis
1899 434 1952 483 ut
1974 440 2116 481 more
2144 424 2195 484 Α
2219 421 2360 490 Quid
2390 420 2556 489 igitur
2582 417 2770 473 Ariani
2802 416 3025 472 dicunt?
3047 416 3105 470 In
3148 414 3374 471 nomine
3403 412 3596 469 Christi
3626 422 3671 463 rt
3698 414 3773 464 th:-

599 544 715 587 tuos
737 531 1127 594 resuscitareut,
1157 529 1395 585 oratione
1415 542 1543 597 opus
1582 525 1760 597 fuerit.
1803 522 1914 578 Etsi
1946 531 2120 577 autem

597 628 707 694 ipse
732 625 973 687 oraverit,
999 624 1097 678 hoc
1134 622 1465 692 referendum
1497 620 1564 673 ad
1596 617 1968 673 humanitatem
1997 614 2121 669 :di-

594 722 855 787 vinitatem
884 734 1001 779 vero
1022 735 1087 776 ea:
1106 734 1166 785 eo
1185 716 1323 789 quod
1348 714 1696 785 imperaverit,
1722 708 2117 774 aestimandam,-

595 814 649 867 in
676 829 776 883 quo
821 810 1058 871 diabolus
1091 809 1298 865 Arianis
1323 807 1674 879 anteponitur.
1728 802 1858 861 Tum
1886 802 2123 872 exposito

597 922 689 967 cur
723 903 893 967 Filius
927 902 1156 959 hominis
1201 910 1381 971 potens
1407 898 1638 965 dicatur,
1687 894 1979 969 argumenti
2024 907 2122 964 po-

598 998 739 1069 nitur
766 995 1049 1055 conclusio.

600 1151 693 1207 ‘26.
735 1149 944 1222 μυίας,
970 1164 1088 1225 cap.
1116 1134 1252 1219 lll.]
1284 1143 1429 1200 Satis
1472 1159 1603 1215 ergo
1646 1142 1813 1199 claret
1855 1150 1908 1194 et
1949 1138 2124 1194 solum

528 1247 698 1304 Deum
728 1263 836 1302 non
868 1260 990 1301 esse
1040 1244 1258 1299 Patrem
1291 1242 1413 1298 sine
1460 1240 1621 1307 Filio,
1666 1247 1719 1293 et
1746 1238 1920 1292 solum
1951 1236 2123 1290 Deum

529 1354 635 1394 non
676 1336 909 1417 intelligi
961 1335 1161 1397 Filium
1208 1335 1327 1389 sine
1381 1334 1621 1395 Patre;a
1654 1330 1778 1401 quia
1824 1327 2124 1383 secundum

528 1449 747 1490 carnem
779 1432 951 1487 factus
978 1430 1177 1501 legitur
1208 1428 1301 1484 Dei
1333 1425 1526 1492 Filius,
1572 1440 1678 1479 non
1710 1422 2011 1478 secundum
2044 1419 2126 1475 di-

528 1529 710 1583 vinam
736 1525 1170 1597 generationem.

601 1619 693 1673 27.
738 1618 794 1672 In
842 1632 950 1689 quo
973 1624 1150 1672 autem
1178 1613 1353 1669 factus
1374 1614 1466 1681 sit,
1493 1628 1588 1684 per
1612 1625 1674 1665 os
1695 1610 1868 1665 sancti
1891 1609 2123 1680 patriar-

528 1714 645 1766 chas
676 1712 888 1766 locutus
915 1715 1171 1776 asseruit,
1210 1708 1398 1765 dicens
1440 1726 1452 1760 :
1484 1706 1619 1774 Quia
1662 1707 1857 1779 repleta
1883 1716 1955 1761 est
1976 1706 2128 1760 malis

2224 524 2338 571 trus
2377 515 2630 583 imperat,
2678 520 2734 566 et
2775 511 2847 565 illi
2888 512 3076 564 nolunt
3119 511 3418 579 imperasse
3465 508 3552 561 Dei
3590 506 3774 569 Filium,

2223 608 2318 664 sed
2353 620 2591 673 regasse.

2294 701 2386 757 '52.
2427 700 2533 756 Sed
2563 700 2761 755 lectum
2784 708 2870 755 est
2892 699 3015 768 quia
3046 697 3277 766 rogavit:
3297 696 3459 752 Disce
3485 693 3774 749 distantiam.

2229 798 2395 868 Rogat
2420 796 2570 867 quasi
2603 795 2745 849 lilins
2778 792 3283 860 bominis,imperat
3310 789 3467 861 quasi
3496 788 3585 842 Dei
3619 786 3775 841 Filius.

2226 894 2420 946 Annon
2448 889 2677 945 delertis
2705 888 2808 944 hoc
2856 888 2948 943 Dei
2977 886 3139 949 Filio,
3179 884 3325 955 quod
3376 884 3539 937 etiam
3576 879 3781 935 diabolus

2224 986 2443 1052 detulit,
2476 994 2530 1041 et
2553 1000 2649 1037 vos
2682 984 2890 1051 majore
2918 979 3205 1049 sacrilegio
3231 976 3529 1046 derogatis?
3558 975 3642 1029 Ille
3659 973 3781 1028 dicit:

2228 1078 2288 1135 Si
2306 1079 2477 1134 Filius
2495 1076 2592 1133 Dei
2608 1093 2678 1141 es,
2703 1075 2790 1129 dic
2805 1074 2967 1145 lapidi
2983 1074 3103 1127 huic
3125 1081 3179 1125 ut
3207 1071 3298 1141 ﬁat
3313 1066 3628 1140 panis(Luc.
3647 1063 3787 1136 ωδ).

2229 1171 2321 1227 Ille
2364 1170 2515 1232 dicit,
2574 1169 2778 1237 impera
2814 1184 2827 1218 :
2858 1179 2957 1220 vos
2985 1163 3189 1224 dicitis,
3222 1162 3475 1215 obsecra.
3517 1158 3605 1213 Ille
3647 1157 3789 1213 credit

2226 1263 2394 1334 quod.
2417 1262 2643 1333 jubente
2676 1260 2772 1315 Dei
2796 1257 2955 1322 Filio,
2986 1257 3382 1311 elementorum
3414 1266 3689 1320 rerumque
3709 1264 3790 1304 na-

2227 1368 2346 1413 tura
2379 1357 2432 1411 in
2465 1355 2756 1410 adversum
2803 1358 3049 1407 vertatur
3083 1368 3096 1402 :
3127 1363 3224 1402 vos
3269 1346 3494 1402 creditis
3539 1343 3671 1414 quod
3707 1343 3790 1396 nisi

2227 1461 2385 1522 roget
2417 1447 2513 1503 Dei
2560 1446 2749 1511 Filius,
2783 1459 2883 1499 nec
2906 1443 3156 1497 voluntas
3200 1441 3370 1510 ipsius
3419 1436 3708 1507 impleatur.
3737 1433 3791 1488 Et

2228 1545 2476 1602 diabolus
2503 1543 2570 1598 de
2597 1550 2865 1613 potestate
2891 1537 3274 1595 aestimandum
3307 1543 3463 1604 putat
3494 1532 3585 1587 Dei
3606 1530 3791 1594 Filium,

2228 1655 2325 1692 vos
2369 1637 2439 1692 de
2482 1634 2814 1690 inﬁrmitate.
2874 1628 3272 1686 Tolerabiliora
3320 1635 3447 1682 sunt
3503 1630 3794 1680 tentamenta

2230 1729 2453 1796 diaboli,
2486 1743 2646 1799 quam
2677 1731 2993 1796 argumenta
3036 1721 3169 1776 Arii.

528 1803 703 1858 anim“
733 1819 867 1869 ’πων
910 1813 957 1856 et
985 1802 1088 1856 vim
1132 1817 1247 1853 me“
1277 1800 1479 1871 mrem"
1504 1799 1961 1871 appropinquavit“
1992 1796 2125 1854 ὧδ’
2161 1827 2208 1888 Β
2308 1822 2397 1877 55.
2440 1796 2552 1875 Nec
2599 1825 2814 1872 moveat
2840 1816 2966 1886 quia
2999 1824 3276 1885 potentem
3321 1811 3525 1867 Filium
3568 1807 3689 1862 dixit
3714 1805 3795 1858 ho-

529 1896 740 1949 timatus
766 1910 880 1953 sum
911 1911 1026 1951 cum
1046 1891 1472 1947 descendentibus
1493 1892 1544 1944 in
1576 1890 1744 1945 lacum
1764 1906 1781 1943 :
1804 1889 1972 1960 {actus
2001 1889 2133 1945 sicut

532 1993 685 2043 homo
698 1989 809 2047 sine
827 1988 1089 2063 adjutorio
1108 1988 1240 2042 inter
1257 1995 1485 2041 mortuos
1504 1985 1632 2039 liber
1655 1982 1829 2057 (Psal.
1849 1984 2129 2048 Lxxxvn,4

532 2094 581 2137 et
609 2100 713 2153 seq.
740 2081 855 2151 ).Et
884 2081 976 2136 hic
1006 2081 1136 2135 sicut
1183 2081 1355 2146 homo,
1385 2077 1581 2151 inquit.
1616 2092 1722 2133 non
1776 2078 1917 2131 sicut
1966 2076 2129 2144 Deus,

534 2175 708 2231 laetus
740 2191 883 2230 sum.
919 2175 982 2230 Et
1007 2177 1203 2244 repleta
1238 2182 1312 2228 est
1352 2171 1503 2225 malis
1534 2170 1711 2224 anima
1753 2185 1865 2223 mea
1894 2185 1911 2221 :
1948 2168 2131 2222 anima

535 2270 745 2340 utique.
769 2286 875 2324 non
903 2267 1178 2323 divinitas.
1216 2265 1411 2321 Factus
1437 2274 1521 2319 est
1549 2264 1709 2341 502
1740 2263 1790 2316 in
1821 2277 1912 2328 eo,
1945 2262 1995 2314 in
2024 2274 2132 2330 quo

533 2374 649 2420 erat
677 2363 905 2421 infernis
949 2361 1167 2418 debitus
1194 2379 1205 2413 :
1245 2360 1419 2416 lactus
1450 2368 1533 2414 est
1563 2359 1617 2413 in
1646 2372 1735 2424 eo,
1769 2359 1821 2410 in
1848 2370 1956 2427 quo
2003 2370 2129 2409 cum

532 2461 655 2517 aliis
680 2461 979 2533 mstitnatus
1000 2464 1111 2522 est;
1140 2454 1397 2511 divinitas
1420 2453 1562 2508 enim
1585 2450 1996 2506 similitudinem
2019 2446 2132 2503 col-

531 2554 749 2609 latianis
778 2554 1010 2622 ahjurat.
1046 2551 1114 2605 Et
1144 2559 1322 2605 tamen
1365 2548 1417 2603 in
1467 2548 1580 2617 ipsa
1629 2560 1793 2602 carne
1826 2543 1988 2597 morti
2037 2542 2134 2597 ob-

535 2648 690 2703 noxia
724 2647 1061 2716 maiestatem
1095 2643 1317 2697 adverte
1363 2639 1667 2695 divinitatis
1699 2639 1752 2691 in
1784 2637 2024 2691 Christo.
2067 2634 2133 2689 Et

527 2737 572 2792 si
607 2739 780 2795 lactus
822 2748 906 2792 est
934 2736 1075 2789 sicut
1121 2733 1306 2796 homo,
1349 2740 1404 2786 et
1443 2730 1586 2784 sicut
1615 2743 1745 2789 caro
1778 2726 1958 2781 lactus
2008 2734 2132 2792 est;

532 2826 708 2882 lactus
736 2835 1028 2887 esttamen
1064 2826 1203 2880 inter
1242 2832 1484 2876 mortuos
1525 2820 1682 2885 liber,
1725 2828 1780 2874 et
1826 2818 1963 2873 liber
2011 2818 2135 2873 sine

537 2917 720 2987 adjuto
730 2918 829 2972 rio.

610 3011 702 3064 ‘28.
743 3008 848 3065 Sed
869 3008 1141 3078 quomodo
1166 3008 1250 3063 hic
1270 3007 1391 3062 sine
1412 3006 1682 3079 adiutorio
1700 3005 1869 3060 fuisse
1888 3021 1943 3059 se
1964 3004 2133 3059 Filios

537 3100 688 3164 dicit,
720 3116 842 3155 cum
869 3114 1031 3169 supra
1057 3100 1209 3168 (cap.
1234 3100 1305 3170 2)
1336 3098 1540 3155 dictum
1581 3099 1653 3152 sit
1685 3116 1698 3152 :
1733 3097 1895 3152 Posui
1924 3097 2135 3172 adjuto-

2235 1914 2418 1979 minis,
2462 1928 2583 1968 cum
2622 1910 2913 1965 Dominum
2957 1904 3256 1975 majestatis
3290 1902 3494 1973 legeris
3521 1897 3797 1956 cruciﬁxum

2237 2003 2438 2069 (lCor.
2482 2019 2540 2067 tt,
2570 2002 2660 2072 2).
2708 2002 2841 2069 Quae
2882 2010 3063 2054 autem
3118 1996 3291 2067 major
3347 1994 3605 2065 potentia,
3653 2003 3791 2061 quam

2240 2114 2403 2169 supra
2492 2096 2747 2153 caelestes
2844 2100 3142 2164 potestates
3225 2089 3432 2145 habere
3502 2087 3800 2143 dominatum

2236 2188 2455 2261 (Ephes.
2486 2188 2669 2258 1.21)?
2700 2186 2942 2242 Habebat
2972 2192 3151 2239 autent
3180 2182 3271 2253 qui
3293 2181 3556 2246 Thronis,
3585 2178 3802 2234 Domina-

2239 2280 2502 2345 tionibus,
2546 2280 2773 2349 Angelis
2816 2277 3143 2347 imperabat.
3198 2275 3331 2329 Nam
3378 2276 3483 2331 etsi
3536 2283 3646 2329 erat
3688 2272 3803 2326 inter

2239 2373 2460 2439 bestias,
2494 2372 2635 2427 sicut
2661 2371 2922 2439 scriptum
2954 2380 3039 2424 est
3069 2367 3279 2437 (Marc.
3306 2384 3347 2433 ι,
3381 2367 3514 2437 15),
3542 2375 3702 2420 tamen
3726 2377 3803 2416 an-

2236 2468 2343 2538 geli
2374 2466 2754 2523 minisnabant
2774 2465 2857 2528 ei;
2892 2473 2947 2518 ut
2977 2475 3246 2531 agnoscas
3274 2461 3427 2516 aliud
3456 2455 3803 2515 incarnationis

2237 2575 2383 2625 esse,
2412 2559 2556 2615 aliud
2588 2559 2892 2628 potestatis.
2919 2554 3231 2613 Secundum
3255 2569 3484 2608 carnem
3516 2554 3686 2620 itaque
3704 2558 3801 2602 ten-

2240 2660 2382 2708 tatur
2412 2667 2442 2707 a
2472 2651 2681 2715 bestiis.
2708 2649 3009 2706 secundum
3031 2647 3359 2719 dignitatem
3390 2647 3460 2702 ab
3483 2644 3682 2716 angelis
3698 2640 3805 2696 ado-

2240 2756 2410 2801 ΝΙΙΙΓ.

2312 2841 2472 2912 503
2492 2840 2582 2896 54.
2599 2839 2899 2895 Didicimus
2922 2838 3082 2908 igitur
3112 2836 3310 2891 factum
3343 2850 3473 2891 esse
3504 2834 3751 2889 hominem
3767 2836 3810 2884 et

2240 2934 2305 2987 ad
2322 2934 2596 2989 hominem
2622 2932 2724 2988 hoc
2736 2947 2858 2986 esse
2887 2929 3251 2985 referendum.
3276 2928 3527 2999 Denique
3544 2938 3597 2981 et
3613 2924 3722 2979 alibi
3736 2924 3809 2975 ha-

2242 3025 2338 3082 bes
2364 3044 2375 3080 :
2405 3026 2507 3093 Qui
2556 3029 2725 3098 factus
2751 3034 2822 3078 est
2863 3024 2908 3078 ei
2935 3040 2999 3077 ea:
3047 3023 3238 3077 semine
3284 3020 3462 3075 David
3490 3020 3661 3093 (llam.
3689 3033 3721 3082 l,
3747 3014 3806 3083 '5).

2243 3118 2539 3174 secundum
2587 3131 2807 3171 carnem
2861 3115 3048 3184 utique
3092 3130 3156 3168 ex
3200 3113 3415 3169 setnine
3470 3112 3629 3167 David
3671 3109 3810 3165 lactus

536 3196 670 3248 rium
697 3212 848 3265 super
876 3204 1128 3271 potentem
1158 3192 1329 3266 (Psal.
1356 3210 1617 3259 Lxxxvut,
1640 3192 1772 3263 ’20)?
1798 3194 1942 3264 Ergo
1965 3203 2020 3248 et
2048 3196 2134 3249 hic

2249 3219 2324 3265 est
2357 3227 2370 3262 :
2400 3210 2541 3264 Deus
2570 3218 2750 3265 autem
2782 3217 2906 3262 ante
2930 3207 3128 3263 srecnla
3165 3220 3231 3261 ex
3266 3206 3381 3261 Deo
3412 3216 3573 3263 natus
3602 3214 3696 3261 est.

537 3291 809 3360 distingue
836 3299 1083 3345 naturas.
1117 3290 1463 3359 Adjutoriutn
1512 3304 1641 3344 caro
1670 3289 1853 3355 habet,
1885 3289 2139 3349 divinitas

539 3398 643 3437 non
670 3382 851 3436 habet.
876 3382 1042 3437 Liber
1074 3384 1240 3453 igitur
1265 3393 1369 3447 est,
1400 3385 1521 3450 quia
1553 3384 1744 3436 mortis
1773 3383 1984 3441 vincula
2017 3399 2141 3438 nes-

535 3476 692 3537 civit;
719 3492 825 3529 nnn
848 3485 1039 3545 captus
1066 3476 1133 3529 ab
1158 3473 1476 3540 inferis,sed
1497 3475 1582 3542 qui
1606 3484 1864 3545 operatus
1887 3478 1955 3532 sit
1979 3477 2033 3535 in
2062 3479 2143 3530 in-

542 3570 709 3626 fernis
743 3588 755 3622 :
788 3573 907 3637 sine
930 3569 1204 3639 adjutorio
1240 3578 1320 3623 est
1343 3610 1357 3639 η
1382 3569 1507 3643 quia
1540 3584 1716 3638 neque
1746 3584 1848 3637 per
1871 3570 2136 3636 nuntium,

543 3680 718 3737 neque
748 3680 843 3751 per
874 3663 1137 3733 legatum,
1169 3662 1264 3729 sed
1294 3664 1411 3734 ipse
1440 3677 1537 3733 per
1559 3676 1618 3717 se
1643 3661 1903 3729 Dominus
1923 3662 2138 3717 salvmn

541 3759 671 3827 fecit
699 3759 953 3830 pupulum
1001 3774 1182 3821 suum.
1216 3757 1500 3831 Quomodo
1527 3758 1673 3815 enim
1707 3758 1880 3829 potuit
1929 3757 2143 3831 adjuto-

541 3856 679 3911 rium
705 3854 789 3919 sui
819 3852 1067 3924 corporis
1098 3868 1345 3925 qumrere
1374 3849 1701 3915 suscitandi,
1732 3850 1822 3922 qui
1850 3850 1990 3907 alios
2017 3867 2139 3923 sus-

547 3946 775 4000 citavit?

617 4037 705 4111 39.
750 4042 827 4109 Ac
857 4040 982 4096 licet
1022 4039 1271 4105 homines
1302 4053 1517 4111 quoilue
1563 4038 1950 4099 suscitaverint
2000 4051 2141 4092 mor-

545 4142 697 4199 tuos;
721 4148 826 4199 non
851 4134 902 4187 in
926 4149 1023 4195 sua
1048 4144 1226 4195 tamen
1251 4133 1447 4187 virtute
1464 4130 1842 4197 fecerunt,sed
1865 4131 1918 4185 in
1940 4128 2146 4191 Christi

539 4223 787 4289 nomine,
816 4223 978 4281 Aliud
1005 4232 1090 4301 est
1118 4237 1335 4294 rogare,
1354 4221 1502 4285 aliud
1527 4204 1791 4291 imperare
1819 4240 1831 4276 :
1861 4221 2006 4276 aliud
2030 4236 2145 4277 ute-

544 4316 677 4381 reri,
711 4316 858 4371 aliud
889 4316 1115 4370 donare.
1819 4325 1831 4338 ‘

615 4407 705 4461 50-
749 4407 895 4462 Elias
924 4422 1057 4477 ergo
1087 4407 1391 4473 suscitavit,
1412 4406 1511 4462 sed
1536 4406 1738 4471 oravit,
1767 4421 1877 4461 non
1908 4406 2144 4476 impera-

542 4501 723 4583 vitllll
742 4500 869 4573 Reg.
904 4516 1042 4566 xvtt,
1077 4500 1173 4566 21,
1193 4501 1316 4568 2'2).
1349 4501 1577 4559 Eliszeus
1606 4501 1887 4557 suscitavit
1912 4499 1941 4538 ιι
1971 4502 2143 4557 conti-

542 4605 771 4666 guratus
820 4603 1037 4651 mortuo

546 4691 796 4760 corporis
846 4698 1057 4755 tactus;
1093 4698 1152 4743 ut
1178 4698 1324 4744 esset
1355 4701 1511 4760 typus
1549 4697 1838 4743 venturum
1878 4705 2001 4744 eum
2050 4691 2143 4761 qui

546 4780 747 4836 missus
775 4781 829 4835 in
859 4779 1269 4836 similitudinem
1297 4782 1476 4834 carnis
1509 4782 1737 4853 peccati.
1772 4782 1933 4837 etiam
1964 4781 2144 4850 sepul-

541 4880 629 4929 tus
658 4883 901 4937 mortuos
928 4881 1218 4932 suscnaret
1263 4873 1280 4945 (
1306 4871 1373 4927 IV
1405 4871 1535 4944 Reg.
1565 4888 1659 4933 xm
1690 4884 1735 4931 et
1782 4873 1925 4945 xiv).

618 4966 709 5023 5t.
752 4966 946 5025 Petrus
974 4982 1210 5038 quoque,
1240 4982 1364 5025 cum
1395 4966 1629 5024 (Eueam
1658 4977 1900 5036 curaret,
1931 4970 2006 5025 ait
2038 4987 2051 5022 :
2079 4968 2147 5025 In

542 5060 753 5114 nomine
778 5057 910 5114 Jesu
940 5059 1204 5114 Nazareni
1232 5076 1386 5133 surge
1415 5070 1463 5115 et
1492 5060 1706 5116 ambula
1753 5061 1901 5133 (Act.
1946 5077 2005 5128 tt,
2035 5060 2100 5133 6)
2127 5079 2141 5117 :

543 5170 649 5209 non
668 5154 719 5208 in
734 5152 942 5222 suoztit,
968 5153 1067 5221 sed
1087 5155 1136 5209 in
1159 5152 1358 5211 Christi
1378 5158 1612 5211 nomine.
1637 5155 1808 5227 Surge
1828 5164 2006 5235 autem
2026 5171 2148 5212 ver-

549 5247 676 5300 bum
700 5254 787 5300 est
816 5247 1141 5316 imperantis
1171 5263 1184 5299 :
1220 5246 1319 5307 sed
1344 5244 1538 5305 ﬁducia
1567 5246 1634 5303 de
1665 5247 1869 5303 merito
1895 5256 2001 5312 est,
2036 5261 2143 5303 non

548 5338 907 5407 praesumptio
939 5348 963 5377 ο
990 5338 1059 5393 de
1092 5346 1394 5411 potestate;
1445 5346 1499 5392 et
1536 5336 1606 5391 de
1662 5336 1899 5391 nominis
1950 5352 2145 5408 opera-

543 5429 715 5500 tione,
765 5447 871 5485 non
912 5430 979 5485 de
1019 5416 1115 5485 sua
1157 5430 1355 5485 virtute
1402 5429 1782 5513 pra-ceptiouis
1824 5432 2139 5487 auctoritas.

616 5556 644 5597 it
686 5548 952 5602 Deeratin
981 5547 1153 5617 antiq.
1195 5545 1328 5617 edit.
1352 5560 1421 5617 ac
1447 5542 1837 5617 mssualiquot,
1891 5543 2014 5617 quia
2055 5561 2137 5599 se-

540 5619 767 5672 cundum
782 5633 1013 5683 carnem,
1030 5614 1134 5673 etc.
1153 5634 1168 5683 ;
1187 5616 1335 5688 quod
1349 5615 1508 5688 Rom.
1528 5614 1663 5688 edit.
1681 5616 1852 5688 prima
1871 5614 2130 5669 restituit:

542 5705 570 5739 a
602 5701 708 5756 qua
729 5688 912 5757 plures
943 5686 1255 5742 nostrorum
1288 5703 1423 5742 mss.
1453 5687 1558 5742 bne
1588 5687 1707 5741 solo
1733 5686 1957 5751 distant,
1987 5688 2137 5757 quod

541 5773 641 5824 pro
664 5756 833 5830 [actus
862 5758 1188 5829 intelligitur,
1223 5756 1487 5813 exhibent
1517 5762 1687 5828 factus
1709 5757 1915 5830 legitur.

608 5829 633 5867 ιι
675 5824 810 5881 'l‘res
844 5840 999 5890 mss.,
1026 5824 1379 5900 conﬁguratus
1408 5824 1627 5897 mortuo,
1671 5824 1907 5904 corporis
1948 5838 2131 5888 tactu:

2902 3298 3131 3356 CAPUT
3175 3298 3238 3354 V.

2245 3395 2465 3453 Factum
2494 3396 2549 3451 in
2574 3397 2847 3464 Scriptura
2876 3407 2976 3449 non
2998 3409 3199 3461 semper
3228 3394 3365 3447 idem
3397 3409 3509 3449 esse
3529 3410 3589 3448 ac
3608 3397 3813 3445 creatum

2316 3487 2561 3557 exemplis
2589 3504 2655 3542 ea:
2682 3489 2796 3557 ipsa
2828 3487 2999 3558 petitis
3026 3488 3192 3540 docet.
3236 3484 3369 3540 lude
3398 3487 3602 3557 colligit
3637 3499 3724 3537 non
3746 3495 3814 3533 ra-

2315 3580 2601 3635 villaudnm
2628 3595 2694 3634 ea:
2715 3580 2889 3633 littera
2923 3595 3065 3633 more
3091 3576 3426 3640 ludworum,
3452 3579 3634 3647 quibus
3676 3583 3813 3627 tamen

2316 3671 2584 3729 hereticos
2626 3675 2828 3744 pejores
2869 3671 3049 3740 probat
3081 3684 3100 3731 ;
3131 3678 3281 3739 atque
3325 3669 3513 3723 iterum
3547 3666 3816 3738 propositam

2316 3765 2589 3832 conﬁrmat
2628 3764 2952 3818 sententiam.

2317 3857 2405 3911 35.
2424 3856 2551 3931 _Nec
2590 3872 2807 3925 semper
2836 3864 3019 3910 tamen
3044 3855 3241 3909 iactum
3272 3869 3400 3911 esse
3430 3855 3502 3910 ad
3526 3851 3817 3909 creationem

2249 3948 2523 4014 refertur;
2548 3948 2810 4015 scriptum
2843 3957 2928 4004 est
2954 3948 3101 4003 enim
3136 3964 3149 4002 :
3185 3946 3426 4011 Domine,
3460 3947 3708 4018 refugiunt
3734 3942 3820 4009 fac-

2247 4052 2329 4097 tus
2356 4059 2408 4099 es
2450 4042 2596 4097 nobis
2639 4040 2759 4113 (Ps.
2805 4057 3035 4107 Lxxm,
3070 4043 3124 4112 1)
3152 4058 3165 4107 ;
3197 4050 3287 4101 et:
3322 4039 3522 4097 Factus
3544 4058 3593 4096 es
3638 4034 3749 4093 mild
3780 4033 3818 4084 ia

2244 4134 2463 4189 salutem
2494 4132 2611 4193 (Ps.
2640 4149 2810 4200 cxvtt,
2846 4134 2954 4204 ll).
2982 4133 3098 4188 Non
3124 4133 3310 4202 utique
3335 4134 3633 4189 creationis
3664 4126 3823 4185 deﬁni-

2247 4228 2324 4282 tio
2346 4226 2431 4280 vel
2473 4226 2641 4280 editio
2668 4225 2981 4280 declarantur
3016 4242 3028 4277 :
3063 4224 3154 4280 sed
3190 4224 3462 4295 refugium
3506 4225 3673 4280 factus
3696 4217 3821 4277 mihi.

2248 4329 2304 4378 et
2335 4334 2636 4375 conversus
2665 4318 2798 4374 mihi
2826 4318 3029 4375 dicitur
3056 4318 3124 4371 ad
3154 4317 3411 4381 salutem,
3436 4318 3581 4373 sicut
3602 4326 3650 4369 et
3679 4316 3824 4378 Apos-

2250 4412 2393 4469 tolus
2418 4410 2555 4467 dixit
2585 4428 2600 4464 :
2630 4410 2731 4477 Qui
2773 4410 2940 4479 [actus
2984 4418 3059 4464 est
3105 4407 3253 4463 nobis
3295 4409 3553 4479 sapientia
3589 4425 3622 4462 a
3648 4405 3763 4467 Deo,
3785 4405 3824 4452 tl

2238 4505 2473 4573 justitiu,
2513 4513 2562 4559 et
2606 4501 2951 4572 sanctiﬁcatio
2983 4543 2999 4566 ,
3040 4510 3089 4557 et
3119 4502 3406 4571 redemptio
3438 4501 3484 4571 (Ι
3515 4501 3632 4554 Cor.
3664 4512 3699 4561 t,
3727 4491 3821 4559 50)·

1093 4610 1107 4646 :
1154 4593 1435 4649 suscitavit
1504 4594 1667 4657 etiam
1718 4594 1890 4664 ipsius
1942 4595 2142 4657 mortui
2169 4606 2224 4668 1)
2251 4598 2419 4653 Nobis
2448 4596 2650 4659 factum
2701 4612 2809 4652 non
2838 4604 3080 4653 creatum
3125 4610 3193 4651 ex
3233 4594 3398 4650 Patre
3428 4595 3586 4649 tlixit.
3615 4590 3825 4657 Denique

2246 4690 2522 4761 quomodo
2552 4690 2695 4743 dicat
2739 4688 2939 4742 factum
2990 4687 3147 4741 nobis
3197 4702 3333 4765 esse.
3373 4687 3691 4756 sapientiam
3726 4722 3739 4744 ,
3779 4679 3821 4728 ill

2249 4784 2644 4856 posterioribus
2676 4783 2933 4852 exposuit
2968 4782 3154 4837 dicens
3184 4799 3196 4832 :
3229 4779 3336 4835 Sed
3367 4780 3619 4852 loquimur
3644 4774 3731 4829 Dei
3756 4786 3825 4823 sa-

2248 4879 2496 4951 pientiam
2521 4880 2575 4937 in
2623 4877 2890 4948 mysterio,
2939 4891 3053 4946 qua:
3083 4874 3385 4930 abscondita
3428 4885 3526 4939 est,
3550 4886 3697 4938 quam
3713 4879 3825 4939 pra!-

2250 4971 2523 5025 destinavit
2550 4968 2689 5022 Deus
2712 4979 2830 5022 ante
2873 4977 3101 5035 tempora
3126 4967 3402 5021 stecularia
3425 4967 3477 5020 in
3500 4964 3711 5037 gloriam
3727 4972 3825 5012 uos-

2247 5074 2403 5128 tram,
2437 5079 2590 5133 quam
2643 5077 2790 5116 uento
2844 5061 3137 5132 principum
3178 5060 3339 5132 hujus
3378 5059 3555 5113 stcculi
3596 5049 3820 5126 cognorit.

2251 5154 2312 5210 Si
2332 5154 2463 5210 enim
2511 5154 2863 5224 cognovissent
2893 5194 2909 5218 ,
2943 5167 3223 5223 numquam
3249 5149 3531 5206 Dominum
3573 5141 3823 5219 majestatis

2246 5248 2620 5318 cruciﬁxisseut
2643 5246 2686 5319 (l
2717 5245 2833 5299 Cor.
2862 5261 2919 5313 tt,
2937 5246 2989 5308 7,
3012 5246 3092 5314 8).
3120 5244 3221 5300 Ubi
3244 5245 3562 5314 mysterium
3584 5234 3821 5312 passionis

2247 5341 2590 5408 exprimitur,
2625 5355 2734 5395 non
2760 5338 2948 5409 utique
2987 5337 3359 5407 generationis
3408 5345 3625 5391 a-ternte
3677 5327 3819 5385 series

2248 5432 2579 5489 declaratur.
2644 5478 2662 5496 ,

2241 5559 2378 5600 unus
2419 5559 2548 5598 vero
2572 5559 2695 5613 qua:
2720 5545 2985 5599 continuo
3011 5551 3312 5614 sequuntur
3334 5542 3411 5614 ita
3443 5540 3592 5614 legit,
3632 5546 3684 5590 ut
3706 5539 3816 5613 esset

2238 5626 2393 5688 typus
2420 5602 2621 5689 venturi
2644 5619 2781 5689 ejus,
2812 5618 2902 5685 qui
2934 5602 3116 5689 missus
3145 5615 3198 5667 in
3224 5602 3621 5689 similitudinem
3647 5602 3809 5667 carnis,

2239 5684 2468 5742 mortuos
2490 5684 2718 5741 humana
2746 5690 2899 5742 etiam
2925 5687 3159 5756 sepultus
3182 5700 3337 5738 carne
3363 5685 3652 5737 suscitaret.

2314 5770 2335 5798 °
2378 5758 2507 5813 Mss.
2557 5761 2783 5832 aliquot,
2815 5759 2879 5811 de
2916 5748 3169 5831 potestate
3188 5766 3232 5811 et
3261 5756 3491 5813 hominis
3516 5748 3806 5827 operatione,

2239 5839 2349 5889 etc.
