3932 6176
131 283 226 337 597

125 490 194 544 tio
218 505 324 545 mea
379 504 524 545 mors
566 491 774 545 Domini
804 498 925 556 est;
976 492 1243 562 sanguine
1291 492 1435 548 enim
1462 494 1700 563 pretioso

125 580 366 652 redempti
388 596 595 647 sumus,
623 592 681 638 ut
718 585 999 655 apostolus
1032 584 1226 641 Petrus
1254 582 1390 640 dixit
1416 585 1459 658 (1
1492 585 1637 641 Petr.
1658 604 1699 655 ι,

126 675 226 743 t9).
244 674 512 746 Sanguine
539 677 703 747 igitur
738 694 857 745 suo,
885 680 1037 748 quasi
1088 678 1272 747 ltomo,
1307 680 1565 737 Dominus
1603 698 1700 738 nos

122 768 650 839 redemit;idemque,
686 772 841 839 quasi
872 771 1037 838 Deus,
1067 781 1285 842 peccata
1312 776 1552 830 donavit.

182 860 259 933 37.
292 857 406 913 Non
431 874 561 929 ergo
583 860 636 914 in
670 863 857 917 verbis
898 862 1158 933 quasdam
1195 866 1700 921 constituamusiu-

120 950 285 1014 sidias,
311 962 365 1005 et
393 951 681 1031 verborum
729 954 1037 1011 tendiculas
1069 973 1441 1029 ancupcmur;
1475 969 1534 1013 ut
1574 960 1698 1029 quia

120 1051 167 1098 et
186 1042 318 1097 aliud
368 1044 668 1100 secundum
698 1046 893 1113 impios
935 1048 1246 1119 signiﬁcare
1276 1059 1493 1120 putatur
1517 1064 1699 1108 sermo

120 1139 197 1207 qui
219 1136 425 1207 legitur,
460 1154 568 1193 non
601 1139 654 1194 id
682 1140 824 1211 quod
856 1156 1052 1197 sensus
1107 1144 1402 1214 exprimat,
1432 1145 1527 1200 sed
1551 1145 1697 1216 quod

119 1227 273 1281 littera
298 1228 575 1298 ostendat,
608 1232 1050 1302 interpretemur.
1077 1233 1166 1290 Sic
1189 1237 1470 1306 perierunt
1499 1236 1695 1306 Judaei,

117 1324 228 1381 dum
278 1340 536 1381 sensuum
594 1325 858 1394 prolunda
888 1325 1241 1397 despiciunt,
1303 1340 1357 1383 et
1397 1339 1698 1399 sequuntur

120 1416 240 1472 nuda
267 1418 553 1474 verborum
577 1433 593 1485 ;
614 1418 810 1473 Littera
856 1420 1000 1475 enim
1055 1421 1259 1487 occidit,
1293 1423 1506 1492 spiritus
1525 1435 1696 1477 autem

117 1512 310 1577 vivi/ictu
339 1512 403 1584 (ll
428 1510 552 1567 Cor.
580 1527 661 1579 ιιι,
683 1510 764 1584 6).

176 1604 254 1659 58.
283 1605 345 1659 Et
375 1614 560 1661 tamen
587 1607 731 1659 inter
760 1603 867 1659 duo
916 1606 1100 1676 gravia
1151 1606 1431 1677 sacrilegia
1466 1607 1695 1666 fortasse

116 1694 466 1754 detestabilius
517 1698 589 1754 sit
619 1697 684 1753 ad
714 1697 1054 1754 divinitatem
1087 1698 1295 1755 referre
1339 1715 1461 1771 qum
1511 1704 1694 1760 carnis
1777 1708 1783 1716 '

1461 280 1551 340 DE
1594 282 1753 342 FIDE
1793 287 1923 343 LIB.
1966 286 2057 343 111.

189 395 269 451 56.
301 394 570 465 Sapientia
593 396 757 468 igitur
787 412 905 453 mea
934 410 1064 454 crux
1087 397 1302 454 Domini
1326 398 1696 472 est,redemp—
1725 406 1779 468 Α

3296 305 3402 362 598

2422 400 2648 468 CAPUT
2688 404 2777 469 Vl.

1807 540 2160 612 Objectionem
2206 562 2269 599 ea;
2308 545 2512 601 Joanne
2549 549 2875 620 desumptam
2918 562 2976 605 ut
3012 552 3204 620 diluat,
3233 554 3401 624 primo

1874 634 2189 691 demonstrat
2238 638 2540 695 Maniclttcis
2604 643 2921 711 patrocinari
2983 644 3237 700 Ariumms
3284 663 3402 702 scn-

1875 744 1991 781 sum
2021 743 2041 781 :
2072 728 2259 784 deinde
2278 731 2419 783 varia
2449 731 2934 802 distinguendam»:
2964 736 3235 790 verborum
3264 739 3405 805 eius-

1872 822 1988 875 dem
2040 821 2140 874 loci
2191 822 2425 893 exposita
2467 825 2689 890 ratione,
2736 826 2908 895 ipsum
2949 827 3095 883 nullo
3128 830 3281 883 modo
3321 825 3403 885 nd

1872 913 2210 968 substantiam
2275 915 2501 970 divinam
2555 916 2667 971 sine
2715 916 2895 973 Patris
2945 920 3145 990 injuria
3217 921 3405 992 referri

1873 1024 2019 1077 posse
2047 1019 2221 1078 aperte
2242 1009 2440 1075 probat,
2470 1024 2747 1080 verumque
2796 1012 2939 1069 illius
2985 1015 3196 1085 exponit
3244 1017 3399 1070 intel-

1871 1102 2077 1157 lectum.

1870 1240 2140 1298 4|.Unde
2184 1257 2284 1298 nec
2337 1240 2467 1299 illud
2515 1245 2807 1301 verendum
2856 1256 2975 1315 est,
3024 1248 3168 1321 quod
3225 1248 3403 1308 solent

1800 1331 1986 1389 Ariani
2035 1350 2185 1394 saeva
2242 1336 2687 1405 interpretatione
2740 1355 3096 1410 componere,
3152 1341 3401 1399 dicentes

1800 1426 1999 1483 factum
2047 1443 2170 1483 esse
2196 1427 2286 1483 Dei
2338 1428 2613 1497 Verbum;
2656 1432 2785 1501 quia
2835 1435 3100 1504 scriptum
3146 1447 3270 1503 est,
3320 1439 3401 1492 in-

1800 1521 2031 1587 quiunt:
2067 1519 2218 1588 Quod
2268 1521 2464 1591 factum
2514 1530 2589 1577 est
2625 1524 2675 1576 in
2726 1524 2839 1595 ipso
2869 1568 2884 1594 ,
2911 1521 2938 1561 ά
2982 1528 3087 1581 vita
3111 1537 3186 1582 est
3217 1526 3397 1601 (Jonn.

1800 1630 1837 1679 ι,
1873 1611 1952 1684 ι).

1870 1705 1959 1759 42.
1990 1704 2233 1760 Primum
2262 1707 2571 1779 intelligant
2602 1709 2645 1762 si
2679 1704 2744 1762 ad
2775 1710 3133 1766 substantiam
3163 1712 3397 1770 divinam

117 1799 239 1854 sunt,
272 1798 297 1827 ιι
325 1806 484 1861 quam
537 1791 605 1846 ad
636 1791 870 1846 litteram
900 1791 1107 1846 referre
1129 1806 1248 1856 quae
1288 1794 1512 1862 spiritus
1546 1801 1691 1849 sunt.
1726 1810 1774 1871 Β
1804 1795 2066 1863 referant,
2117 1797 2255 1866 quod
2284 1799 2482 1867 factum
2513 1808 2585 1853 est
2612 1817 2633 1866 ;
2680 1799 3103 1858 Manichzeorum
3135 1820 3196 1860 se
3225 1818 3402 1876 qtth-

118 1881 182 1937 llli
199 1885 484 1939 timuerunt
512 1885 566 1939 in
590 1884 703 1939 Deo
724 1899 943 1939 carnem
974 1884 1228 1952 credere;
1253 1895 1305 1941 et
1324 1886 1445 1941 ideo
1474 1886 1690 1942 redem-

119 1976 289 2042 ptionis
303 1978 537 2047 gratiam
560 1976 940 2048 perdiderunt,
969 1979 1092 2048 quia
1115 1993 1334 2033 causam
1365 1979 1555 2035 salutis
1596 1979 1692 2035 ab-

115 2067 270 2134 iurant
299 2086 311 2124 :
344 2070 429 2125 isti
456 2070 771 2125 divinitatis
822 2071 1159 2140 majestatem
1193 2086 1361 2142 usque
1389 2072 1455 2127 ad
1506 2072 1692 2128 carnis

118 2159 299 2215 intirma
360 2161 660 2218 deducunt.
693 2161 1008 2218 Detestandi
1059 2162 1264 2231 Judaei,
1318 2165 1409 2234 qui
1466 2179 1687 2220 carnem

123 2250 305 2308 Domini
330 2254 720 2309 cruciﬂxerunt
753 2272 766 2308 :
800 2254 1238 2311 detestabiliores
1270 2266 1452 2313 tamen
1473 2272 1568 2313 eos
1603 2273 1690 2312 ar-

122 2347 286 2413 bitror,
314 2351 400 2418 qui
422 2349 772 2404 divinitatem
809 2348 1012 2404 Christi
1044 2352 1196 2405 cruci
1223 2352 1493 2407 subditam
1515 2350 1691 2407 credi-

119 2438 304 2496 derunt.
350 2443 600 2513 Denique
643 2444 733 2514 qui
791 2459 912 2498 cum
964 2444 1165 2500 Judiris
1211 2458 1355 2515 stupe
1377 2446 1687 2501 tractabat:

121 2532 635 2607 SMHa’reticum,
688 2536 893 2608 inquit,
950 2548 1061 2608 post
1106 2554 1265 2593 unam
1318 2539 1689 2608 correptionem

121 2626 259 2681 devita
277 2628 398 2700 (Tit.
426 2647 508 2697 ιιι,
540 2630 653 2699 10).

177 2720 253 2774 '59.
275 2722 377 2778 Nec
402 2736 587 2778 tamen
620 2726 739 2780 sine
795 2725 989 2795 injuria
1044 2726 1220 2779 Patris
1246 2725 1274 2763 ι)
1305 2725 1504 2781 factum
1533 2727 1690 2800 nobis

121 2825 221 2867 esse
263 2801 601 2886 sapientiam,
654 2817 718 2871 ad
750 2817 893 2872 illam
951 2818 1393 2884 iuenarrabilem,
1425 2834 1525 2875 nec
1565 2821 1689 2875 ullis

120 2910 418 2978 temporith
456 2913 859 2983 momentisque
897 2912 1186 2967 obnoxiam
1227 2913 1425 2968 Christi
1464 2928 1692 2985 genera-

122 2999 293 3056 tionem
315 3005 579 3074 sacrilega
611 3005 1060 3075 interpretatione
1103 3006 1368 3059 derivant.
1389 3005 1521 3061 Nam
1551 3021 1688 3077 pra:—

120 3076 187 3143 ter
210 3091 256 3146 id
281 3094 415 3164 quod
456 3095 585 3150 Filii
618 3096 812 3165 injuria
838 3097 1012 3152 Patris
1042 3107 1125 3152 est
1144 3099 1496 3163 contumelia,
1521 3076 1685 3155 etiam

1796 1887 2039 1942 tionibus
2087 1886 2383 1958 implicari.
2433 1890 2715 1960 Olijiciunt
2758 1894 2903 1948 enim
2960 1892 3292 1953 Manichtei:
3340 1900 3400 1955 Si

1794 1980 1939 2051 quod
1971 1981 2025 2035 in
2056 1982 2174 2051 ipso
2207 1984 2406 2036 tactum
2437 1992 2541 2047 est,
2572 1985 2682 2038 vita
2732 1993 2819 2041 cst
2850 2004 2861 2039 :
2895 1996 2978 2042 est
3007 2003 3140 2058 ergo
3193 1988 3400 2061 aliquid

1795 2075 2019 2145 quodin
2075 2074 2192 2144 ipso
2245 2076 2446 2130 factum
2478 2093 2582 2132 non
2615 2079 2706 2143 sit,
2738 2086 2794 2134 et
2848 2095 2997 2135 mors
3042 2082 3239 2149 sit;ut
3290 2086 3400 2140 duo

1793 2163 1959 2235 impie
1984 2162 2242 2220 inducant
2274 2167 2564 2236 principia.
2595 2167 2700 2224 Sed
2732 2170 2835 2226 hoc
2873 2171 3097 2227 damnat
3128 2172 3395 2232 Ecclesia.

1864 2259 1954 2314 43.
1982 2258 2187 2315 Deinde
2220 2260 2362 2313 unde
2390 2270 2616 2330 possunt
2662 2262 2860 2319 docere
2889 2264 2968 2319 sic
3014 2268 3397 2334 pronuntiasse

1796 2352 2195 2422 Evangelistam
2222 2354 2245 2405 ?
2272 2363 2294 2387 υ
2327 2352 2579 2422 Plerique
2606 2354 2748 2408 enim
2792 2353 2938 2409 docti
2968 2364 3023 2411 et
3081 2356 3268 2414 ﬁdeles
3316 2364 3397 2415 sic

1793 2444 2151 2515 pronuntiant
2203 2460 2215 2493 :
2262 2443 2449 2498 Omnia
2497 2462 2589 2513 per
2638 2446 2807 2516 ipsum
2863 2449 3001 2517 facta
3025 2458 3165 2512 sunt,
3190 2459 3238 2504 et
3284 2452 3395 2505 sine

1792 2538 1906 2608 ipso
1920 2541 2113 2608 factum
2136 2545 2211 2590 est
2236 2537 2365 2590 nihil
2385 2537 2525 2607 quod
2555 2536 2751 2605 factum
2777 2549 2888 2605 est;
2931 2539 3023 2594 alii
3053 2542 3132 2595 sic
3160 2558 3172 2593 :
3202 2541 3393 2596 Omnia

1792 2647 1886 2699 per
1909 2631 2080 2699 ipsum
2110 2633 2249 2700 facta
2269 2638 2410 2693 sunt,
2438 2638 2490 2683 et
2511 2630 2620 2684 sine
2641 2630 2755 2698 ipso
2779 2633 2973 2701 factum
2993 2642 3065 2687 est
3089 2633 3222 2687 nihil
3245 2649 3265 2699 ;
3296 2635 3393 2689 de-

1792 2721 1991 2792 nique:
2042 2720 2193 2786 Quod
2236 2725 2428 2792 factum
2480 2731 2595 2786 est,
2645 2723 3002 2793 pronuntiant
3055 2734 3109 2780 et
3164 2725 3392 2796 subjun-

1790 2826 1926 2888 gnnt
1958 2833 1972 2871 :
2005 2818 2057 2870 in
2088 2817 2224 2884 ipso,
2254 2816 2354 2871 hoc
2382 2824 2503 2870 est:
2531 2816 2801 2891 Quidquid
2832 2825 3013 2873 autem
3056 2820 3277 2885 factum,
3307 2831 3394 2876 est

1790 2909 1844 2964 in
1876 2911 2012 2979 ipso.
2047 2908 2182 2974 Quid
2203 2916 2308 2974 est,
2342 2907 2409 2963 In
2434 2909 2548 2978 ipso
2577 2911 2601 2963 ?
2644 2911 2940 2979 Apostolus
2966 2912 3124 2968 docet
3151 2914 3340 2969 dicens
3374 2933 3388 2969 :

1794 3002 1859 3058 In
1876 3005 1988 3077 ipso
2009 3004 2146 3057 enim
2172 3019 2366 3069 sumus,
2390 3012 2436 3057 ει
2467 3004 2680 3059 vivimus
2712 3014 2761 3059 et
2780 3021 3036 3061 movemur
3066 3007 3203 3079 (Act.
3258 3022 3389 3076 xvtt,

1792 3096 1909 3170 ss).

122 3183 163 3236 in
190 3183 386 3243 Patrem
410 3190 696 3261 sacrilegia
726 3189 824 3244 ista
881 3190 1201 3261 procedunt,
1237 3191 1304 3246 de
1355 3208 1464 3262 quo
1510 3194 1680 3263 scrip-
1713 3194 1757 3255 ί]
1860 3189 1952 3245 44.
1984 3190 2185 3245 Tamen
2214 3190 2424 3245 etiamsi
2446 3190 2905 3262 quemadmodum
2931 3193 3121 3259 velint,
3150 3208 3391 3262 pronun-

121 3288 211 3331 tnm
236 3291 309 3334 est
334 3298 347 3335 :
373 3281 495 3336 Fiat
532 3293 707 3336 autem
744 3280 887 3337 Deus
930 3299 1105 3351 rerum,
1133 3285 1299 3337 omnis
1328 3295 1499 3337 autem
1532 3286 1682 3339 homo

123 3370 315 3426 mendax
342 3372 519 3443 (ltom.
554 3389 634 3439 ιιι,
666 3372 744 3445 4).
787 3378 892 3430 Aut
912 3375 957 3430 si
981 3375 1050 3430 de
1076 3375 1212 3429 Filio
1242 3384 1432 3445 putant
1457 3376 1682 3443 dictum,

120 3467 414 3529 generationi
446 3466 670 3538 quidem
702 3482 808 3521 non
834 3468 1190 3538 prmjudicant
1218 3486 1231 3523 :
1267 3478 1290 3510 ³
1313 3470 1478 3524 Deum
1503 3479 1682 3525 autem

121 3565 163 3607 et
190 3556 338 3615 Deum
389 3577 581 3617 verum
611 3562 772 3631 hujus
805 3563 1054 3618 lectionis
1085 3564 1406 3619 auctoritate
1426 3565 1567 3635 quod
1591 3564 1686 3620 ab-

122 3655 646 3718 nunnt,conlitentur.

180 3743 261 3799 40.
289 3746 561 3803 Prolixum
592 3750 742 3804 estsi
769 3750 932 3805 velim
968 3751 1177 3819 singula
1217 3764 1522 3816 recensere,
1553 3766 1686 3821 quo-

123 3834 202 3890 lies
219 3837 399 3895 iactum
432 3842 749 3912 legerimus,
799 3859 906 3898 non
955 3846 1143 3913 utique
1166 3858 1261 3914 per
1284 3853 1553 3908 naturam,
1586 3844 1684 3899 sed

124 3941 201 3994 per
222 3935 461 4002 gratiam.
494 3936 630 3991 Nam
662 3945 717 3991 et
766 3936 980 4008 Moyses
1023 3937 1151 3991 dicit
1178 3955 1191 3991 :
1226 3937 1452 4005 Adiutor
1473 3949 1518 3992 et
1559 3954 1684 4006 pro-

123 4029 251 4077 tector
274 4026 434 4093 [actus
454 4039 530 4083 est
552 4030 679 4082 mihi
708 4030 762 4083 in
778 4030 999 4084 salutem
1022 4028 1221 4100 (Exod.
1254 4045 1345 4096 xv,
1373 4029 1450 4101 2).
1488 4027 1556 4083 Ει
1578 4030 1683 4083 Da-

122 4112 190 4167 vid
213 4116 331 4173 dicit
372 4139 385 4173 :
416 4120 549 4177 Esto
583 4123 710 4176 mihi
736 4124 788 4176 in
815 4121 983 4176 Deum
1030 4134 1386 4192 protectorem,
1431 4134 1480 4177 et
1504 4124 1556 4177 in
1590 4124 1684 4178 do-

121 4221 231 4263 mum
266 4217 468 4287 refugii,
517 4226 572 4269 ut
614 4216 811 4271 salvum
865 4222 965 4270 me‘
992 4218 1161 4286 facias
1196 4216 1316 4288 (Ps.
1349 4232 1478 4283 xxx,
1510 4217 1589 4285 5).
1616 4215 1685 4270 Ει

122 4295 282 4357 Esaias
301 4307 429 4363 dicit
453 4327 471 4364 :
504 4307 708 4363 Factus
734 4318 809 4364 est
844 4311 983 4362 omni
1025 4310 1222 4364 civitati
1246 4309 1431 4363 humili
1471 4311 1683 4382 adjutor

123 4388 267 4459 (Esoi.
296 4414 419 4468 xxv,
449 4404 530 4471 4).
550 4401 671 4457 Non
696 4402 884 4470 utique
910 4403 1087 4456 sancti
1120 4402 1232 4457 Deo
1255 4401 1444 4457 dicunt
1472 4420 1483 4454 :
1517 4402 1683 4458 Crea-

124 4490 192 4539 tus
212 4503 283 4556 es,
330 4494 421 4548 sed
463 4504 736 4565 protector
777 4502 833 4550 et
868 4496 1083 4565 sdjutor
1133 4511 1231 4565 per
1274 4496 1501 4565 gratiam
1534 4505 1677 4551 tuam

125 4571 267 4637 factus
291 4598 347 4640 es
374 4586 551 4643 nobis.

182 4742 206 4816 ξ
230 4735 469 4816 Nonnulli
494 4756 651 4810 mss.,
678 4761 834 4814 quam
862 4746 932 4799 ad
952 4763 1159 4801 carnem
1186 4750 1398 4816 referre,
1423 4757 1529 4802 etc.

145 4872 156 4890 9
180 4802 203 4841 δ
224 4808 431 4890 Amerl).
452 4823 507 4868 et
532 4802 662 4871 mss'.
690 4802 925 4886 aliquot,
956 4820 1141 4889 factam
1176 4802 1321 4873 nobis
1343 4802 1449 4873 esse
1474 4818 1679 4890 sapien-

126 4882 472 4960 {tatnnnelius
516 4896 692 4960 tamen
733 4882 967 4960 reliquie
994 4890 1125 4943 edit.
1162 4906 1225 4944 ac
1273 4905 1428 4952 mss.,
1456 4882 1674 4960 factum,

126 4946 293 5030 quippe
312 4957 453 5022 quod
482 4957 546 5010 ad
577 4946 870 5030 superiora
886 4958 1153 5014 referatur
1202 4946 1466 5030 Apostoli'
1487 4946 1674 5027 verba;

128 5014 211 5101 Qui
229 5014 383 5101 [actus
411 5037 485 5081 est
517 5014 663 5087 nobis
699 5031 974 5101 sapientia,
998 5042 1105 5087 etc.

186 5099 204 5125 ε
232 5093 295 5146 lta
315 5111 448 5173 mss.
468 5114 633 5173 prope
663 5101 732 5156 ad
759 5093 923 5157 unum
952 5093 968 5157 ἐ
1012 5102 1141 5158 edit.
1170 5118 1323 5166 vero,
1346 5105 1466 5173 quia
1516 5102 1680 5157 Deum

127 5168 271 5239 verum
308 5166 457 5239 hujus
474 5166 728 5232 lectionis,
761 5184 866 5227 etc.
1008 5228 1015 5235 .

184 5229 418 5310 “Otones
440 5241 568 5296 edit.
620 5258 686 5298 ac
718 5229 876 5298 'mss.
933 5229 1199 5308 nonnulli,
1235 5245 1339 5298 vita
1382 5255 1539 5310 erat;
1590 5245 1681 5299 alii

130 5314 254 5384 mss._
273 5308 459 5384 plures,
474 5316 841 5384 potioresque,
868 5317 974 5369 vita
998 5327 1090 5370 est.

190 5377 617 5458 fAlexandiinos
670 5377 833 5452 atqite
865 5387 1154 5458 Egyptios
1199 5386 1285 5440 hic
1334 5385 1557 5440 indicari
1590 5400 1681 5440 co-

130 5452 363 5526 gnoscere
384 5462 469 5506 est
494 5469 560 5526 ex
608 5458 677 5511 iis
713 5472 835 5526 qua:
876 5452 947 5512 S.
972 5452 1167 5512 Doctor
1201 5458 1453 5526 Exposit.
1486 5458 1678 5522 psalmi

132 5524 292 5594 ξκξνι,
316 5538 457 5576 num.
492 5525 596 5591 55,
659 5524 945 5583 memorat.
982 5530 1054 5582 Ex
1112 5529 1198 5583 his
1241 5524 1421 5583 autem
1468 5528 1682 5582 duobus

135 5579 246 5669 {es
264 5579 390 5669 duas
412 5579 708 5669 mea...
737 5579 949 5665 ιαμ-εδει
982 5579 1206 5669 mea
1240 5579 1419 5654 una;
1444 5579 1680 5669 an...“

135 5651 278 5740 ivisse
307 5651 602 5734 inte'lligas';
635 5651 870 5723 alteratni
901 5651 1445 5740 qum—averbisvillis,
1493 5668 1683 5722 Omnia

142 5737 215 5812 ξε*
235 5729 393 5812 ίῄρθῑιηι
420 5729 556 5804 facta
580 5729 783 5801 sunt,et
802 5729 1046 5812 sine-ipso
1076 5745 1273 5811 factum
1301 5752 1373 5794 est
1403 5729 1559 5804 nihil,
1587 5741 1685 5794 ab-

142 5807 347 5858 so.utuin
376 5820 588 5865 sensum
616 5811 929 5869 includebat
954 5807 968 5867 Ξ
997 5807 1165 5869 altera
1196 5827 1326 5867 vero
1352 5827 1456 5882 qua
1488 5820 1682 5866 sensus

1792 3283 1946 3349 t-ieut,
1977 3299 2083 3337 non
2116 3290 2343 3352 possunt.
2373 3282 2459 3337 hic
2506 3283 2830 3338 calumniari
2860 3285 2970 3340 Deo
2998 3285 3158 3357 505
3183 3284 3383 3352 Verbo,

1790 3376 1834 3429 si
1863 3375 1931 3430 ad
1957 3374 2314 3430 substantiam
2347 3374 2464 3444 ejus
2497 3376 2666 3429 velint
2707 3376 2913 3433 referre
2941 3396 2953 3431 ε
2988 3378 3138 3445 Quod
3190 3383 3387 3449 factum

1790 3471 2057 3539 est;quiu
2080 3468 2486 3524 calumnieutur
2536 3478 2592 3524 et
2623 3469 2766 3524 Patri
2798 3470 2929 3535 Deo,
2972 3470 3041 3526 de
3085 3486 3192 3541 quo
3221 3474 3386 3544 scrip-

1789 3569 1900 3615 tum
1924 3569 2009 3616 est
2039 3578 2052 3615 :
2087 3560 2191 3625 Qui
2217 3570 2386 3614 autem
2430 3561 2556 3630 facit
2598 3562 2879 3627 veritatem,
2913 3563 3043 3616 venit
3082 3563 3150 3617 ad
3179 3565 3384 3631 lucem;

1789 3666 1843 3709 ut
1892 3656 2282 3723 mnnifeslentur
2303 3668 2460 3722 opera
2500 3657 2630 3727 ejus,
2663 3656 2786 3723 quia
2840 3658 2892 3721 in
2937 3653 3046 3708 Deo
3101 3664 3217 3709 sunt
3248 3658 3387 3723 facta

1788 3746 1969 3820 (Joan.
2002 3764 2081 3813 ιιι,
2109 3746 2225 3819 21).
2260 3747 2401 3802 Ecce
2430 3746 2519 3800 hic
2548 3761 2714 3815 opera
2744 3746 2977 3802 hominis
3022 3749 3074 3801 iu
3104 3747 3214 3801 Deo
3245 3751 3386 3805 facta

1787 3838 2039 3909 legimus,
2080 3846 2132 3891 et
2160 3837 2225 3891 ad
2258 3837 2619 3893 substantiam
2650 3846 2828 3891 tamen
2882 3836 3119 3892 divinam
3172 3838 3383 3895 referre

1790 3947 1897 3986 non
1926 3944 2247 4000 possumus:
2282 3928 2375 3983 sed
2416 3935 2509 3981 aut
2553 3943 2648 3997 per
2696 3928 2876 3997 ipsum
2910 3927 3051 3982 facta
3100 3932 3383 4001 cognosci-

1789 4036 1931 4089 mus,
1965 4029 2024 4076 ut
2047 4029 2132 4076 est
2153 4025 2314 4075 etiam
2338 4019 2471 4074 illud
2496 4019 2891 4088 Apostolicunt,
2922 4020 3065 4089 quod
3092 4024 3263 4076 omnia
3292 4039 3382 4094 per

1786 4117 1975 4186 ipsum,
2007 4124 2053 4168 et
2080 4114 2134 4168 in
2175 4114 2286 4185 ipso
2333 4121 2505 4166 creata
2530 4120 2645 4165 sunt
2670 4126 2688 4175 ;
2709 4122 2752 4165 et
2780 4112 2892 4181 ipse
2918 4121 2991 4166 est
3038 4123 3157 4167 ante
3180 4132 3377 4183 outncs,

1785 4220 1833 4264 et
1857 4209 2032 4264 omnia
2058 4209 2110 4262 in
2142 4208 2252 4277 ipso
2281 4214 2511 4260 constant
2531 4203 2753 4278 (Coloss.
2781 4204 2931 4277 1,16)
2966 4222 2979 4260 :
3009 4216 3195 4269 aut,ut
3221 4207 3409 4262 docete

1784 4305 2070 4378 praesentis
2109 4302 2128 4342 ί
2164 4303 2418 4360 lectionis
2462 4301 2831 4357 testimonium
2857 4342 2872 4368 ,
2915 4301 3141 4357 virtutes
3180 4301 3379 4372 quibus

1788 4401 1907 4453 vita:
1927 4407 2146 4453 :eternae
2163 4395 2367 4452 fructus
2383 4394 2702 4464 acquiritur,
2724 4393 2777 4448 in
2792 4394 2907 4449 Deo
2926 4395 3378 4450 factasmstimare

1783 4493 2069 4557 debemus,
2110 4494 2449 4556 castitatem,
2486 4491 2774 4562 pietatem,
2815 4490 3173 4561 religionem.
3209 4488 3375 4545 ﬁdem

1707 4580 1761 4640 D
1786 4596 1843 4643 et
1866 4588 1972 4642 alia
2003 4587 2336 4657 lmjusmodi,
2370 4602 2491 4656 qum
2515 4586 2570 4641 in
2618 4587 2894 4642 voluntate
2922 4587 3023 4643 Dei
3046 4584 3188 4655 facta
3228 4592 3374 4639 sunt.

1781 4762 1887 4801 non
1918 4748 2020 4802 nisi
2050 4746 2562 4816 sequentibﬁusistis,
2585 4747 2724 4815 quod
2764 4748 2960 4815 factum
2984 4755 3083 4812 est,
3118 4746 3378 4800 termina-

1782 4818 1958 4873 batur.
2011 4815 2259 4872 Sednec
2313 4815 2542 4869 deerant
2595 4818 2684 4881 qui
2745 4832 2964 4872 sensum
3017 4816 3377 4885 perducerent

1784 4905 1952 4955 ustjue
1981 4887 2047 4941 ad
2078 4887 2166 4940 illa
2199 4888 2385 4949 verba,
2434 4887 2568 4956 quod
2596 4888 2790 4955 factum
2841 4897 2915 4942 est
2961 4888 3015 4939 in
3060 4888 3192 4957 ipso.
3225 4887 3373 4943 lianc

1783 4959 2190 5014 distinctionem
2243 4958 2415 5011 secuti
2473 4968 2598 5009 sunt
2635 4959 2928 5027 Gregorius
2982 4957 3145 5027 Nyss.
3187 4958 3281 5013 lib.
3331 4975 3372 5025 I,

1783 5041 1931 5086 cont.
1963 5029 2312 5087 Eunomium,
2342 5035 2397 5083 et
2450 5027 2783 5097 Epiphanius
2811 5029 2863 5083 in
2892 5032 3181 5088 Aneorat..
3215 5046 3369 5084 lllltll.

1787 5102 1875 5168 75,
1902 5100 1989 5153 ubi
2020 5098 2246 5166 primatu
2280 5099 2477 5153 acerbe
2533 5110 2681 5152 nutat
2714 5101 2867 5169 quasi
2899 5098 3127 5166 Spiritui
3182 5110 3374 5156 sancto

1768 5172 2125 5237 injuriosam,
2153 5170 2220 5223 de
2249 5184 2353 5239 qua
2385 5170 2478 5223 lib.
2512 5184 2549 5237 ι,
2582 5169 2649 5224 de
2678 5170 2885 5239 Spiritu
2912 5170 2969 5226 S.
3005 5169 3143 5225 forte
3168 5170 3374 5240 aliquid

1785 5244 1888 5297 erit
1919 5240 2228 5295 dicendum.
2266 5241 2501 5296 Primam
2547 5256 2680 5296 vero
2710 5243 3042 5311 Augustinus
3079 5241 3151 5294 ita
3180 5242 3375 5297 admit—

1785 5315 1868 5373 tit.
1899 5323 1957 5367 ut
2000 5312 2235 5365 secunda
2287 5312 2403 5380 ejus
2436 5327 2559 5380 pars
2613 5312 2714 5366 lion
2746 5312 2906 5367 modo
2959 5312 3323 5379 distinguatur
3356 5332 3370 5370 :

1788 5384 1940 5452 Quod
1962 5386 2153 5456 factum
2176 5392 2249 5456 est
2276 5386 2327 5437 in
2354 5383 2447 5456 illo
2462 5386 2563 5436 vita
2584 5394 2695 5437 erat
2719 5401 2736 5450 ;
2764 5384 2993 5456 alteram
3016 5397 3198 5437 autem
3224 5384 3370 5453 ejus-

1784 5456 1905 5510 dem
1940 5454 2106 5524 partis
2131 5455 2637 5510 Subdistinctionem
2669 5468 2771 5525 qua
2802 5455 3004 5524 virgula
3028 5466 3147 5522 post
3171 5470 3368 5521 voces,

1784 5530 1837 5580 in
1870 5529 2002 5599 ipso,
2033 5527 2427 5599 apponebalur,
2453 5528 2744 5599 absurdam
2769 5535 2978 5599 censet.
3017 5525 3152 5599 Yide
3182 5525 3277 5579 lib.
3310 5543 3365 5589 v,

1783 5599 1852 5651 de
1879 5595 2016 5653 Gen.
2050 5598 2116 5651 ad
2150 5596 2306 5659 Litt.,
2336 5612 2454 5660 can.
2489 5598 2577 5658 H,
2608 5605 2661 5651 et
2710 5605 2867 5651 tract.
2898 5612 2913 5651 ι
2945 5596 2999 5650 in
3030 5595 3186 5651 Joan.
3214 5612 3367 5652 num.

1787 5670 1874 5733 16,
1904 5670 2126 5723 δὶοιιισει
2145 5668 2469 5736 interpretes
2496 5668 2561 5720 ad
2586 5668 2840 5723 eumdem
2869 5669 3070 5723 locum.

1863 5742 1881 5779 ί
1916 5741 1991 5794 Ita
2038 5753 2168 5793 mss.
2201 5740 2574 5807 probatiores:
2609 5737 2703 5793 alii
2758 5755 2890 5795 vero
2916 5749 2971 5795 et
3000 5748 3190 5794 omnes
3216 5737 3375 5807 edit.,

1787 5813 1937 5867 lectio
1966 5811 2262 5865 testimonii.
2312 5809 2521 5866 Rursus
2578 5819 2762 5867 autem
2798 5811 2889 5869 ubi
2917 5826 3020 5869 nos
3070 5825 3193 5867 cum
3239 5824 3378 5870 mss.
