3948 6172
538 215 642 273 599

1839 220 2086 277 SANCTI
2127 220 2458 280 AMBROSII

3709 220 3794 278 600

612 343 706 398 45.
737 342 882 414 Ergo
903 341 1043 398 sicut
1086 341 1138 395 in
1171 338 1265 395 Dei
1293 338 1493 405 Patris,
1523 339 1598 395 ita
1636 341 1798 396 etiam
1849 340 1903 397 in
1933 340 2133 397 Christi
2162 343 2213 404 Α
2238 356 2362 397 cum
2394 342 2755 414 interrogatus
2783 344 2839 399 in
2860 357 3027 400 carne
3057 359 3071 398 :
3101 343 3182 399 Tu
3199 344 3289 415 qui
3313 344 3411 400 es!
3448 343 3794 414 responderit:

542 436 823 491 voluntate
845 444 901 490 et
930 435 1129 489 virtute
1155 432 1297 489 facta
1327 445 1473 502 sunt,
1499 434 1642 490 sicut
1668 435 1898 506 legimus
1922 454 1935 490 :
1967 435 2136 491 Creati

540 530 596 580 in
649 525 853 582 Christo
905 527 961 579 in
1005 525 1242 593 aperilms
1289 526 1435 581 bonis
1469 525 1689 597 (Ephes.
1746 526 1958 597 ιι,10);
2000 529 2135 583 etin

543 620 754 689 psalmo
782 636 795 672 :
823 617 949 673 Fiat
994 635 1099 691 pax
1143 620 1196 673 in
1224 620 1411 675 virtute
1458 629 1547 674 tua
1591 620 1707 692 (Ps.
1750 637 1873 676 cui
1905 663 1919 685 ,
1960 620 2137 694 7);et

541 710 669 765 alibi
705 727 719 762 :
753 709 957 765 Omnia
981 710 1035 765 in
1062 711 1314 781 sapientia
1337 712 1505 782 fecisti
1535 711 1657 782 (Ps.
1683 728 1796 779 cm,
1826 713 1942 784 24).
1971 712 2035 768 In
2055 731 2139 768 sa—

540 805 754 874 pientia,
786 804 980 875 inquit,
1006 806 1193 875 fecisti,
1242 820 1351 860 non
1396 807 1718 875 sapientiam
1777 808 1974 863 fecisti.
2004 807 2136 864 Nam

539 912 663 952 cum
695 899 875 953 omnia
903 898 957 953 in
986 900 1249 968 sapientia
1308 898 1450 955 facta
1495 901 1624 966 sint,
1657 901 1910 958 Christus
1957 912 2137 958 autem

544 990 641 1044 Dei
671 991 938 1059 sapientia
959 992 1030 1046 sit
1054 991 1097 1061 (l
1117 991 1239 1046 Cor.
1274 1009 1311 1054 t,
1337 992 1458 1064 24),
1489 1007 1597 1047 non
1646 994 1903 1051 accidens
1930 997 2137 1067 utique,

543 1084 637 1139 sed
670 1085 975 1140 subsistens
999 1095 1051 1141 et
1109 1102 1441 1157 permanens
1472 1090 1527 1145 in
1574 1098 1841 1144 mternum
1868 1106 1883 1155 ;
1913 1091 1957 1144 si
2002 1092 2141 1146 facta

543 1186 631 1233 est
687 1178 975 1249 sapientia,
1030 1180 1142 1250 jam
1199 1180 1476 1238 deteriore
1523 1182 1835 1239 conditione
1870 1181 2009 1237 facta
2058 1194 2144 1239 est

543 1286 707 1337 quam
735 1272 957 1336 omnia;
990 1273 1111 1340 quia
1155 1274 1419 1343 sapientia
1444 1274 1563 1330 lieri
1610 1290 1708 1345 per
1734 1290 1794 1330 se
1833 1275 2005 1346 ipsam
2032 1291 2140 1330 non

542 1363 736 1433 potuit.
769 1365 909 1436 Ergo
938 1366 982 1420 si
1013 1365 1208 1421 factum
1262 1382 1385 1423 esse
1429 1368 1746 1439 frequenter
1796 1370 1862 1424 ad
1912 1369 2141 1440 aliquid,

543 1475 650 1515 non
713 1459 780 1516 ad
835 1469 1081 1517 naturam
1132 1461 1387 1530 refertur,
1416 1464 1581 1519 etiam
1605 1471 1852 1519 creatum
1903 1478 2026 1520 csse
2075 1463 2143 1519 ad

546 1568 769 1609 causam
801 1554 1056 1610 refertur.

1119 1648 1348 1707 CAPUT
1385 1651 1497 1707 Vll.

2244 432 2569 506 Principium
2586 434 2726 505 quod
2753 443 2799 489 et
2828 435 3009 505 loquor
3029 435 3167 489 vobis
3197 432 3382 507 (Joan.
3406 451 3520 504 vttt,
3535 434 3645 508 25).
3667 434 3795 503 Quod

2240 542 2348 581 non
2380 528 2553 581 solum
2574 536 2601 563 ἰ
2630 526 2697 582 ad
2729 526 3086 607 substantiam
3113 527 3410 582 divinitatis
3422 508 3631 584 aeterna:
3658 527 3799 584 refcr-

2240 630 2351 687 tur,
2367 622 2461 676 sed
2491 621 2653 676 etiam
2676 621 2742 676 ad
2770 619 3092 676 documenta
3109 622 3392 679 virtutum.
3412 620 3488 676 Ex
3511 622 3607 676 hoc
3622 622 3800 677 enimet

2244 717 2410 772 Deum
2432 732 2494 774 se
2519 717 2765 787 probavit
2788 726 3053 772 a'ternum
3079 734 3095 783 ;
3125 718 3248 786 quia
3281 718 3524 772 omnium
3549 716 3654 787 ipse
3674 717 3801 787 prin-

2242 811 2444 880 cipium
2477 820 2581 875 est,
2637 822 2691 867 et
2720 811 3144 882 uniuscujusque
3189 811 3406 866 virtutis
3455 820 3657 876 auctor,
3700 812 3802 881 quia

2246 905 2504 960 Ecclesia:
2526 914 2688 974 caput
2712 912 2820 971 est,
2845 903 2985 960 sicut
3015 905 3279 974 scriptum
3310 913 3396 958 est
3423 921 3437 957 :
3474 902 3605 971 Quia
3626 904 3723 974 ipse
3747 911 3807 955 est

2242 1007 2396 1070 caput
2427 998 2657 1069 corporis
2686 996 2955 1064 Ecclesiae,
2983 997 3070 1067 qui
3094 1005 3169 1051 est
3220 996 3558 1067 principium,
3588 995 3809 1067 primoge-

2244 1098 2385 1151 nitus
2407 1113 2471 1152 ea:
2500 1097 2721 1151 mortuis
2755 1093 2980 1168 (Coloss.
3005 1109 3046 1160 ι,
3080 1095 3189 1164 l8).

2318 1192 2405 1246 50.
2438 1189 2633 1260 Liquet
2678 1187 2840 1258 igitur
2892 1197 2947 1243 ct
2975 1187 3043 1242 de
3072 1184 3443 1242 incarnatione
3484 1184 3680 1241 dictum
3707 1198 3810 1239 esse

2244 1284 2558 1356 principium
2598 1284 2804 1337 viarum
2857 1298 3095 1347 suarum,
3146 1279 3293 1351 quod
3344 1279 3413 1334 ad
3444 1287 3810 1335 sacramentum

2243 1370 2480 1447 suscepti
2538 1377 2787 1447 corporis
2842 1375 3059 1431 videtur
3105 1389 3227 1431 esse
3290 1373 3655 1430 referendum.
3706 1373 3812 1428 Ideo

2245 1470 2392 1526 enim
2418 1484 2636 1525 carnem
2668 1470 2928 1539 suscepit,
2958 1481 3018 1523 ut
3047 1467 3111 1521 ad
3156 1468 3354 1523 cmlum
3385 1467 3548 1523 nobis
3573 1475 3813 1522 sterneret

2249 1567 2371 1620 iter.
2399 1563 2643 1634 Denique
2670 1562 2749 1617 ait
2776 1560 3048 1617 :Ascend'o
3076 1560 3146 1614 ad
3196 1558 3409 1614 Patrem
3439 1576 3627 1626 meum,
3657 1567 3701 1613 ct
3725 1556 3815 1610 Pa-

2248 1669 2376 1712 trem
2397 1666 2623 1711 vestrum
2652 1672 2670 1710 :
2694 1653 2865 1710 Deum
2913 1671 3106 1721 meum,
3136 1663 3183 1708 et
3207 1651 3377 1707 Deum
3403 1663 3625 1709 vestrum
3653 1652 3812 1722 (lauti.

552 1739 704 1808 Quod
730 1758 762 1794 a
795 1740 1074 1796 Salomone
1097 1739 1290 1795 dictum
1318 1751 1432 1797 est:
1465 1742 1729 1799 Dominus
1767 1743 1977 1798 creavit
2032 1758 2141 1808 me,
2177 1734 2225 1793 Β
2252 1765 2345 1814 xx,
2380 1748 2492 1820 l7).
2526 1749 2769 1819 Denique
2799 1757 2857 1803 ut
2901 1749 3047 1803 scias
3086 1746 3230 1818 quod
3275 1750 3393 1802 vias
3442 1761 3571 1802 suas
3592 1746 3815 1818 omnipo-

621 1843 726 1888 etc.
759 1875 775 1901 ,
826 1833 1233 1888 incarnationem
1258 1834 1450 1890 Christi
1503 1836 1571 1890 ad
1615 1836 1919 1890 redimenda
1970 1834 2147 1890 Patris

624 1941 783 1995 opera
810 1928 1001 1999 factam
1023 1927 1230 1998 signare
1259 1944 1399 1998 ;quo
1420 1945 1484 1983 ea:
1520 1930 1683 1999 ipsius
1720 1927 1851 1983 Filii
1873 1929 2036 1983 verbis
2058 1928 2148 1983 de-

624 2019 843 2082 clarato,
878 2018 1204 2089 principium
1245 2021 1467 2075 ostendit
1508 2022 1661 2075 etiam
1687 2021 1853 2092 accipi
1902 2035 2048 2090 posse
2085 2021 2149 2075 de

624 2112 944 2167 documentis
997 2113 1278 2180 virtutum,
1308 2129 1529 2184 quarum
1571 2114 1804 2169 omnium
1856 2115 1966 2168 vias
2003 2113 2149 2169 nobis

626 2204 877 2261 Dominus
930 2212 1196 2276 aperuisse
1227 2250 1242 2273 ,
1290 2224 1351 2261 ac
1379 2223 1495 2262 vere
1540 2208 1856 2279 principium
1895 2208 2149 2263 exstitisse

623 2304 1024 2361 demonstratur.

623 2425 713 2479 ιϐ.
758 2425 924 2497 pilius
954 2444 1071 2500 cap.
1106 2428 1221 2502 lV.]
1252 2428 1406 2486 Unde
1451 2428 1804 2499 intelligimus
1836 2428 1969 2483 illud
2003 2426 2150 2499 quod

550 2516 619 2571 de
648 2517 1021 2574 incarnatione
1055 2520 1268 2575 Domini
1299 2521 1560 2591 scriptum
1586 2531 1670 2576 est
1697 2520 1981 2575 :Dominus
2007 2536 2152 2575 crea-

552 2612 623 2665 vit
643 2629 722 2667 me
749 2614 1058 2683 principium
1081 2616 1281 2669 viarum
1313 2630 1525 2669 suarum
1568 2614 1623 2668 in
1653 2630 1810 2683 opera
1838 2630 1932 2667 sua
1961 2612 2145 2683 (Prov.

554 2706 807 2775 νιιι,22),
834 2706 887 2760 id
915 2707 1223 2777 signiﬁcare
1250 2707 1395 2777 quod
1425 2706 1493 2762 ad
1515 2706 1830 2762 redimenda
1851 2721 2016 2776 opera
2047 2706 2150 2761 Pa-

554 2795 653 2848 tris
682 2795 947 2852 Dominus
985 2796 1145 2853 Iesus
1193 2812 1263 2853 ex
1317 2798 1536 2868 Virgine
1574 2799 1647 2853 sit
1692 2807 1931 2854 creatus.
1966 2798 2152 2869 Neque

556 2885 701 2939 enim
756 2885 994 2942 dubitari
1034 2896 1214 2957 potest
1260 2889 1330 2943 de
1355 2889 1741 2944 incarnationis
1795 2889 1998 2944 dictum
2028 2905 2152 2946 esse

552 2977 839 3048 mysterio,
863 2992 984 3032 cum
1010 2987 1230 3049 propter
1250 2994 1418 3049 opera
1445 2994 1541 3034 sua
1571 2997 1599 3033 a
1631 2984 1956 3051 corruptelae
1979 2983 2153 3038 servi-

2253 1855 2372 1898 tcns
2412 1843 2576 1899 Pater
2629 1843 2929 1899 secundum
2963 1843 3396 1899 incarnationem
3445 1842 3818 1913 prazscripserit

2251 1934 2412 2000 Filio,
2444 1935 2611 1990 habes
2643 1937 2694 1991 iu
2739 1935 3000 1991 Zacharia
3045 1935 3111 1991 ad
3162 1934 3350 1991 Jesum
3411 1935 3655 1991 indutttm
3679 1940 3821 1991 vesti-

2251 2037 2430 2081 menta
2453 2026 2673 2082 sordida
2696 2028 2766 2082 ab
2789 2029 3002 2098 Angelo
3027 2028 3230 2083 dictum
3254 2046 3266 2081 :
3291 2027 3422 2083 Htec
3445 2029 3572 2083 dicit
3596 2026 3819 2083 Dominus

2252 2121 2579 2187 omnipotens
2609 2137 2628 2174 :
2661 2119 2724 2175 Si
2767 2120 2823 2174 in
2852 2121 2949 2174 viis
2976 2122 3102 2175 meis
3122 2120 3489 2185 ambulaveris,
3518 2131 3564 2175 et
3592 2131 3821 2194 pracepta

2252 2232 2365 2271 mea
2387 2214 2692 2271 custodieris
2722 2213 2912 2287 (Zach.
2956 2231 3039 2280 ιιι,
3063 2213 3140 2287 7).
3164 2214 3320 2282 Quod
3351 2224 3437 2271 est
3463 2215 3818 2271 vestimentum

2251 2310 2384 2365 illud
2410 2308 2716 2375 sordidum,
2746 2308 2847 2363 nisi
2877 2309 3060 2363 carnis
3083 2307 3386 2379 assumptio
3403 2309 3428 2360 Ἰ

2325 2405 2421 2461 51.
2463 2404 2580 2461 Vite
2636 2403 2799 2476 igitur
2852 2401 3067 2458 Domini
3121 2402 3276 2457 velut
3327 2400 3551 2472 quidam
3602 2399 3823 2456 tramites

2254 2498 2410 2553 bonae
2441 2496 2564 2552 vita.
2586 2504 2736 2562 sunt,
2763 2511 2884 2566 qua:
2912 2494 3221 2566 diriguntur
3267 2508 3297 2548 a
3326 2490 3569 2559 Christo,
3614 2492 3701 2563 qui
3725 2491 3820 2545 ait:

2254 2592 2370 2666 Ego
2418 2608 2534 2646 sum
2577 2591 2683 2657 via,
2714 2599 2763 2643 et
2790 2590 3002 2654 veritas,
3034 2597 3082 2644 et
3125 2588 3231 2643 vita
3261 2585 3448 2658 (Joan.
3503 2602 3611 2653 stv,
3644 2584 3716 2658 6).
3743 2582 3822 2638 Via

2254 2699 2388 2754 ergo
2417 2699 2653 2755 superna
2682 2692 2766 2737 est
2797 2681 2892 2739 Dei
2925 2682 3101 2736 virtus
3130 2696 3146 2745 ;
3204 2677 3459 2734 Christus
3507 2679 3652 2734 enim
3692 2674 3826 2731 nobis

2253 2782 2338 2836 via
2370 2789 2474 2837 est.
2501 2779 2574 2835 Et
2600 2778 2739 2834 bona
2767 2776 2878 2844 via,
2907 2790 3032 2847 quae
3058 2772 3405 2832 credentibus
3424 2773 3548 2829 caeli
3569 2786 3727 2843 regna
3752 2783 3826 2838 pa-

2256 2874 2461 2931 tefecit.
2510 2873 2618 2928 Viae
2672 2883 2853 2927 autem
2901 2870 3116 2926 Domini
3164 2869 3266 2923 vite
3316 2879 3485 2923 rectm
3537 2875 3684 2933 sunt,
3710 2863 3826 2917 sicut

2252 2968 2518 3038 scriptum
2565 2976 2684 3024 est:
2743 2965 2872 3019 Vias
2924 2975 3063 3030 tuas,
3125 2962 3363 3027 Domine,
3394 2970 3543 3014 notas
3593 2960 3679 3031 [ac
3722 2952 3826 3009 mihi

555 3070 628 3124 tio
655 3070 935 3125 liberanda
990 3048 1255 3129 Dominus
1283 3076 1588 3147 susceperit
1610 3048 1830 3130 carnem
1866 3092 1880 3142 ;
1912 3087 1970 3130 ut
1998 3077 2148 3132 illum
2179 3115 2225 3179 Ο
2255 3064 2570 3179 (Ρεοβκξ,
2601 3060 2683 3134 4)ο
2720 3061 2814 3117 Via
2843 3059 3209 3179 οθδοῑίίδξοῦνξεξ
3248 3056 3406 3179 (ἰὼ-θ’θ’

555 3162 651 3233 qui
691 3162 980 3231 imperimn
1015 3164 1249 3221 habebat
1302 3167 1520 3233 mortis,
1552 3182 1650 3236 per
1674 3168 1758 3222 sui
1779 3169 2027 3237 corporis
2054 3169 2152 3225 de-

560 3267 800 3313 strueret
861 3260 1192 3330 passionem.
1242 3261 1385 3317 Caro
1445 3263 1591 3319 enim
1644 3261 1843 3318 Chriin
1932 3274 2156 3335 propter

559 3365 750 3419 opera,
774 3350 1034 3407 divinitas
1072 3363 1199 3409 ante
1234 3368 1400 3424 opera
1427 3370 1443 3420 ;
1470 3355 1592 3424 quia
1643 3355 1761 3425 ipse
1800 3365 1925 3411 ante
1947 3356 2150 3422 omnia,

560 3444 654 3499 sed
684 3452 740 3499 ct
767 3447 949 3501 omnia
972 3448 1025 3502 in
1050 3448 1170 3519 ipso
1195 3457 1470 3504 constant.

629 3536 721 3592 47.
749 3536 867 3593 Νοιι
899 3554 1029 3611 ergo
1056 3540 1313 3596 divinitas
1343 3551 1566 3612 prapter
1592 3557 1780 3612 opera,
1808 3542 1903 3599 sed
1936 3553 2155 3614 propter

554 3631 894 3686 divinitatem
946 3649 1155 3702 opera;
1193 3638 1337 3689 sicut
1374 3636 1673 3705 Apostolus
1722 3636 2038 3703 declaravit,
2073 3636 2156 3691 di-

557 3742 691 3781 ccus
718 3728 861 3795 quod
891 3737 1117 3798 propter
1150 3727 1345 3784 Filium
1380 3728 1474 3795 Dei
1527 3731 1728 3784 omnia.
1766 3730 1858 3785 Sic
1885 3731 2029 3785 enim
2064 3734 2157 3787 ha-

557 3819 651 3873 bes
676 3833 691 3872 :
718 3816 940 3874 Decebat
970 3829 1142 3874 autem
1170 3836 1288 3874 eum
1331 3838 1423 3892 per
1446 3840 1598 3893 quem
1632 3825 1826 3890 omnia,
1856 3835 1901 3878 et
1942 3835 2155 3895 prapler

555 3927 705 3979 quem
729 3912 922 3979 omnia,
967 3912 1144 3968 multis
1172 3913 1297 3982 ﬁliis
1326 3914 1381 3967 in
1424 3914 1646 3987 gloriam
1679 3915 1940 3981 adductis,
1975 3918 2155 3971 ducent

555 4001 742 4055 salutis
764 4019 940 4058 eorum
964 4021 1055 4075 per
1072 4006 1363 4078 passionem
1385 4012 1730 4061 consummari
1747 4008 1933 4078 (Hebr.
1957 4026 2017 4075 tt,
2041 4012 2151 4080 10).

550 4093 743 4150 Nonne
767 4096 1051 4153 evidenter
1080 4099 1335 4167 exposuit
1378 4100 1503 4169 quia
1534 4099 1632 4154 Dei
1688 4098 1857 4153 Filius
1911 4101 1999 4170 qui
2031 4116 2154 4169 pro-

553 4198 672 4257 pter
699 4190 1039 4245 divinitatem
1063 4206 1219 4245 suam
1242 4192 1426 4245 omnia
1453 4195 1681 4256 creavit,
1704 4193 1749 4246 is
1778 4203 1966 4262 postea
1993 4208 2153 4264 prop-

554 4293 637 4337 ter
666 4283 849 4353 populi
879 4284 1109 4337 salutem
1154 4294 1209 4338 et
1231 4285 1417 4338 carnis
1444 4287 1846 4354 suceptionem,
1871 4297 1925 4342 et
1958 4292 2153 4344 mortis

552 4378 915 4446 assumpserit
944 4377 1295 4446 passionem?

2258 3157 2463 3212 neutia.
2495 3156 2593 3210 Est
2622 3168 2860 3222 namque
2900 3151 2987 3207 via
3022 3151 3253 3214 virtutis,
3280 3157 3365 3205 est
3410 3156 3469 3204 et
3490 3147 3575 3202 via
3597 3143 3827 3217 iniquita-

2259 3252 2645 3319 tis;scriptum
2677 3259 2756 3305 est
2793 3247 2941 3304 enim
2963 3265 2977 3302 :
2999 3245 3067 3300 Et
3109 3244 3225 3300 vide
3252 3245 3297 3299 si
3326 3253 3401 3299 est
3439 3244 3523 3296 via
3566 3236 3827 3311 iniquitatis

2255 3343 2310 3397 in
2339 3359 2419 3397 me
2442 3341 2557 3413 (Ps.
2594 3356 2862 3415 qxxvttt,
2888 3340 3007 3412 2t).

2328 3435 2418 3491 52.
2453 3435 2788 3505 Principium
2816 3433 2999 3505 itaque
3021 3440 3227 3487 nostras
3248 3428 3470 3485 virtutis
3489 3424 3828 3483 estChristus.

2261 3529 2593 3598 Principium
2624 3527 2976 3597 integritatis,
3021 3524 3113 3596 qui
3139 3523 3325 3579 docuit
3350 3522 3591 3593 virgines
3637 3533 3737 3573 non
3758 3514 3827 3568 vi-

2258 3621 2388 3676 riles
2417 3630 2737 3689 eXSpectare
2765 3618 3109 3680 concubitus,
3144 3614 3239 3669 sed
3299 3614 3673 3684 integritatem
3699 3620 3829 3664 mcu-

2259 3713 2327 3767 Iis
2350 3722 2406 3769 et
2436 3713 2685 3783 corporis
2712 3719 2904 3767 sancto
2961 3712 3131 3782 magis
3177 3708 3360 3765 dicare
3409 3707 3659 3778 Spiritui,
3689 3715 3828 3774 quam

2258 3810 2455 3864 marito
2484 3806 2551 3878 (ll
2572 3806 2692 3861 Cor.
2728 3821 2806 3872 XI,
2829 3805 2910 3875 2).
2954 3803 3287 3873 Principium
3320 3800 3674 3872 parcimouim
3691 3793 3829 3852 Chri-

2255 3911 2392 3968 slus,
2412 3902 2503 3974 qui
2536 3915 2740 3971 pauper
2773 3901 2947 3955 lactus
2983 3910 3088 3964 est,
3137 3914 3260 3955 cum
3288 3906 3436 3954 esset
3457 3896 3613 3952 dives
3640 3890 3825 3967 (llCor.

2256 4012 2374 4063 vnt,
2398 3996 2477 4067 9).
2512 3994 2845 4063 Principium
2877 3991 3151 4060 patientia:
3171 3988 3445 4054 Christus,
3468 3989 3704 4060 quicum
3725 3995 3826 4037 ma-

2258 4089 2608 4155 lediceretur,
2633 4102 2738 4142 non
2770 4084 3145 4150 rctnaledixil;
3167 4097 3291 4139 cum
3311 4089 3707 4154 percuteretur,
3736 4088 3828 4130 non

2256 4182 2588 4253 repercussit
2630 4180 2673 4253 (1
2709 4178 2852 4234 I’etr.
2881 4194 2942 4243 ιι,
2988 4175 3106 4247 25).
3150 4172 3482 4240 Principium
3534 4165 3828 4227 humilitatis

2256 4278 2523 4343 Christus,
2555 4278 2645 4348 qui
2677 4275 2905 4331 formam
2946 4274 3093 4329 servi
3145 4269 3357 4338 accepit
3400 4266 3630 4340 (Philip.
3653 4280 3709 4327 ιι,
3736 4260 3785 4331 'i)
3815 4277 3825 4321 :

2255 4389 2379 4429 cum
2419 4372 2635 4427 Patrem
2691 4370 2857 4426 Deum
2889 4367 3175 4437 majestate
3209 4362 3428 4418 virtutis
3483 4370 3734 4431 sequaret.
3764 4354 3825 4407 lix

622 4471 714 4527 48.
750 4470 981 4540 PrOpter
1007 4485 1126 4540 qua:
1169 4480 1349 4525 autem
1382 4485 1549 4540 opera
1575 4473 1648 4527 sit
1691 4482 1908 4528 creatus
1933 4488 1999 4529 ex
2026 4474 2145 4530 Vir-

2260 4463 2350 4519 Illo
2372 4462 2514 4519 cnim
2542 4461 2755 4529 accepit
2779 4461 2950 4514 virtus
2979 4469 3321 4528 unaquaeque
3354 4452 3697 4525 principium.

2331 4559 2394 4567 .._
2446 4556 2483 4567 η
2542 4555 2591 4567 ..
2741 4562 2752 4567 -
2797 4552 2809 4567 .
2971 4551 2983 4563 .
3023 4560 3034 4567 .
3085 4559 3185 4567 α
3229 4563 3305 4567 η
3337 4562 3419 4567 ___
3470 4545 3697 4567 ,ιε-,μη

546 4567 695 4636 giae,
724 4564 889 4637 ξω
917 4565 1032 4633 ipse
1064 4564 1323 4619 Dominus
1346 4580 1469 4621 cum
1496 4565 1644 4621 illum
1674 4580 1880 4622 caecum
1904 4580 2142 4636 curaret,

547 4659 787 4713 ostendit
811 4659 1000 4714 dicens
1024 4676 1037 4713 :
1058 4657 1121 4713 In
1138 4659 1232 4713 illo
1259 4675 1340 4712 me
1362 4669 1564 4728 oportet
1588 4662 1793 4728 operari
1822 4677 1980 4730 opera
2007 4665 2142 4734 ejus,

545 4753 632 4820 qui
654 4751 792 4803 misit
815 4768 892 4803 me
912 4748 1092 4822 (Joan.
1132 4766 1208 4816 ιι,
1234 4750 1310 4822 4).
1339 4750 1405 4805 Ει
1446 4750 1678 4818 addidit,
1706 4760 1765 4806 ut
1786 4752 1855 4806 de
1896 4754 2141 4809 incarna-

547 4839 694 4896 tio.te
718 4841 835 4910 ejus
877 4841 1076 4895 dictum
1111 4843 1461 4897 crederemus
1494 4860 1506 4895 :
1542 4842 1671 4897 Cum
1712 4845 1764 4897 in
1816 4846 1909 4899 hoc
1950 4848 2141 4901 mando

544 4949 680 4999 sum,
712 4933 805 4986 tua;
849 4951 962 4986 sum
1006 4935 1158 5005 hujus
1197 4936 1374 4989 mundi
1401 4934 1592 5007 (lbid.,
1622 4935 1701 5008 5).
1729 4937 1942 4993 Etenim
1988 4941 2139 5008 quasi

545 5016 709 5079 hamo
739 5027 790 5081 iu
817 5029 917 5080 hoc
947 5028 1148 5083 mttudo
1173 5043 1271 5097 pro
1299 5037 1544 5100 tempore
1560 5040 1663 5096 cst;
1687 5047 1811 5086 nam
1827 5035 1980 5103 quasi
1999 5034 2139 5088 Deus

542 5131 762 5188 semper
806 5128 911 5173 est.
950 5120 1191 5190 Denique
1237 5131 1290 5175 et
1333 5122 1460 5176 alibi
1494 5124 1614 5176 ait:
1649 5122 1784 5178 Ecce
1837 5142 1931 5195 ego
1974 5127 2139 5181 vobis-

540 5227 657 5266 cum
690 5229 804 5267 sum
855 5231 1013 5285 usque
1061 5215 1129 5269 ad
1159 5218 1651 5271 consummationem
1696 5219 1878 5273 mundi
1908 5219 2136 5291 (Matth.

539 5319 726 5367 sxvm.
750 5306 865 5375 20).

604 5401 696 5457 49.
723 5400 832 5456 Nec
860 5401 926 5455 de
974 5402 1241 5473 principio
1289 5402 1495 5459 residet
1534 5403 1738 5472 aliquid
1790 5409 2134 5474 (ιιιειιεῑίοηίε,

529 5562 803 5625 omnibus,
834 5561 1137 5626 castitatem,
1154 5562 1435 5633 pietatem;
1469 5562 1600 5618 edit.
1632 5578 1822 5620 omnes
1847 5580 1879 5620 e
1906 5575 2127 5623 contra-

530 5634 614 5683 rio
643 5633 916 5703 legebant,
940 5633 1266 5697 charitatem,
1302 5638 1564 5703 pietatem,
1586 5645 1695 5691 etc.

551 5702 778 5821 “taret.
811 5702 943 5754 edit.
970 5715 1092 5756 cum
1128 5718 1257 5757 mss.
1292 5706 1519 5771 aliquot,
1572 5707 1640 5761 ad
1667 5706 1955 5761 divinitatis
1977 5719 2126 5764 aeter-

551 5784 581 5820 η
607 5786 637 5819 a
666 5783 762 5821 σιν.

529 5780 762 5821 nitatem.

2327 4559 2417 4614 55.
2446 4556 2511 4610 Et
2542 4555 2667 4610 ideo
2701 4562 2760 4607 ut
2797 4552 2912 4606 hmc
2936 4551 3194 4605 virtutum
3223 4562 3425 4619 genera
3463 4545 3822 4601 disceremus:

2256 4645 2304 4700 F
2308 4650 2429 4703 ilius
2458 4647 2610 4701 datus
2637 4654 2711 4700 est
2741 4643 2908 4710 nobis,
2958 4645 3108 4715 cujus
3135 4637 3449 4711 principium
3496 4652 3647 4707 super
3664 4634 3827 4686 hume-

2253 4759 2338 4796 ros
2381 4742 2494 4811 ejus
2524 4738 2698 4813 (Esai.
2745 4753 2827 4799 ιχ,
2876 4733 2955 4806 6).
3011 4732 3337 4803 Principium
3372 4730 3504 4785 illud
3546 4743 3675 4785 crux
3723 4723 3825 4778 Do-

2254 4835 2380 4889 mini
2407 4845 2484 4890 cst
2514 4850 2528 4899 ;
2556 4833 2876 4904 principium
2906 4827 3257 4894 tortitudinis,
3286 4841 3395 4898 quo
3427 4824 3515 4880 via
3532 4819 3726 4880 sanctis
3752 4823 3828 4872 est

2251 4939 2488 4983 reserata
2515 4923 2844 4994 martyribus
2870 4923 2938 4976 ad
2970 4921 3113 4977 sacri
3159 4919 3474 4975 certaminis
3510 4917 3820 4988 passionem.

2733 5016 2893 5088 507
2921 5012 3150 5071 eam
3189 5012 3324 5070 vut.

2255 5113 2553 5170 l’ersiculus
2571 5115 2625 5168 in
2643 5112 2804 5167 Esaia
2832 5113 3065 5180 proxime
3080 5112 3264 5165 citatus
3291 5111 3354 5162 de
3378 5106 3574 5163 Christi
3600 5100 3820 5161 humani-

2317 5218 2420 5263 tate
2460 5224 2523 5262 ac
2564 5207 2831 5282 divinitate
2867 5206 3175 5277 explicatur,
3215 5219 3371 5273 eoque
3416 5203 3586 5256 varias
3615 5200 3819 5253 hereses

2314 5299 2547 5369 iugulari
2577 5298 2846 5354 evincitur.

2309 5432 2401 5491 54.
2427 5432 2568 5488 Vidit
2599 5434 2702 5489 hoc
2726 5434 3050 5505 principium
3074 5433 3283 5502 Esaias,
3299 5443 3355 5489 et
3378 5434 3501 5490 ideo
3522 5434 3618 5489 ait:
3641 5431 3665 5471 δ
3683 5427 3815 5484 Pver

2302 5573 2329 5611 ι)
2351 5573 2491 5627 Edit.
2524 5587 2722 5627 omnes
2747 5588 2811 5628 ac
2840 5575 2994 5643 pauci
3023 5590 3156 5632 mss.
3182 5574 3267 5631 hic
3287 5556 3533 5645 et‘inl'ra,
3564 5573 3697 5629 Puer
3720 5585 3809 5645 na:

2228 5654 2310 5698 tus
2341 5655 2417 5699 est
2446 5645 2622 5706 nobis;
2657 5628 3004 5711 plures'mss.
3028 5628 3495 5714 omittunt—nobis,
3518 5628 3730 5708 melius,
3757 5628 3811 5695 Ili

2230 5726 2377 5786 patet
2407 5732 2437 5771 e
2467 5724 2725 5769 contextu
