3932 6176
141 285 225 342 601

1425 296 1514 353 DE
1555 298 1714 356 FIDE
1757 300 1889 358 LIB.
1932 303 2022 360 Ill.

3308 317 3414 374 602

132 418 271 464 natus
295 418 387 474 est,
416 407 584 465 Filius
613 411 765 467 datus
789 422 866 467 est
896 414 1059 471 nobis.
1099 413 1435 474 Videruntet
1461 419 1622 493 Magi,
1652 432 1707 476 et
1734 441 1784 501 Λ
1817 436 1839 464 ε
1864 434 2136 495 antequam
2170 426 2385 499 abyssos
2426 434 2648 501 faceret,
2700 441 2747 486 et
2787 442 3063 505 antequam
3107 438 3420 509 produceret

133 499 246 555 ideo
272 517 392 556 cum
426 504 704 572 parvutum
733 505 786 559 in
820 506 1053 578 prmsepi
1090 518 1408 577 cernerent,
1439 509 1706 569 adorave-

132 601 249 648 runt
277 594 520 651 dicentes
544 612 558 648 :
587 593 729 650 Puer
753 608 908 653 natus
945 610 1060 667 est;
1083 615 1206 656 cum
1238 602 1452 658 stellam
1480 603 1707 676 conSpi-

131 696 320 752 eerent,
369 687 767 756 praedicantes:
799 688 975 746 Filius
1002 692 1156 747 datus
1201 704 1273 749 est
1304 695 1451 750 nobis
1483 695 1700 767 (Matth.

130 794 181 846 ιι,
213 780 319 849 Η).
351 780 514 837 Aliud
544 798 741 838 munus
776 799 807 840 e
838 785 1022 852 terris,
1068 787 1213 843 aliud
1257 804 1456 844 munus
1477 806 1508 846 e
1538 791 1701 857 coelo,

128 880 177 927 et
203 883 485 944 utrumque
511 891 650 931 unus
677 877 731 932 in
765 886 996 948 utroque
1025 881 1318 950 perlectus,
1356 893 1411 938 et
1436 884 1557 939 sine
1584 898 1705 939 mu-

129 966 374 1024 tabilitate
403 967 731 1037 divinitatis,
778 980 835 1028 et
877 973 996 1028 sine
1024 972 1279 1030 humanas
1320 975 1703 1033 imminutione

125 1066 330 1114 naturae.
375 1058 550 1117 Unum
586 1063 974 1134 adoraverunt,
1014 1065 1303 1138 eidemque
1346 1083 1575 1125 munera
1604 1070 1702 1125 ob-
1742 1068 1745 1073 ’

125 1150 377 1215 tulerunt;
411 1161 470 1207 ut
496 1154 850 1212 ostenderent
872 1157 1046 1227 ipsum
1082 1173 1206 1215 esse
1226 1160 1353 1217 cmli
1381 1160 1696 1233 Dominum,

123 1240 203 1310 qui
232 1241 284 1297 in
312 1246 648 1315 praesepibus
674 1246 968 1305 videretur.

183 1335 266 1390 55.
315 1336 597 1409 Distingue
641 1341 979 1413 singulorum
1031 1356 1305 1402 momenta
1356 1349 1696 1407 verborum:

124 1425 247 1483 Puer
283 1441 432 1486 natus
459 1442 556 1500 est,
590 1432 764 1491 Filius
792 1438 946 1493 datus
988 1449 1062 1494 est
1099 1441 1265 1497 nobis.
1296 1443 1412 1499 Etsi
1438 1460 1503 1501 ex
1536 1446 1698 1502 Patre

124 1534 285 1587 natus,
316 1539 422 1579 non
458 1535 639 1583 tamen
674 1529 834 1586 nobis
860 1542 1042 1599 natus,
1068 1535 1164 1589 sed
1192 1534 1355 1591 datus
1393 1546 1513 1603 est;
1570 1539 1694 1608 quia

124 1628 213 1669 non
263 1615 434 1673 Filius
465 1630 692 1690 propter
730 1638 853 1690 nos,
898 1625 992 1681 sed
1047 1641 1145 1683 nos
1203 1640 1422 1700 propter
1468 1631 1692 1690 Filium.

122 1704 286 1779 Neque
332 1713 478 1766 enim
531 1715 690 1770 nobis
723 1727 882 1774 natus
909 1727 1016 1786 est,
1046 1722 1137 1791 qui
1167 1731 1221 1778 et
1252 1734 1379 1780 ante
1410 1740 1510 1781 nos
1538 1736 1693 1783 natus

1812 521 1981 588 fontes
2027 535 2296 591 aquarum,
2338 532 2458 577 ante
2494 532 2677 579 omnes‘
2709 526 2866 581 colles
2909 529 3087 599 genuit
3115 546 3198 585 me
3227 530 3409 604 (Prov.

1811 624 1926 677 vm,
1955 609 2029 665 25
2055 621 2104 667 et
2129 613 2287 686 seq.).

2423 709 2654 769 CAPUT
2691 712 2785 770 ιχ.

1810 813 2173 889 υἱῃῑεηιιαιεηι
2196 838 2262 876 ea:
2284 824 2401 878 loco
2425 824 2727 882 Salomonis
2743 844 2905 900 supra
2931 830 3143 887 laudato
3177 835 3412 891 exorien-

1878 919 1976 963 tem
2015 911 2167 966 soluit
2208 913 2532 984 Ambrosius,
2566 917 2677 973 illic
2719 928 2764 973 et
2802 923 3123 990 praeteritum
3147 926 3282 980 sumi
3311 943 3407 996 pro

1880 1004 2077 1073 futuro,
2110 1017 2160 1061 et
2185 1010 2439 1080 geminam
2460 1011 2514 1065 in
2537 1011 2743 1069 Christo
2771 1024 3012 1071 naturam
3033 1016 3299 1091 designari
3314 1037 3409 1092 pa-

1879 1100 2146 1169 tefaciens.

1877 1258 1968 1315 59.
2026 1259 2284 1317 Fortasse
2340 1262 2514 1330 dices,
2571 1265 2847 1333 quomodo
2895 1266 2967 1324 de
3024 1268 3402 1327 incarnatione

1804 1351 2006 1408 Christi
2027 1353 2229 1409 dictum
2278 1370 2401 1411 esse
2428 1358 2845 1414 memoraverim
2878 1376 2893 1415 :
2923 1360 3179 1418 Dominus
3213 1366 3406 1421 crearit

1804 1462 1913 1507 me.
1961 1461 2084 1501 cum
2133 1456 2262 1503 ante
2311 1448 2740 1506 incarnationem
2785 1451 2990 1509 Christi
3037 1465 3291 1512 creatura
3333 1458 3409 1513 sit

1805 1541 2035 1596 mundi?
2064 1541 2171 1597 Sed
2203 1544 2490 1599 considera
2521 1546 2646 1615 quia
2680 1548 2853 1603 moris
2874 1558 2961 1605 est
2997 1550 3293 1621 Scripturis
3322 1551 3406 1607 di-

1805 1635 1967 1702 vinis,
1991 1646 2046 1691 et
2072 1636 2251 1692 futura
2288 1654 2385 1709 pro
2409 1640 2703 1709 praeteritis
2730 1641 2938 1710 dicere,
2962 1650 3021 1699 et
3042 1645 3314 1715 geminam
3344 1646 3398 1701 in

1803 1726 2017 1783 Christo
2038 1728 2347 1799 signiﬁcare
2373 1731 2732 1789 substantiam
2759 1734 3078 1802 divinitatis,
3102 1746 3159 1793 et
3179 1739 3400 1806 carnis;

121 1810 210 1865 est,
255 1811 307 1857 et
336 1805 504 1860 totius
536 1818 622 1862 est
669 1810 922 1867 conditor
969 1821 1239 1870 creatnrze
1268 1834 1281 1870 :
1335 1833 1510 1890 neque
1554 1835 1697 1875 nunc
1805 1834 1873 1876 ne
1902 1820 2023 1891 quis
2049 1831 2144 1877 aut
2167 1822 2503 1879 divinitatem
2535 1837 2697 1897 neget
2726 1826 2868 1898 ejus,
2902 1837 3000 1886 aut
3026 1844 3270 1886 carnem.

123 1892 330 1962 primum
353 1898 625 1966 nascitur,
642 1901 731 1971 qui
753 1913 873 1957 erat
897 1919 1135 1975 semper,
1161 1915 1187 1944 ο
1217 1917 1273 1964 et
1308 1919 1427 1965 erat
1454 1910 1509 1965 in
1542 1914 1695 1982 prin-

122 1984 243 2055 cipio
264 2005 277 2042 :
300 1990 390 2044 sed
415 1990 556 2048 illud
597 1994 742 2064 quod
768 2012 873 2051 non
902 2008 1041 2065 erat,
1069 1999 1226 2055 nobis
1255 2003 1519 2058 nascitur.
1537 2004 1693 2071 Quod

122 2080 261 2137 etiam
298 2086 525 2156 angelus
558 2090 868 2157 pastoribus
894 2107 1017 2148 cum
1050 2094 1381 2165 loqueretur,
1412 2098 1549 2154 dixit
1570 2114 1696 2157 esse

122 2187 438 2245 generatum,
503 2180 654 2237 sicut
701 2181 870 2240 habes
907 2185 1167 2256 scriptum
1203 2205 1216 2243 :
1247 2191 1380 2255 Quia
1418 2201 1572 2247 natus
1618 2204 1696 2249 est

124 2267 247 2323 nobis
285 2270 434 2327 hodie
478 2272 754 2339 Salvator,
806 2278 897 2348 qui
942 2288 1023 2334 est
1061 2279 1298 2338 Christus
1331 2282 1607 2350 Dominus,
1641 2288 1695 2340 in

124 2361 299 2419 civitate
335 2364 505 2423 David
538 2370 556 2441 (
578 2367 710 2426 an.
771 2387 829 2438 ll,
866 2374 975 2445 il).
1036 2375 1204 2432 Nobis
1250 2393 1382 2449 ergo
1408 2380 1554 2451 quod
1587 2397 1693 2435 non

124 2463 237 2521 erat,
263 2466 439 2515 natum
471 2469 564 2517 est
587 2479 600 2515 :
633 2462 737 2519 hoc
756 2473 861 2530 est,
887 2482 1022 2537 puer
1046 2484 1110 2525 ex
1144 2469 1381 2542 Virgine,
1406 2487 1605 2544 corpus
1628 2490 1692 2530 ex

124 2544 295 2614 Maria;
340 2552 441 2607 hoc
481 2553 636 2610 enim
668 2568 791 2625 post
835 2573 957 2627 nos,
1009 2562 1137 2617 illud
1169 2572 1297 2620 ante
1328 2581 1449 2621 nos.

180 2640 261 2697 56.
292 2644 392 2701 Alii
418 2648 645 2706 codices
684 2652 765 2708 sic
791 2652 1031 2711 habent:
1065 2656 1205 2714 Puer
1245 2670 1399 2715 natus
1427 2671 1501 2717 est
1527 2662 1690 2727 nobis.

126 2733 274 2792 Filius
297 2741 448 2797 datus
475 2754 558 2799 est
603 2745 783 2815 nobis;
813 2747 918 2804 hoc
954 2761 1061 2818 est,
1094 2753 1184 2822 qui
1227 2765 1347 2810 erat
1372 2754 1543 2810 Filius
1576 2757 1692 2823 Dei,

126 2824 147 2863 δ
167 2831 242 2885 hic
264 2848 327 2889 ex
356 2836 520 2893 Maria
551 2854 688 2908 puer
710 2849 875 2899 natus
903 2853 989 2900 est
1016 2847 1194 2910 nobis.
1225 2858 1281 2903 et
1299 2848 1459 2905 datus
1483 2860 1568 2907 est
1597 2866 1690 2906 no-

126 2921 211 2979 bis.
240 2926 367 2995 Quia
395 2931 564 2988 datus
593 2935 685 3000 sit,
736 2937 863 2992 audi
912 2938 1239 3010 PrOphetam
1285 2942 1559 3000 dicentem
1589 2966 1602 2999 :
1629 2945 1695 3000 Et

124 3016 320 3076 salutare
346 3032 490 3078 tuum
518 3026 595 3081 da
630 3028 777 3083 nobis
797 3028 972 3099 (Psal.
1008 3049 1227 3100 Lxxxiv,
1254 3036 1331 3107 8).
1369 3037 1521 3106 Quod
1551 3040 1692 3095 enim

125 3122 261 3180 supra
308 3131 404 3172 nos
449 3128 564 3184 est,
615 3120 820 3177 datur:
863 3125 1009 3193 quod
1055 3127 1125 3183 de
1168 3129 1312 3185 ctelo
1349 3140 1455 3196 est,
1503 3132 1692 3199 datur;

1870 1912 1961 1968 60.
1988 1913 2119 1969 Nam
2146 1913 2289 1970 sicut
2307 1917 2358 1970 in
2386 1917 2539 1972 Esaia
2569 1918 2740 1974 habes
2763 1935 2779 1977 :
2800 1918 2941 1976 Puer
2959 1929 3113 1976 natus
3136 1932 3210 1978 est
3233 1923 3401 1992 nobis,

1798 2016 1845 2059 et
1874 2003 1920 2059 F
1924 2006 2044 2060 ilius
2062 2007 2215 2062 datus
2247 2019 2320 2063 est
2359 2010 2511 2066 nobis
2532 2009 2703 2081 (Esai.
2739 2028 2819 2078 ιχ,
2848 2013 2905 2085 6)
2933 2030 2948 2080 ;
2981 2015 3050 2070 ita
3076 2015 3167 2073 hic
3186 2032 3403 2089 quoque

1796 2109 1923 2155 ante
1953 2101 2217 2171 praemisit
2243 2112 2549 2159 creaturam
2578 2105 2787 2172 carnis,
2820 2116 2873 2161 et
2904 2108 3185 2165 subtexuit
3217 2125 3399 2165 asser-

1800 2192 2003 2249 tionem
2034 2193 2371 2261 divinitatis;
2404 2206 2462 2251 ut
2489 2198 2662 2253 scires
2702 2215 2809 2255 non
2832 2200 2970 2256 duos
2995 2200 3268 2270 Christos,
3302 2204 3400 2260 sed

1799 2302 1964 2341 unum
1996 2301 2154 2343 esse:
2186 2288 2275 2359 qui
2306 2299 2361 2343 et
2392 2300 2521 2345 ante
2555 2291 2757 2347 sucula
2785 2302 3075 2363 generatus
3101 2294 3169 2349 sit
3199 2309 3266 2350 ex
3298 2295 3391 2350 Pa~

1799 2386 1904 2445 tre,
1942 2388 1997 2433 ct
2025 2379 2238 2434 ultimis
2265 2382 2605 2451 temporibus
2647 2393 2862 2438 creatus
2911 2398 2978 2439 ex
3022 2383 3265 2455 Virgine,
3295 2386 3398 2441 hoc

1798 2481 1925 2529 est:
1962 2472 2077 2544 Ego
2121 2488 2241 2528 sum
2272 2472 2367 2529 ille
2409 2482 2629 2531 creatus
2668 2491 2738 2531 ex
2784 2475 3028 2544 homine,
3074 2486 3290 2533 creatus
3330 2479 3398 2534 ad

1799 2582 2040 2634 causam,
2072 2569 2160 2638 qui
2189 2583 2310 2623 sunt
2333 2579 2624 2639 generatus
2653 2583 2780 2627 ante
2814 2572 3035 2627 sarcula.

1873 2661 1963 2715 (il.
1998 2660 2238 2730 Denique
2281 2661 2522 2717 dicturus
2556 2680 2569 2716 :
2599 2660 2857 2717 Dominus
2898 2667 3091 2721 creavit
3123 2682 3227 2734 me,
3264 2682 3400 2737 prte-

1799 2752 1946 2808 misit
1977 2767 1993 2807 :
2024 2750 2445 2808 Commemorabo
2470 2769 2589 2825 gnte
2628 2772 2659 2808 a
2687 2756 2879 2811 saeculo
2904 2768 3045 2813 sunt.
3092 2758 3347 2815 Dicturus
3380 2779 3395 2819 :

1799 2846 2011 2914 Cenuit,
2055 2847 2319 2918 prmmisit
2347 2866 2360 2903 :
2391 2848 2458 2904 In
2503 2851 2760 2921 principio
2799 2863 3071 2924 antequam
3096 2862 3289 2910 terram
3316 2858 3396 2926 [a-

1799 2948 1952 3007 ceret,
1983 2950 2103 2994 ante
2132 2956 2307 2995 omnes
2335 2942 2491 2996 colles
2516 2944 2692 3016 genuit
2719 2960 2820 3000 me.
2849 2945 3003 3012 Ante,
3026 2960 3148 3001 cum
3175 2946 3395 3015 dicitur,

1800 3033 1852 3088 in
1884 3032 2151 3089 inﬁnitum
2175 3043 2324 3090 retro
2360 3036 2481 3092 sine
2518 3037 2696 3107 aliqua
2723 3038 3043 3095 deﬁnitione
3075 3040 3391 3112 porrigitur.

1798 3125 2068 3197 Denique,
2095 3136 2216 3182 ante
2244 3127 2528 3195 Abraham,
2564 3129 2758 3199 inquit,
2802 3146 2895 3202 ego
2917 3147 3031 3185 sum
3058 3129 3245 3199 (Joan.
3276 3146 3393 3197 viti,

126 3201 243 3260 sicut
275 3209 435 3265 etiam
478 3212 551 3268 de
596 3212 801 3284 Spiritu
841 3218 1069 3287 legimus
1112 3222 1277 3289 quod,
1310 3221 1551 3279 Charitas
1596 3224 1696 3281 Dei
1721 3220 1766 3282 C
1799 3218 1915 3291 58).
1975 3235 2081 3276 non
2141 3221 2330 3293 utique
2387 3229 2515 3294 post
2565 3223 2739 3278 Adam
2783 3201 2875 3279 :et
2922 3235 3042 3280 ante
3091 3224 3396 3298 Luciferum

124 3294 266 3363 elusa
283 3313 355 3357 est
374 3305 427 3358 in
448 3305 697 3363 cordibus
724 3314 912 3367 nostris
931 3330 1021 3381 per
1044 3314 1303 3387 Spiritum
1329 3328 1584 3385 sanctum,
1607 3321 1695 3391 qui

126 3388 258 3447 datus
290 3405 360 3449 est
391 3398 537 3453 nobis
572 3399 750 3469 (Rom.
775 3418 830 3469 v,
862 3404 940 3476 5).

183 3484 262 3539 57.
291 3486 395 3545 Sed
424 3491 613 3547 videto
655 3497 1117 3564 quemadmodum
1163 3500 1251 3557 hic
1288 3503 1440 3561 locus
1494 3506 1693 3563 multas

128 3570 336 3634 hereses
382 3582 715 3655 exstinguat.
763 3587 903 3643 Puer
944 3600 1095 3645 natus
1132 3603 1208 3647 est
1247 3593 1409 3661 nobis,
1452 3613 1557 3652 non
1597 3600 1693 3655 Ju-

128 3665 240 3725 daeis
267 3690 281 3726 :
310 3677 473 3743 nobis,
524 3693 638 3734 non
666 3680 978 3738 Manichtcis
1012 3705 1025 3741 :
1053 3686 1220 3753 nobis,
1264 3704 1369 3743 non
1400 3688 1691 3747 Marcioni-

130 3759 203 3815 tis.
228 3762 483 3838 Propheta
512 3771 654 3827 dicit
685 3791 698 3828 :
735 3773 921 3843 Nobis,
956 3777 1058 3855 hoc
1078 3788 1163 3834 est
1190 3781 1558 3852 credentibus,
1586 3800 1691 3841 non

132 3851 411 3916 incredulis.
450 3863 517 3919 Et
558 3864 649 3919 ille
666 3867 883 3936 quidem
915 3852 1285 3928 misericordia
1317 3888 1412 3930 sua
1445 3877 1695 3932 omnibus

133 3957 264 4006 natus
296 3965 395 4021 est,
442 3958 545 4014 sed
595 3960 818 4029 perﬁdia
870 3963 1250 4021 luereticorum
1293 3953 1437 4035 fecit,
1480 3981 1540 4026 ut
1583 3987 1693 4029 non

132 4042 352 4100 omnibus
377 4058 718 4116 nasceretur,
747 4054 837 4124 qui
873 4057 1130 4112 omnibus
1161 4068 1317 4115 natus
1344 4071 1445 4117 est.
1477 4061 1610 4118 Nam
1638 4072 1696 4121 et

132 4128 282 4189 lumen
310 4139 412 4195 diei
442 4144 577 4198 oriri
600 4145 824 4213 jubelnr
861 4162 1026 4219 super
1051 4152 1221 4208 bonos
1249 4162 1305 4209 et
1348 4157 1522 4213 malos
1549 4177 1562 4211 :
1595 4160 1691 4215 sed

131 4224 238 4321 oriri
262 4244 366 4286 non
397 4234 713 4290 videntibus
753 4254 859 4293 non
891 4241 1110 4298 videtur
1134 4243 1443 4321 (Matthav,
1475 4249 1589 4321 15).

192 4317 270 4375 58.
300 4321 447 4380 Sicut
489 4342 624 4398 ergo
652 4343 787 4398 puer
829 4348 937 4387 non
969 4336 1221 4392 omnibus
1262 4317 1417 4394 natus
1461 4317 1566 4410 est,
1598 4334 1692 4399 sed

134 4406 351 4471 ﬁdelibus
381 4437 395 4473 ε
428 4420 510 4475 sic
539 4420 708 4477 Filius
749 4438 855 4479 non
903 4426 1215 4484 inﬁdelibus
1243 4431 1402 4487 datus
1443 4406 1561 4499 est,
1598 4439 1692 4493 sed

135 4500 371 4565 ﬁdelibus.
426 4512 596 4570 Nobis
642 4516 803 4571 datus
846 4526 970 4586 est,
1025 4536 1131 4576 non
1178 4523 1555 4592 Photiniauis;
1613 4530 1692 4586 illi

132 4601 252 4656 enim
282 4622 384 4662 non
406 4610 594 4665 datum
638 4612 794 4668 nobis
828 4614 921 4671 Dei
953 4614 1150 4672 Filium
1178 4618 1366 4675 dicunt
1406 4636 1550 4689 esse,
1595 4625 1690 4681 sed
1717 4602 1770 4661 Ῑ)

131 4690 187 4781 ab
207 4694 348 4756 initio
371 4701 519 4759 inter
550 4720 647 4761 nos
677 4714 864 4760 natum
902 4724 915 4761 :
949 4710 1104 4765 nobis
1134 4710 1293 4767 datus
1321 4723 1426 4781 est,
1457 4732 1561 4772 non
1596 4718 1691 4772 Sa-

131 4780 377 4859 bellianis;
417 4797 493 4852 illi
544 4799 690 4854 enim
733 4788 927 4855 uolunt
958 4801 1154 4858 Filium
1196 4780 1687 4875 datutn,eutndem

129 4887 405 4971 asserentes
438 4888 658 4947 Patrem
701 4905 825 4947 esse
870 4909 1034 4964 quem
1080 4895 1280 4953 Filium
1312 4917 1326 4953 :
1357 4901 1534 4970 nobis,
1580 4921 1691 4971 non

128 4965 344 5063 ritimis;
376 4990 437 5035 et
459 4981 561 5052 ipsi
581 4983 725 5039 enim
765 5001 874 5041 non
919 4988 1119 5043 habent
1148 4990 1345 5047 Filium
1380 5009 1478 5063 pro
1514 4965 1687 5054 salute

126 5060 305 5132 datum,
340 5073 432 5128 sed
479 5090 577 5145 pro
606 5077 923 5136 inﬁrmitate
972 5060 1401 5141 transmissum
1431 5102 1540 5143 non
1594 5088 1687 5143 ha-

127 5151 233 5243 bent
251 5164 638 5237 consiliarium,
662 5187 825 5243 quem
852 5184 1040 5243 putant
1062 5174 1242 5234 futura
1267 5180 1507 5237 nescisse
1533 5200 1545 5235 :
1575 5198 1684 5239 non

126 5241 302 5305 habent
349 5255 565 5323 Filium,
620 5241 785 5332 quem
846 5241 1236 5336 sctnpiternum
1287 5285 1392 5325 non
1450 5282 1681 5342 putant;

124 5348 225 5433 cum
253 5343 409 5419 5m
432 5350 698 5421 scriptum
726 5354 798 5411 sit
832 5357 899 5412 de
925 5357 1106 5414 Verbo
1137 5360 1250 5428 Dei,
1291 5365 1430 5433 quod
1467 5374 1579 5421 erat
1625 5367 1680 5422 in

123 5431 385 5529 P’ittcipio;
415 5449 472 5496 et
494 5443 621 5499 alibi
648 5466 661 5501 :
689 5446 759 5501 In
798 5448 1075 5520 principio,
1101 5463 1209 5507 erat
1236 5431 1460 5511 Verbum
1493 5456 1677 5529 (loon.

126 5533 158 5584 ι.
179 5523 249 5593 2).
274 5527 508 5603 Denique
539 5547 592 5592 ut
637 5538 705 5594 ad
738 5543 1074 5611 propositum
1120 5555 1462 5603 revertamur
1490 5523 1679 5604 exem-

127 5617 252 5681 plum
275 5640 289 5676 :
316 5623 381 5681 In
406 5629 684 5702 principio,
710 5633 908 5705 inquit,
942 5648 1215 5709 antequant
1253 5649 1441 5696 terram
1462 5644 1676 5713 faceret,

188 5744 320 5773 ‘u‘.
370 5745 571 5773 Διί-..-Ι
622 5763 674 5773 Α-.
710 5763 808 5773 Δ,Α-ι
842 5752 855 5773 2

188 5744 211 5773 ,
845 5752 855 5768 .

188 5802 210 5837 "
360 5745 819 5883 imi'tdffi‘ii
839 5753 1230 5887 35739???»
1259 5831 1409 5887 natat
1439 5837 1536 5898 est,
1565 5816 1673 5890 ot'o.

1798 3313 1972 3389 (Psal.
2001 3330 2111 3380 ctx,
2140 3315 2222 3385 3),
2261 3332 2366 3370 non
2400 3316 2587 3386 utique
2622 3325 2751 3388 post
2796 3317 3044 3387 angelos.
3093 3317 3200 3373 Sed
3253 3330 3395 3386 ante,

1796 3421 1918 3462 cum
1950 3406 2106 3473 dixit,
2141 3421 2250 3463 non
2279 3423 2340 3463 se
2369 3404 2510 3463 intra
2538 3408 2800 3479 aliquem,
2827 3408 2924 3464 sed
2953 3408 3134 3464 omnia
3164 3410 3306 3464 intra
3334 3423 3396 3465 se

1797 3502 1930 3558 dixit
1955 3518 1969 3566 ;
1994 3503 2076 3558 sic
2102 3503 2247 3558 enim
2274 3503 2443 3559 moris
2470 3514 2555 3558 est
2582 3503 2946 3559 aeternitatem
2973 3503 3065 3558 Dei
3097 3502 3396 3572 Scripturis

1796 3594 2108 3665 signiﬁcare
2135 3595 2360 3651 divinis.
2398 3597 2641 3665 Denique
2666 3597 2796 3653 alibi
2833 3596 3000 3651 habes
3035 3614 3048 3650 :
3078 3594 3395 3663 Priusquam

1798 3699 1993 3744 montes
2023 3691 2224 3761 ﬁerent,
2256 3698 2305 3744 et
2332 3692 2644 3759 [armaretur
2674 3689 2812 3743 orbis
2858 3699 3029 3753 terrm,
3058 3706 3090 3741 a
3130 3689 3324 3742 sterqu
3350 3697 3398 3742 et

1797 3797 1958 3851 usque
1984 3782 2039 3834 in
2070 3780 2317 3834 saeculum
2347 3791 2401 3833 tu
2428 3796 2480 3833 es
2502 3778 2677 3851 (Prol.
2708 3794 2937 3843 cxxxtx,
2960 3777 3041 3849 9).

1868 3873 1959 3927 62.
2009 3875 2149 3928 Ante
2193 3872 2376 3927 omnia
2423 3887 2557 3943 ergo
2585 3872 2892 3941 generatio,
2926 3872 3070 3925 inter
3115 3871 3300 3926 omnia
3340 3881 3395 3927 et

1799 3973 2021 4034 propter
2049 3963 2227 4018 omnia
2266 3973 2539 4018 creatura.
2588 3962 2758 4017 Natus
2787 3977 2851 4017 ex
2900 3963 3058 4018 l’atre
3102 3977 3266 4035 supra
3294 3962 3397 4020 Le-

1796 4073 1940 4130 gem,
1971 4057 2145 4113 factus
2176 4073 2237 4113 ex
2270 4057 2437 4113 Maria
2468 4057 2568 4113 sub
2593 4057 2754 4127 Lege.

2424 4191 2652 4251 CAPUT
2695 4192 2764 4248 Χ.
2846 4182 2850 4187 ⁴

1797 4309 2049 4376 Baptistae
2082 4309 2233 4365 verba
2272 4325 2335 4364 ea:
2361 4309 2549 4379 quibus
2573 4302 2837 4365 Christum
2885 4312 3043 4366 etiam
3072 4320 3193 4365 ante
3221 4311 3395 4365 incar-

1868 4403 2131 4457 nationem
2164 4406 2359 4473 factum
2395 4403 2753 4474 disputabant,
2796 4403 3083 4468 soluturus,
3132 4404 3219 4459 ubi
3260 4420 3399 4476 pra:-

1869 4496 2008 4549 misit
2034 4510 2096 4549 ea
2124 4497 2312 4565 referri
2349 4512 2497 4566 posse
2536 4496 2605 4550 ad
2632 4496 3142 4569 prtedestinationem
3165 4515 3185 4565 ;
3207 4498 3402 4552 intelli-

1865 4588 2034 4659 genda
2062 4596 2235 4643 tamen
2262 4589 2327 4644 de
2355 4589 2709 4644 incarnatione
2737 4589 2802 4644 ab
2828 4589 3251 4645 antecedentibus
3273 4606 3397 4659 pro-

1869 4681 1976 4736 bat.
2017 4681 2159 4737 Hinc
2198 4683 2535 4753 progrediens
2566 4682 2637 4736 ad
2662 4684 2901 4754 mystica,
2950 4684 3122 4755 ipsum
3148 4684 3403 4756 dignitate

1867 4791 1931 4829 ac
1978 4775 2164 4829 merito
2202 4785 2324 4829 ante
2360 4774 2623 4830 Joannem
2663 4775 2828 4845 fuisse
2875 4776 3148 4831 declarat:
3179 4779 3401 4832 maxime

1866 4883 1984 4922 cum
2016 4865 2290 4931 Eeclesiw,
2323 4871 2475 4940 cujus
2508 4878 2664 4939 typus
2690 4869 2746 4923 in
2766 4868 2990 4924 historia
3022 4870 3164 4926 Ruth
3189 4886 3400 4942 expres-

1865 4975 1953 5013 sus
2003 4960 2194 5030 fuerat,
2245 4974 2490 5023 sponsus.
2539 4960 2694 5013 etiam
2749 4963 2959 5017 excluso
3010 4962 3214 5033 Moyse,
3255 4963 3399 5019 solus

1867 5053 2167 5129 exstiterit;
2203 5066 2359 5121 quam
2406 5052 2527 5107 licet
2572 5051 2857 5126 Sgnagoga
2915 5071 3015 5110 non
3060 5056 3270 5111 omnino
3318 5072 3407 5111 ne-

1867 5147 2053 5218 glecta,
2085 5144 2228 5199 solus
2254 5146 2473 5201 vocavit.

1865 5276 1955 5333 63.
1985 5273 2156 5349 [Alias
2180 5292 2296 5345 cap.
2330 5275 2421 5348 V.]
2445 5276 2552 5333 Sed
2585 5277 2848 5347 scriptum
2879 5288 2961 5334 est
2995 5296 3008 5333 :
3043 5278 3172 5334 Post
3200 5296 3280 5334 me
3310 5297 3394 5336 ue-

1789 5371 1865 5425 nit
1892 5371 1990 5437 oir,
2038 5369 2124 5440 qui
2162 5378 2282 5425 ante
2311 5387 2391 5425 me
2434 5374 2601 5441 factus
2645 5381 2752 5438 est;
2782 5373 2905 5442 quia
2946 5373 3094 5446 prior
3141 5390 3221 5429 me
3258 5386 3387 5430 erat.

1792 5463 1949 5520 Unde
1965 5463 2185 5519 dicunt:
2206 5463 2350 5520 Ecce
2369 5463 2463 5535 qui
2482 5475 2622 5532 erat,
2641 5463 2818 5520 factus
2830 5476 2933 5520 est.
2949 5466 3072 5536 Ipsa
3092 5468 3253 5522 verba
3267 5484 3384 5540 per-

1789 5556 2113 5628 pendamus.
2138 5553 2267 5611 Post
2296 5573 2394 5623 me,
2425 5557 2617 5627 inquit.
2638 5558 2771 5611 venit
2792 5559 2870 5613 uir
2892 5557 3128 5632 (Joan.t,
3148 5559 3263 5625 50).
3298 5559 3390 5615 Vir

1787 5664 1922 5721 ergo
1940 5659 2022 5705 est
2038 5649 2130 5720 qui
2148 5649 2318 5713 venit,
2345 5649 2462 5719 ipse
2479 5649 2569 5719 qui
2597 5647 2769 5705 factus
2790 5662 2896 5707 est.
2922 5652 3014 5708 Vir
3036 5653 3392 5725 sosautem

1802 5804 1814 5831 ι
1864 5777 1884 5804 ε
1906 5765 2216 5839 ᾼῃιεᾳααηιτ
2241 5763 2467 5839 obtinet.
2481 5763 2697 5839 fugem.
2713 5756 3139 5828 desiderabatur.
3171 5769 3224 5827 iit
3256 5768 3393 5825 etlltt

1785 5829 1930 5905 Quod
1956 5829 2061 5890 ποκ’
2078 5838 2143 5889 cx
2172 5829 2694 5893 mnsit-sstltuimtts}
