3948 6172
500 296 608 351 60’s

1825 291 2067 349 SANCTI
2099 290 2427 349 LIBROS"
2534 300 2545 309 ‘
3658 297 3743 352 θαι

505 424 707 465 nomen
735 416 818 464 est
839 420 1004 463 sexus
1028 425 1042 461 :
1066 414 1424 462 scxusautem
1455 422 1563 462 non
1594 407 1781 476 utique
1800 406 2094 470 divinitati,
2125 408 2170 469 Δ
2203 407 2396 469 fartus,
2428 421 2593 475 supra
2638 421 2815 462 meam
2844 407 3101 478 gratiam,
3142 416 3385 477 tempore
3407 409 3573 464 carnis
3598 423 3748 480 poste-

507 503 600 559 sed
635 511 844 556 natura:
880 501 1174 569 deputatur
1206 500 1483 557 humana).

576 594 670 648 64.
720 592 944 647 Possem
987 606 1118 661 ergo
1158 591 1391 647 dicere:
1424 593 1551 647 Erat
1583 595 1635 648 in
1676 593 2107 664 prmgnithmc

502 684 721 752 quidem
744 684 1011 752 corporis,
1042 683 1139 738 sed
1167 686 1477 745 aeternitate
1502 686 1749 749 virtutis;
1774 700 1897 739 nam
1927 692 1985 738 et
2006 683 2109 737 Ec-

505 776 673 832 clesia
718 783 858 843 erat,
890 786 946 831 et
994 777 1169 831 sancti
1214 786 1372 833 erant
1412 777 1784 848 praedestinati
1826 784 1954 832 ante
1998 790 2107 831 sa—

506 869 627 925 cnla
658 886 672 924 :
704 868 797 924 sed
830 883 938 924 non
977 869 1029 925 id
1060 869 1163 925 hoc
1194 869 1316 924 loco
1343 870 1489 939 dico,
1522 880 1573 926 at
1605 870 1738 925 illud
1765 884 1975 935 assero,
1999 866 2109 924 fac—

507 969 620 1016 tum
671 976 793 1015 esse
828 976 934 1017 non
976 962 1045 1015 ad
1077 962 1440 1028 divinitatem,
1472 963 1569 1019 sed
1609 964 1675 1019 ad
1718 963 2111 1019 incarnationis

508 1054 783 1121 pertinere
816 1064 1087 1119 naturam,
1116 1056 1259 1109 sicut
1287 1056 1404 1125 ipse
1431 1054 1669 1111 Jonnnes
1691 1055 1832 1111 dixit
1860 1074 1875 1111 :
1910 1054 2011 1110 llic
2038 1064 2113 1108 est

509 1145 573 1200 de
594 1162 694 1217 quo
721 1146 831 1199 dixi
854 1161 874 1199 :
904 1144 1028 1200 Post
1050 1162 1130 1200 me
1158 1147 1292 1199 venit
1316 1147 1415 1213 vir,
1444 1148 1533 1216 qui
1560 1156 1678 1199 ante
1698 1162 1778 1199 me
1806 1149 1976 1212 factus
2008 1154 2108 1198 est.

582 1240 676 1295 65.
719 1238 903 1309 Itaque
940 1254 1065 1295 cum
1114 1240 1413 1310 geminam,
1459 1241 1602 1296 sicut
1650 1256 1817 1309 supra
1864 1239 2002 1305 dixi,
2054 1240 2111 1295 in

505 1330 727 1388 Christo
765 1332 1132 1390 substantiam
1174 1334 1575 1403 proposuisset,
1611 1342 1669 1388 ut
1709 1344 2000 1403 utramque
2030 1335 2115 1387 in-

508 1424 729 1494 telligas
778 1432 835 1478 et
868 1424 1172 1479 divinitatis
1212 1434 1268 1480 et
1305 1425 1506 1491 carnis,
1543 1434 1570 1462 ⁸
1596 1424 1701 1479 hoc
1728 1428 1850 1479 loco
1889 1426 2113 1494 cmpita

508 1534 698 1574 carne.
745 1519 844 1574 Est
885 1520 1032 1574 enim
1083 1518 1385 1587 Scripturis
1432 1520 1743 1589 promiscua
1771 1520 2116 1576 consuetudo

507 1612 727 1682 divinis,
763 1623 819 1666 ut
844 1611 1120 1667 interdum
1152 1626 1180 1665 a
1208 1612 1496 1667 divinitate
1521 1611 1721 1668 Christi
1748 1613 2031 1683 incipiant,
2059 1626 2117 1671 et

509 1705 576 1761 ad
615 1704 1009 1760 incarnationis
1048 1714 1393 1759 sacramenta
1422 1704 1797 1770 descendant;
1839 1706 2112 1763 interdum

2208 501 2341 561 rior,
2383 500 2681 554 divinitatis
2729 501 2938 555 honore
2978 500 3340 555 venerabilis?
3382 500 3502 555 Post
3525 518 3596 557 nte
3628 504 3746 559 enim

2207 595 2364 657 venit,
2387 594 2650 663 temporis
2679 595 2842 667 διο
2863 604 2945 649 est
2975 612 2989 648 :
3017 595 3160 664 prior
3181 610 3261 649 me
3286 606 3415 660 erat,
3438 595 3747 650 mleruitatis:

2206 698 2329 741 ante
2355 704 2435 741 me
2460 690 2631 757 {actus
2667 699 2764 753 est,
2798 688 3066 753 honoris;
3099 688 3224 757 quia
3270 689 3429 743 etiam
3463 690 3750 745 incarnatio-

2212 781 2299 835 nis
2324 779 2646 850 mysterium
2680 795 2842 849 supra
2874 780 3166 835 humanam
3197 789 3281 834 est
3304 781 3543 850 gratiam.

2280 873 2372 929 69.
2405 874 2646 943 Denique
2673 874 2726 928 in
2754 874 3107 929 inferioribus
3147 874 3272 944 quid
3300 890 3460 943 supra
3485 875 3753 929 contexuit-

2212 975 2296 1019 set
2337 966 2608 1034 expressit
2638 965 2828 1019 dicens
2857 982 2872 1017 :
2904 963 3031 1018 Post
3075 981 3155 1017 tne
3184 966 3330 1018 venit
3376 965 3468 1028 rt’r,
3509 966 3642 1036 cujus
3671 982 3754 1020 tum

2211 1074 2327 1110 sum
2358 1058 2549 1127 dignas
2579 1058 2913 1111 calciamenta
2956 1068 3167 1127 portare
3200 1056 3381 1128 (Joan.
3407 1073 3441 1121 t,
3470 1056 3590 1127 27);
3643 1071 3757 1127 pra--

2213 1150 2467 1205 Stantiam
2487 1150 2672 1217 utique
2706 1160 2727 1185 ν
2751 1149 3049 1218 dignitatis,
3077 1164 3186 1203 non
3217 1150 3569 1203 aeternitatem
3595 1148 3760 1204 divina:

2212 1240 2586 1309 generationis
2613 1256 2675 1295 ex
2687 1255 2913 1309 ponens.
2938 1239 3091 1307 Quod
3113 1255 3357 1310 eousque
3386 1241 3451 1294 ad
3478 1241 3763 1296 incarnatio-

2217 1347 2340 1387 nem
2372 1334 2630 1401 pertinet,
2674 1342 2730 1386 ttt
2762 1343 2945 1403 typum
2985 1333 3035 1385 in
3081 1333 3397 1387 hominibus
3440 1333 3636 1405 mystici
3672 1332 3762 1387 cal-

2215 1427 2469 1483 ciamenti
2506 1436 2631 1482 ante
2676 1427 3026 1496 praemiserit.
3071 1426 3214 1496 Lege
3258 1429 3403 1482 enim
3443 1426 3764 1497 proximode-

2218 1519 2387 1575 functi
2426 1519 2510 1574 vel
2554 1517 2706 1573 fratri
2751 1521 2944 1588 copula
2977 1518 3327 1573 deferebatur
3352 1520 3469 1589 ejus
3496 1502 3765 1583 uxoris;'ut

2216 1627 2405 1669 semen
2447 1611 2631 1665 fratris
2658 1611 2743 1666 vel
2777 1612 3006 1678 proximi
3036 1613 3383 1666 resuscitaret
3413 1610 3592 1677 (Num.
3611 1625 3762 1673 xxxvi.

2217 1703 2295 1775 6).
2334 1703 2488 1759 [inde
2518 1704 2663 1773 quod
2709 1703 2875 1770 Ruth,
2910 1703 3031 1758 licet
3076 1705 3191 1773 ipsa
3240 1704 3574 1774 alienigena;
3616 1711 3763 1757 [auten

508 1798 577 1851 ab
609 1796 915 1853 humilitate
955 1796 1349 1854 incarnationis
1373 1798 1659 1853 exordium
1688 1809 1927 1867 sumant,
1954 1810 2011 1855 et
2040 1800 2107 1856 ad
2139 1806 2188 1873 Β
2213 1799 2335 1868 quia
2383 1798 2633 1852 maritum
2681 1796 2948 1852 habuerat
2998 1812 3064 1853 ex
3102 1796 3327 1858 Judzeis.
3381 1800 3469 1867 qui
3518 1796 3768 1865 retinuerat

510 1889 740 1962 gloriam
767 1889 1071 1945 divinitatis
1100 1890 1413 1960 assurgent,
1462 1901 1520 1945 ut
1550 1892 1604 1946 in
1629 1892 1933 1962 prophetis,
1971 1902 2029 1949 et
2057 1893 2112 1949 in

512 1981 866 2050 etangelistis
910 1981 1245 2052 frequenter,
1284 1992 1340 2038 et
1382 1982 1436 2039 in
1491 1984 1678 2040 Paulo.
1734 1985 1879 2056 Ergo
1922 1995 1977 2040 et
2026 1986 2116 2042 hie

507 2075 667 2145 juxta
717 2086 1071 2132 memoratam
1128 2077 1580 2133 consuetudinem
1619 2079 1688 2133 ab
1738 2079 2117 2135 incarnatione

517 2169 728 2225 Domini
773 2171 938 2239 coepit
979 2171 1049 2226 de
1094 2171 1213 2241 ‘ejus
1253 2171 1536 2228 divinitate
1572 2172 1852 2239 dicturus;
1900 2190 2010 2229 non
2055 2183 2117 2229 ut

513 2260 877 2318 confunderet
898 2262 1131 2319 humana
1171 2274 1338 2334 atque
1370 2264 1576 2333 divina,
1612 2265 1708 2321 sed
1734 2275 1791 2320 ut
1817 2266 2118 2337 distingue-

514 2366 618 2411 ret.
656 2356 854 2412 Verum
882 2356 1095 2423 Ariani,
1130 2358 1277 2413 velut
1302 2357 1513 2414 Judaici
1556 2373 1854 2429 caupones,
1887 2360 2119 2415 miscent

512 2464 705 2520 aquam
747 2465 872 2507 cum
901 2451 1066 2512 vino;
1110 2453 1236 2522 quia
1277 2452 1515 2507 divinam
1562 2454 1978 2524 generationem
2010 2453 2116 2508 hu-

514 2559 838 2615 manamque
859 2546 1224 2613 confundunt,
1246 2547 1314 2605 ad
1340 2546 1601 2603 deitatem
1626 2547 1947 2615 referentes,
1971 2547 2116 2619 quod

512 2636 581 2692 de
608 2650 781 2692 carne
823 2638 895 2692 sit
923 2637 1146 2693 dictum.

585 2729 677 2785 66.
729 2729 839 2784 Nec
876 2741 1061 2786 metuo
1100 2729 1246 2801 quod
1294 2730 1561 2799 ohjecturi
1602 2730 1853 2787 videntur
1896 2732 2020 2802 quia
2062 2732 2118 2788 in

515 2821 894 2889 superioribus
944 2836 1052 2877 non
1095 2821 1280 2886 habet,
1310 2821 1535 2887 Virum;
1582 2823 1664 2878 sic
1703 2823 1852 2880 enim
1906 2823 2117 2881 habet:

521 2912 624 2980 Qui
650 2924 763 2981 post
792 2929 872 2968 me
901 2916 1055 2969 venit.
1094 2914 1200 2969 Sed
1233 2914 1453 2970 videant
1494 2923 1551 2970 et
1575 2914 1649 2970 ibi
1677 2916 1805 2985 quid
1838 2918 2117 2987 praemise-

518 3007 590 3061 rit
619 3023 631 3059 :
672 3004 914 3070 Verbum,
948 3007 1145 3077 inquit,
1168 3008 1506 3077 rarefactum
1528 3018 1603 3062 est
1625 3008 1812 3080 (Joan.
1842 3026 1882 3077 I,
1914 3010 2028 3082 M).
2055 3012 2119 3068 Et

521 3096 644 3155 ideo
678 3113 785 3152 non
812 3097 1045 3164 addidit,
1064 3094 1308 3164 'Virum;
1331 3099 1457 3169 quia
1487 3113 1713 3159 carnem
1738 3101 1952 3161 dixerat
1978 3119 1991 3157 :
2023 3118 2120 3171 per

2217 1892 2568 1960 superstitem
2606 1892 2938 1960 proximum,
2978 1906 3207 1960 eumque
3249 1890 3588 1960 colligentem
3628 1886 3770 1942 manis

2219 1985 2375 2054 pulos
2418 2001 2529 2038 sua:
2566 1984 2785 2049 messis,
2833 1984 3032 2055 quibus
3073 1983 3253 2039 alebat
3302 1994 3360 2038 et
3386 1997 3446 2038 se
3474 1991 3525 2036 et
3566 1994 3767 2042 socrum,

2219 2080 2362 2134 Boos
2392 2079 2526 2133 vidit
2571 2089 2626 2134 et
2672 2079 2874 2134 amavit
2904 2094 3048 2133 :non
3083 2078 3244 2133 aliter
3287 2093 3409 2132 eam
3448 2077 3629 2146 accipit
3664 2088 3769 2127 uxov

2218 2186 2357 2235 rem,
2390 2170 2492 2226 nisi
2514 2170 2933 2226 calciamentum
2963 2170 3082 2240 ejus
3107 2179 3233 2225 ante
3263 2170 3531 2233 solvisset,
3561 2168 3637 2221 cui
3656 2179 3769 2220 uxor

2217 2264 2517 2320 debebatur
2540 2279 2609 2318 ex
2640 2263 2783 2333 Lege
2811 2264 2997 2335 (Rath.
3020 2280 3095 2326 tv,
3126 2264 3268 2331 5—7).

2292 2357 2380 2412 τυ.
2436 2337 2674 2412 Historia
2721 2356 2952 2426 simplex
2979 2397 2995 2422 ,
3039 2355 3138 2410 sed
3186 2355 3295 2409 alta
3342 2353 3625 2427 mysteria;
3652 2348 3770 2405 aliud

2218 2434 2363 2507 enim
2391 2452 2701 2521 gerebatur,
2723 2449 2871 2504 aliud
2906 2448 3254 2518 ligurabatur.
3279 2448 3419 2504 Nam
3448 2451 3493 2503 si
3513 2443 3771 2502 svcundum

2218 2541 2458 2596 litteram
2485 2556 2708 2598 sensum
2742 2550 3116 2611 torqueamus,
3157 2557 3329 2612 prope
3367 2542 3583 2613 quidam
3633 2538 3775 2608 pudor

2220 2645 2274 2690 et
2304 2635 2497 2693 horror
2544 2640 2598 2693 in
2627 2636 2795 2691 verbo
2824 2643 2933 2701 est,
2966 2635 3013 2691 si
3055 2634 3122 2689 ad
3166 2635 3572 2690 commixtionis
3615 2645 3774 2701 corpo-

2221 2730 2330 2785 r‘ete
2357 2729 2802 2785 consuetudinem
2824 2728 3156 2784 sententiam
3200 2728 3639 2796 intellectumque
3664 2722 3777 2778 refc-

2221 2837 2428 2878 ramus.
2460 2822 2858 2893 Designabatur
2901 2824 3089 2877 autem
3132 2823 3348 2877 iuturus
3386 2838 3454 2877 ex
3486 2819 3694 2882 ludatis,
3725 2829 3776 2870 ex

2221 2916 2418 2986 quibus
2440 2914 2689 2972 Christus
2710 2914 3007 2973 secundum
3040 2930 3289 2982 carnem,
3317 2916 3414 2986 qni
3447 2913 3664 2986 proximi
3692 2909 3777 2974 sui,

2224 3007 2326 3064 huc
2351 3018 2457 3068 est.
2491 3007 2674 3079 populi
2715 3008 2913 3067 mortui
2944 3022 3130 3085 semen
3160 3007 3433 3063 doctrinm
3467 3005 3689 3062 emlcstis
3711 3015 3779 3054 sc-

2221 3102 2369 3158 mine
2394 3103 2705 3166 suscitaret,
2731 3102 2822 3158 cui
2846 3101 3264 3159 calciamentum
3287 3102 3533 3173 nuptiale
3561 3095 3783 3154 Ecclesia

517 3203 737 3244 carnem
769 3197 951 3244 autem
984 3189 1105 3245 istic
1132 3195 1308 3247 virum
1341 3191 1712 3264 intelligimus,
1737 3201 1792 3251 et
1819 3209 1917 3264 per
1941 3194 2115 3252 virum
2145 3193 2192 3257 C
2222 3195 2542 3264 copula-idae
2573 3194 2888 3264 prmseripta
2918 3194 3079 3265 Legis
3108 3193 3377 3263 spiritalia
3408 3191 3722 3248 deferebant.

520 3295 762 3336 carnem.
787 3281 931 3352 Ergo
958 3283 1080 3352 quia
1114 3283 1325 3338 dixerat
1350 3303 1364 3340 :
1408 3283 1625 3339 Verbum
1648 3302 1771 3341 caro
1799 3286 1994 3355 factum
2018 3295 2116 3355 est,

519 3375 698 3430 virum
727 3376 832 3431 hoc
858 3376 977 3431 loco
1002 3378 1286 3434 nominare
1315 3379 1648 3449 superﬂuum
1677 3378 1801 3446 fuit,
1826 3395 1987 3449 quem
2005 3380 2117 3450 jam

521 3470 706 3524 carnis
736 3469 1090 3539 expressione
1119 3470 1448 3542 signaverat.

598 3561 687 3617 67.
745 3562 866 3631 Quo
926 3564 1184 3634 exemplo
1249 3564 1303 3620 in
1356 3564 1753 3635 posterioribus
1796 3579 2015 3636 quoque
2067 3572 2122 3622 et

521 3671 720 3726 agnum
763 3657 1049 3725 praemisit,
1083 3658 1173 3727 qui
1206 3657 1422 3714 tolleret
1464 3666 1685 3728 peccata
1720 3657 1939 3724 mundi;
1966 3667 2023 3715 et
2065 3667 2121 3724 ut

520 3752 863 3806 iucarnatum
909 3751 1269 3821 intelligeres,
1316 3767 1479 3822 quem
1535 3762 1663 3808 ante
1702 3761 2119 3816 memoraverat,

521 3846 597 3898 ait
633 3862 644 3897 :
677 3844 780 3899 Hic
811 3854 883 3899 est
909 3845 973 3901 de
995 3862 1097 3916 quo
1124 3856 1245 3901 ante
1279 3845 1391 3902 dixi
1415 3863 1434 3901 :
1466 3844 1595 3902 Post
1634 3862 1714 3903 me
1734 3847 1870 3901 venit
1907 3847 2008 3912 vir,
2032 3847 2123 3916 qui

520 3944 644 3990 ante
687 3953 767 3992 me
791 3941 962 4008 factus
999 3948 1075 3993 est
1101 3936 1298 4011 (Ibid.,
1327 3937 1444 4008 29),
1491 3940 1596 3997 hoc
1629 3950 1735 4006 est,
1777 3940 1953 3996 virum
1985 3941 2121 4008 dixi,

522 4041 630 4082 non
665 4029 831 4083 Deum
865 4032 1085 4087 factum.
1121 4032 1227 4088 Sed
1269 4042 1327 4087 ut
1358 4033 1535 4102 ipsum
1569 4034 1911 4089 incarnatum
1935 4032 2120 4089 decla-

527 4132 671 4176 raret
694 4137 838 4189 esse,
862 4125 990 4194 quia
1014 4134 1138 4179 ante
1171 4125 1366 4181 saecula
1391 4134 1508 4180 erat
1530 4142 1547 4191 ;
1582 4143 1649 4181 ne
1676 4126 1815 4181 duos
1840 4126 1978 4179 ﬁlios
2007 4140 2128 4180 cre-

525 4214 807 4279 deremus,
838 4218 948 4269 ait:
971 4217 1107 4281 Quia
1132 4217 1276 4287 prior
1296 4232 1376 4271 me
1404 4224 1535 4270 erat.
1562 4216 1693 4271 Nam
1724 4217 1791 4281 si,
1816 4215 2007 4271 Factus
2025 4224 2121 4281 est,

520 4306 587 4359 ad
618 4305 856 4361 divinam
895 4308 1308 4377 generationem
1340 4308 1641 4373 retulisset,
1681 4307 1810 4378 quid
1842 4322 1979 4378 opus
2007 4317 2128 4362 erat

2296 3288 2385 3343 7i.
2416 3287 2533 3343 Non
2558 3287 2771 3359 Moyses
2798 3302 3066 3355 sponsus;
3098 3285 3176 3340 illi
3205 3284 3351 3340 enim
3382 3285 3581 3340 dicitur
3615 3300 3627 3336 :
3661 3280 3785 3336 Scire

2224 3380 2619 3433 calciamentum
2667 3380 2851 3448 pedum
2893 3387 3095 3432 tuorum
3121 3376 3321 3445 (Exod.
3370 3394 3450 3444 ιιι,
3478 3376 3570 3446 5);
3620 3381 3674 3428 ιιι
3698 3372 3783 3425 Do-

2226 3473 2375 3532 mino
2396 3487 2496 3528 suo
2515 3471 2694 3527 cedat.
2728 3470 2844 3525 Non
2863 3468 3024 3525 Jesns
3052 3468 3199 3525 Nave
3227 3470 3372 3523 filius
3399 3480 3657 3539 sponsus;
3687 3475 3784 3517 nam

2225 3573 2280 3622 et
2333 3565 2435 3635 ipsi
2484 3563 2683 3623 dicitur
2723 3579 2740 3619 :
2774 3562 2927 3617 Solae
2961 3561 3358 3617 calciamentum
3384 3561 3569 3631 pedum
3613 3568 3786 3613 tuorum
3888 3561 3889 3609 1

2229 3657 2412 3729 (Iosue
2431 3674 2485 3723 v,
2526 3656 2650 3727 iii);
2678 3672 2762 3712 ne
2807 3672 2870 3711 ex
2915 3655 3273 3711 similitudine
3313 3655 3555 3710 nominis
3590 3661 3788 3720 sponsus

2226 3750 2486 3809 Ecclesiae
2530 3749 2863 3806 crederetur.
2900 3746 3019 3803 Non
3059 3748 3196 3803 alius
3231 3761 3494 3818 sponsus,
3542 3744 3632 3802 sed
3666 3740 3789 3798 solos

2223 3843 2476 3900 Christus
2504 3852 2589 3899 est
2614 3855 2869 3912 sponsus,
2902 3841 2970 3896 de
2995 3856 3104 3911 quo
3133 3840 3271 3899 dixit
3292 3838 3578 3897 Joannes:
3608 3835 3697 3904 Qui
3718 3833 3791 3885 hs-

2224 3937 2303 3993 ἀεὶ
2332 3951 2577 4005 sponsam
2613 3950 2835 4004 sponsus
2875 3943 2948 3988 est
2999 3931 3182 4004 (Joon.
3207 3947 3286 3993 ιιι,
3333 3924 3457 4001 25).
3507 3931 3615 3987 Illis
3655 3924 3791 3996 igitur

2225 4029 2642 4087 calciamentum
2680 4027 2933 4092 solvitur,
2979 4026 3103 4080 huic
3128 4024 3262 4081 solvi
3291 4039 3405 4080 non
3450 4031 3646 4094 potest,
3680 4017 3793 4072 sicut

2224 4122 2362 4177 dixit
2380 4122 2623 4178 Joannes
2648 4137 2662 4176 :
2695 4119 2822 4175 Non
2836 4135 2951 4173 sum
2972 4119 3161 4190 dignus
3182 4117 3381 4172 solvere
3407 4116 3679 4187 corrigiam
3699 4110 3788 4164 culo
3888 4162 3889 4187 Ξ

2227 4215 2467 4269 ciamcuti
2496 4217 2609 4284 ejus
2636 4204 2818 4285 (Joan.
2848 4228 2888 4276 ι,
2923 4209 3040 4282 27).

2300 4306 2387 4361 72.
2430 4306 2589 4362 Solus
2615 4319 2746 4374 ergo
2787 4303 3040 4359 Christus
3066 4310 3151 4359 est
3194 4315 3454 4369 sponsus,
3486 4300 3572 4356 cui
3615 4297 3698 4353 illa
3723 4307 3796 4347 ve-

525 4409 583 4455 nt
612 4400 794 4456 adhuc
821 4399 1047 4455 adderet
1077 4401 1319 4466 tertium,
1348 4411 1513 4471 atque
1540 4401 1759 4456 iteraret
1789 4402 1932 4471 quod
1960 4414 2126 4470 supra
2229 4400 2383 4457 niens
2409 4414 2477 4457 ex
2522 4397 2777 4469 gentibus
2802 4410 3024 4465 spottsa,
3062 4405 3192 4450 ante
3221 4394 3383 4464 inops
3428 4405 3593 4463 atque
3612 4389 3795 4462 ieiuna.

523 4494 913 4550 dixerat?8ed
935 4497 1060 4567 quia
1088 4504 1217 4551 ante
1241 4495 1310 4551 de
1333 4496 1710 4551 incarnatione
1729 4503 1938 4550 tantum
1969 4495 2127 4551 dixe-
2227 4491 2320 4557 sed
2342 4490 2453 4560 jam
2482 4488 2685 4546 Christi
2737 4503 2917 4544 messe
2945 4487 3118 4554 dives,
3171 4485 3399 4544 innubat
3437 4504 3453 4540 :
3485 4500 3605 4556 qum
3648 4479 3796 4577 maui-

523 4595 645 4642 rat:
682 4586 811 4643 Post
852 4605 932 4643 me
975 4592 1109 4644 venit
1140 4590 1237 4656 vir,
1276 4591 1365 4659 qui
1394 4598 1515 4644 ante
1540 4604 1621 4643 nte
1646 4588 1820 4657 {actus
1848 4598 1967 4654 est;
2007 4589 2130 4644 ideo
2156 4582 2211 4643 D
2238 4584 2392 4655 pulos
2435 4580 2685 4638 fecunda:
2729 4580 2950 4651 segetis,
2999 4578 3270 4650 Yerbique
3314 4577 3580 4648 reliquias
3616 4582 3798 4643 gretmo

522 4680 775 4737 addidit:
809 4682 947 4750 Quia
995 4684 1139 4753 prior
1182 4699 1262 4737 me
1304 4693 1455 4751 erat,
1515 4684 1771 4753 quoniam
1821 4682 2123 4738 divinitatis

525 4777 801 4831 :cternitas
823 4776 1000 4832 fuerat
1024 4776 1402 4847 exprimenda.
1438 4776 1507 4832 Et
1532 4777 1647 4831 haec
1673 4785 1757 4831 est
1787 4790 1948 4833 causa
1977 4789 2121 4847 prte-

525 4869 766 4937 lationis,
809 4880 868 4927 ut
919 4871 1119 4927 merito
1158 4872 1430 4928 antelatus
1473 4870 1742 4939 videatur,
1781 4870 1871 4942 qui
1916 4868 2122 4943 proprii
2175 4897 2181 4902 -

528 4962 710 5018 Patris
734 4965 1063 5034 sempiterna
1091 4965 1268 5021 virtus
1299 4976 1402 5021 est.

597 5055 685 5111 68.
723 5056 821 5111 Dat
843 5066 1021 5112 tamen
1053 5056 1362 5113 intellectus
1389 5056 1653 5127 spiritalis
1680 5057 1921 5123 ubertas,
1948 5062 2005 5111 ut
2028 5069 2123 5110 ex-

526 5162 752 5204 currere
795 5159 849 5203 et
872 5150 1089 5220 evagari
1125 5151 1191 5204 ad
1232 5150 1639 5205 concludendos
1673 5150 1839 5204 libeat
1867 5149 2124 5212 Ariatros,

526 5240 617 5309 qui
654 5241 846 5297 volunt
886 5241 1090 5299 factum
1124 5243 1228 5298 hoc
1269 5242 1394 5297 loco
1433 5256 1539 5299 non
1580 5240 1648 5296 ad
1680 5241 1880 5306 virum,
1921 5240 2021 5299 sed
2060 5240 2127 5296 ad

528 5333 870 5389 divinitatem
918 5335 1144 5391 referre.
1199 5333 1338 5403 Quid
1385 5344 1472 5391 est
1519 5334 1662 5393 enim
1713 5344 1903 5391 tenere
1931 5330 2130 5405 l’quod

530 5426 778 5495 possint;
822 5441 952 5482 cutn
995 5428 1200 5485 dixerit
1240 5428 1482 5498 Baptista
1514 5443 1528 5482 :
1556 5424 1684 5481 Post
1732 5443 1812 5481 tne
1856 5429 2010 5493 venit,
2044 5429 2134 5503 qui

529 5530 650 5575 tmte
695 5537 775 5575 me
794 5524 963 5593 [actus
1004 5531 1112 5589 est;
1151 5521 1255 5579 hoc
1302 5531 1410 5587 est,
1455 5534 1619 5593 supra
1667 5520 1921 5577 meritum
1952 5537 2130 5581 meum

608 5698 633 5758 Ρ
663 5690 792 5744 Mss.
826 5689 1052 5758 aliquot,
1082 5697 1179 5747 hoc
1209 5693 1322 5748 loco
1346 5704 1538 5748 certam
1561 5708 1787 5748 carnem.

604 5756 635 5797 ι
662 5760 886 5837 Arnerb.
922 5756 998 5814 ac
1040 5756 1436 5831 'Eras.,tenere
1471 5767 1611 5837 quod
1656 5766 1860 5835 posuit;
1902 5760 2029 5820 ϐίη.
2083 5769 2137 5819 et

545 5827 703 5889 Rom.
736 5828 865 5885 edit.
890 5845 1035 5885 cum.
1068 5848 1201 5889 mss.
1309 5837 1363 5892 in
1394 5827 1566 5895 textu.

2230 4680 2376 4748 legat
2418 4675 2620 4732 mentis
2665 4675 2913 4739 interno;
2964 4682 3020 4726 ιιι
3061 4671 3380 4728 exhaustam
3436 4671 3581 4725 illam
3613 4664 3801 4720 viduam

2231 4779 2406 4827 morte
2430 4770 2541 4837 lilii,
2566 4779 2728 4839 atque
2753 4768 2968 4838 inopem
2996 4765 3240 4821 defuncti
3263 4766 3451 4835 populi
3481 4771 3701 4820 matrem
3721 4768 3803 4810 no-

2232 4866 2313 4923 vis
2345 4874 2533 4935 pascat
2576 4862 2866 4931 alimentis,
2902 4877 3010 4916 non
3048 4859 3364 4929 relinquens
3389 4858 3698 4915 desulutam
3736 4848 3801 4902 vi~

2235 4959 2423 5022 duom,
2453 4965 2508 5012 et
2538 4970 2707 5012 novos
2737 4969 3009 5025 quaerens.

2310 5054 2400 5107 75.
2429 5051 2589 5107 Solus
2620 5065 2749 5121 ergo
2779 5048 3030 5105 Christus
3060 5054 3145 5103 est
3178 5058 3436 5115 sponsus,
3469 5044 3561 5115 qui
3591 5055 3684 5095 nec
3718 5035 3804 5103 Sy-

2236 5160 2457 5218 uagogae
2490 5143 2592 5216 ipsi
2621 5142 2929 5213 manipulos
2955 5155 3067 5199 sua:
3100 5139 3295 5195 messis
3323 5135 3584 5195 invideat.
3615 5129 3803 5187 Utinata

2235 5255 2295 5296 se
2328 5256 2433 5295 non
2476 5240 2589 5308 ipsa
2618 5236 2967 5294 excluderet!
3004 5232 3198 5289 Habuit
3234 5245 3370 5307 quos
3401 5243 3505 5299 per
3531 5242 3590 5281 se
3610 5222 3806 5286 collige-

2234 5343 2353 5401 ret:
2383 5334 2476 5389 sed
2503 5333 2627 5403 quia
2652 5329 2679 5368 d
2716 5330 2946 5401 populus
2974 5328 3093 5393 ejus
3114 5336 3199 5383 est
3238 5334 3509 5386 mortuus,
3533 5315 3681 5392 quasi
3714 5308 3805 5365 tilio

2237 5442 2407 5498 egena
2452 5423 2733 5484 defuncto,
2770 5438 2869 5493 per
2923 5419 3218 5475 Ecclesium
3258 5414 3594 5484 manipulos,
3637 5404 3807 5476 quibus

2239 5521 2469 5584 viveret,
2506 5515 2829 5587 colligebat;
2861 5529 2998 5586 quos
3041 5512 3322 5575 venientes
3361 5508 3417 5564 in
3471 5498 3807 5563 exsultatione

2320 5699 2341 5726 ο
2366 5685 2619 5742 Nonnulli
2643 5698 2801 5747 mss.,
2830 5677 3117 5745 divinitatis
3148 5672 3364 5744 :aptius
3387 5668 3507 5734 alii,
3543 5674 3599 5722 et
3627 5666 3807 5718 cuncta:

2244 5760 2403 5832 edi_t.,
2432 5758 2719 5832 dignitatis.
3093 5821 3107 5832 _
3266 5827 3278 5832 _
3359 5799 3562 5832 gﬂ‘“,
3589 5823 3603 5832 _
3647 5809 3810 5832 ,,.,,...ε
3888 5806 3889 5811 η

2320 5809 2769 5894 ίὸιῆὶῖεέίεὲιίιη
2800 5839 3019 5898 sponsus
3057 5821 3168 5893 ejus
3205 5827 3278 5874 est
3321 5820 3603 5875 mm;
3645 5809 3811 5863 01³³1³⁸³
