3948 6172
274 255 335 313 illi
1253 250 1341 307 DE
1378 248 1540 307 1³⁵1οΕ
1578 246 1710 307 LIB.
1757 250 1845 306 III.

3122 248 3228 304 606

263 372 467 441 tortilium,
497 369 587 425 sicut
623 368 790 438 scriptum
827 375 907 423 est
953 384 968 421 :
1032 366 1304 421 Venientes
1356 380 1525 422 autem
1555 382 1605 444 Α
1702 371 1791 423 78.
1831 369 2069 424 Primum
2111 369 2256 440 quod
2286 368 2648 438 puriﬁcatione
2690 368 2851 438 facta,
2899 367 3130 421 considet
3171 368 3224 421 in

257 466 373 518 terth
409 464 446 516 iu
486 462 737 526 multatione,
781 461 985 515 tollentes
1051 461 1344 530 manipulos
1403 477 1525 517 suos

248 556 353 625 (Pati.
376 570 487 617 cm,
508 554 561 624 6).

286 651 339 702 7t.
362 648 453 714 Quis
480 647 576 701 enim
603 645 674 700 sibi
700 646 795 700 alius
822 660 1070 715 Sponsam
1102 644 1303 700 audeat
1332 644 1526 700 Eccle-

233 746 315 796 siam
333 741 532 806 vindicare,
550 756 661 811 quam
681 755 702 794 ι
719 739 869 794 Libano
894 753 1031 793 unus
1052 748 1107 794 et
1129 739 1281 793 solus
1312 737 1528 793 vocavit

228 837 345 889 dicens
363 832 604 889 :Adesltttca
625 831 777 898 Libano,
791 849 998 901 sponsa;
1026 833 1186 905 511
1214 831 1339 885 ades
1370 832 1468 885 huc
1493 847 1527 885 α

223 930 341 983 Libano
360 927 482 1001 (Cant.
501 943 553 994 tr,
575 928 629 997 8).
646 931 721 981 Aut
742 926 789 982 de
810 943 907 997 quo
931 926 1042 981 alio
1074 928 1250 996 potuit
1277 926 1520 981 Ecclesia

223 1023 327 1075 licere
344 1040 354 1073 :
370 1029 390 1058 λ
408 1018 553 1074 Fauces
576 1021 656 1089 ejus
680 1021 940 1083 dulcedines,
980 1030 1026 1073 et
1052 1028 1189 1074 totus
1213 1018 1525 1073 desiderium

224 1114 363 1181 suum,
392 1112 482 1183 lli)?
501 1113 549 1167 Et
568 1115 657 1183 quia
675 1112 725 1168 de
744 1114 1067 1167 calciamento
1098 1110 1295 1181 pedum
1329 1120 1526 1166 tracta-

223 1223 265 1257 llll
289 1207 541 1275 sumpsimus,
579 1206 641 1258 cui
666 1204 732 1258 alii
762 1203 839 1258 nisi
886 1204 1066 1259 Verbo
1106 1203 1202 1257 Dei
1246 1204 1524 1257 incarnato

226 1299 352 1352 uveait
384 1296 536 1351 dictant
571 1313 581 1349 :
609 1295 731 1350 Crura
769 1298 856 1368 ejus
901 1297 1157 1350 columna
1198 1310 1517 1361 rnamenta,

224 1390 333 1442 illata
359 1405 477 1459 super
498 1388 609 1442 bases
629 1404 769 1442 aureas
791 1386 970 1458 (lbid.,
995 1388 1086 1455 15)
1108 1388 1133 1440 2
1161 1386 1326 1442 Solus
1372 1382 1520 1442 enim

224 1485 330 1536 "istas
362 1482 591 1536 iuambulat
628 1482 794 1547 animis,
832 1492 881 1536 ct
927 1480 1176 1551 graditur
1229 1480 1284 1535 in
1335 1488 1521 1537 mente

225 1585 393 1641 ctutum,
434 1576 473 1628 in
502 1575 655 1645 quibus
687 1576 799 1629 velut
832 1576 1010 1629 aureis
1043 1575 1282 1637 basibus,
1327 1572 1520 1629 tunda-

223 1670 364 1738 iu'squc
384 1667 582 1738 pretiosis
613 1668 796 1724 solidata
823 1668 1042 1737 vestigia
1071 1666 1237 1723 Verbi
1277 1667 1517 1723 caelestis

223 1769 354 1815 erunt.

223 1855 238 1906 δ.
265 1854 409 1909 Claret
428 1854 557 1925 igitur
580 1863 623 1911 et
645 1854 783 1909 virum
805 1863 852 1909 et
873 1865 1061 1924 typum
1083 1853 1150 1907 ad
1178 1855 1519 1908 incarnatio-

223 1958 388 2004 acctare
415 1951 689 2019 mysterium.

575 2040 762 2096 CAPUT
797 2041 876 2096 XI.

229 2136 286 2190 ad
313 2138 461 2190 locum
499 2138 787 2207 propositum,
836 2146 878 2190 et
916 2136 1003 2190 ubi
1039 2137 1275 2191 Christus
1328 2137 1523 2190 diri'ur

224 2248 291 2295 us,
317 2232 405 2284 hoc
431 2230 497 2283 vel
510 2231 567 2282 ad
586 2229 943 2284 incarnationem
978 2232 1058 2285 vel
1090 2232 1158 2284 ad
1181 2246 1391 2284 causam
1417 2230 1524 2284 sive

225 2336 374 2378 actum
414 2324 592 2393 aliquod
627 2325 784 2394 referri
824 2324 983 2377 docet.
1031 2324 1137 2377 Ad'
1161 2340 1277 2376 eum
1315 2339 1521 2377 sensum

223 2420 303 2470 ’tna
328 2432 563 2471 sacrorum
598 2416 799 2469 codicum
828 2427 870 2469 et
914 2415 1073 2469 Pauli
1097 2416 1356 2485 imprimis
1381 2417 1521 2469 testi-

223 2528 244 2564 a
264 2510 480 2563 edisserit
509 2524 526 2562 :
560 2508 750 2563 maxime
784 2518 947 2562 autem
996 2510 1051 2562 in
1082 2526 1142 2562 eo
1181 2509 1516 2576 immoratur,

224 2607 389 2658 ristum
413 2620 567 2658 verum
592 2605 876 2660 sacerdotem
904 2621 1012 2660 esse
1033 2617 1188 2675 atque
1219 2607 1273 2659 in
1306 2605 1520 2659 Melchi-

223 2715 232 2749 t
259 2699 643 2769 pre/iguratutn,
673 2700 804 2768 eique
841 2714 957 2752 cum
1002 2697 1162 2754 Patre
1202 2701 1517 2768 operationis

224 2809 303 2858 τηε,
337 2808 441 2845 non
476 2808 586 2847 vero
624 2793 774 2847 solum
800 2793 1192 2847 similitudinem
1215 2794 1380 2849 inesse
1400 2810 1518 2864 per-

226 2897 261 2938 Ι.

224 2994 272 3032 ιη
315 2993 453 3047 ergo
489 2977 553 3032 ad
587 2980 933 3035 substantiam
966 2980 1290 3045 divinitatis,
1324 2980 1419 3035 sed
1448 2982 1515 3036 ad

224 3088 370 3125 tnem
391 3086 549 3141 carpe,
583 3086 979 3141 nonnumquam
1009 3072 1173 3128 etiam
1201 3072 1269 3127 ad
1295 3087 1514 3128 causam

1629 464 1838 518 dextera
1881 462 2259 534 magnitudinis
2301 463 2354 514 in
2401 462 2640 526 excelsis,
2675 471 2817 514 tanto
2845 460 3024 514 melior
3054 464 3225 527 {actus

1627 558 1825 629 angelis
1854 555 2048 628 (Hebr.
2090 573 2132 621 ι,
2166 558 2221 621 5,
2247 555 2330 627 4).
2378 554 2476 611 Ubi
2519 554 2849 624 puriﬁcatio,
2890 553 3065 607 hostia
3093 569 3106 605 :
3136 551 3228 607 ubi

1629 649 1839 713 hostia,
1886 665 2081 718 Corpus
2116 668 2128 702 :
2162 649 2253 704 ubi
2298 663 2535 717 corpus,
2586 647 2795 701 oblatio
2836 645 2972 701 :ubi
3029 658 3228 700 munus

1628 744 1943 806 oblationis,
1969 744 2043 798 ibi
2072 742 2404 797 sacriﬁcium
2431 741 2723 810 passionis.

1699 838 1788 892 79.
1816 836 2025 891 Deinde
2053 850 2273 905 sponsor
2314 833 2542 889 melioris
2581 831 2866 887 testamenti
2898 828 3085 902 (Hebr.
3128 844 3222 896 νιι,

1627 933 1746 1003 9.2).
1774 932 1875 987 Ubi
1919 942 2296 995 testamentum,
2326 946 2466 984 mors
2498 945 2703 984 necesse
2730 940 2804 983 est
2831 927 3088 996 pra'cedat
3121 936 3224 981 tes-

1625 1029 1807 1081 ta’oris
1843 1025 2042 1097 (Hebr.
2087 1041 2160 1089 ts,
2200 1026 2331 1094 ιθ),
2371 1027 2514 1083 sicut
2564 1024 2753 1078 subter
2781 1033 2866 1077 est
2913 1025 3170 1090 scriptum
3205 1037 3218 1073 :

1628 1135 1775 1175 mors
1801 1131 1981 1173 autent
2034 1136 2140 1173 non
2172 1119 2238 1172 ad
2267 1118 2571 1173 divinitatis
2601 1117 2983 1181 :eternitatem,
3024 1113 3119 1169 sed
3152 1113 3219 1170 ad

1627 1215 1973 1287 fragilitatem
2003 1213 2242 1268 mlertnr
2269 1214 2577 1268 humanam.
2604 1220 2607 1225 '

1696 1310 1786 1365 80.
1822 1307 2090 1362 Eacelsior
2117 1322 2331 1377 quoque
2352 1307 2494 1360 certis
2515 1309 2685 1377 factus
2713 1302 2988 1374 quomodo
3017 1302 3107 1365 sit,
3134 1317 3223 1356 os-

1624 1400 1864 1456 tenditur
1897 1419 1909 1455 :
1938 1398 2336 1465 latinae-alatus,
2372 1399 2567 1467 inquit,
2601 1406 2897 1467 segregatus
2923 1411 2954 1447 a
2986 1402 3221 1463 peccato-

1621 1495 1781 1557 ribtts,
1805 1505 1853 1548 et
1882 1494 2134 1549 excelsior
2160 1494 2299 1547 cretis
2330 1496 2499 1563 factus
2523 1507 2541 1545 :
2564 1491 2651 1560 qui
2681 1506 2782 1543 non
2812 1489 2961 1544 habet
2988 1487 3223 1558 quotidie

1624 1587 1999 1651 necessitatem,
2046 1587 2176 1640 sicut
2210 1584 2522 1645 sacerdotes,
2554 1584 2700 1653 prius
2749 1596 2844 1650 pro
2882 1580 2990 1633 suis
3017 1579 3221 1633 delictis

1622 1681 1843 1734 hostiam
1874 1679 2083 1746 olferre,
2115 1679 2302 1733 deinde
2331 1694 2426 1749 pro
2443 1677 2643 1747 papuli.
2681 1674 2794 1728 Hoc
2820 1675 2955 1727 enim
2990 1672 3106 1742 fecit
3138 1685 3221 1724 se-

1550 1787 1594 1847 Β
1623 1775 1722 1827 mel
1759 1790 1812 1828 se
1842 1772 2126 1838 o/ferendo,
2167 1772 2309 1827 sicut
2349 1771 2613 1839 scriptum
2655 1778 2737 1823 est
2779 1766 2966 1838 (Hebr.
2998 1780 3090 1830 ru,
3120 1760 3215 1828 ‘26,

1626 1868 1739 1938 27).
1776 1868 1937 1941 512
1967 1866 2136 1921 Nemo
2162 1864 2431 1921 excelsior
2461 1862 2634 1918 lactus
2663 1862 2883 1923 dicitur,
2915 1859 3020 1914 nisi
3053 1856 3142 1926 qui
3168 1855 3221 1910 in

1623 1959 1806 2029 aliquo
1833 1960 1995 2014 luerit
2018 1958 2274 2013 humilior
2300 1976 2315 2012 :
2347 1958 2400 2011 in
2428 1973 2494 2012 eo
2513 1957 2678 2025 igitur
2704 1965 2726 1994 ε
2749 1952 3021 2009 excelsior
3047 1951 3222 2005 lactus

1623 2061 1728 2117 est,
1759 2050 1998 2105 sedendo
2039 2049 2105 2103 ad
2145 2049 2427 2104 dexteram
2476 2048 2676 2110 Patris,
2714 2048 2767 2101 in
2796 2060 2903 2117 quo
2935 2061 2995 2099 se
3042 2043 3223 2097 minor

1624 2145 1829 2214 angelis
1857 2144 2053 2208 lactus,
2084 2143 2277 2198 obtulit
2310 2142 2546 2213 passioni
2579 2140 2766 2213 (Hebr.
2798 2155 2855 2203 ll,
2891 2139 2972 2207 9).

1694 2237 1785 2293 8|.
1816 2237 2104 2293 Postremo
2133 2241 2251 2306 ipse
2283 2236 2585 2306 Apostolus
2615 2235 2681 2290 ad
2716 2234 3098 2302 Pliilippenses
3124 2229 3221 2297 ait,

1622 2332 1745 2403 quia
1790 2333 1843 2385 in
1873 2330 2214 2384 similitudine
2240 2329 2464 2383 hominis
2492 2333 2682 2399 fartus,
2713 2336 2758 2379 et
2783 2326 2953 2390 specie
2985 2325 3224 2377 inrentus

1621 2436 1677 2481 ut
1708 2426 1879 2491 homo,
1901 2424 2190 2478 humiliari!
2212 2424 2560 2491 semetipsum,
2590 2422 2756 2491 factus
2790 2417 3029 2472 obediens
3062 2430 3224 2484 usque

1623 2522 1691 2576 ad
1720 2530 1933 2575 mortem
1960 2518 2129 2591 (Phil.
2161 2534 2217 2585 tt,
2244 2519 2299 2581 7,
2330 2518 2411 2587 8).
2459 2514 2591 2569 Vide
2626 2513 2714 2568 ttbi
2748 2510 2928 2565 factus
2978 2509 3047 2563 sit
3080 2525 3094 2562 :
3155 2506 3223 2561 In

1620 2612 1993 2678 similitudine,
2025 2611 2227 2681 inquit,
2278 2608 2523 2670 hominis,
2554 2621 2662 2660 non
2698 2605 2749 2659 itt
2778 2611 3048 2674 potestate
3077 2599 3171 2654 Dei
3206 2616 3219 2653 :

1620 2717 1674 2761 et
1706 2709 1871 2779 factus
1898 2705 2140 2759 abetliens
2160 2719 2320 2772 usque
2339 2702 2407 2755 ad
2427 2710 2637 2755 mortem
2660 2716 2678 2764 ;
2700 2697 2727 2735 (ι
2761 2708 2819 2752 ιιι
2848 2694 3220 2752 obedientiam

1620 2802 1836 2872 quidem
1864 2799 2102 2854 hominis
2137 2797 2410 2859 habui-rit,
2454 2810 2682 2866 regnum
2715 2791 3037 2847 divinitatis.

1691 2895 1778 2951 ει.
1819 2893 2049 2962 Quantis
2106 2894 2273 2963 igitur
2328 2890 2507 2944 adhuc
2565 2897 2782 2944 utemur
2832 2883 3097 2954 cxcrnplis
3153 2880 3222 2937 ad

1619 2988 2091 3052 incarnationem,
2147 2987 2231 3042 vel
2292 2984 2360 3040 ad
2417 2982 2618 3055 aliquid
2691 2979 3042 3037 referendum
3100 2990 3224 3031 esse

1622 3092 1646 3121 ο
1677 3082 1817 3153 quod
1850 3080 2023 3137 laetus
2051 3083 2168 3136 est!
2198 3079 2352 3148 Quod
2404 3056 2584 3133 autem
2616 3084 2672 3131 et
2705 3075 2903 3130 factum
2931 3081 3037 3138 est,
3084 3070 3228 3126 idem

225 3180 337 3218 :utn
371 3162 567 3218 dicitur
595 3163 785 3219 lactus.
816 3164 946 3219 Nam
984 3165 1029 3219 si
1069 3165 1136 3218 ad
1165 3164 1510 3219 divinitatem
1540 3180 1584 3243 ρ
1616 3188 1696 3233 ρει
1730 3187 1785 3233 ει
1809 3192 1838 3231 ο

1627 3188 1696 3233 est
1730 3187 1785 3233 et
1809 3186 2052 3231 creatum
2079 3193 2092 3231 :
2129 3174 2271 3228 Dixit
2295 3174 2465 3235 enim,
2514 3182 2558 3224 et
2584 3175 2722 3243 facta
2750 3179 2869 3224 sunt
2894 3168 3054 3233 :‘ipse
3076 3181 3225 3218 mon-

225 3272 277 3327 ;o
317 3265 378 3312 et
419 3256 474 3311 in
507 3257 855 3325 opprobrium
898 3257 1046 3311 Deus
1078 3257 1254 3311 factus
1288 3268 1401 3323 est;
1432 3258 1514 3313 sic

225 3366 249 3403 s
282 3366 297 3402 :
332 3346 413 3402 Tu
454 3357 626 3402 autem
656 3349 916 3419 repulisti,
946 3357 992 3403 et
1018 3350 1087 3402 ad
1116 3349 1337 3403 nihilum
1366 3350 1514 3403 rede-

225 3444 344 3497 listr’
372 3441 637 3496 Christum
685 3452 830 3496 tuum
860 3442 1039 3512 (Psal.
1081 3457 1350 3509 Lxxxvul,
1382 3442 1512 3514 59);

227 3548 234 3563 '
252 3538 442 3605 [artus
458 3546 536 3589 est
558 3536 611 3588 in
636 3535 977 3606 opprobrium
1000 3536 1178 3589 vicinis
1194 3537 1299 3589 suis
1322 3535 1510 3607 (Ibid.,

244 3630 458 3698 inquit,
496 3644 607 3684 non
632 3628 878 3692 civibus,
909 3643 1014 3683 non
1042 3628 1377 3694 domesticis,
1404 3643 1510 3681 non

228 3739 303 3787 ‘5;
352 3723 633 3792 quoniam
671 3723 769 3792 qui
811 3720 1047 3775 adharet
1091 3720 1336 3786 Domino,
1377 3735 1513 3773 unus

238 3817 265 3871 Ι
306 3814 439 3870 Cor.
474 3831 552 3883 Vt,
592 3816 689 3887 17)
723 3833 738 3869 :
776 3816 875 3884 qui
906 3816 1115 3870 vicinus
1146 3825 1249 3883 est,
1276 3831 1381 3869 non
1413 3815 1510 3868 ad-
1546 3824 1549 3827 '

227 3910 425 3964 "actus
452 3919 539 3965 est
566 3911 626 3964 in
660 3909 1052 3981 opprobrium;
1075 3909 1200 3978 quia
1228 3924 1361 3962 crux
1401 3908 1505 3961 Do-

229 4004 605 4069 :candalnm,
646 4002 677 4042 δ
701 4004 928 4060 Graecis
959 4003 1190 4058 stultitia
1220 4002 1239 4074 (
1268 3999 1433 4057 lCor.
1469 4017 1509 4068 ι,

234 4095 516 4151 ientibus
544 4111 657 4166 per
683 4096 955 4152 eamdem
988 4109 1207 4149 crucem
1237 4094 1513 4149 excelsior

231 4196 308 4255 is,
348 4190 675 4246 excelsior
696 4191 954 4262 angelis,
987 4172 1042 4246 et
1068 4190 1316 4244 melioris
1347 4199 1512 4245 testa.

233 4293 292 4339 st
329 4300 642 4354 Sponsor,
682 4289 824 4356 ipse
860 4284 953 4355 qui
984 4284 1343 4355 eratprioris.

232 4394 308 4432 im
343 4394 476 4433 non
508 4378 846 4450 defugiam
872 4377 1001 4446 ista,
1026 4388 1086 4433 ut
1112 4379 1275 4434 etiam
1308 4394 1511 4451 conge-

236 4471 418 4525 nodo
455 4471 675 4527 factus
709 4472 825 4539 sit,
863 4470 1173 4527 considera.

1619 3270 1780 3335 davit,
1800 3278 1848 3323 et
1869 3280 2041 3322 crcatn
2071 3275 2190 3318 sunt
2220 3264 2392 3335 (Paul.
2418 3279 2642 3325 csum,
2672 3263 2754 3329 5).
2795 3258 3045 3313 Dominus
3075 3272 3222 3309 erra-

1618 3362 1687 3415 vit
1717 3376 1797 3414 me
1830 3358 2027 3427 (Prov.
2063 3373 2184 3421 \‘Ill,
2234 3354 2351 3425 22),
2388 3355 2686 3409 secundum
2712 3367 2933 3407 carnem
2972 3350 3175 3404 dictum
3212 3364 3227 3401 :

1616 3462 1857 3506 creatum
1902 3467 2119 3522 quoque
2165 3464 2325 3517 supra
2356 3448 2696 3503 ostendimus
2752 3446 2805 3499 in
2854 3444 2996 3497 libro
3044 3442 3224 3512 primo

1618 3543 1773 3616 (Cap.
1812 3543 1878 3598 Μ
1907 3553 1956 3598 et
1985 3544 2120 3613 seq.)
2152 3542 2218 3595 de
2253 3542 2632 3595 incarnatione
2656 3539 2862 3592 dictum
2891 3535 3092 3589 videri.

1689 3636 1779 3690 83.
1826 3634 1943 3702 Ipse
1997 3636 2162 3689 etiam
2194 3633 2489 3703 Apostolus
2530 3629 2828 3685 asserenda
2873 3625 3223 3682 serviendum

1618 3742 1723 3781 non
1754 3742 1875 3781 esst!
1902 3735 2192 3787 creaturae,
2252 3723 2569 3795 signiﬁcavit
2603 3738 2670 3776 cx
2731 3722 2841 3774 Deo
2873 3718 3068 3772 Filium
3100 3720 3220 3783 ξιιιιιι

1616 3830 1858 3874 creatum
1892 3834 2049 3881 esse,
2111 3818 2205 3872 sed
2248 3815 2490 3885 genitum
2531 3815 2723 3887 (Rom.
2748 3828 2797 3876 ι,
2829 3810 2960 3880 95).
3014 3809 3219 3863 Tamen

1615 3910 1776 3966 etiim
1808 3909 1938 3964 alibi
1967 3951 1983 3975 ,
2039 3916 2097 3963 ut
2125 3907 2498 3961 manifestare!
2530 3904 2804 3975 quomodo
2837 3906 2888 3957 in
2927 3904 3236 3959 Salomoue'

1615 4004 1683 4060 sit
1707 4004 1907 4059 lectum
1948 4019 1962 4056 ε
2021 4000 2275 4057 Dominus
2332 4001 2518 4055 creavit
2574 4016 2686 4064 me;
2728 3999 2856 4067 quid
2903 3998 2955 4053 in
3003 3997 3222 4055 Cltris‘o

1615 4108 1859 4154 creatum
1885 4106 2055 4163 esset,
2082 4094 2342 4150 Ostendit.

1685 4191 1776 4247 ει.
1816 4188 2006 4260 Itaque
2036 4190 2202 4245 totius
2233 4189 2432 4244 seriem
2474 4186 2667 4257 capitis
2708 4200 3109 4248 recenseamus;
3141 4185 3220 4240 sic

1615 4285 1757 4339 enim
1792 4284 1961 4341 habes
1993 4303 2006 4338 :
2059 4283 2201 4358 Ergo
2230 4286 2352 4349 quia
2377 4286 2471 4355 ﬁlii
2503 4285 2785 4355 participes
2812 4293 2933 4339 sunt
2973 4284 3144 4336 carnis
3174 4290 3222 4335 et

1614 4378 1898 4453 sanguinis,
1934 4388 1985 4433 et
2001 4381 2111 4450 ipse
2131 4381 2368 4435 similiter
2396 4368 2655 4449 particeps
2687 4379 2857 4449 factus
2909 4388 2982 4433 est
3012 4392 3220 4431 eorum-

1615 4474 1750 4541 dem;
1773 4485 1828 4529 ut
1851 4492 1941 4545 per
1962 4486 2171 4531 mortem
2197 4477 2473 4531 destrueret
2502 4477 2638 4531 hunc
2663 4478 2751 4548 qui
2783 4475 2962 4530 mortis
3003 4471 3219 4526 habebat

233 4653 363 4714 ἵνα.
425 4658 571 4727 elc-
638 4650 863 4727 Magis
910 4664 1187 4727 congrue;
1224 4650 1330 4705 hoc
1359 4652 1504 4727 enim
1535 4650 1589 4710 D
1613 4672 1714 4727 qua
1740 4657 1809 4711 de
1841 4656 2197 4721 productione
2221 4672 2403 4712 rerum
2433 4672 2497 4712 es
2526 4654 2698 4710 nihilo
2721 4652 3124 4723 intelliguntur.
3153 4651 3222 4707 Et

251 4723 635 4792 superiora
702 4723 822 4776 illa
864 4723 1113 4793 :incpetn
1138 4722 1371 4793 defuncti
1405 4740 1503 4794 po-

252 4907 270 4931 ,
318 4862 601 4919 Fauces
647 4868 806 4939 ejus
835 4863 1130 4920 dulcedinis
1161 4874 1207 4919 et
1242 4866 1395 4921 totius
1418 4865 1507 4920 de-

243 5022 387 5071 ss.,
439 5007 725 5063 Grczcs's
763 5008 1012 5061 stultitia
1038 5008 1371 5078 sapientibus.
1406 5006 1509 5063 Per

276 5150 769 5205 excellentior
801 5167 829 5203 :
870 5165 1001 5205 mss.
1038 5165 1205 5221 prope
1222 5150 1288 5205 ad
1317 5166 1503 5221 unum,

258 5307 437 5347 ures
486 5307 720 5357 mss.;
747 5292 1026 5347 nonnulli
1056 5300 1234 5345 tamen
1266 5308 1363 5361 pro
1388 5295 1505 5347 obe-

271 5364 700 5437 bedientia,
781 5365 1067 5437 virgulam
1123 5376 1501 5437 expungcntes

278 5436 516 5488 litatis
572 5450 602 5488 :
684 5451 827 5503 pro
893 5435 1091 5502 quibus
1127 5435 1354 5489 vocibus
1405 5437 1501 5491 alii

304 5516 383 5560 ιιι
419 5550 440 5571 ,
486 5520 807 5577 regnum
846 5505 1141 5577 dignitatis.

297 5593 337 5630 η
389 5576 589 5631 mss;
658 5579 957 5640 dllohns,
993 5576 1133 5646 quod
1158 5581 1354 5648 factum
1379 5588 1453 5632 est
1482 5594 1503 5633 .'

313 5650 523 5719 quis,
561 5647 766 5720 quod
811 5650 994 5716 [actus
1022 5658 1116 5720 est,
1142 5647 1394 5719 Christus
1423 5653 1503 5703 vi—

322 5718 537 5793 litem
580 5718 997 5793 Euphrasius
1037 5718 1237 5779 factum
1268 5729 1322 5793 et
1347 5718 1501 5793 erea-

337 5807 385 5848 e
425 5790 1047 5866 signiﬁcatiOnem,
1094 5805 1213 5845 eam
1243 5791 1500 5851 nimirum

1612 4726 1714 4783 huc
1751 4729 1969 4797 quidem
2018 4730 2069 4782 in
2102 4728 2294 4783 Grmco
2330 4729 2586 4782 idiomate
2631 4726 2974 4780 verissimum
3016 4735 3130 4788 est,
3164 4732 3223 4778 ut

1610 4799 1973 4870 Hieronymus
1995 4800 2046 4852 in
2069 4815 2188 4867 cap.
2215 4800 2250 4852 4
2284 4801 2452 4865 ίοὶνίει.
2487 4802 2553 4853 ad
2576 4799 2776 4866 Epltes.
2807 4807 2856 4851 et
2887 4799 3221 4870 angustiam

1611 4871 1703 4925 lib.
1732 4887 1747 4923 ι
1777 4866 1924 4925 cont.
1956 4866 2187 4924 Advers.
2213 4870 2344 4939 Leg.
2379 4879 2434 4922 et
2465 4871 2718 4939 l’rotiliet.
2750 4884 2871 4935 cap.
2896 4866 2967 4922 23
2983 4868 3219 4939 doct-nt:

1613 4941 1741 4995 licet
1774 4942 1994 4994 ultimus
2028 4937 2316 5010 utrumque
2365 4941 2529 4993 etiam
2567 4937 2617 4993 in
2646 4940 2948 5007 Scripluris
3000 4937 3226 4991 indiffe-

1611 5022 1794 5066 renter
1814 5012 1883 5066 de
1912 5013 2078 5066 rebus
2108 5014 2221 5065 sive
2248 5028 2311 5065 ex
2346 5012 2569 5065 materia
2594 5012 2771 5075 aliqua
2805 5011 2983 5074 laetis,
3010 5011 3125 5062 sive
3154 5024 3220 5063 es

1613 5083 1757 5141 nulla
1786 5084 1893 5139 dici
1923 5092 2152 5136 asserat.
2182 5083 2339 5151 Quod
2367 5095 2548 5137 autem
2574 5084 2641 5136 ad
2667 5083 2913 5138 Latinam
2945 5082 3180 5149 linguam
3204 5120 3221 5147 ,

1615 5155 1777 5207 iidem
1824 5154 1898 5209 illi
1946 5156 2135 5209 Patres
2165 5156 2341 5209 creari
2392 5170 2453 5211 ac
2507 5152 2621 5207 ﬁeri
2670 5162 2722 5208 et
2761 5153 2828 5205 de
2867 5151 3223 5223 generatione

1614 5224 1909 5281 liberorum
1954 5234 2008 5279 cl
2048 5225 2116 5279 de
2148 5229 2560 5295 magistratuum
2594 5222 2936 5278 institutione
2969 5222 3220 5290 usurpari

1614 5310 1935 5361 memorant,
1969 5298 2112 5365 quod
2145 5302 2491 5366 probatorum
2524 5300 2850 5365 scriptorum
2887 5311 2986 5348 usu
3021 5295 3226 5366 planis-

1609 5367 1804 5421 simum
1837 5365 2263 5424 est.Gr:t'corum
2294 5370 2454 5437 igitur
2483 5368 2726 5429 Patrum,
2756 5367 2845 5430 qui
2878 5366 3115 5420 Verbum
3144 5365 3223 5417 di-

1610 5439 1791 5516 yinuttt
1818 5442 2032 5516 κτίσμα,
2067 5440 2115 5516 id
2153 5450 2267 5516 est,
2292 5452 2609 5516 creaturattt
2650 5438 2837 5492 dicere
2870 5451 3087 5516 semper
3119 5451 3232 5516 fx-

1608 5505 1981 5579 horrtterunti,
2050 5511 2372 5565 Ambrosius
2433 5510 2630 5581 ubique
2686 5525 2843 5577 quam
2914 5505 3229 5581 lirntissintc

1610 5585 1854 5652 vestigiis
1885 5584 2144 5647 adhaesit,
2176 5599 2236 5636 ea
2268 5584 2478 5637 ratione
2505 5578 2683 5636 omnia
2718 5581 3021 5652 Scriptura:
3068 5578 3224 5631 teSII-

1612 5657 1815 5726 monia,
1849 5657 2003 5726 queis
2035 5653 2216 5709 Ariani
2239 5656 2624 5724 abutebantur,
2650 5651 3097 5723 cntntttodissime
3126 5665 3221 5705 rx-

1611 5724 1739 5795 poni
1767 5724 1930 5803 posSe
1972 5741 2293 5805 persuasum
2327 5726 2555 5787 habens.
