3932 6176
129 189 213 243 (09

1386 188 1474 244 DE
1514 189 1672 272 rios;
1711 190 1837 247 LIB.
1883 192 1970 248 ill.

3249 196 3355 252 610

127 303 237 358 dixit
265 320 275 354 :
302 303 445 356 Amen
466 343 478 368 ,
502 318 677 368 auten,
711 302 828 356 dico
879 302 1016 357 vobis
1047 304 1288 372 quoniam
1338 315 1458 360 sunt
1499 307 1659 378 aliqui
1689 308 1738 366 Α
1767 307 1997 361 dicendo
2023 307 2092 362 de
2128 307 2344 364 Christo
2371 327 2383 364 :
2410 307 2478 364 In
2503 326 2603 378 quo
2645 309 2838 363 habitat
2884 311 3050 365 omnis
3088 310 3357 382 plenitudo

126 409 144 435 δ
171 397 303 452 dehis
322 398 624 463 astantibus,
649 397 734 466 qui
767 400 870 451 non
919 399 1198 469 gustabunt
1228 404 1468 467 mortem,
1497 401 1658 455 donec

124 491 291 546 rideant
335 486 520 544 Filium
575 488 800 544 hominis
851 492 1130 545 venientem
1178 493 1231 546 in
1262 509 1475 565 regnum
1511 509 1661 548 suum

123 580 302 654 (Matth.
322 597 424 646 ιιι,
452 581 566 652 28).
594 579 624 619 ι’
654 581 901 636 Dubitari
933 598 1061 655 ergo
1085 599 1189 638 non
1219 593 1399 656 potest
1417 585 1558 656 quod
1590 586 1663 642 sit

122 689 309 744 regnum
331 671 445 728 Filii
469 673 580 728 Dei.

177 767 250 823 97.
289 765 385 822 Sed
432 767 613 836 accipe
654 767 831 837 ipsum
872 783 998 824 esse
1037 785 1263 840 regnum
1298 771 1462 837 Filii,
1517 773 1663 842 quod

124 861 266 916 Patris
289 869 405 916 est:
446 861 603 916 Amen
633 862 748 916 dico
793 862 933 917 vobis
985 864 1124 933 quod
1172 877 1290 920 sunt
1309 866 1520 936 quidam
1562 869 1665 921 eir-

119 953 451 1017 cumstantium,
478 954 565 1024 qui
593 959 697 1008 nim
725 955 1002 1026 gustabunt
1029 960 1263 1024 mortem,
1282 959 1444 1014 donec
1459 960 1666 1014 videant

125 1059 138 1080 ι’
167 1061 350 1117 regnum
372 1044 465 1099 Dei
490 1048 762 1102 ueniensin
791 1049 975 1102 virtute
1019 1048 1214 1121 (Mare.
1266 1066 1384 1118 vttt,
1431 1049 1544 1122 59).
1589 1053 1666 1107 Eo

119 1137 239 1192 enim
259 1151 415 1208 usque
441 1153 604 1193 unum
632 1153 860 1209 regnum
880 1148 984 1204 est,
1002 1141 1061 1195 ut
1083 1157 1246 1196 unum
1262 1144 1330 1196 sit
1355 1142 1660 1212 praemium,

119 1227 234 1282 idem
261 1227 443 1293 haeres,
472 1229 662 1285 eadem
693 1231 908 1297 merita,
941 1231 1083 1287 idem
1114 1247 1370 1303 sponsor.

173 1322 246 1378 9S.
281 1322 552 1392 Quomodo
585 1341 692 1379 non
729 1325 874 1381 idem
910 1341 1159 1397 regnum,
1201 1343 1324 1382 cum
1359 1329 1664 1398 prmsertim

118 1418 212 1486 ipse
251 1417 312 1474 de
333 1433 389 1474 se
415 1418 580 1474 Filius
628 1419 828 1476 dixerit
859 1436 878 1474 :
912 1419 1055 1474 Tunc
1096 1421 1220 1487 iusti
1241 1422 1506 1493 fulgebunt
1535 1423 1670 1476 sicut

117 1515 178 1567 sol
203 1514 249 1567 in
272 1529 418 1584 regno
451 1512 628 1568 Patris
648 1499 980 1583 mei(Matth.
1011 1530 1123 1579 aut,
1170 1515 1290 1578 45).
1318 1514 1472 1583 Quod
1522 1516 1666 1570 enim

121 1604 265 1658 l'atris
290 1612 368 1659 est
388 1619 483 1675 per
511 1603 815 1673 maiestatis
844 1604 1255 1675 proprietatem,
1281 1604 1333 1658 id
1362 1605 1522 1661 etiam
1548 1605 1670 1661 Filii

1763 399 2049 452 divinitatis
2070 401 2410 469 corporaliter
2440 399 2683 473 (Coloss.
2715 417 2777 466 ιι,
2811 401 2899 472 9).
2951 400 3009 458 Si
3029 403 3176 458 enim
3196 403 3355 474 iuxta

1763 491 2085 561 Apostolum
2123 492 2402 561 plenitudo
2427 495 2608 549 omnis
2653 495 3018 564 corporaliter
3057 494 3362 550 divinitatis

1766 583 1818 637 in
1849 582 2068 639 Christo
2096 595 2200 650 est,
2235 595 2330 640 aut
2361 587 2525 641 unius
2572 586 2876 643 divinitatis
2909 587 3140 644 'Patrem
3189 596 3244 644 et
3272 586 3365 643 Fi-

1764 675 1895 730 lium
1925 674 2274 732 fatebuntur:
2305 685 2402 732 aut
2422 677 2466 733 si
2507 677 2688 734 Patris
2736 688 2790 735 et
2839 678 2967 734 Filii
3011 678 3355 735 divinitatem

1765 770 1992 840 Cupiunt
2023 785 2303 842 separare,
2347 788 2470 827 cum
2509 786 2730 828 omnem
2770 773 3164 844 plenitudinem
3223 773 3365 830 divi-

1767 862 1952 917 nitatis
2001 864 2366 934 corporaliter
2407 863 2578 920 Filius
2624 864 2866 933 habeat;
2911 866 3040 937 quid
3088 876 3175 923 est
3215 866 3361 938 quod

1774 951 1790 989 ί
1817 953 2139 1009 existimant
2156 955 2394 1026 amplius
2412 957 2959 1026 reservandum,cum
2979 958 3211 1029 amplius
3231 957 3369 1015 nihil

1767 1045 1837 1100 sit
1866 1046 2202 1117 plenitudine
2233 1049 2627 1120 perfectionis?
2661 1051 2803 1122 Ergo
2832 1067 2937 1106 una
2964 1051 3241 1108 divinitas.

2357 1161 2593 1220 CAPUT
2648 1162 2790 1219 XIII.

1771 1272 1911 1329 Filio
1953 1277 2272 1347 majestatem
2325 1293 2475 1331 suam
2503 1293 2633 1342 esse,
2675 1294 2738 1330 ac
2786 1287 3022 1348 paterno:
3070 1277 3371 1348 aequalem:

1870 1371 2020 1438 cujus
2070 1369 2199 1422 socii
2249 1369 2498 1423 uon‘sint
2540 1369 2744 1440 angeli,
2789 1370 2880 1424 sed
2909 1377 3243 1440 spectatores.

1847 1506 1969 1562 105.
2015 1506 2203 1579 [Alias
2242 1523 2357 1578 cap.
2392 1506 2528 1578 VL]
2569 1507 2867 1578 Imaginem
2921 1518 3107 1565 autem
3153 1524 3320 1564 unam
3357 1548 3375 1574 ,

1773 1610 1827 1656 et
1849 1601 2259 1657 similitudinem
2291 1617 2452 1656 unam
2479 1617 2646 1672 supra
2673 1602 2910 1657 diximus
2963 1602 2983 1675 (
3019 1602 3136 1658 Lib.
3164 1605 3218 1670 1,
3249 1619 3369 1672 cap.

117 1703 183 1748 est
207 1710 290 1764 per
305 1695 539 1765 ejusdem
562 1695 906 1751 claritudinis
929 1696 1210 1751 unitatem.
1236 1697 1377 1767 Ergo
1398 1706 1454 1752 et
1492 1697 1669 1754 Patris
1697 1697 1746 1758 B
1774 1694 1868 1762 7),
1901 1704 2154 1764 superest
2179 1703 2239 1749 ut
2268 1695 2430 1750 unius
2455 1710 2673 1766 quoque
2701 1696 3004 1766 maiestatis
3033 1695 3251 1751 Patrem
3276 1695 3371 1751 Fi-

118 1803 304 1857 tcgnum
331 1789 609 1858 Scriptura
636 1787 795 1853 dixit,
825 1798 881 1843 et
908 1788 1031 1843 Filii
1061 1787 1245 1860 (Joan.
1280 1806 1410 1857 xvrt,
1442 1792 1521 1862 5).

172 1879 245 1935 99.
282 1880 472 1952 Accipe
502 1895 650 1935 nunc
681 1880 804 1950 quia
833 1879 922 1935 ubi
955 1895 1181 1949 regnum
1219 1881 1315 1937 Dei
1365 1881 1519 1950 dicit,
1566 1899 1668 1940 nec

119 1969 261 2026 Patris
281 1987 373 2028 nec
391 1973 506 2028 Filii
533 1983 756 2044 separat
783 1983 1126 2043 potestatem;
1150 1975 1274 2044 quia
1301 1983 1356 2030 et
1382 1984 1664 2045 paternum

116 2070 157 2116 et
179 2062 280 2118 Filii
308 2079 528 2135 regnum
555 2079 666 2120 uno
692 2065 788 2120 Dei
814 2066 1034 2122 nomine
1055 2067 1502 2137 comprehendit,
1527 2071 1667 2127 sicut

115 2151 285 2210 habes:
313 2155 435 2210 Cum
465 2157 699 2212 videritis
745 2157 1023 2225 Abraham,
1070 2158 1248 2226 Isaac,
1297 2172 1342 2215 et
1389 2162 1586 2230 Iacob,
1617 2175 1666 2220 et

114 2263 254 2304 attines
276 2252 543 2322 prophetas
567 2253 624 2306 in
655 2269 811 2324 regno
841 2252 937 2307 Dei
975 2252 1132 2326 (Luc.
1167 2270 1280 2320 λιιι,
1311 2255 1425 2328 28).
1457 2257 1538 2311 An
1570 2273 1663 2314 ne-

111 2355 264 2409 gamus
290 2344 338 2398 in
367 2361 530 2416 regno
553 2342 680 2401 Filii
724 2346 1022 2416 prophetas
1049 2362 1192 2413 esse,
1234 2364 1358 2404 cum
1387 2361 1440 2405 et
1468 2350 1662 2406 latroni

111 2435 168 2486 ιιι(
184 2435 280 2490 enti
304 2455 316 2492 :
342 2437 602 2494 Memento
629 2439 764 2508 mei},
788 2456 902 2493 cum
928 2441 1125 2494 ueneris
1169 2441 1225 2494 in
1249 2457 1461 2512 regnum
1482 2451 1664 2509 tuum;

109 2528 404 2596 responderit
426 2531 692 2586 Dominus
721 2548 735 2585 :
766 2532 927 2586 Amen
973 2531 1090 2586 dico
1118 2531 1232 2599 tibi,
1279 2533 1433 2588 hodie
1467 2551 1663 2589 mecum

110 2619 188 2673 etis
211 2623 257 2674 in
289 2624 521 2691 paradiso
554 2622 711 2695 (Luc.
752 2639 916 2690 χχιιι,
949 2624 1037 2689 42,
1065 2623 1221 2697 μωι
1270 2627 1377 2681 Aut
1421 2628 1549 2698 quid
1579 2637 1666 2684 est

107 2706 126 2745 τι
150 2727 253 2768 esse
278 2715 328 2769 in
352 2732 511 2788 regno
544 2719 682 2783 Dei,
715 2719 817 2773 nisi
857 2727 1116 2774 :rternam
1143 2720 1354 2776 nescire
1385 2731 1612 2778 mortem
1639 2725 1664 2777 ἲ

106 2805 187 2871 Qui
211 2818 375 2864 autem
406 2815 658 2869 nesciunt
684 2821 944 2869 aeternam
977 2823 1231 2880 mortem,
1259 2814 1442 2870 vident
1467 2815 1662 2870 Filium

107 2896 304 2956 hominis
324 2905 633 2961 venientem
666 2905 719 2960 in
747 2921 972 2975 regnum
1004 2923 1181 2961 suum.

164 2993 268 3051 100.
289 2997 565 3064 Quomodo
598 3014 728 3070 ergo
753 3007 930 3068 potest
950 3015 1056 3054 non
1085 3001 1136 3054 in
1163 3009 1432 3070 potestate
1461 3001 1660 3056 habere

107 3090 220 3155 quod
250 3091 406 3148 donat
434 3094 628 3150 dicens
657 3111 669 3147 :
701 3092 820 3148 Tibi
839 3093 971 3148 dabo
1019 3095 1186 3150 claues
1230 3099 1372 3168 regni
1419 3095 1661 3149 caelorum
1691 3083 1736 3147 C

109 3180 288 3250 (Matth.
313 3202 425 3251 xvr,
447 3187 574 3259 l9)?
604 3186 675 3242 Et
699 3186 884 3243 videto
911 3187 1247 3242 distantiam.
1267 3187 1471 3242 Servus
1499 3186 1661 3260 515

108 3276 272 3344 aperit,
304 3280 557 3336 Dominus
594 3280 860 3351 largitur:
891 3281 993 3338 iste
1016 3297 1112 3351 per
1137 3295 1217 3345 se,
1257 3281 1350 3336 ille
1383 3297 1480 3351 per
1508 3280 1664 3336 Chri—

109 3371 264 3432 stumf:
296 3370 522 3428 famulus
547 3374 734 3429 claves
760 3373 987 3446 accipit,
1020 3373 1282 3429 Dominus
1325 3374 1540 3430 ordinat
1569 3389 1665 3446 po-

110 3463 334 3518 teslales:
367 3475 388 3500 ε
438 3465 587 3522 aliud
638 3464 728 3534 jus
783 3465 1062 3531 donantis,
1112 3466 1258 3522 aliud
1297 3466 1666 3538 dispensantis

112 3548 388 3624 obsequium
418 3567 522 3614 est.

167 3643 273 3700 101.
311 3649 508 3720 Accipe
539 3649 720 3707 adhuc
752 3666 918 3706 unum
959 3666 1187 3721 regnum
1217 3693 1230 3717 ,
1271 3668 1435 3708 unum
1489 3653 1666 3724 impe-

119 3735 232 3792 rium
276 3755 392 3797 esse
452 3742 638 3799 Patris
688 3753 742 3800 et
780 3743 928 3800 Filii.
981 3745 1160 3801 llabes
1184 3745 1251 3800 ad
1280 3745 1667 3804 Timotheum:

117 3824 283 3886 Paulus
331 3837 600 3904 apostolus
647 3837 774 3892 Jesu
831 3836 1023 3892 Christi
1062 3841 1345 3894 secundum
1402 3841 1670 3912 imperium

119 3917 195 3973 Dei
217 3923 491 3982 Saluatoris
520 3930 706 3996 nostri,
737 3939 786 3984 et
813 3929 1009 3985 Christi
1046 3929 1176 3986 Jesu
1217 3933 1324 4003 spei
1377 3933 1608 4004 nostra:(
1653 3932 1672 3985 l

119 4005 230 4068 Tini.
247 4032 282 4081 ι,
313 4017 401 4088 1).
439 4019 620 4076 Unum
650 4021 815 4092 igitur
839 4021 1018 4077 Patris
1049 4031 1104 4077 et
1125 4022 1249 4077 Filii
1282 4038 1507 4093 regnum
1555 4023 1668 4077 evi-

119 4100 280 4163 denter
300 4118 381 4166 est
405 4111 764 4178 declaratum,
801 4113 943 4170 sicut
976 4122 1031 4169 et
1057 4115 1332 4185 apostolus
1355 4115 1556 4170 Paulus
1584 4131 1673 4170 as-

124 4199 264 4254 seruit
288 4201 512 4259 dicens:
553 4204 670 4260 Hoc
691 4206 824 4260 enim
860 4207 1037 4262 scitote
1075 4209 1210 4277 quod
1248 4207 1415 4262 omnis
1452 4208 1676 4278 impudi-

121 4302 210 4354 cus,
231 4305 310 4347 aut
331 4297 651 4366 immundus,
683 4311 771 4356 aut
800 4317 1009 4366 auarus,
1061 4301 1201 4370 quod
1246 4309 1320 4355 est
1352 4294 1676 4366 idololatria,

121 4392 199 4434 uoti
221 4383 360 4441 habet
388 4389 744 4445 hcereditatem
761 4392 816 4444 in
844 4407 1000 4462 regno
1031 4390 1222 4446 Christi
1247 4401 1296 4446 et
1325 4390 1419 4445 Dei
1447 4389 1676 4464 (Ep/tes.

123 4485 163 4533 ν.
183 4471 258 4544 5).
284 4479 424 4552 Ergo
455 4499 624 4538 unum
665 4499 913 4554 regnum,
945 4493 1000 4539 et
1033 4499 1136 4539 una
1167 4483 1445 4539 divinitas.

177 4565 284 4625 102.
328 4571 506 4630 Unam
533 4575 878 4632 divinitatem
926 4577 1018 4631 lex
1049 4577 1338 4648 probavit,
1389 4593 1510 4649 quae
1547 4577 1682 4634 dicit

123 4669 258 4720 ιιιιιιιιι
285 4667 452 4725 Deum
488 4671 506 4741 (
536 4671 692 4727 Deut.
736 4689 810 4741 vt,
844 4673 878 4729 4
901 4672 944 4743 ).
977 4672 1236 4730 Probavit
1261 4682 1320 4730 et
1351 4675 1678 4745 Apostolus,

183 4841 204 4867 ἰ
238 4834 349 4910 Vel.
378 4839 512 4894 edit.
548 4853 611 4894 ac
632 4855 764 4896 mss.
796 4855 903 4895 non
937 4840 1126 4910 pauci,
1153 4841 1218 4895 de
1244 4841 1357 4895 istis
1379 4841 1688 4896 astantibus:

127 4896 281 4982 litim”
309 4907 370 4982 de
398 4910 516 4964 istic
540 4913 823 4966 astantibus
847 4930 864 4966 :
908 4896 1285 4982 reliqui'mssq
1319 4911 1382 4966 de
1406 4911 1486 4967 his
1515 4923 1691 4968 astan-

127 4971 254 5029 tibus.
299 4978 364 5033 At
391 4984 617 5036 omnino
639 4983 985 5038 scribendum
1016 4971 1076 5038 ut
1105 4983 1158 5036 in
1187 4971 1372 5048 textu;
1404 4985 1506 5038 hoc
1538 5000 1690 5038 nam-

127 5055 213 5166 alte
258 5048 390 5115 loco,
440 5052 586 5108 sicut
634 5063 683 5108 et
734 5054 875 5123 apud
919 5053 1155 5108 Marcum
1196 5053 1333 5108 infra
1379 5053 1600 5109 citatum
1636 5056 1688 5109 in

169 5130 292 5166 neco
319 5130 638 5166 anhelante:-
666 5125 813 5166 leone
879 5133 979 5166 τοῖιν
1009 5123 1102 5166 s33:
1131 5120 1420 5166 inmanium
1478 5124 1688 5166 Ritu-ene

169 5130 640 5198 rzeco_c_ons_tanter
666 5120 813 5194 legas
831 5166 847 5190 ,
868 5133 992 5198 A751
1009 5123 1102 5198 ᾦδε
1131 5120 1451 5198 ἑστηκότων.
1478 5124 1691 5198 Rursus

128 5195 246 5265 [ero
263 5192 345 5265 ubi
375 5193 609 5248 habetur
631 5196 682 5249 in
701 5192 910 5249 eunetis
930 5192 1063 5250 edi't.
1091 5210 1156 5250 ac
1176 5211 1307 5249 mss.
1341 5195 1688 5265 quibusdam,

133 5251 340 5338 Qubitari
369 5279 488 5336 ergo
518 5281 636 5338 non,
654 5275 851 5338 potest;
887 5269 938 5321 in
968 5265 1192 5336 reliquis
1221 5251 1670 5334 cod.'praelertur

133 5317 352 5405 Dubiiare
373 5317 497 5405 ergo
529 5317 656 5390 noli:

191 5394 214 5480 ¹ξ
249 5394 492 5480 ljonnuili
526 5420 685 5480 mss.,
716 5405 960 5480 Dubitare
983 5425 1106 5480 ergo
1129 5409 1252 5480 noli.

196 5477 217 5548 ξ
250 5470 439 5531 Omnes
473 5476 636 5549 edit.,
654 5470 868 5549 regnum
896 5477 994 5533 Dei
1015 5470 1283 5544 uEnientis;
1310 5492 1466 5543 mss.,
1487 5494 1698 5549 regnum

138 5532 255 5630 261°;
283 5559 437 5612 unus,
451 5532 761 5630 ﬁliunt'Dei,
777 5551 984 5630 ueniens
1006 5550 1183 5630 :quod
1211 5532 1466 5604 omnibus
1483 5532 1699 5630 quaeque

139 5605 400 5682 Scriptura!
425 5605 1129 5675 idiomatis'coulirmatdr.
1165 5620 1364 5674 Iterum
1397 5605 1573 5675 auléni
1608 5605 1700 5675 ῖιιιὶ

139 5693 303 5740 omnes
328 5687 456 5747 edit.
489 5703 555 5747 ac
584 5689 932 5762 pluresmss"
952 5691 1092 5747 idem
1115 5693 1276 5749 lueret
1291 5707 1310 5759 ;
1337 5691 1430 5748 alii
1457 5690 1704 5755 nonnulli

1773 1786 2015 1857 liumque
2038 1787 2352 1844 doceamus.
2386 1788 2497 1845 Nec
2519 1789 2681 1860 longe
2709 1790 2880 1845 aberit
2904 1807 2918 1855 ;
2944 1805 3066 1845 cum
3088 1790 3234 1845 enim
3256 1790 3373 1862 ipse

1771 1879 1969 1935 dixerit
2014 1881 2083 1937 de
2111 1896 2172 1938 se
2203 1882 2376 1938 Filius
2409 1898 2428 1938 :
2457 1882 2589 1938 Cum
2614 1884 2806 1939 uenerit
2849 1882 3025 1938 Filius
3071 1883 3298 1939 hominis
3320 1885 3378 1938 in

1771 1977 2038 2046 majestate
2057 1991 2154 2028 sua
2181 2017 2194 2040 ,
2246 1985 2292 2029 et
2321 1992 2495 2031 omnes
2546 1977 2857 2048 angelicum
2907 1994 2986 2041 eo,
3033 1985 3152 2032 tunc
3177 1976 3373 2031 sedebit

1769 2083 1923 2138 super
1952 2068 2122 2122 sedem
2143 2069 2432 2140 majestatis
2469 2085 2578 2124 sua:
2607 2072 2623 2140 (
2653 2068 2842 2122 Matth.
2875 2085 3012 2136 xxv,
3061 2070 3124 2126 51
3149 2071 3191 2142 ).
3223 2069 3368 2126 Ecce

1769 2159 1892 2214 Filii
1927 2176 2187 2228 expressa
2221 2163 2480 2234 maiestas
2503 2173 2586 2218 est
2611 2179 2626 2216 :
2654 2161 2784 2234 quid
2807 2163 2857 2218 ei
2887 2162 3065 2229 deest,
3101 2164 3257 2234 cujus
3288 2163 3371 2218 iti-

1767 2262 2004 2308 creatam
2035 2254 2377 2324 maiestatem
2406 2271 2607 2327 negare
2636 2270 2741 2311 non
2781 2267 3008 2326 possunt
3033 2257 3057 2309 Υ
3106 2256 3206 2313 Est
3231 2272 3365 2328 ergo

1767 2343 1891 2400 Filii
1933 2345 2210 2417 maiestas.

1840 2439 1961 2495 104.
2009 2442 2293 2511 Accipiant
2340 2457 2522 2508 nunc,
2574 2451 2628 2497 ut
2674 2441 2927 2498 dubitare
2973 2457 3081 2497 non
3106 2442 3361 2513 possint,

1765 2531 1914 2603 quod
1950 2531 2132 2587 Patris
2161 2541 2216 2588 et
2241 2531 2364 2587 Filii
2400 2548 2503 2588 una
2529 2533 2792 2603 maiestas
2813 2534 2882 2589 sit
2908 2550 2923 2599 ;
2959 2534 3074 2604 ipse
3096 2535 3242 2589 enim
3267 2534 3368 2590 Do-

1765 2626 1946 2680 minus
1967 2625 2105 2680 dixit
2135 2642 2149 2680 :
2184 2625 2326 2681 Nunt
2345 2628 2434 2698 qui
2459 2644 2539 2682 me
2559 2628 2818 2682 erubuerit
2842 2637 2891 2682 et
2921 2643 3056 2682 meos
3077 2644 3358 2696 sermones,

1765 2717 1900 2772 hunc
1924 2717 1971 2770 F
1973 2717 2094 2772 ilius
2125 2719 2346 2773 hominis
2370 2719 2632 2774 erubescet
2658 2738 2678 2785 ;
2726 2735 2845 2773 cum
2875 2719 3069 2774 venerit
3093 2719 3145 2773 in
3169 2721 3364 2793 majes-

1765 2820 1869 2865 tate
1888 2827 2005 2876 sua,
2033 2822 2078 2866 et
2109 2810 2286 2866 Patris
2310 2852 2323 2869 .
2346 2821 2395 2866 et
2419 2821 2718 2867 sanctorum
2752 2813 3051 2884 angelorum
3069 2810 3243 2884 3(Luc.
3270 2828 3324 2868 Ix
3345 2854 3362 2881 ,

1763 2903 1890 2975 96).
1916 2903 2056 2971 Quid
2080 2915 2163 2960 est
2189 2923 2200 2957 :
2239 2903 2307 2959 Et
2337 2915 2633 2960 sanctorum
2654 2905 2952 2977 angelorum
3001 2947 3016 2972 ,
3052 2915 3077 2952 8
3099 2905 3204 2962 nisi
3235 2905 3366 2976 quia

1765 2993 2106 3050 honorantur
2133 3005 2190 3051 et
2227 2997 2374 3052 servi
2397 2998 2658 3069 dignitate
2686 2997 2892 3053 domini
2920 2997 3048 3053 sui?

1840 3088 1965 3144 105.
2008 3089 2335 3160 Dignitatem
2366 3107 2496 3160 ergo
2528 3105 2681 3152 suam
2707 3090 2774 3146 ad
2805 3090 3004 3146 Filium
3056 3100 3113 3148 et
3145 3092 3363 3149 Patrem

1765 3183 1980 3250 retulit;
2032 3199 2138 3240 non
2173 3193 2236 3239 ut
2277 3186 2453 3256 angeli
2500 3185 2736 3241 habeant
2778 3201 2902 3242 cum
2936 3189 3093 3244 Patre
3144 3198 3202 3245 et
3225 3189 3368 3246 Filio

1767 3275 1979 3347 mqualc
2015 3279 2377 3347 consortium,
2410 3278 2505 3334 sed
2538 3288 2594 3334 ut
2631 3281 3084 3350 praeminentem
3134 3281 3364 3353 gloriam

1770 3366 1864 3421 Dei
1897 3379 2146 3424 cernant.
2179 3369 2369 3442 Neque
2409 3371 2556 3426 enim
2599 3386 2752 3427 suam
2793 3373 3138 3444 maiestatem
3187 3373 3370 3446 angeli

1771 3457 1991 3527 habent,
2023 3461 2167 3518 sicut
2193 3463 2397 3518 lectum
2427 3473 2515 3518 est
2559 3463 2628 3520 de
2677 3465 2859 3520 Filio:
2893 3465 3023 3520 Cum
3073 3466 3265 3522 sederit
3319 3468 3374 3522 in

1769 3549 1887 3606 sede
1927 3555 2210 3626 majestatis
2235 3570 2344 3610 sure
2374 3553 2590 3624 (Matth.
2620 3572 2745 3620 xxv,
2781 3555 2884 3626 51)
2910 3573 2928 3620 ;
2961 3555 3056 3610 sed
3082 3557 3373 3624 assistunt,

1773 3653 1830 3698 ut
1873 3644 2051 3700 Patris
2080 3656 2134 3701 et
2159 3645 2286 3702 Filii
2311 3643 2340 3682 ¹ι
2365 3646 2597 3717 gloriam
2627 3647 2874 3712 videant,
2907 3647 3107 3718 quibus
3130 3658 3224 3703 aut
3249 3663 3378 3720 pos-

1772 3747 1897 3792 sunt
1924 3747 2016 3791 aut
2048 3746 2333 3793 merentur
2363 3737 2694 3808 aspectibus.

1851 3827 1975 3885 106.
2017 3830 2264 3900 Denique
2298 3832 2414 3902 ipsa
2439 3845 2500 3886 se
2525 3831 2823 3901 explanant
2853 3832 3019 3887 verba
3045 3831 3230 3888 divina
3259 3872 3274 3898 ,
3319 3840 3378 3889 ut

1778 3923 2050 3995 intelligas
2099 3923 2246 3978 illam
2304 3924 2534 3994 gloriam
2577 3923 2753 3979 Patris
2787 3933 2844 3980 et
2889 3923 3015 3980 Filii
3059 3941 3182 3981 cum
3215 3927 3381 4001 διδ

1776 4017 1987 4088 angelis
2017 4031 2121 4071 non
2147 4031 2270 4072 esse
2297 4031 2643 4071 communem
2668 4033 2682 4083 ;
2729 4016 2811 4071 sic
2837 4016 2984 4072 enim
3019 4017 3222 4074 habes:
3247 4019 3378 4074 Cum

1777 4119 1945 4164 autem
1972 4109 2162 4165 venerit
2186 4107 2357 4164 Filius
2381 4109 2599 4164 hominis
2625 4110 2677 4163 in
2714 4112 2982 4182 majestate
3008 4126 3127 4176 sua,
3175 4121 3248 4164 et-
3268 4128 3379 4166 oin-

1780 4220 1868 4258 nes
1889 4205 2060 4275 angeli
2086 4221 2307 4261 cumeo.
2357 4205 2425 4260 Et
2455 4213 2513 4258 ut
2555 4203 2785 4261 doceret
2825 4220 2986 4261 unam
3037 4205 3380 4277 maiestatem

1782 4310 1834 4355 et
1864 4314 2024 4353 unam
2053 4298 2283 4370 gloriam
2329 4313 2454 4356 esse
2500 4298 2677 4354 Patris
2707 4307 2764 4356 et
2801 4313 2979 4363 suam,
3012 4299 3131 4371 ipse
3170 4299 3224 4354 in
3276 4299 3384 4356 alio

1783 4393 1924 4448 libro
1953 4394 2025 4447 ait
2055 4410 2068 4446 :
2100 4391 2167 4446 Et
2195 4391 2367 4448 Filius
2398 4392 2617 4447 hominis
2665 4393 2680 4428 ί
2733 4392 3016 4464 confundet
3060 4409 3177 4448 eum
3202 4434 3217 4459 ,
3266 4408 3384 4448 cum

1706 4469 1761 4531 Ῐ)
1786 4488 1975 4540 uenerit
2004 4487 2058 4540 in
2079 4483 2250 4558 gloria
2277 4483 2460 4540 Patris
2481 4485 2564 4540 sui
2589 4501 2708 4539 cum
2741 4484 2941 4556 angelis
2965 4486 3160 4540 sanctis
3183 4484 3381 4557 (Marc.

1787 4593 1900 4643 vin,
1931 4576 2061 4649 ‘58).
2095 4576 2174 4634 Illi
2201 4578 2256 4632 in
2282 4577 2568 4648 obsequio,
2601 4577 2692 4632 hic
2722 4577 2774 4632 in
2801 4577 2978 4648 gloria
3007 4595 3020 4630 :
3057 4577 3139 4633 illi
3190 4577 3244 4633 in
3285 4593 3387 4634 co-

1789 4676 2000 4741 mitatu,
2036 4674 2124 4730 hic
2152 4674 2208 4729 in
2237 4682 2493 4745 suggestu
2541 4690 2554 4726 :
2614 4672 2692 4728 illi
2721 4681 2910 4740 stant,
2964 4672 3055 4728 hic
3083 4670 3276 4738 sedet;
3327 4681 3386 4729 ut

1791 4841 2070 4904 exhibent,
2099 4838 2255 4892 iidem
2283 4839 2533 4894 homines.

1864 4909 1889 4948 ιι
1929 4911 2184 4968 Nonnulli
2215 4923 2376 4973 mss.,
2401 4910 2456 4962 in
2482 4924 2636 4979 regno
2666 4907 2821 4965 Filii.

1869 4994 1891 5019 ο
1934 4982 2062 5053 Mss.
2093 4981 2321 5053 aliquot,
2344 4983 2436 5053 jus
2464 4979 2777 5053 donationis.

1871 5053 1890 5091 τ
1931 5049 2629 5124 Omnesedit.,farstimant
2697 5051 2924 5124 amplius
2988 5054 3385 5124 aseribendam;

1795 5140 1928 5182 mss.
1955 5121 2224 5187 nonnulli,
2255 5123 2546 5188 testimant;
2571 5121 3133 5194 plures,'existimant;
3155 5127 3249 5182 sed
3269 5121 3390 5184 oml-

1799 5213 1896 5254 nes
1924 5195 2171 5260 omnino,
2202 5195 2428 5263 amplius
2457 5196 2845 5250 reservandum.

1870 5277 1894 5314 ε
1938 5267 2060 5320 Vel.
2088 5265 2256 5330 edit.,
2316 5266 2416 5321 nisi
2468 5265 2604 5336 quod
2651 5265 2906 5322 honorant
2945 5269 3147 5324 etserui
3176 5267 3390 5325 Domini

1796 5339 2094 5409 dignitatem
2120 5352 2288 5409 suam.

1872 5407 1898 5446 h
1940 5409 2070 5463 Mss.
2095 5407 2324 5476 aliquot,
2355 5408 2576 5477 gratiam
2599 5409 2825 5462 videant.
3009 5460 3019 5464 _

1879 5479 1894 5517 ί
1941 5479 2016 5532 Ita
2039 5493 2232 5533 omnes
2261 5477 2394 5533 edit.
2428 5493 2492 5532 ac
2515 5479 2701 5548 plures
2733 5493 2867 5548 mss.
2899 5479 3062 5533 Rom.
3090 5485 3272 5548 autem
3296 5493 3391 5534 so-

1802 5552 1846 5605 la
1870 5592 1882 5612 ,
1917 5549 2254 5617 confundetur
2279 5565 2393 5604 eunt
2419 5566 2436 5612 ,'
2469 5546 2560 5602 ulti
2590 5547 2784 5617 reliqui
2806 5561 2938 5604 mss.
2969 5563 3080 5619 pro:
3107 5562 3168 5602 se
3186 5546 3392 5618 ferunt,

1803 5620 2126 5690 conﬁtebitur
2153 5636 2287 5676 eunt.

2492 5771 2520 5793 3
