3932 6176
512 162 610 217 611

1879 158 2086 215 81ΝΟΊ

2201 156 2490 217 .MBROSII
3700 154 3793 215 6i!

508 277 680 333 verbo
712 283 895 333 tamen
925 290 1054 331 usus
1081 283 1298 330 utamur
1338 272 1582 339 humani,
1633 273 1720 329 bic
1756 271 1997 344 iudicat,
2039 272 2092 328 bi
2148 278 2201 337 Α
2226 272 2471 330 divinam
2504 272 2778 342 intelligas
2804 286 2926 328 esse
2950 272 3342 335 substantiam,
3374 288 3495 329 cum
3542 274 3685 330 Deus
3732 276 3794 330 ita

512 372 846 426 miniSIrant.

590 463 713 518 107.
758 461 1002 516 Divinam
1052 470 1234 525 autem
1287 478 1396 517 non
1450 460 1717 531 praemisit
1765 459 2108 530 majestatem

512 556 711 618 Patris,
745 564 800 610 et
831 554 1073 611 subdidit
1100 569 1254 610 suam
1280 564 1333 610 et
1361 554 1681 624 angelorum
1708 571 1725 619 ;
1766 569 1835 608 ne
1855 552 1923 608 de
1954 567 2110 618 sure-

509 645 746 701 rioribus
774 646 842 701 ad
892 646 1150 702 inferiora
1205 646 1400 702 fecisse
1446 646 1674 716 gradum
1730 643 2019 714 quemdam
2054 650 2110 699 et

504 737 757 793 ordinem
808 740 1103 795 videretur.
1133 740 1242 797 Sed
1288 741 1414 810 quia
1462 739 1628 795 Pater
1668 737 1898 794 inferior
1937 736 2109 793 videri

506 844 616 884 non
649 822 887 899 poterat,
919 832 1179 901 prazmisit
1201 832 1542 903 maiestatem
1582 846 1767 896 suam,
1802 839 1857 885 et
1901 828 2109 885 addidit

507 922 688 980 Patris
729 934 784 979 et
828 925 1188 994 angelorum;
1231 941 1300 980 ne
1354 941 1415 980 se
1451 923 1688 980 taedium
1724 924 1866 977 inter
1892 922 2106 977 Patrem

508 1028 563 1074 et
621 1020 848 1087 angelos
892 1020 1250 1085 nominando,
1301 1029 1396 1075 aut
1423 1019 1494 1075 ab
1525 1017 1740 1088 angelis
1791 1016 1858 1071 ad
1890 1016 2107 1071 Patrem

510 1127 608 1181 per
639 1113 720 1166 sui
770 1126 988 1182 quoque
1023 1113 1363 1168 incrementa
1399 1111 1596 1167 fecisse
1626 1109 1911 1177 quemdam
1959 1107 2109 1161 vide-

503 1214 656 1259 retur
686 1218 999 1267 ascensum,
1030 1213 1124 1259 aut
1150 1220 1178 1258 a
1222 1204 1381 1258 Patre
1411 1218 1605 1258 rursus
1636 1201 1702 1257 ad
1741 1201 1963 1271 angelos
2008 1215 2107 1271 per

504 1296 754 1354 ordinem
788 1313 910 1351 eum
942 1296 1027 1351 sui
1057 1298 1223 1351 etiam
1255 1295 1620 1350 diminutione
1664 1294 1983 1349 crederetur
2026 1293 2105 1346 {eo

504 1392 647 1446 cisse
674 1388 1171 1445 descensum.Nam
1206 1405 1308 1443 nos
1331 1390 1420 1459 qui
1450 1402 1611 1443 unam
1643 1385 1979 1441 divinitatem
2007 1384 2106 1440 Pa-

505 1486 605 1542 tris
631 1495 685 1540 ct
713 1484 836 1539 Filii
858 1484 1210 1548 conﬁtemur,
1256 1484 1558 1548 diversum,
1619 1491 1675 1537 ut
1704 1479 1916 1549 Ariani,
1959 1479 2105 1535 ordi-

506 1596 631 1636 nem
664 1595 773 1635 non
803 1590 1080 1649 putamus.

1095 1691 1324 1747 CAPUT
1363 1692 1505 1747 XIV.

507 1802 671 1859 Unius
697 1804 995 1861 substantia:
1020 1823 1137 1860 cum
1166 1805 1323 1861 Patre
1364 1805 1561 1861 Filium
1584 1824 1688 1861 esse
1708 1825 1726 1873 ,'
1750 1806 1884 1861 hanc
1930 1816 2098 1860 autem

574 1899 727 1950 etiam
772 1900 1057 1953 secundum
1096 1900 1416 1953 divinitatem
1457 1900 1593 1953 sumi
1624 1899 1804 1953 debere
1830 1900 1881 1952 in
1922 1899 2100 1955 multis

576 1992 967 2060 Scripturarnm
990 1994 1313 2062 testimoniis,
1339 1995 1540 2047 tametsi
1566 1996 1619 2047 in
1665 1994 1783 2048 aliis
1840 1994 2101 2048 nonnullis

571 2084 671 2139 Itec
701 2086 907 2141 verbum
933 2097 1020 2141 aut
1044 2086 1105 2142 de
1133 2086 1538 2155 possessionibus
1564 2098 1650 2141 aut
1675 2086 1738 2141 de
1784 2086 2101 2141 incarnatio-

574 2195 638 2232 ne
662 2177 1001 2249 intelligatur.

574 2313 699 2370 108.
741 2314 821 2370 De
850 2315 1154 2370 substantia
1181 2324 1362 2371 autem
1392 2357 1406 2383 ,
1465 2315 1769 2385 Imperator
1821 2321 2054 2386 auguste
2083 2352 2101 2379 ,

501 2409 629 2479 quid
672 2410 865 2479 loquar
896 2410 1059 2465 unius
1096 2408 1295 2465 Filium
1328 2425 1448 2465 cum
1478 2408 1642 2465 Patre
1667 2423 1792 2465 esse
1844 2408 2100 2463 substan-

503 2507 588 2559 ti:r
614 2522 629 2567 ;
660 2521 782 2560 cum
826 2506 1117 2576 imaginem
1149 2505 1399 2559 Paterna:
1429 2503 1751 2560 substantia:
1794 2502 1994 2558 Filium
2026 2502 2098 2557 le-

496 2597 741 2667 gerimus
768 2598 786 2665 (
811 2597 939 2669 Sep.
972 2614 1065 2661 vn,
1090 2596 1161 2653 26
1186 2596 1204 2666 )
1229 2614 1244 2661 ;
1279 2604 1340 2651 ut
1370 2597 1421 2650 in
1455 2596 1605 2651 nullo
1633 2595 1932 2651 secundum
1959 2594 2100 2650 divi-

497 2693 724 2746 nitatem
754 2706 785 2746 a
814 2692 974 2746 Patre
1004 2690 1281 2761 intelligas
1308 2691 1669 2757 discrepare?

570 2784 693 2837 109.
733 2783 893 2839 Juxta
929 2783 1069 2838 banc
1095 2784 1385 2852 imaginem
1411 2783 1587 2837 dixit:
1623 2781 1811 2836 Omnia
1838 2798 1952 2852 qua:
1989 2782 2096 2837 Pa-

495 2875 768 2946 ιιινζιιηὸει,
796 2892 906 2929 mea
936 2886 1055 2930 sunt
1081 2876 1282 2945 (Jeen.
1316 2891 1426 2941 xvi,
1457 2876 1523 2929 15
1547 2877 1586 2943 ).
1623 2876 1762 2945 Ergo
1787 2890 1889 2931 ncc
1918 2884 1945 2913 ι
1974 2876 2096 2931 sub-

496 2967 750 3021 stantiam
801 2968 852 3022 in
906 2966 1019 3022 Deo
1062 2980 1353 3036 possumus
1384 2967 1695 3035 denegare;
1730 2983 1906 3039 neque
1945 2969 2089 3024 enim

2216 369 2415 439 ubique
2443 367 2535 433 sit,
2566 377 2624 425 ut
2654 367 2702 421 ei
2728 365 2933 423 dictum
2957 367 3029 421 sit
3057 382 3071 423 '.
3112 365 3174 422 Si
3197 366 3471 421 ascendere
3512 367 3567 420 in
3588 369 3761 421 caelum
3782 411 3794 433 ,

2212 471 2265 517 tu
2290 461 2399 516 illic
2427 477 2480 515 es
2505 476 2522 513 :
2548 460 2592 515 si
2619 458 2928 514 descendere
2952 458 3022 513 ad
3043 459 3324 529 infernum,
3352 459 3474 513 ades
3501 457 3691 530 (Ibid.,
3722 459 3794 528 8).

2282 559 2309 611 1
2324 554 2408 611 i3.
2455 554 2696 623 Denique
2719 553 2788 607 ad
2817 551 3179 607 substantiam
3203 552 3435 606 divinam
3454 550 3796 607 dcrivsndnm

2215 662 2336 703 ese
2364 646 2700 701 intellectum
2734 646 3091 716 sequentibus
3115 645 3412 700 declaravit
3432 645 3625 701 dicens
3648 644 3791 699 :Ino-

2210 751 2440 811 peratum
2468 754 2633 795 meum
2660 739 2898 795 viderunt
2925 738 3061 819 oculi
3090 739 3165 792 nti
3188 735 3378 810 (Ibid.,
3408 737 3474 793 16
3496 736 3548 809 );
3575 751 3641 793 eo
3667 736 3795 806 quod

2212 849 2320 891 nan
2353 835 2541 903 operis
2568 832 2782 888 iactura
2813 832 2885 887 sit
2912 830 3107 897 Filius,
3140 830 3236 887 sed
3280 829 3521 887 Verbum
3563 832 3791 897 genitum

2209 927 2495 996 potestatis
2522 934 2744 982 interna:
2769 943 2794 981 ει
2816 928 3197 1003 exurimur-:0:
3218 924 3364 980 enim
3393 924 3556 990 dixit,
3585 926 3684 980 hoc
3701 935 3792 986 est.

2211 1018 2558 1079 inoucrstltm
2609 1028 2773 1089 atque
2817 1018 3120 1073 increatum
3156 1016 3390 1073 Verbum
3425 1016 3549 1071 sine
3574 1017 3790 1084 alicujus

2206 1119 2480 1168 creaturas
2505 1109 2821 1168 testimonio
2841 1126 2908 1165 ex
2935 1108 3097 1164 Patre
3117 1119 3305 1164 natum
3325 1117 3409 1163 :et
3433 1117 3615 1163 tamen
3642 1108 3794 1163 abun-

2208 1203 2399 1258 damus
2431 1205 2552 1259 aliis
2579 1204 2896 1259 substantia
2929 1203 3276 1258 testimoniis.
3308 1202 3390 1256 Sit
3415 1202 3517 1256 ista
3551 1202 3652 1256 huc
3676 1206 3784 1255 toea

2206 1296 2510 1351 Subslatttia
2541 1296 2865 1365 corporalis,
2895 1293 3195 1351 dun-modo
3217 1309 3324 1349 non
3373 1308 3515 1364 opus
3570 1293 3665 1349 Dei
3714 1292 3791 1347 Fi-

2204 1388 2370 1453 lium,
2426 1388 2522 1444 sed
2562 1389 2907 1459 inoperstanr
2942 1386 3064 1457 ejus
3112 1386 3457 1442 divinitatem
3485 1394 3544 1442 et
3573 1385 3688 1456 ipse
3713 1384 3783 1440 fa-

2209 1484 2396 1537 tearis.

2280 1573 2401 1628 111.
2442 1570 2571 1627 Scio
2602 1579 2782 1627 autem
2826 1571 3043 1642 aliquos
3078 1570 3267 1627 dicere
3309 1570 3654 1640 insperatum
3678 1583 3786 1624 esse

2132 1669 2179 1728 Β
2204 1666 2373 1723 etiam
2400 1663 2801 1720 incarnationis
2828 1663 3175 1734 mysterium,
3199 1661 3348 1733 quod
3381 1676 3490 1718 non
3539 1665 3611 1716 sit
3636 1661 3793 1715 virilis

2204 1758 2414 1827 copula:
2444 1772 2581 1817 usus
2612 1765 2906 1828 Operatus;
2938 1757 3063 1827 quia
3099 1766 3289 1827 partus
3325 1765 3411 1811 est
3462 1754 3716 1825 Virginis.
3740 1752 3793 1808 Si

2202 1866 2332 1921 ergo
2359 1850 2607 1921 plerique
2638 1849 2743 1905 hoc
2780 1849 2903 1906 loco
2929 1863 3030 1905 nec
3050 1849 3234 1904 alariae
3273 1856 3465 1919 partus
3495 1862 3633 1917 opus
3672 1860 3782 1902 esse

2203 1944 2479 2011 dixerunt,
2513 1954 2569 1999 tu
2598 1984 2614 2012 ,
2649 1943 2877 2011 Ariane,
2900 1957 3040 2013 opus
3066 1952 3224 2013 putas
3244 1956 3370 1998 esse
3396 1941 3498 1998 Dei
3529 1938 3791 1996 Verbum?

2275 2037 2398 2093 115.
2431 2038 2537 2092 Aut
2566 2036 2656 2092 hic
2681 2043 2890 2093 tantum
2922 2035 3283 2095 substantiam
3312 2034 3590 2105 legimus?
3610 2032 3789 2088 Nonne

2207 2138 2264 2186 et
2288 2130 2416 2186 alibi
2443 2129 2582 2185 dixit
2608 2148 2620 2183 :
2656 2129 2835 2185 Porta
2852 2130 3119 2185 civitatum
3145 2126 3375 2197 effractis
3407 2135 3536 2182 sunt
3556 2166 3572 2196 ,
3616 2133 3789 2180 mentes

2204 2222 2523 2286 ceciderunt,
2556 2231 2603 2277 et
2634 2221 2865 2277 revelata
2886 2230 2959 2277 est
2985 2219 3319 2292 substantia(
3345 2217 3587 2274 Nolunt.
3620 2233 3676 2283 ll,
3702 2213 3789 2285 6)?

2204 2312 2479 2383 Numquid
2500 2314 2588 2370 hic
2608 2329 2827 2385 quoque
2856 2325 3106 2370 creatura
3133 2314 3378 2385 signatur
3399 2313 3423 2367 ?
3446 2312 3642 2369 Solent
3660 2308 3786 2366 enim

2201 2406 2372 2475 aliqui
2404 2406 2593 2464 dicere
2618 2405 2993 2477 pecuniariam
3021 2420 3144 2462 esse
3169 2404 3562 2462 substantiam.
3596 2403 3731 2472 Ergo
3748 2398 3786 2452 si

2200 2500 2267 2559 ad
2297 2500 2439 2556 hunc
2460 2515 2681 2557 sensum
2712 2498 2907 2564 refers,
2943 2499 3065 2556 ideo
3093 2499 3415 2555 occiderunt
3463 2509 3676 2555 montes
3695 2537 3711 2562 ,
3737 2504 3787 2550 ut

2203 2593 2581 2663 pecuniarium
2607 2593 3003 2663 patrimonium
3027 2600 3369 2649 cerneretur.

2274 2687 2397 2742 116.
2438 2687 2546 2744 Sed
2574 2687 2984 2743 meminerimus
3013 2686 3107 2757 qui
3161 2696 3376 2742 montes
3424 2685 3774 2746 ceciderunt,

2196 2780 2275 2835 illi
2306 2782 2494 2851 utique
2520 2781 2589 2837 de
2616 2782 2812 2852 quibus
2835 2781 3037 2838 dictum
3063 2792 3176 2838 est:
3205 2782 3268 2838 Si
3306 2781 3591 2838 habueritis
3634 2781 3771 2850 [idem

2196 2875 2325 2927 sicut
2356 2891 2574 2947 granum
2627 2877 2846 2948 sinapis,
2881 2877 3065 2932 dicetis
3090 2878 3211 2932 Initia
3259 2878 3464 2932 menti:
3496 2876 3712 2943 Tollere,
3741 2886 3783 2930 et

2185 2966 2390 3033 jactare
2412 2968 2467 3022 in
2489 2984 2629 3023 mare
2649 2968 2880 3042 (Matth.
2917 2985 3049 3036 xvu,
3080 2969 3211 3039 19).
3264 2970 3486 3027 Montes
3514 2968 3647 3041 ergo
3670 2977 3778 3024 sunt

497 3056 929 3113 insnbstantivns
959 3068 1063 3125 est,
1096 3058 1187 3127 qui
1221 3057 1343 3111 aliis
1389 3057 1539 3114 dedit
1588 3059 1792 3116 habere
1839 3061 2090 3115 substan-
2118 3051 2165 3115 C
2194 3060 2516 3116 altitudines
2544 3078 2605 3119 se
2633 3064 2984 3120 extollentes.

494 3151 821 3206 tiamzlicet
848 3150 951 3204 alia
1006 3153 1078 3205 sit
1127 3151 1430 3205 substantia
1484 3153 1612 3219 Dei,
1654 3153 1765 3207 alia
1800 3165 2086 3209 creaturae.

494 3245 604 3301 Nec
631 3254 821 3316 posset
845 3244 1281 3301 insnbstantivns
1310 3245 1485 3301 Filius
1516 3246 1613 3301 Dei
1637 3261 1780 3313 esse,
1810 3263 1905 3316 per
1924 3263 2085 3317 quem

495 3348 689 3394 cuncta
721 3337 1048 3392 subsistunt.

564 3429 689 3485 110.
754 3430 820 3484 Et
870 3430 994 3486 ideo
1048 3431 1166 3486 ait:
1202 3430 1323 3485 Non
1363 3442 1438 3486 est
1486 3432 1800 3487 occultatum
1828 3451 1885 3488 es
1915 3450 2085 3489 meum

492 3525 629 3592 quod
652 3524 817 3594 fecisti
838 3527 893 3578 in
926 3523 1247 3591 abscondito,
1274 3533 1325 3580 et
1345 3526 1633 3580 substantia
1656 3543 1768 3580 mea
1797 3528 1851 3579 in
1870 3527 2087 3599 inferio-

489 3618 634 3672 ribus
682 3625 834 3671 terra:
878 3614 1072 3688 (Psal.
1120 3632 1385 3682 cxxxvm,
1443 3617 1565 3686 15).
1624 3616 1822 3673 Virtuti
1853 3620 2000 3672 enim
2032 3627 2087 3674 et

488 3711 762 3768 divinitati
793 3727 879 3778 ea,
903 3727 1024 3783 qua:
1051 3720 1177 3767 ante
1226 3713 1670 3768 constitutionem
1724 3712 1936 3778 mundi,
2000 3713 2083 3767 vel

490 3804 923 3875 iinperspicabili
958 3804 1242 3875 majestate
1262 3814 1393 3862 sunt
1410 3817 1586 3878 gesta,
1617 3806 1941 3863 abscondita
1964 3822 2086 3863 esse

490 3911 601 3951 non
628 3906 913 3966 'poterant.
946 3897 1206 3967 Legimus
1233 3914 1365 3968 ergo
1395 3882 1778 3953 substantiam.

567 3992 691 4044 111.
734 3989 842 4045 Sed
875 3990 1025 4045 dices
1054 3991 1123 4044 de
1154 3990 1529 4047 incarnatione
1555 3991 1755 4047 dictam
1796 4007 1920 4048 esse
1953 3992 2079 4047 sub-

488 4084 769 4139 stantiam.
797 4084 1017 4138 Interim
1042 4101 1238 4137 nomen
1264 4084 1582 4139 substantia:
1606 4085 1802 4139 lectum
1834 4084 2077 4155 probavi,

491 4189 540 4233 et
577 4178 775 4232 lectum
807 4194 915 4232 non
942 4192 1043 4248 pro
1069 4176 1437 4247 patrimoniis,
1471 4187 1528 4231 ut
1581 4178 1785 4232 divitis.
1824 4177 1943 4232 .lani
1971 4218 1986 4243 ,
2036 4179 2080 4232 si

488 4271 690 4341 plac-vt,
739 4270 1072 4339 accipiamus
1100 4270 1400 4325 secundum
1427 4270 1747 4339 mysterium
1776 4269 1829 4323 in
1861 4270 2076 4325 interio-

484 4367 635 4420 rilins
662 4363 863 4419 Christi
898 4364 1067 4418 fuisse
1099 4364 1481 4418 substantiam.
1518 4362 1728 4417 Etenim
1781 4370 1840 4416 ut
1883 4362 2074 4418 delun.

2272 3157 2395 3210 117.
2441 3156 2778 3229 Βθιιὶᾳυθζίυ
2800 3157 3015 3224 Grarco,
3040 3157 3071 3197 δ
3099 3175 3263 3231 regna
3281 3160 3602 3226 ceciderunt,
3630 3157 3777 3214 liabe-

2191 3257 2296 3304 tur.
2332 3248 2467 3315 Quae
2498 3264 2690 3319 regna,
2714 3250 2819 3305 nisi
2847 3259 3078 3319 satiante,
3112 3252 3181 3306 de
3203 3265 3314 3322 quo
3341 3250 3488 3307 dixit
3512 3251 3773 3306 Dominus:

2192 3342 2463 3409 Quomodo
2489 3343 2645 3398 stabit
2673 3346 3081 3417 regnumipsius
3107 3344 3324 3419 (Matth.
3353 3361 3453 3411 xit,
3482 3346 3578 3417 26)
3597 3346 3620 3399 τ
3640 3344 3774 3413 Ipsos

2188 3448 2319 3505 ergo
2351 3436 2579 3506 legimus
2608 3446 2841 3500 montes,
2875 3453 2997 3507 qua:
3028 3452 3192 3508 regna
3223 3446 3353 3494 sunt.
3394 3435 3769 3495 diabolineo-

2187 3544 2293 3599 que
2318 3531 2434 3584 istis
2461 3530 2785 3586 cadentibus
2815 3533 2997 3602 regnis
3033 3532 3101 3587 de
3130 3532 3297 3588 corde
3327 3534 3605 3601 lidelium,
3639 3546 3770 3588 reve-

2188 3621 2355 3676 latum
2387 3632 2470 3677 est
2497 3632 2739 3692 paterna:
2765 3624 2856 3681 Dei
2882 3624 3077 3681 Filium
3091 3625 3368 3682 Christum
3389 3642 3517 3684 esse
3541 3627 3767 3683 subsuta-

2190 3714 2298 3771 tia:.
2324 3716 2429 3782 Qui
2457 3726 2585 3771 sunt
2615 3718 2779 3772 etiam
2806 3717 2889 3772 illi
2917 3718 3025 3788 ipsi
3066 3726 3282 3773 montes
3308 3719 3439 3774 terei
3467 3761 3485 3786 ,
3533 3721 3605 3775 de
3646 3730 3764 3788 quo-

2185 3823 2307 3862 rum
2343 3807 2526 3863 medio
2554 3820 2793 3878 quatuor
2822 3824 3021 3865 currus
3043 3809 3351 3881 procedunt
3377 3810 3565 3883 (Zacli.
3599 3826 3667 3876 η,
3695 3806 3764 3877 l)’

2261 3900 2386 3957 118.
2429 3900 2777 3957 Advenimus
2816 3903 3158 3960 altitudinem
3206 3905 3355 3959 illam
3394 3905 3761 3961 extollentem

2184 4009 2245 4050 se
2273 3996 2536 4052 adversus
2561 3997 2843 4052 scientiam
2877 3997 2973 4052 Dei
3002 3998 3170 4053 verbo
3210 3997 3432 4053 Domini
3461 3999 3760 4055 corruisse;

2183 4102 2306 4141 cum
2333 4087 2543 4143 diceret
2572 4088 2668 4143 Dei
2697 4089 2905 4144 Filius:
2939 4089 3261 4157 Obmutesce,
3304 4099 3356 4143 et
3385 4092 3494 4156 ean“,
3518 4088 3759 4145 immunda

2181 4183 2401 4252 spiritus
2425 4183 2445 4255 (
2472 4182 2641 4237 Alere.
2677 4199 2715 4251 ι,
2748 4184 2873 4255 25).
2930 4183 3011 4240 De
3037 4200 3145 4255 quo
3174 4194 3231 4240 et
3279 4184 3553 4254 proiilieta
3589 4182 3714 4238 dixit
3743 4194 3754 4229 :

2186 4275 2319 4331 Ecce
2346 4293 2441 4349 ego
2470 4277 2539 4329 ad
2563 4287 2630 4341 te,
2657 4290 2807 4331 mm
2834 4287 3077 4343 corrupte
3103 4275 3337 4349 (ὄρνιθι.
3394 4292 3470 4343 ιι,
3496 4276 3567 4331 25
3587 4276 3627 4346 ).

2255 4370 2378 4424 Mi).
2420 4369 2519 4423 Isti
2570 4382 2701 4439 ergo
2742 4368 3054 4425 ceciderunt
3091 4377 3327 4435 mutos,
3372 4377 3443 4424 es
3473 4367 3753 4424 revelatum

490 4469 702 4515 cturuni
735 4457 948 4511 animas
970 4456 1023 4511 in
1051 4460 1135 4511 sui
1164 4455 1412 4525 corporis
1442 4457 1618 4508 anima
1645 4453 1927 4518 liberaret,
1959 4454 2075 4509 vin-
2100 4452 2157 4513 Ι)
2180 4473 2260 4517 est
2292 4462 2436 4532 quod
2469 4470 2615 4518 esset
2655 4462 2709 4516 in
2759 4461 2983 4518 Christo
3005 4464 3187 4518 divina
3227 4461 3552 4528 substantia,
3583 4459 3748 4515 dicen-

407 4584 417 4594 -
481 4552 603 4606 eula
632 4551 822 4604 inuitis
855 4550 1117 4615 solveret,
1149 4557 1371 4619 peccata
1397 4547 1649 4613 donaret,
1695 4557 1954 4617 operatus
1989 4557 2075 4603 est

571 4646 801 4698 inferno.

571 4646 579 4656 .
629 4646 647 4696 Γ
786 4682 801 4698 0

478 4644 879 4810 magna.
921 4736 990 4791 Et
1032 4744 1210 4790 tamen
1240 4733 1369 4805 quid
1400 4733 1582 4789 obstat
1606 4735 1896 4805 quominus
1923 4720 2067 4792 illam

548 4913 575 4940 ει
616 4900 929 4957 διώδιθιιιῑει
995 4897 1199 4972 ubique
1224 4897 1519 4953 Ambrosio
1556 4897 1717 4972 idem
1767 4906 1869 4972 est,
1898 4912 2061 4972 atque

470 4974 625 5032 οὕσια
653 4972 991 5038 Graecorum,
1016 4970 1067 5025 id
1099 4979 1203 5033 est,
1237 4972 1469 5040 ipsemet
1488 4970 1568 5024 rei
1598 4979 1811 5035 natura,
1830 4970 1943 5026 sive
1961 4970 2065 5030 lioc

474 5050 652 5118 ipsum
702 5044 847 5113 quod
900 5058 987 5098 res
1035 5056 1263 5118 quisque
1311 5050 1416 5118 est.
1450 5040 1553 5108 Qui
1591 5056 1724 5118 sane
1754 5041 2066 5118 intellectus

472 5112 595 5174 cum
632 5112 813 5185 negari
846 5131 951 5169 non
983 5116 1153 5183 possit
1182 5113 1482 5185 admodum
1498 5112 1820 5177 catholicus,
1842 5117 2061 5170 tandem

469 5183 866 5251 invaluit—apud
902 5187 1159 5257 Latinos”
1198 5195 1255 5257 ut
1280 5184 1442 5257 Deus
1473 5183 1673 5257 liabere
1706 5185 2066 5257 substantiam

472 5270 527 5316 et
558 5259 827 5314 Christus
874 5257 1022 5312 Patri
1073 5253 1555 5309 consubstantialis
1600 5269 1721 5307 esse
1764 5254 2063 5311 diceretur.

467 5332 603 5387 Nam
635 5346 756 5385 cum
788 5343 974 5383 vocem
1006 5327 1291 5380 substantia
1320 5325 1493 5378 Latini
1525 5324 1595 5377 ad
1616 5327 1881 5395 originem
1905 5343 2059 5382 suam

467 5403 807 5465 referebant,
839 5401 954 5454 sive
988 5400 1134 5453 illam
1165 5397 1542 5451 deducerenta
1575 5397 2057 5464 verbosubsistere,

467 5483 528 5529 ut
553 5473 885 5542 Augustinus
911 5470 1034 5542 libs
1057 5483 1127 5523 vn
1150 5468 1219 5522 de
1242 5468 1617 5542 'Prinit.,_cap.
1650 5467 1687 5519 4
1713 5476 1765 5520 et
1793 5467 1849 5542 5,
1879 5470 1994 5523 sive
2026 5484 2054 5522 a

464 5537 906 5609 verbnsubstare,
938 5540 1230 5595 utBoetius
1250 5539 1343 5592 lib.
1368 5537 1436 5592 de
1458 5537 1628 5590 Duab.
1662 5539 2056 5609 naturis,cam-

462 5616 589 5669 dein
618 5629 808 5668 Vocem
842 5606 1068 5681 proprie
1117 5610 1258 5664 sumi
1314 5624 1419 5662 non
1467 5623 1624 5681 posse
1669 5606 2049 5681 aliirmabant,

459 5686 564 5738 nisi
597 5685 664 5739 de
705 5698 771 5737 eo
825 5676 969 5751 quod
1014 5680 1316 5751 subjectum
1350 5687 1515 5746 esset,
1546 5680 1662 5733 sive
1686 5676 1962 5734 substaret
1996 5691 2050 5734 et

2180 4556 2323 4612 tibus
2355 4558 2453 4623 iis,
2508 4556 2599 4626 qui
2648 4556 2937 4618 videram:
2976 4556 3109 4611 Vere
3155 4552 3330 4610 Filius
3359 4554 3460 4609 Dei
3482 4564 3555 4609 est
3583 4554 3602 4625 (
3630 4550 3742 4605 Luc.

2174 4667 2247 4715 iv,
2279 4650 2405 4721 ii);
2439 4665 2546 4705 non
2587 4652 2733 4705 enim
2756 4650 3018 4715 bemaa,
3041 4649 3137 4706 sed
3160 4649 3338 4705 divina
3370 4658 3635 4720 potestate
3652 4644 3750 4700 dare

2174 4742 2371 4798 moniis
2420 4741 2743 4812 imperabat.
2796 4741 3064 4797 Jeremias
3112 4756 3327 4812 quoque
3381 4741 3514 4796 dicit
3548 4758 3561 4792 :
3591 4737 3745 4806 Super

2166 4902 2321 4986 quasi
2369 4900 2815 4986 sttbsteruerelur
2851 4900 3567 4986 accidentibushﬁosdem"
3596 4895 3744 4986 adeas

2171 4966 2318 5047 licet,
2348 4974 2487 5027 sicut
2511 4979 2571 5047 et
2591 4971 2820 5047 Marium
2856 4971 3093 5047 Victor.,
3150 4973 3239 5047 qui
3263 4968 3569 5047 Constantii

2171 5044 2261 5099 bat
2293 5043 2781 5113 temporibus.ch
2806 5043 2953 5097 enim
2984 5051 3033 5098 et
3066 5043 3246 5098 varias
3297 5044 3458 5111 hujus
3498 5039 3743 5094 dictionis

2170 5116 2599 5186 signiﬁcationes
2630 5113 2746 5168 fuse
2773 5116 3141 5185 prosequitur,
3166 5122 3222 5186 et
3244 5126 3439 5168 omnes
3458 5113 3601 5167 locos
3618 5116 3743 5186 quos

2174 5184 2260 5240 hic
2308 5187 2472 5240 refert
2521 5184 2840 5240 Ambrosius
2891 5194 3116 5250 noster,
3169 5184 3311 5239 idem
3338 5184 3730 5238 commemorat.

2171 5256 2499 5311 Plimbatlius
2538 5270 2755 5326 quoque
2814 5255 2928 5309 haec
2974 5255 3086 5325 ipsa
3120 5260 3525 5327 pertractatiex
3555 5250 3733 5327 quibus

2169 5328 2425 5381 omnibus
2455 5321 2712 5396 quantum
2740 5328 2807 5381 ab
2834 5341 2898 5381 ea
2928 5321 3058 5381 voce
3086 5321 3445 5380 abhorrerem
3496 5321 3734 5396 intelligi-

2169 5406 2275 5471 tur.
2335 5398 2442 5471 Sed
2473 5388 2610 5471 ῐιοιι⁸
2634 5398 2979 5471 emittendus
3026 5397 3354 5471 A-tlianasius
3383 5397 3474 5468 qni
3513 5388 3729 5471 librede

2166 5468 2407 5541 θνηθάίξ
2431 5481 2550 5536 ρης.
2585 5468 2714 5541 995,
2747 5466 3055 5527 secundum
3080 5465 3416 5541 Sir'micensi
3447 5465 3722 5541 confessio-

2162 5537 2286 5594 nem
2321 5537 2586 5603 referens,
2633 5538 2742 5593 illic
2768 5548 3035 5594 statutimi
3072 5548 3135 5593 nt
3174 5538 3397 5592 vocibus
3452 5537 3731 5591 subslth

2160 5618 2212 5665 et
2247 5610 2795 5664 consubstantialitatis
2827 5610 3206 5668 abstineretur.
3241 5610 3452 5663 scribit.

2231 5677 2259 5718 δ
2297 5678 2441 5734 LXX
2475 5680 2725 5751 intorpr.,
2767 5682 2935 5738 καὶτά
2960 5680 3198 5753 βασίλεια
3217 5678 3443 5736 διέπεσε.
