3932 6176
466 159 571 214 615

1825 148 2072 206 SANCTI
2112 147 2436 208 AMBROSII

3653 148 3744 205 6l6

467 272 723 328 reditaria
751 271 1024 343 signacula
1049 281 1075 308 ⁸
1105 268 1224 326 ausi
1257 267 1409 324 rudis
1433 268 1741 324 temeritate
1770 266 2060 322 violemus.
2095 268 2147 326 A
2172 264 2338 336 igitur
2360 264 2708 322 haereditario
2731 266 2901 337 patris
2923 267 3090 322 vestri
3121 281 3218 321 vos
3246 281 3374 320 usos
3406 280 3529 322 esse
3554 279 3744 322 sermo-

473 364 694 420 Librutn
730 365 994 435 signatum
1021 363 1168 417 illum
1203 361 1577 432 propheticum
1622 377 1727 414 non
1769 359 2022 414 Seniores
2049 397 2064 424 ,

473 472 580 512 non
605 457 927 519 Potestates,
957 470 1066 510 non
1091 454 1284 526 Angeli
1310 494 1327 523 ,
1357 469 1463 508 non
1495 451 1820 523 Archangeli
1856 451 2070 520 aperire

472 550 586 605 ausi
614 557 740 604 sunt
771 565 784 601 :
813 548 916 604 soli
949 546 1165 603 Christo
1206 547 1532 617 explanandi
1569 546 1687 616 ejus
1716 542 2068 616 praerogativa

474 650 558 699 est
583 651 818 697 servata.
852 640 1073 696 Librum
1103 639 1500 696 sacerdotalem
1531 638 1658 709 quis
1700 645 1946 693 nostrum
1985 650 2072 689 re-

471 738 688 808 signare
711 734 944 801 audeat,
969 735 1238 806 signatum
1272 749 1299 788 a
1323 731 1760 798 confessorihus,
1793 740 1848 786 et
1876 728 2074 783 mullo-

469 846 588 886 rum
635 829 746 900 jam
787 829 1049 900 martyrio
1093 827 1518 883 consecratum?
1557 825 1728 892 Quem
1784 821 1878 893 qui
1934 819 2071 875 resi-

471 938 640 998 gnare
674 922 849 980 coacti
893 930 1040 988 sunt,
1093 932 1282 992 postea
1331 929 1509 975 tamen
1552 918 1807 973 damnata
1861 912 2071 980 fraude,

467 1020 754 1090 signarunt
780 1039 792 1074 :
814 1015 908 1086 qui
950 1015 1158 1070 violare
1199 1029 1304 1069 non
1329 1015 1444 1068 ausi
1474 1021 1620 1077 sunt,
1651 1009 1998 1066 eonfessores
2020 1012 2076 1059 et

474 1123 747 1186 martyres
776 1110 1128 1168 exstiterunt.
1153 1108 1437 1178 Quomodo
1468 1106 1630 1162 fidem
1660 1119 1849 1161 eorum
1883 1115 2076 1173 possu-

475 1225 598 1265 mus
627 1207 924 1279 denrgare,
959 1219 1190 1276 quorum
1214 1203 1497 1258 victoriam
1529 1196 1932 1270 praedicamus?

1048 1345 1278 1404 CAPUT
1337 1343 1476 1399 XVI.

479 1442 548 1501 Ut
570 1441 828 1500 Catholici
857 1451 1037 1496 contra
1063 1438 1274 1511 fraudes
1287 1437 1600 1490 Arianorum
1633 1433 2070 1507 prtemuniantur,

554 1536 802 1590 subdolas
831 1533 1081 1606 quasdam
1111 1547 1289 1586 eorum
1330 1530 1674 1599 confessiones
1696 1526 1904 1599 exponit
1934 1541 1951 1578 :
1981 1540 2076 1580 nec

551 1631 780 1701 sufﬁcere
807 1627 944 1697 quod
971 1623 1174 1680 Filium
1214 1638 1598 1689 nonnumquam
1627 1619 1793 1674 Deum
1823 1618 2072 1680 vocitent,

549 1723 651 1778 nisi
678 1738 790 1777 eum
837 1719 1117 1774 admittant
1148 1716 1297 1770 Patri
1328 1715 1578 1786 (aqualem
1598 1755 1612 1780 ,
1643 1712 1868 1767 collectis
1917 1725 2076 1782 argu-

551 1815 731 1870 mentis
757 1813 958 1886 probat.

556 1949 678 2007 129.
709 1948 882 2006 Nemo
913 1955 1140 2014 metuat,
1169 1959 1330 2001 nemo
1370 1943 1626 1999 formidet
1661 1961 1672 1998 :
1704 1941 1825 2013 plus
1861 1939 2076 1996 confert

479 2043 857 2114 lldelihus,qui
889 2038 1453 2096 minatur.Venenatte
1490 2045 1618 2092 sunt
1644 2034 1921 2090 blanditiae
1953 2048 2078 2103 per-

481 2135 741 2201 lidorum,
768 2142 899 2188 tunc
927 2130 1209 2198 cavendae,
1237 2145 1358 2186 cum
1385 2127 1437 2184 id
1467 2126 1608 2198 quod
1640 2133 1858 2198 negant,
1884 2123 2070 2196 praedi»

481 2243 608 2286 care
637 2241 699 2282 se
727 2223 1005 2280 simulant.
1033 2223 1126 2280 Sic
1151 2221 1368 2292 decepti
1399 2228 1522 2275 sunt
1553 2227 1608 2275 et
1628 2228 1771 2284 ante,
1802 2217 1894 2288 qui
1925 2215 2078 2270 facile

474 2319 858 2384 crediderunt;
892 2327 950 2374 ut
978 2318 1051 2374 ibi
1081 2314 1323 2389 perfidiae
1353 2313 1579 2385 laqueos
1608 2310 1954 2376 inciderent,
1986 2307 2077 2363 ubi

479 2415 638 2470 fidem
661 2428 783 2470 esse
809 2409 1126 2468 credebant.

554 2507 675 2564 l'50.
705 2505 806 2575 Qui
835 2503 990 2570 dicit,
1022 2503 1273 2573 inquiunt
1298 2541 1314 2568 ,
1343 2499 1624 2556 Christum
1655 2506 1962 2553 creaturam
1989 2510 2075 2551 se-

479 2599 716 2656 cundum
758 2605 986 2654 cteteras
1010 2606 1287 2650 creaturas
1307 2634 1322 2659 ,
1346 2593 1633 2647 anathema
1665 2591 1753 2644 sit.
1783 2589 2083 2643 Audierunt

485 2692 762 2763 simplices
792 2732 808 2758 ,
868 2701 925 2746 et
968 2687 1362 2744 crediderunt:
1399 2684 1656 2738 lnnocens
1702 2682 1846 2738 enim
1878 2723 1894 2746 ,
1940 2680 2078 2735 sicut

480 2784 744 2853 scriptum
775 2790 882 2848 est,
907 2780 1066 2835 credit
1090 2780 1229 2834 omni
1252 2777 1404 2832 verbo
1436 2775 1620 2847 (Prov.
1653 2789 1747 2829 xrv
1770 2815 1784 2839 ,
1816 2771 1940 2844 15).
1970 2776 2080 2828 Au-

483 2875 704 2932 dierunt
727 2888 880 2944 ergo,
905 2881 964 2928 et
989 2870 1359 2936 crediderunt,
1380 2868 1557 2938 primo
1586 2866 1802 2937 decepti
1832 2880 1988 2932 sono;
2020 2882 2082 2922 ac

485 2969 628 3024 velut
658 2981 785 3021 aves
817 2963 1014 3020 intenti
1037 2963 1103 3017 ad
1133 2977 1315 3017 escam
1355 2960 1478 3016 ﬁdei
1508 3000 1523 3024 ,
1552 2967 1830 3015 extentum
1861 2958 1969 3014 sibi
2008 2960 2085 3012 ιιι⁴

2173 359 2285 413 ne?
2313 358 2410 414 Sat
2435 367 2520 413 est
2548 367 2856 414 creaturam
2883 373 3082 430 negare
3106 399 3121 424 ,
3154 357 3285 429 quid
3312 373 3452 431 opus
3482 357 3577 412 fuit
3601 358 3746 414 adde-

2175 467 2236 506 re
2269 469 2282 504 :
2313 451 2420 508 Sed
2453 467 2560 507 non
2583 452 2726 506 sicut
2752 461 2978 507 caeteras
3013 452 3331 508 creaturas?
3386 451 3583 507 llecide
3619 451 3745 520 quod

2177 545 2499 614 putruit.-ne
2527 554 2710 617 serpat
2738 547 2992 618 contagio
3034 563 3048 601 :
3079 561 3348 602 venenum
3391 543 3587 610 habet;
3619 561 3748 600 mor-

2177 649 2285 694 tem
2305 638 2478 694 aﬁ‘ert.

2247 734 2371 788 155.
2402 733 2609 790 Deinde
2637 733 2776 790 dicis
2801 732 3071 790 interdum
3112 733 3281 788 Deum
3319 731 3594 788 Christum
3626 731 3746 816 :.sed

2177 825 2248 880 ita
2271 826 2358 881 die
2383 825 2410 865 5
2449 827 2614 882 Deum
2643 842 2826 880 verum
2857 867 2872 893 ,
2903 835 2964 882 ut
3009 825 3404 898 plenitudinem
3449 825 3498 880 ei
3538 833 3752 895 paternas

2177 917 2476 973 divinitatis
2501 919 2778 988 assignes;
2821 928 2946 973 sunt
2982 919 3130 974 enim
3155 916 3248 989 qui
3271 916 3533 972 dicuntur
3561 915 3632 972 dii
3655 915 3755 970 sive

2181 1009 2234 1066 in
2256 1010 2418 1076 ctelo,
2440 1011 2556 1066 sive
2577 1011 2630 1066 in
2653 1020 2820 1066 terra.
2851 1011 2968 1065 Non
2998 1025 3130 1080 ergo
3159 1009 3536 1079 perfunctorie
3569 1025 3754 1064 nuncu-

2181 1102 2388 1172 pandus
2416 1102 2578 1170 Deus,
2609 1103 2703 1158 sed
2736 1103 2809 1157 ita
2840 1112 2899 1157 ut
2926 1103 3178 1158 eamdem
3200 1102 3546 1158 divinitatem
3578 1101 3760 1173 pra-di-

2177 1209 2272 1249 ces
2295 1195 2347 1248 in
2375 1193 2536 1257 Filio,
2567 1209 2724 1265 quam
2745 1193 2908 1250 Pater
2935 1194 3102 1250 habet
3129 1238 3144 1260 ,
3173 1195 3314 1250 sicut
3349 1197 3615 1263 scriptum
3645 1204 3716 1248 est
3743 1233 3756 1258 ,

2180 1289 2333 1344 Sicut
2363 1289 2497 1343 enim
2542 1287 2700 1342 Pater
2744 1289 2900 1343 vitam
2930 1288 3081 1344 habet
3109 1289 3162 1342 in
3199 1289 3472 1359 semetipso
3494 1330 3508 1352 ,
3541 1290 3614 1343 sic
3639 1287 3760 1341 dedit

2179 1391 2228 1436 et
2254 1379 2395 1435 Filio
2443 1381 2600 1435 vitam
2627 1380 2814 1435 [rabere
2842 1382 2895 1434 in
2927 1381 3204 1450 semetipso
3234 1378 3416 1452 (Joan.
3448 1395 3506 1448 v,
3536 1380 3648 1451 26).
3673 1380 3761 1434 De-

2179 1472 2257 1527 dit
2283 1473 2467 1542 utique
2484 1474 2638 1543 quasi
2666 1473 2805 1528 Filio
2837 1489 2936 1545 per
2962 1474 3370 1544 generationem
3402 1513 3418 1541 ,
3468 1490 3576 1529 non
3623 1472 3761 1545 quasi

2181 1566 2327 1637 inopi
2358 1581 2457 1637 per
2482 1567 2732 1638 gratiam.

2105 1662 2152 1722 Β
2253 1661 2376 1718 154.
2411 1662 2476 1717 Et
2498 1671 2792 1733 potestatem
2819 1661 2958 1716 dedit
3003 1663 3049 1717 ei
3089 1662 3353 1733 judicium
3402 1661 3572 1732 facere
3603 1703 3618 1729 ,
3654 1661 3762 1731 quia

2181 1754 2353 1810 Filius
2381 1755 2605 1810 hominis
2632 1765 2726 1811 est.
2757 1755 2892 1812 Vide
2922 1755 3048 1825 quid
3076 1756 3319 1823 addidit,
3352 1771 3424 1812 ne
3479 1766 3537 1811 tu
3575 1756 3766 1812 calum-

2182 1847 2346 1902 nieris
2370 1862 2436 1902 ex
2465 1848 2653 1903 verbo.
2679 1847 2872 1903 Filium
2904 1847 3141 1904 hominis
3166 1848 3318 1919 legis,
3349 1858 3405 1904 et
3427 1848 3763 1916 accipientem

2182 1939 2406 2010 arguis?
2431 1939 2577 2011 Nega
2601 1955 2731 2010 ergo
2765 1940 2930 1995 Deum
2957 1981 2974 2008 ,
3007 1939 3054 1995 si
3087 1955 3194 1996 non
3237 1941 3420 1996 omnia
3471 1939 3614 1996 Filio
3661 1955 3766 2010 qua:

2183 2033 2281 2087 Dei
2325 2043 2453 2088 sunt
2481 2073 2496 2095 ,
2547 2032 2904 2098 deferuntur;
2954 2049 3076 2089 cum
3117 2035 3262 2090 enim
3312 2034 3560 2090 dixerit:
3599 2034 3768 2089 Omnia

2180 2143 2296 2198 qua:
2321 2125 2477 2180 Pater
2506 2125 2677 2193 habet,
2708 2143 2822 2182 mea
2841 2136 2958 2182 sunt
2987 2126 3169 2200 (Joan.
3201 2144 3312 2195 xvi,
3349 2124 3461 2198 l5);
3485 2142 3583 2183 cur
3601 2136 3654 2183 tu
3674 2143 3766 2182 non

2181 2221 2364 2276 omnia
2387 2235 2511 2292 quae
2539 2219 2738 2276 divina:
2767 2229 2973 2277 natura:
3002 2232 3149 2288 sunt,
3173 2222 3338 2279 etiam
3367 2223 3421 2278 iu
3450 2222 3590 2279 Filio
3613 2224 3770 2279 conli-

2184 2313 2353 2369 teris?
2381 2312 2511 2368 Nam
2543 2317 2634 2384 qui
2660 2312 2829 2369 dicit:
2867 2313 3059 2368 Omnia
3088 2331 3204 2386 quae
3240 2314 3404 2370 Pater
3445 2315 3634 2382 habet,
3669 2332 3770 2370 meo

2181 2418 2335 2472 sunt;
2363 2407 2492 2479 quid
2514 2408 2717 2479 excipit
2738 2407 2883 2479 quod
2915 2424 3022 2463 non
3053 2407 3262 2464 habet?

2258 2501 2380 2555 155.
2409 2499 2548 2568 Quid
2568 2509 2653 2556 est
2682 2501 2827 2570 quod
2853 2503 3139 2576 ἐμφατικῶς
3168 2544 3182 2568 ,
3210 2518 3372 2574 quam
3415 2503 3566 2560 fideli
3611 2505 3769 2576 magis

2185 2608 2435 2649 sermone
2461 2607 2864 2650 commemores
2885 2635 2901 2661 ,
2934 2595 3078 2665 quod
3112 2605 3361 2652 mortuos
3401 2597 3730 2653 suscitaverit
3751 2639 3764 2660 ,

2184 2687 2356 2742 maria
2382 2687 2549 2756 pedes
2581 2688 2969 2754 transmiserit,
2994 2687 3345 2745 infirmitates
3380 2689 3658 2745 hominum
3686 2707 3768 2744 cu-

2185 2780 2422 2834 raverit?
2446 2780 2571 2836 llmc
2601 2781 2746 2836 enim
2779 2781 2944 2836 etiam
2969 2781 3202 2836 servulis
3228 2781 3343 2836 suis
3367 2781 3637 2852 praestitit.
3655 2783 3768 2838 Plus

2186 2871 2290 2926 ista
2321 2873 2488 2928 miror
2512 2873 2567 2927 in
2593 2872 2906 2929 hominibus
2931 2915 2945 2938 ,
2967 2874 3114 2944 quod
3135 2882 3338 2929 tantam
3361 2875 3443 2930 eis
3455 2875 3667 2932 dederit
3686 2892 3768 2946 po-

2187 2974 2467 3020 testatem.
2498 2965 2718 3036 Aliquid
2749 2965 2818 3022 de
2843 2964 3062 3022 Christo
3089 2967 3282 3022 audire
3313 2967 3570 3024 desidero
3592 3007 3608 3034 ,
3637 2966 3768 3039 quod

481 3073 682 3132 qucum
706 3072 813 3112 non
843 3062 1128 3111 caverunt.
1159 3053 1239 3109 Ita
1269 3052 1398 3108 dum
1429 3053 1588 3107 tidem
1623 3062 1944 3123 sequuntur,
1979 3051 2073 3106 ha-
2102 3050 2147 3113 C
2181 3055 2418 3126 speciale
2445 3057 2517 3111 sit
2542 3056 2771 3124 Christi,
2803 3057 2947 3128 quod
2990 3073 3114 3112 cum
3156 3058 3223 3113 iis
3265 3075 3390 3130 qua:
3424 3069 3605 3116 creata
3633 3071 3764 3124 sunt,

480 3164 627 3208 mum
648 3147 894 3205 nefanda
915 3145 1124 3202 fraudis
1155 3143 1680 3201 attrectaverunt.Et
1701 3143 1824 3200 idco
1843 3163 1858 3200 :
1880 3143 2077 3211 Estote,

481 3243 682 3316 inquit,
710 3241 869 3296 astuti
894 3240 1026 3295 sicut
1053 3249 1341 3310 serpentes,
1371 3249 1416 3294 et
1445 3239 1710 3308 simplices
1736 3238 1869 3291 sicut
1888 3238 2084 3291 colunt-

479 3339 559 3393 ba:
587 3335 835 3408 (Matth.,
856 3351 912 3400 x,
939 3334 1043 3406 l6)
1087 3350 1102 3399 ;
1145 3333 1491 3405 praemittitur
1521 3333 1752 3398 asuttia,
1785 3340 1854 3387 ut.
1871 3333 1942 3387 sit
1967 3338 2078 3387 tuta

481 3432 832 3505 simplicitas.

553 3527 872 3603 520151.
922 3526 1060 3583 Sunt
1099 3528 1246 3583 enim
1282 3534 1564 3598 serpentes
1613 3525 1921 3597 Evangelici
1945 3567 1959 3592 ,
1991 3524 2082 3596 qui

480 3630 686 3679 exuunt
714 3628 952 3678 veterem
983 3637 1163 3689 usum,
1186 3629 1247 3676 ut
1274 3619 1496 3675 induant
1527 3635 1695 3676 nov0s
1727 3634 1928 3684 mores,
1947 3620 2085 3674 sicut

481 3717 742 3788 scriptum
794 3724 880 3772 est
929 3733 942 3768 :
991 3714 1354 3786 Exspatiantes
1398 3724 1613 3770 veterem
1659 3715 1919 3770 hominem
1967 3731 2086 3768 cum

479 3809 678 3864 actibus
716 3811 827 3881 ejus
852 3847 866 3873 ,
907 3815 953 3862 et
979 3807 1249 3863 induentes
1279 3824 1465 3862 novum
1493 3807 1773 3862 secundum
1812 3808 2087 3877 imaginem

481 3901 720 3973 ejus,qui
747 3901 934 3956 creavit
953 3898 1304 3974 eum(Coloss.
1322 3915 1402 3967 ιιι,
1428 3899 1483 3965 9,
1518 3899 1629 3972 10).
1654 3899 1936 3956 Discatnos
1958 3914 2087 3970 ergo

481 3993 748 4064 depositis
794 3995 996 4051 vetusti
1045 3994 1281 4050 hominis
1341 3994 1550 4050 exuviis
1581 4036 1595 4059 ,
1636 3993 2085 4065 Evangelicornm

419 4125 424 4128 -
481 4088 817 4158 serpentium
847 4089 992 4154 vias;
1013 4098 1070 4144 ut
1099 4104 1251 4145 more
1275 4088 1611 4159 serpentium
1640 4104 1866 4145 servare
1887 4099 2044 4159 caput
2072 4130 2086 4154 ,

483 4178 726 4236 fraudem
751 4195 944 4236 cavere
968 4194 1276 4236 noscamus.

561 4271 684 4329 152.
717 4271 860 4328 Satis
889 4271 1066 4327 fuerat
1091 4272 1274 4328 dicere
1298 4289 1311 4325 :
1331 4272 1578 4340 Quidicit
1599 4285 1907 4329 creaturam
1936 4273 2091 4330 Chri-

488 4372 656 4432 stum,
681 4363 978 4420 auathema
1004 4363 1093 4419 sit.
1124 4363 1238 4418 Cur
1265 4363 1409 4418 bono
1440 4364 1801 4421 confessionis
1821 4407 1834 4432 ,
1866 4367 2089 4435 Ariane,

495 4473 704 4515 venena
729 4456 1056 4534 permisces,
1081 4467 1138 4512 ut
1165 4466 1338 4513 totum
1357 4470 1556 4529 corpus
1583 4461 1958 4516 contamines?
1984 4461 2094 4516 Ad-
2120 4439 2173 4499 Ῑ)

487 4549 670 4607 dendo
720 4551 866 4606 enim
912 4549 1276 4606 :Secundum
1325 4562 1553 4606 exteras
1602 4560 1928 4621 creaturas,
1981 4569 2088 4610 non

489 4654 794 4702 creaturam
821 4643 1097 4700 Christum
1124 4658 1311 4716 negas,
1335 4645 1432 4700 sed
1464 4655 1771 4702 creaturam
1803 4648 1943 4705 dicis
1967 4665 2092 4707 esse

489 4737 850 4803 dissimilem;
883 4747 1190 4793 creaturam
1219 4738 1365 4793 enim
1397 4738 1559 4805 dicis,
1593 4740 1698 4795 etsi
1739 4745 2086 4811 prtestantio-

487 4846 604 4888 rem
627 4830 844 4887 caeteris
870 4844 1091 4886 asseras
1126 4831 1422 4887 creaturis.
1464 4832 1711 4905 Denique
1743 4834 1903 4890 Arius
1930 4833 2089 4906 hujus

487 4925 782 4994 impietatis
805 4925 1062 4996 magister
1091 4923 1187 4980 Dei
1229 4923 1424 4982 Filium
1455 4935 1762 4982 creaturam
1802 4928 1939 4984 dixit
1968 4944 2090 4985 esse

488 5015 809 5088 perfectam,
842 5015 939 5074 sed
965 5031 1073 5073 non
1109 5018 1252 5074 sicut
1275 5029 1505 5076 emteras
1546 5031 1849 5077 creaturas.
1885 5020 2092 5079 Videtis

559 5163 586 5190 ⁸
616 5151 874 5208 Nonnulli
903 5165 1058 5217 mss.,
1091 5161 1148 5206 ut
1169 5153 1319 5207 rudes
1349 5155 1631 5208 temeritate
1657 5197 1670 5214 .
1703 5164 1812 5211 etc.
1858 5155 2082 5213 Librum

487 5239 655 5295 porro
685 5223 1076 5295 sacerdotalem
1095 5233 1259 5295 vocat
1281 5224 1604 5279 Ambrosius
1635 5225 1840 5281 Nicmni
1867 5229 2086 5283 concilii

489 5294 861 5366 deﬁnitionem
888 5303 940 5348 et
969 5294 1294 5366 symbolum,
1323 5297 1467 5364 quod
1491 5305 1547 5348 ut
1568 5305 1876 5366 everterent
1899 5300 2085 5353 Ariani

488 5367 543 5421 in
563 5365 797 5438 concilio
817 5365 1165 5438 Ariminiensi
1201 5365 1397 5420 Valens
1425 5365 1610 5438 Sygid.
1640 5368 1924 5423 catholicis
1953 5371 2085 5438 epi-

486 5437 672 5506 scopis
697 5435 1038 5508 simplicibus
1073 5435 1288 5491 Ariante
1320 5436 1561 5508 perfidiae
1593 5451 1870 5508 venenum
1894 5435 2082 5508 pro—pi-

487 5507 676 5572 navit;
730 5521 854 5562 cum
911 5507 963 5561 in
994 5508 1231 5560 secunda
1275 5507 1434 5576 hujus
1477 5507 1694 5561 concilii
1741 5506 2084 5566 confessione

486 5579 630 5632 inter
655 5579 834 5649 varias
866 5577 1266 5649 propositiones
1290 5577 1614 5632 orthodoxa:
1637 5577 1759 5633 fidei
1775 5592 2082 5649 congruen-

483 5655 566 5705 tes
599 5649 738 5704 hanc
766 5648 850 5705 vir
879 5647 1266 5706 callidissimus
1294 5649 1560 5717 inseruit,
1596 5663 1698 5721 qua
1731 5647 2082 5710 anathemata

2183 3163 2292 3203 non
2320 3148 2488 3215 possit
2514 3162 2638 3204 esse
2663 3163 2983 3213 commune;
3017 3150 3143 3220 quia
3169 3150 3410 3220 genitus,
3443 3153 3573 3223 quia
3596 3154 3768 3208 unicus

2182 3248 2270 3295 est
2297 3239 2391 3294 Dei
2414 3239 2607 3308 Filius,
2641 3241 2766 3311 quia
2809 3241 2954 3298 Deus
2983 3257 3151 3298 verus
3181 3259 3248 3299 ex
3283 3244 3398 3301 Deo
3441 3261 3573 3302 vero
3601 3287 3616 3313 ,
3655 3247 3767 3317 quia

2185 3332 2252 3387 ad
2279 3331 2561 3388 dexteram
2595 3333 2770 3390 Patris
2789 3334 2962 3391 sedet.

2260 3427 2386 3484 156.
2417 3426 2758 3499 Ubicumque
2791 3429 2913 3501 lego
2949 3446 3272 3488 consessum
3307 3433 3490 3492 Patris
3520 3443 3576 3491 et
3610 3435 3724 3491 Filii
3751 3477 3766 3501 ,

2187 3522 2564 3594 salsemper
2575 3521 2640 3577 ad
2656 3521 2933 3579 dexteram
2949 3523 3119 3580 Filius
3131 3525 3583 3600 sedet.Numquid
3597 3528 3768 3584 melior

2190 3614 2358 3670 Filius
2377 3615 2572 3672 Patre?
2595 3615 2712 3671 Non
2734 3616 2839 3672 hoc
2855 3617 3090 3674 dicimus
3110 3637 3123 3672 :
3143 3620 3238 3676 sed
3262 3637 3425 3690 quem
3442 3621 3765 3677 charitasDci

2191 3703 2450 3769 honorat,
2481 3705 2718 3761 humana
2761 3707 3024 3778 iniquitas
3051 3708 3300 3782 derogat.
3322 3712 3498 3768 Scivit
3518 3712 3665 3771 l‘ater
3692 3728 3767 3767 se-

2189 3801 2393 3856 rendas
2420 3815 2545 3856 esse
2567 3800 2636 3857 de
2665 3801 2810 3858 Filio
2830 3803 3185 3873 quaestiones,
3207 3805 3440 3875 praebuit
3459 3808 3617 3864 nobis
3642 3805 3764 3877 quod

2190 3910 2565 3966 sequeremur,
2583 3896 2804 3967 pietatis
2829 3898 3164 3968 exemplum,
3193 3915 3261 3954 ne
3276 3899 3417 3956 Filio
3440 3901 3762 3972 dcrogemns.
3793 3943 3804 3952 .

2763 4013 2993 4072 CAPUT
3034 4015 3202 4071 XVII.

2195 4111 2460 4177 Objectioni
2483 4126 2594 4178 qua:
2616 4113 2696 4165 hic
2718 4114 2856 4167 nasci
2882 4121 3068 4179 poterat
3085 4155 3098 4179 ,
3132 4129 3416 4181 occurrens,
3437 4131 3528 4169 cur
3561 4118 3764 4169 Dominus

2255 4196 2502 4262 Stephano
2521 4203 2655 4249 stare
2671 4196 2802 4250 visus
2824 4198 2906 4262 sit,
2933 4195 3149 4264 explicat
3165 4212 3184 4250 :
3207 4207 3252 4251 et
3271 4212 3334 4251 ea:
3365 4199 3515 4264 hujus
3531 4204 3595 4252 ad
3613 4199 3766 4251 Filium

2253 4280 2479 4342 precibus
2500 4281 2722 4343 eiusdem
2745 4295 2804 4331 ac
2829 4281 2995 4334 Patris
3004 4281 3283 4345 (sanctitate
3297 4283 3600 4348 conﬁrmata,
3615 4281 3766 4335 librant

2257 4361 2503 4415 terminat.

2286 4468 2410 4522 157.
2444 4466 2563 4524 Uno
2592 4475 2801 4524 tantum
2836 4470 2956 4526 loco
2987 4481 3222 4527 stantem
3262 4471 3329 4527 ad
3365 4471 3643 4530 dexteram
3685 4469 3765 4526 Dei

2197 4559 2380 4615 Jesum
2408 4560 2718 4632 Stephanus
2741 4561 2942 4618 vidisse
2964 4579 3023 4618 se
3045 4562 3184 4619 dixit
3217 4564 3236 4636 (
3265 4565 3380 4618 Act.
3432 4581 3536 4630 vn,
3565 4564 3632 4620 55
3656 4565 3690 4633 ).
3717 4563 3769 4615 Et

2195 4653 2300 4708 hoc
2320 4652 2473 4708 disce
2498 4695 2512 4720 ,
2539 4669 2610 4710 ne
2643 4669 2806 4726 quam
2835 4654 2962 4710 hinc
2995 4671 3219 4712 moveas
3253 4657 3636 4727 quaestionem.
3676 4655 3770 4710 Cur

2197 4747 2340 4802 enim
2363 4748 2563 4817 ubique
2587 4747 2655 4803 ad
2681 4747 2964 4804 dexteram
2990 4748 3182 4805 sedere
3209 4750 3521 4807 ostenditur
3539 4792 3554 4817 ,
3584 4763 3684 4806 uno
3703 4747 3770 4802 le-

2192 4840 2338 4910 gitur
2368 4840 2422 4895 in
2467 4840 2590 4896 loco
2631 4842 2811 4896 stare?
2859 4841 3026 4899 Sedet
3073 4844 3228 4914 quasi
3264 4843 3432 4914 judex
3463 4845 3696 4900 vivorum
3723 4849 3770 4895 et

2195 4943 2533 4990 mortuorum
2583 4953 2595 4986 :
2637 4944 2746 4990 stat
2769 4935 2926 5007 quasi
2979 4935 3276 4992 advocatus
3329 4951 3572 4993 suorum.
3601 4934 3768 4992 Stabat

2195 5042 2326 5098 ergo
2351 5028 2504 5099 quasi
2535 5028 2812 5096 sacerdos,
2844 5029 3061 5100 quando
3085 5030 3232 5085 Patri
3255 5030 3490 5087 hostiam
3503 5031 3625 5088 boni
3645 5044 3770 5085 mar-

2193 5159 2545 5227 feriebantur,
2578 5161 2667 5231 qni
2697 5159 2975 5216 Christum
3019 5172 3324 5219 creaturam
3374 5163 3516 5220 sicut
3559 5173 3764 5218 eteteras

2193 5238 2474 5286 creaturas
2504 5232 2918 5301 profiterentur.
2951 5232 3124 5287 Porro
3166 5234 3360 5302 quibus
3403 5235 3608 5291 artibus
3643 5233 3764 5286 banc

2194 5302 2512 5374 tragtndiam
2537 5303 2841 5374 excitarent
2888 5304 3073 5357 Ariani
3127 5316 3314 5359 narrat
3342 5307 3496 5374 Sulp.
3527 5305 3647 5360 Sev.
3679 5303 3708 5354 Ι.
3730 5315 3762 5354 ιι

2192 5383 2246 5426 et
2271 5372 2503 5447 Δῌῇιιινοιι.
2527 5373 2653 5428 adv.
2675 5374 2850 5447 Lucif.
2879 5374 3210 5447 QuamArii
3237 5377 3411 5446 ipsius
3445 5372 3757 5447 impietatem

2192 5443 2384 5514 nurllibi
2417 5458 2521 5497 non
2555 5445 2797 5514 exagitat
2830 5445 3173 5500 Ambrosius.

2261 5513 2288 5552 b
2321 5511 2521 5568 Omnes
2549 5511 2683 5586 edit:
2713 5531 2777 5568 ac
2803 5531 2934 5570 mss.
2965 5515 3196 5586 aliquot,
3221 5516 3306 5571 dic
3333 5515 3524 5586 Deum,
3550 5515 3758 5571 utDetun

2189 5600 2366 5658 uerum
2392 5627 2406 5649 ,
2441 5594 2495 5637 ut
2526 5585 2927 5656 plenitudinem,
2961 5585 3070 5642 etc.
3097 5604 3110 5641 :
3141 5588 3441 5657 elegantius
3468 5585 3690 5658 reliqui,
3712 5588 3762 5637 ut

2187 5656 2241 5712 in
2276 5663 2450 5712 textu.
