3932 6176
139 189 231 247 617

1468 208 1556 262 DE
1604 211 1756 268 FIDE
1798 212 1924 270 LIB.
1971 213 2057 270 IV.

3309 237 3413 294 618

136 309 254 378 tyris
281 306 576 364 olierebat:
613 309 793 364 stabat
816 313 972 382 quasi
1001 314 1148 369 bono
1181 316 1433 375 luctatori
1475 325 1715 381 bratium
1744 338 1797 396 Α
1824 328 2145 402 lum(1bid.,
2170 331 2283 403 59).
2336 331 2448 388 lloc
2486 334 2749 391 Dominus
2799 340 2850 394 in
2893 345 3150 410 pan-ioue
3193 355 3411 422 pmpria

132 400 253 455 tanti
283 402 472 469 prtesul
491 402 813 459 certaminis
838 405 1180 465 redditurus.

197 491 304 547 158.
335 494 528 561 Accipe
549 502 604 549 et
630 503 683 549 tu
706 496 958 566 Spiritum
994 500 1113 567 Dei,
1158 512 1215 557 ut
1248 504 1348 560 ista
1373 506 1702 579 distinguas,

1811 423 1964 490 quasi
1994 422 2163 479 Filius
2191 425 2428 482 hominis
2456 429 2602 484 Patri
2634 432 2762 486 dicit
2795 452 2808 487 :
2846 435 2948 491 hoc
2997 450 3051 492 et
3102 442 3412 511 Stephanus

1812 511 2011 568 Filium
2035 516 2130 570 Dei
2165 517 2220 571 in
2245 535 2344 572 suo
2373 522 2636 593 martyrio
2667 523 3012 594 deprecatur.
3061 530 3195 587 Cum
3220 537 3409 592 eadem

128 585 252 640 sicut
287 587 492 655 accepit
533 596 588 642 et
623 587 966 659 Stephanus;
1002 601 1060 647 et
1097 595 1249 652 dicas
1287 599 1429 654 sicut
1468 602 1608 657 dixit
1651 613 1709 660 et
1807 605 1983 674 gratia
2010 621 2040 660 a
2064 606 2227 663 Patre
2258 585 2880 684 Filioquevdeposcitur,
2933 621 3122 677 eadem
3170 629 3410 694 potentia

132 688 320 751 martyr
349 680 531 736 :'Ecce
550 683 697 738 uideo
722 685 876 742 caelos
899 699 1108 757 apertos
1136 732 1150 756 ,
1179 700 1228 746 et
1249 690 1451 748 Filium
1482 696 1706 754 hominis
1808 695 2142 754 declaratur.

126 784 322 830 stantem
348 776 416 830 ad
443 778 707 833 dexteram
731 778 846 835 Dei.
889 780 992 849 Qui
1034 784 1203 842 caelos
1243 796 1463 857 apertos
1490 788 1654 848 habet
1688 835 1702 860 ,

128 867 291 924 iesum
319 870 384 924 ad
410 870 688 928 dexteram
730 873 826 930 Dei
863 877 1041 932 cernit
1072 895 1084 930 :
1129 880 1220 950 qui
1270 881 1487 939 clausos
1516 886 1704 944 oculos

127 960 271 1017 habet
321 964 516 1019 mentis
542 1006 558 1032 ,
607 965 798 1023 Jesum
841 969 907 1024 ad
941 969 1228 1028 dexteram
1262 975 1358 1032 Dei
1392 993 1500 1034 non
1528 981 1696 1038 videt.

125 1051 466 1112 Conﬁteamur
487 1072 620 1129 ergo
654 1058 842 1116 Jesum
871 1061 938 1117 ad
969 1063 1252 1121 dexteram
1273 1107 1291 1134 ,
1330 1080 1385 1124 ut
1417 1072 1614 1128 coelum
1643 1083 1701 1130 et

124 1147 263 1203 nobis
288 1152 581 1218 aperiatur.
613 1150 882 1210 Claudunt
907 1155 1010 1212 sibi
1043 1157 1265 1225 coelum,
1290 1162 1697 1231 quialitercon-

127 1240 344 1295 ﬁtentur.

182 1332 328 1406 522
359 1335 479 1390 159.
505 1335 663 1405 Quod
686 1337 731 1393 si
748 1339 838 1410 qui
861 1341 1282 1414 objiciuntqnod
1298 1346 1687 1417 Filiusstabat,

122 1424 379 1481 ostendant
403 1426 508 1483 hoc
536 1428 659 1484 loco
683 1431 826 1501 quod
850 1433 1012 1490 Pater
1029 1435 1274 1494 sedebat.
1300 1438 1431 1494 Nam
1452 1441 1580 1497 licet
1605 1443 1693 1498 Fi-

126 1514 237 1571 lium
266 1515 492 1575 hominis
517 1530 668 1578 stare
688 1522 917 1591 dixerit;
958 1536 1139 1584 tamen
1175 1530 1276 1586 hoc
1320 1532 1440 1588 loco
1469 1549 1571 1590 nec
1590 1535 1691 1590 Pa-

122 1615 238 1663 trem
265 1610 450 1668 sedere
482 1617 960 1671 commemoravit.

1880 791 2004 845 Mi.
2028 793 2133 847 Aut
2153 793 2197 848 si
2228 794 2416 851 volunt
2455 797 2793 869 Stephanum
2837 805 2981 862 Patri
3033 809 3239 869 dixisse
3272 856 3284 880 ,
3332 818 3410 872 vi-

1804 881 1966 939 deant
2011 885 2140 956 quid
2187 890 2401 958 propria
2453 892 2835 954 testificatione
2879 901 3202 971 signiﬁcent.
3255 909 3411 968 Licet

1804 992 1905 1033 nos
1933 980 2035 1034 ista
2065 997 2171 1037 non
2197 993 2473 1054 moveant,
2499 987 2785 1046 advertant
2816 1001 2995 1050 tamen
3028 1000 3118 1068 qui
3150 1011 3320 1058 totum
3351 1005 3405 1060 in

1795 1070 1979 1136 littera
2001 1075 2339 1132 constituunt
2360 1086 2414 1133 et
2444 1077 2496 1134 in
2521 1081 2712 1138 ordine
2737 1126 2750 1150 ,
2794 1086 2936 1154 quod
2971 1087 3136 1146 Filius
3166 1093 3314 1163 prius
3337 1101 3408 1151 sit

1800 1177 2041 1236 rogatus.
2072 1168 2182 1224 Nos
2208 1179 2389 1226 autem
2418 1181 2472 1228 et
2509 1177 2805 1232 secundum
2848 1195 3036 1237 eorum
3084 1184 3409 1256 interpreta-

1800 1260 2002 1316 tionem
2043 1263 2384 1318 ostendimus
2423 1267 2685 1324 unitatem
2723 1270 2972 1327 Paterna:
3018 1277 3320 1345 tnajestatis
3352 1293 3411 1337 et

1799 1352 2108 1418 Filii;nam
2147 1371 2270 1411 cum
2309 1357 2470 1414 Pater
2512 1374 2733 1431 rogatur
2776 1373 2831 1418 et
2869 1365 3040 1422 Filius
3064 1409 3078 1433 ,
3125 1371 3407 1440 a-qualitas

1796 1449 2130 1515 precationis
2172 1452 2512 1521 operationis
2547 1455 2747 1512 indicat
2789 1460 3072 1516 unitatem.
3117 1465 3172 1519 Si
3219 1478 3403 1523 autem

1793 1537 1903 1593 illis
1934 1555 2041 1595 non
2069 1541 2246 1610 placet
2273 1543 2412 1599 Filio
2442 1545 2668 1612 dictum,
2701 1547 2952 1618 Domine,
2979 1556 3227 1612 videmus
3257 1561 3402 1630 quod

1793 1634 1957 1688 etiam
1991 1635 2276 1690 Dominum
2301 1653 2424 1692 eum
2453 1654 2654 1710 negare
2677 1652 2965 1701 conantur.

179 1703 287 1759 140.
312 1704 379 1762 Ut
407 1718 589 1763 autem
619 1709 925 1766 evidentius
947 1725 1378 1783 cognosceretur
1398 1719 1540 1773 nulla
1567 1736 1689 1776 esse
1720 1738 1768 1797 B
1867 1729 1992 1786 142.
2016 1731 2124 1788 Sed
2147 1733 2260 1802 jam
2284 1735 2410 1805 quia
2431 1703 2684 1809 martyris
2715 1741 2845 1796 tanti
2877 1757 3080 1800 corona
3111 1752 3379 1816 processit

118 1800 280 1854 stantis
307 1800 522 1871 injuria,
547 1803 646 1858 sed
671 1815 938 1876 potestas,
975 1807 1171 1863 Filium
1202 1805 1513 1881 Stephanus
1526 1813 1688 1869 obse-

119 1890 311 1959 crabat,
345 1902 401 1948 ut
425 1909 484 1950 se
517 1896 759 1966 amplius
797 1900 1210 1957 commendaret
1243 1903 1426 1973 Patri,
1462 1906 1650 1962 dicens
1679 1926 1691 1962 :

118 1980 307 2040 Domine
329 1985 474 2052 Jesu,
504 1990 681 2060 recipe
697 1992 942 2062 spiritum
969 2010 1138 2049 meum
1188 1995 1325 2067 (Act.
1359 2014 1455 2066 vn,
1481 1999 1596 2071 58).
1625 2001 1693 2055 Et

119 2084 164 2129 ut
178 2078 400 2135 eamdem
425 2081 607 2138 Patris
629 2092 683 2139 et
703 2083 825 2140 Filii
853 2094 1180 2156 potestatem
1202 2104 1328 2146 esse
1351 2093 1689 2160 ostenderet,

122 2173 344 2241 repetivit
367 2175 556 2233 dicens
591 2194 605 2233 :
637 2177 860 2237 Domine
887 2224 902 2248 ,
931 2198 995 2237 ne
1023 2193 1224 2238 statuas
1246 2187 1355 2240 illis
1388 2186 1486 2241 hoc
1512 2205 1693 2258 pecca-

1797 1822 1974 1878 studia
2003 1826 2322 1882 certaminis
2350 1827 2679 1896 relaxemus,
2715 1832 2879 1888 ferias
2909 1834 3160 1893 hodierni
3184 1854 3402 1897 sermo-

1797 1913 1880 1968 nis
1910 1913 2230 1971 habeamus.
2257 1918 2660 1991 Prosequamnr
2681 1936 2924 1981 sanetum
2959 1941 3254 2002 martyrem
3283 1935 3398 1990 lau-

1795 2005 1979 2073 dibus,
2005 2008 2146 2062 sicut
2173 2019 2296 2078 post
2321 2026 2515 2081 magna
2547 2013 2777 2071 decebat
2807 2021 3126 2088 certamina,
3158 2026 3395 2082 vulneri-

1794 2097 1896 2153 bus
1908 2099 2126 2169 quidem
2141 2103 2441 2160 adversarii
2455 2117 2820 2175 cruentatum,
2833 2112 2928 2168 sed
2942 2111 3142 2172 Christi
3159 2121 3396 2188 praemiis

1796 2202 2116 2248 coronatum
2127 2235 2138 2247 .

1206 2390 1552 2474 LIBER
1629 2391 2238 2506 QUARTUS.

1554 2528 1938 2546 ἣ

497 2618 664 2692 521
703 2619 932 2678 CAPUT
971 2621 1258 2680 PRIMUM.

113 2734 242 2786 Haud
260 2736 427 2789 mirum
449 2752 552 2792 esse
574 2741 710 2804 quod
731 2740 945 2796 homines
968 2744 1019 2796 in
1045 2743 1225 2799 Christi
1254 2747 1520 2814 cognitione
1541 2762 1684 2803 erra-

161 2817 297 2872 verint
318 2863 330 2886 ,
361 2824 446 2875 sed
471 2825 608 2890 quod
638 2823 917 2889 Scriptura:
946 2842 1040 2881 non
1066 2829 1519 2895 obtemperaverint:
1545 2832 1684 2887 illum

161 2917 429 2969 quoquenec
464 2909 528 2962 ab
561 2911 755 2976 augetis
785 2910 881 2964 nisi
908 2913 1199 2966 reuelatione
1227 2915 1376 2978 fuisse
1403 2918 1642 2980 cognitum
1663 2955 1678 2981 ,

160 2985 266 3038 sicut
280 3003 362 3041 nec
384 2992 444 3042 ab
466 2993 572 3058 ipso
593 2995 933 3047 Prtecursore.
975 2996 1209 3060 Eiusdem
1231 2997 1412 3050 Christi
1433 2998 1485 3050 in
1507 2999 1682 3052 cretum

160 3076 437 3129 ascendentis
451 3077 729 3144 triumphus
749 3078 928 3146 qualis,
954 3087 1002 3132 et
1023 3089 1168 3146 raptu
1191 3082 1536 3148 prophetarum
1559 3099 1680 3150 quo-

160 3158 361 3209 rumdam
381 3169 554 3228 quanto
580 3163 896 3226 prwstantior
921 3161 946 3214 .9
983 3165 1107 3215 Tum
1129 3165 1373 3230 descripto
1400 3165 1684 3232 angelorum

158 3237 238 3291 hac
255 3241 312 3294 de
329 3257 378 3295 re
392 3244 654 3311 colloquio,
667 3254 836 3300 contra
855 3245 1067 3300 Arianae
1089 3246 1250 3301 Filius
1267 3247 1562 3314 omnipotens
1580 3264 1683 3303 esse

156 3325 419 3380 ostenditur.

172 3458 218 3514 1.
244 3459 614 3521 Consideranti
642 3463 1129 3536 mihi,'lmperator
1160 3475 1389 3538 auguste
1413 3508 1427 3532 ,
1458 3482 1564 3538 qua
1593 3483 1680 3523 ra-

109 3548 235 3607 tione
262 3553 338 3609 sic
359 3559 626 3614 erraverit
653 3567 679 3595 α
708 3573 883 3630 genus
912 3558 1298 3626 hominum,ut
1316 3561 1386 3616 de
1409 3561 1506 3618 Dei
1537 3561 1678 3619 Filio

106 3641 344 3715 plerique,
371 3664 450 3704 va:
472 3649 633 3717 mibi,
661 3650 882 3707 diversa
909 3663 1308 3722 sequerentur;
1336 3669 1675 3727 nequaquam

107 3735 220 3791 satis
247 3739 434 3797 mirum
461 3744 685 3800 videtur
713 3744 838 3814 quia
861 3746 1066 3800 erravit
1089 3746 1321 3802 humana
1354 3748 1586 3804 scientia
1609 3749 1678 3806 de

108 3833 366 3902 supernis,
389 3837 484 3894 sed
511 3836 661 3910 quod
704 3838 1005 3910 Scripturis
1053 3855 1162 3896 non
1189 3841 1383 3898 detulit
1421 3842 1676 3899 obedien-

111 3919 238 3977 tiam.

163 4013 211 4068 9.
236 4016 368 4085 Quid
388 4022 534 4078 enim
568 4023 795 4091 mirum,
825 4024 870 4080 si
901 4025 1226 4103 mysterium
1250 4025 1279 4064 ι)
1309 4026 1400 4084 Dei
1424 4027 1599 4082 Patris
1620 4036 1676 4084 et

110 4101 290 4165 Domini
313 4111 436 4169 Jesu
458 4113 686 4182 Christi,
721 4118 774 4171 in
806 4133 914 4188 quo
942 4101 1280 4175 suntomnes
1309 4119 1556 4175 thesauri
1588 4135 1674 4175 sa-

108 4197 294 4262 pientia:
314 4215 366 4260 et
384 4206 634 4263 scientiae
657 4208 966 4265 absconditi
988 4208 1238 4280 (Coloss.,
1271 4227 1332 4277 n,
1361 4212 1442 4281 5),
1468 4226 1564 4282 per
1587 4225 1673 4266 sa-

105 4290 327 4356 pientiam
357 4301 541 4357 mundi
576 4318 684 4358 non
712 4310 1008 4374 potuerunt
1032 4303 1283 4360 homines
1312 4305 1671 4376 comprehen-

1792 2645 2045 2702 umquam
2075 2621 2442 2704 imminutum,
2475 2653 2595 2695 cum
2622 2655 2840 2711 semper
2868 2644 3038 2704 Filius
3067 2649 3118 2704 in
3143 2649 3394 2721 Patre,et

1789 2723 1843 2778 in
1875 2723 2014 2781 Filio
2043 2725 2205 2784 Pater
2225 2731 2413 2786 esset?

1854 2817 1908 2872 4.
1936 2817 2274 2876 Dubitavitin
2292 2822 2499 2907 eo_ipse
2515 2824 2882 2894 Praeuuutius.
2910 2830 3036 2886 licet
3055 2846 3074 2871 ο
3105 2850 3198 2904 per
3215 2837 3392 2910 Syna-

1784 2920 1936 2978 gogae
1967 2918 2172 2981 typum,
2197 2912 2470 2970 dubitavit
2499 2915 2614 2986 ipse
2645 2928 2772 2974 ante
2800 2921 3010 2978 Domini
3041 2925 3236 2983 facient
3287 2930 3389 2987 de-

1709 3040 1754 3104 C
1786 3001 2038 3057 stinatus.
2066 3003 2309 3076 Denique
2347 3009 2531 3063 missis
2578 3009 2888 3080 discipulis,
2923 3016 3222 3089 interrogat
3257 3037 3271 3075 :
3309 3021 3384 3076 Tu

1785 3109 1840 3146 es
1852 3094 1941 3162 qui
1962 3104 2208 3150 venturus
2221 3112 2295 3162 es,
2313 3116 2381 3152 an
2407 3101 2570 3154 alium
2585 3115 2943 3172 exspectamus
2961 3106 3176 3179 (Matth.
3203 3128 3276 3178 xu,
3295 3113 3390 3185 3)?

1857 3187 1910 3241 5.
1943 3187 2350 3260 Obstupuerunl
2368 3196 2614 3266 etangeli
2628 3197 2850 3254 caeleste
2872 3203 3215 3272 mysterium.
3235 3205 3389 3263 Unde

1783 3295 1906 3335 cum
1939 3295 2247 3355 resurgeret
2280 3285 2542 3342 Dominus
2565 3329 2579 3354 ,
2613 3299 2775 3360 atque
2806 3293 2953 3348 illum
2986 3310 3144 3365 quem
3180 3298 3384 3356 dudum

1783 3376 2082 3432 secundum
2107 3393 2322 3434 carnem
2351 3389 2616 3451 angustus
2649 3383 2887 3454 sepulcri
2928 3387 3082 3444 locus
3123 3397 3335 3447 texerat
3371 3438 3387 3460 ,

1781 3480 2157 3539 resurgentem
2185 3471 2254 3526 ab
2286 3472 2473 3528 inieris
2494 3471 2519 3509 ἀ
2546 3475 2669 3529 coeli
2693 3475 2799 3530 alta
2829 3479 3103 3536 sustinere
3127 3497 3233 3538 non
3261 3499 3388 3554 pos-

1781 3569 1923 3628 sent,
1953 3560 2230 3617 haeserunt
2257 3564 2422 3618 etiam
2457 3566 2704 3622 etelestia
2734 3568 3011 3637 Opinionis
3042 3571 3274 3629 incerto.

1851 3653 1904 3709 6.
1936 3655 2198 3712 Veniebat
2227 3658 2372 3713 enim
2407 3660 2561 3714 novis
2593 3661 2768 3715 victor
2799 3661 3089 3719 redimitus
3121 3670 3336 3723 exuviis
3362 3713 3377 3734 ,

1780 3746 2040 3802 Dominus
2065 3749 2117 3802 in
2152 3749 2354 3818 templo
2397 3760 2589 3804 sancto
2617 3766 2757 3817 suo;
2803 3753 3070 3821 praeibam
3108 3760 3286 3827 angeli
3328 3772 3384 3815 et

1778 3839 2114 3911 archangeli,
2147 3842 2409 3896 mirantes
2443 3842 2676 3913 spolium
2719 3858 2786 3899 ex
2831 3854 3007 3901 morte
3042 3850 3328 3918 quaesitum
3367 3871 3376 3905 :

1777 3932 2098 4001 etquamvis
2128 3931 2332 3988 scirent
2361 3933 2496 3988 nihil
2535 3935 2647 3989 Deo
2677 3932 2942 3990 accedere
2980 3953 3044 3991 ex
3080 3954 3249 3997 carne
3289 3960 3384 4013 pu-

1779 4022 1966 4092 tuisse,
1995 4023 2120 4094 quia
2149 4023 2286 4078 intra
2325 4025 2496 4080 Deum
2545 4025 2706 4098 523
2754 4028 2938 4082 omnia
2989 4041 3146 4099 sunt,
3199 4043 3378 4091 tamen

1777 4123 1980 4186 tropaea
2009 4115 2208 4180 crucis,
2239 4116 2395 4186 cujus
2424 4117 2749 4187 principium
2771 4133 2937 4189 super
2961 4120 3217 4180 humeros
3234 4127 3378 4194 ejus,

1775 4215 1830 4263 et
1859 4207 2271 4279 triumphatoris
2298 4210 2488 4263 aeterni
2519 4211 2806 4266 manubias
2843 4210 3119 4270 intuentes
3152 4259 3166 4282 ,
3219 4223 3377 4287 quasi

1775 4314 1897 4355 eum
1929 4314 2089 4370 quem
2118 4299 2417 4355 emiserant
2446 4301 2795 4372 cteliportze,
2838 4317 3037 4373 capere
3087 4322 3196 4363 non
3249 4323 3378 4378 pos-

108 4379 234 4454 dere,
256 4391 391 4459 quod
409 4409 508 4450 nec
539 4395 1211 4466 angelieognoscere,nisi
1228 4411 1295 4452 ex
1309 4397 1666 4466 revelatione,
1695 4401 1926 4502 Dfenl;
1959 4392 2086 4498 Ιίοξῖι
2111 4408 2403 4502 numqua":
2435 4394 2555 4464 eius
2598 4396 2813 4502 ξελρίθηῑ
2839 4397 3178 4502 ῐηθὶθειδιθιξι
3206 4444 3220 4468 r
3263 4418 3378 4502 "ia-

110 4484 364 4540 potuerunt
379 4484 402 4536 ?

165 4569 304 4645 522
319 4577 368 4632 5.
399 4577 534 4646 Quis
561 4579 707 4635 enim
733 4581 910 4652 potuit
929 4581 1186 4652 opinione
1205 4584 1374 4656 magis
1387 4598 1546 4655 quam
1563 4583 1670 4641 ﬁde

109 4665 230 4730 sequi
249 4667 527 4726 hominum
551 4671 762 4738 Iesum,
788 4675 1014 4748 nune;de
1026 4676 1669 4733 ccelialtissimisinferna

107 4762 465 4833 penetrantem,
498 4781 642 4822 nunc
671 4766 739 4822 ab
765 4766 958 4824 inferis
983 4769 1049 4824 ad
1088 4770 1334 4826 caelestia
1382 4785 1667 4842 resurgen-

109 4848 194 4898 lem
222 4853 428 4910 :snbito
452 4857 796 4915 exinanitum
828 4901 842 4926 ,
872 4871 930 4914 ut
960 4861 1233 4919 habitaret
1263 4862 1316 4917 iu
1349 4862 1536 4927 nobis;
1571 4878 1671 4918 nec

163 4985 185 5013 λ
211 4979 291 5062 Sic
307 5003 435 5062 mss.
467 4990 654 5059 plures
680 5008 742 5048 ac
771 4994 1052 5062 potiores:
1079 4995 1172 5051 alii
1194 5003 1375 5052 autem
1398 5010 1462 5051 ac
1492 4995 1625 5051 edit.
1654 5035 1670 5062 ,

103 5061 237 5138 .05"th
258 5054 515 5138 hominum
545 5062 679 5138 (vet.
711 5054 1188 5138 edit.,_humanum
1214 5069 1234 5138 )
1258 5069 1323 5122 de
1359 5066 1458 5121 Dei
1488 5066 1626 5122 Filio

105 5125 374 5239 mrp‘e’i‘i‘w
401 5125 607 5188 diversi:
653 5137 805 5207 (vet.
836 5125 994 5204 «ἔδει,
1030 5153 1102 5193 me
1136 5125 1338 5194 diversa
1364 5141 1382 5210 )
1408 5125 1672 5208 δειπνεῖ·εηί

164 5259 193 5388 ἓ
210 5263 300 5388 Dei
327 5269 498 5329 Patris
516 5285 564 5330 et
590 5274 822 5346 Domini,
844 5279 896 5334 in
930 5295 1061 5336 mss.
1097 5281 1371 5352 plerisque
1399 5281 1672 5336 omittitur

196 5352 222 5388 ll
247 5353 296 5388 3.

106 5343 296 5390 coonla.

165 5347 306 5496 Ψ)ἒὲ
333 5412 631 5489 synagoga?
656 5430 856 5496 ζυριυη,
889 5422 940 5478 id
969 5431 1075 5488 est,
1109 5424 1160 5477 in
1189 5431 1452 5492 quantum
1481 5422 1658 5496 Syna-

102 5484 234 5566 gﬁogae
259 5479 417 5552 figura
441 5479 582 5549 erat:
623 5479 856 5566 ejusque,
873 5479 1158 5563 personam
1181 5479 1612 5566 repraasentabat
1642 5512 1657 5550 :

103 5557 148 5633 gl}
172 5562 410 5633 quantum
440 5569 624 5633 autem
650 5557 884 5619 'Christi'
916 5580 1218 5633 praecursor
1237 5557 1262 5629 ,’
1285 5580 1394 5620 non
1427 5567 1662 5622 cadebat

103 5619 326 5707 malem.
354 5629 670 5707 prophetam
689 5637 839 5707 tanti
882 5619 1110 5707 erroris,
1131 5619 1373 5707 suspicio
1394 5677 1409 5701 .
1437 5619 1523 5691 tuti
1542 5619 1662 5707 ipse

105 5684 393 5752 Ambrosius
425 5684 669 5758 tradidit"
685 5684 860 5760 nisi}
887 5684 960 5761 iii
976 5684 1662 5774 Edéaﬁi'f'nﬁiﬁ.'9§','iiiji

361 5791 641 5856 Pauor“
692 5797 870 5859 XV].

1769 4486 1945 4554 jorem
2000 4486 2141 4541 viam
2201 4489 2521 4557 quaerebant
2567 4490 2802 4560 aliquam
2862 4495 3158 4549 revertenti
3193 4511 3204 4547 :
3239 4496 3376 4550 adeo

1774 4578 1906 4634 nihil
1929 4580 2237 4636 exinanitus
2267 4583 2528 4637 amiserat
2553 4585 2565 4637 !

1846 4673 1899 4725 7.
1945 4673 2143 4729 Debuit
2176 4682 2357 4730 tamen
2390 4690 2534 4731 novo
2563 4677 2759 4734 victori
2791 4694 2991 4735 novum
3023 4680 3128 4737 iter
3158 4685 3334 4753 parari
3363 4703 3378 4752 ;

1773 4786 1991 4842 semper
2030 4772 2170 4827 enim
2215 4773 2394 4827 victor
2436 4782 2710 4846 tamquam
2751 4776 2926 4846 major
2965 4787 3021 4833 et
3062 4781 3378 4849 praecelsior

1773 4871 1894 4920 est:
1925 4864 2018 4919 sed
2049 4863 2174 4935 quia
2204 4875 2423 4920 mternae
2449 4875 2576 4922 sunt
2597 4867 2824 4937 justitire
2854 4879 3057 4940 portae,
3089 4881 3112 4909 ο
3141 4873 3379 4929 easdem-

1773 4997 1951 5081 fusius
1973 4998 2092 5053 haec
2116 5000 2486 5081 prmsequitpr.
2513 5001 2700 5081 Yidgri
2730 5005 2892 5081 etiam
2920 5019 3149 5081 possunt
3178 5022 3377 5081 praeter

1775 5069 1839 5152 ρ.
1872 5069 2138 5152 Thomam
2163 5069 2283 5152 g-i,
2302 5069 2362 5141 ’q.
2391 5071 2448 5152 ξ,
2477 5079 2583 5126 art.
2611 5073 2664 5152 ἶ,
2695 5076 2848 5152 ad_2,
2884 5069 3023 5152 sacri
3051 5069 3378 5152 interpretes

1774 5141 1828 5222 in
1851 5156 1908 5222 ῃ
1936 5141 2200 5222 Matthtei,
2225 5150 2280 5222 et
2309 5157 2383 5197 vtt
2411 5141 2593 5222 Lu_c_:e.
2614 5143 2768 5222 Quod
2798 5141 2929 5203 vero
2960 5149 3026 5204 ad
3057 5141 3373 5222 angelorum

1773 5211 2200 5284 dubitationem,
2219 5215 2330 5282 jam
2354 5229 2387 5284 a7
2413 5214 2570 5269 nobis
2595 5211 2952 5274 observatum
2975 5231 3061 5276 est
3079 5211 3156 5278 ad
3179 5225 3271 5280 lib.
3307 5228 3377 5284 de

1775 5282 1956 5355 lustit.
2008 5282 2155 5355 Virg.
2191 5298 2314 5354 cap.
2360 5283 2427 5350 5,
2458 5301 2607 5340 num.
2636 5287 2707 5343 59
2738 5329 2752 5353 ,
2795 5289 3082 5347 Doctorem
3128 5282 3376 5355 nostrum

1774 5353 2021 5410 eamdem
2047 5354 2186 5408 hanc
2205 5353 2757 5431 opinionemsa’pius
2811 5372 3060 5431 repetere
3086 5383 3097 5417 :
3127 5367 3222 5422 sed
3253 5353 3375 5425 eam
3415 5413 3422 5417 .

1775 5441 2039 5504 nusquam
2069 5429 2631 5504 pertractatuberius,
2658 5443 2820 5499 quam
2839 5429 2952 5504 hoc
2974 5434 3092 5504 ipso
3123 5437 3264 5494 loco.

1837 5494 1862 5533 ἀ
1889 5498 2018 5553 Mss.
2041 5494 2269 5568 aliquot,
2293 5499 2534 5555 melioris
2558 5494 2722 5566 notae,
2753 5502 2867 5557 caeli
2888 5494 3028 5560 astra
3049 5510 3370 5568 sustinere...

1771 5579 2029 5640 opinionis
2055 5579 2273 5623 incerta.

1837 5649 1864 5676 υ
1898 5639 2110 5712 Thuan.
2140 5640 2262 5696 cod.
2297 5655 2438 5712 unus
2459 5684 2473 5707 ,
2506 5641 2745 5711 idemque
2774 5647 2890 5700 noui
2918 5657 2964 5700 et
2994 5654 3177 5706 veteris
3198 5651 3379 5712 Testa-

1770 5712 1925 5765 menti
1966 5710 2169 5777 aditus,
2213 5711 2428 5782 quibus,
2458 5720 2566 5768 etc.

2858 5815 2939 5878 '20
