3932 6176
183 259 284 319 621

1543 237 1630 318 DE
1663 252 1830 318 Fiat:
1869 247 1998 319 Lib.
2041 247 2130 319 I'v.

3385 256 3492 328 '622

180 383 378 453 quibus
407 389 476 436 ‘et
524 352 655 436 alibi
710 364 1112 454 dicit:3perite
1175 380 1303 435 mihi
1353 389 1528 453 portas
1565 347 1787 458 justitia:
1815 352 1861 442 ill
1887 383 1998 432 non
2041 371 2326 433 descendit
2366 377 2501 444 tibi,
2544 391 2650 434 non
2695 377 2790 435 tibi
2825 387 3014 450 passus
3043 389 3148 438 est.
3179 381 3239 439 Si
3271 401 3372 440 non
3405 404 3489 442 ve—

184 473 363 546 (Psal.
388 487 542 529 cxvn
560 516 573 537 ,
601 471 715 542 i9).
749 475 912 544 Aperi
939 488 1069 544 ergo
1094 467 1312 529 Christo
1340 482 1523 544 portas
1553 480 1701 539 tuas,
1728 485 1789 530 ut

183 567 528 638 ingrediatur
551 569 604 623 in
639 579 723 623 te:
749 569 899 639 aperi
934 577 1116 639 portas
1143 567 1396 638 justitiat,
1420 571 1570 640 aperi
1601 581 1788 642 portas

183 660 351 733 525
382 660 656 731 pudicitia:
678 702 694 727 ,
725 661 874 731 aperi
907 669 1092 730 portas
1130 659 1462 715 fortitudinis
1501 663 1664 732 atque
1701 675 1788 718 sa-

179 755 307 825 piet:
322 755 430 808 ιὶξε.

256 843 350 902 20.
395 845 574 902 Crede
613 846 824 918 angelis
851 847 1162 903 dicentibus
1185 863 1204 902 :
1237 847 1302 901 Et
1332 848 1598 902 elevamini
1630 857 1792 918 porta:

183 940 462 994 teternales
482 981 496 1002 ,
527 949 551 978 η
585 950 630 994 et
651 939 890 995 “introibit
921 957 1012 996 rea:
1039 939 1257 1010 glorite,
1288 937 1544 995 Dominus
1574 939 1789 996 sabaoth

177 1029 374 1104 '(Psat.
409 1049 572 1100 χχιιι,
603 1033 634 1087 'i'
655 1035 692 1094 ι.
729 1033 890 1090 Porta
921 1046 1010 1088 tua
1041 1036 1192 1089 vocis
1223 1033 1400 1089 ﬁdelis
1429 1049 1632 1090 canora
1660 1050 1790 1089 con-

177 1115 360 1182 iessio
405 1113 527 1182 est:
562 1116 712 1196 ptirt‘a
761 1137 850 1182 tua
893 1129 1092 1183 Ostium
1135 1127 1288 1184 verbi
1337 1137 1454 1192 est,
1489 1144 1653 1199 quam
1685 1128 1786 1183 sibi

184 1211 484 1289 Apostolus
512 1229 663 1288 Optat
693 1220 930 1289 aperiri,
966 1219 1157 1276 dicens
1186 1238 1198 1272 :
1237 1219 1306 1275 Ut
1349 1223 1618 1288 aperiatur
1665 1219 1792 1274 mihi

183 1313 374 1368 ostium
414 1313 554 1367 uerbi
579 1314 648 1367 att
676 1312 1019 1385 eloquendum
1045 1309 1079 1352 ι)
1111 1313 1406 1385 mysterium
1436 1313 1625 1368 Christi
1647 1309 1792 1386 '(‘Co—

185 1405 310 1460 1088.
347 1419 424 1472 tv,
455 1395 537 1477 5).

252 1497 350 1550 2L
385 1481 679 1566 aperiatur
707 1497 870 1566 igitur
895 1491 1114 1553 Chris'to
1143 1507 1294 1568 porta
1324 1509 1408 1553 tua
1435 1541 1450 1565 ,
1481 1515 1582 1555 nec
1611 1500 1788 1554 solum

149 1577 490 1660 'apcriatur,
532 1581 626 1645 sed
665 1589 833 1646 etinn
869 1590 1153 1656 elevetur;
1186 1591 1230 1645 si
1251 1597 1443 1646 tamen
1475 1592 1752 1648 :eternalis
1775 1633 1788 1658 ,

181 1694 266 1740 est
288 1693 448 1750 ,‘non
489 1681 693 1739 c‘at'luca
722 1701 738 1750 ;
772 1683 1037 1757 scriptum
1079 1695 1162 1740 est
1189 1687 1344 1742 'enim
1375 1705 1387 1740 :
1423 1687 1487 1740 Et
1526 1687 1794 1742 elevamini

1892 471 2079 524 niuem
2097 511 2112 535 ,
2149 471 2358 540 inquit,
2387 481 2433 524 et
2461 471 2664 527 locutus
2692 488 2793 527 non
2825 474 3036 543 fuissem
3067 475 3146 530 his
3166 517 3182 540 ,
3217 490 3484 546 peccatum

1891 578 1991 616 non
2021 561 2299 618 haberent:
2329 579 2466 618 nunc
2496 571 2664 618 autem
2688 566 3068 622 excusationem
3093 584 3192 622 non
3217 568 3410 624 habent.
3423 570 3489 625 de

1891 667 2100 725 peccato
2121 671 2232 710 suo.
2267 657 2372 722 Qui
2393 673 2470 710 me
2495 657 2639 724 odit,
2671 667 2719 712 et
2745 657 2954 714 Patrem
2982 676 3150 714 meum
3175 661 3283 715 odit
3309 660 3484 731 (Joan.

1890 746 1988 812 'xv,
2018 744 2120 814 29.,
2148 747 2263 822 25).
2295 749 2426 817 Quis
2459 752 2622 820 igitur
2651 751 3064 808 odit'Christum
3088 797 3103 822 ,
3137 755 3240 810 nisi
3271 756 3362 826 qui
3397 757 3493 812 de-

1889 831 2086 909 rogat?
2123 839 2276 898 Sicut
2315 842 2457 898 enim
2501 844 2704 900 amoris
2743 855 2828 901 est
2863 845 3116 912 deferre,
3159 847 3230 903 ita
3271 849 3382 904 odii
3408 857 3496 905 est

1892 929 2178 1004 derogare.
2209 933 2311 1003 Qui
2343 933 2494 1003 odit,
2538 939 2870 1007 qitzestiones
2915 947 3136 1006 tn'ovet;
3179 941 3271 1013 qui
3311 951 3496 1010 amat,

1893 1025 2253 1079 reverentiam
2285 1025 2486 1081 defert.

2412 1103 2576 1192 επ
2611 1110 2843 1178 CAPUT
2883 1121 2972 1178 Ill.

1893 1183 2067 1262 Verba
2093 1209 2187 1264 illa
2205 1229 2224 1264 :
2247 1183 2571 1268 Omni;
2601 1213 2766 1284 ca'pul
2794 1214 3048 1270 Christus
3065 1257 3076 1270 .
3100 1259 3113 1271 .
3134 1258 3146 1272 .
3167 1257 3179 1270 .
3214 1229 3376 1290 eaput
3401 1237 3497 1277 au-

1957 1307 2073 1355 tem
2102 1299 2300 1359 Chﬁsti
2349 1303 2523 1373 Deus,
2571 1308 2737 1376 primo
2775 1310 2827 1362 in
2876 1309 3096 1364 Arianos
3144 1313 3284 1380 ipsos
3331 1324 3494 1368 retor-

1964 1391 2082 1465 Quét
2107 1411 2125 1450 :
2156 1395 2342 1452 deinde
2366 1396 2557 1453 Christi
2579 1403 2787 1454 tantum
2817 1401 3100 1457 secundum
3126 1415 3365 1460 naturam
3389 1406 3490 1460 hu-

1967 1489 2173 1541 manam
2211 1488 2522 1544 considerati
2576 1487 2744 1546 Deum
2779 1495 2934 1564 caput
2963 1495 3070 1550 esse
3103 1513 3166 1550 ea:
3200 1498 3307 1552 alio
3342 1497 3490 1554 Scri—

1959 1583 2134 1648 ptura:
2158 1579 2292 1646 loco,
2324 1596 2475 1652 quem
2515 1573 2740 1656 objicere
2774 1587 3006 1640 solebant
3047 1575 3202 1642 iidem
3231 1590 3457 1644 hmretici
3475 1633 3490 1657 ,

1959 1661 2148 1740 probat
2177 1689 2196 1727 :
2225 1689 2316 1728 nec
2353 1669 2658 1744 prudentius
2693 1683 2896 1748 quoque
2932 1681 3228 1749 oppositum
3265 1682 3330 1735 ab
3368 1683 3495 1748 ipsis

183 1788 350 1850 porta:
398 1779 688 1833 wternales.
739 1777 1023 1832 Elevatuin
1055 1786 1140 1832 est
1179 1794 1342 1850 super
1371 1778 1535 1834 limen
1569 1777 1780 1844 Esaiae,

1949 1759 2156 1819 ‘textum
2193 1763 2388 1820 illum:
2429 1763 2532 1834 Qui
2578 1765 2759 1822 autem
2805 1770 3044 1838 plantat,
3093 1782 3148 1826 et
3187 1773 3278 1841 qui
3321 1773 3496 1844 rigat,

183 1872 407 1944 quando
437 1870 724 1940 Seraphim
764 1869 905 1924 labia
945 1869 1064 1941 ejus
1107 1871 1316 1941 tetigit,
1343 1879 1400 1926 et
1430 1871 1563 1926 vidit
1601 1873 1783 1940 regem

173 1961 481 2023 Dominum
511 1965 740 2020 Sabaoth
776 1963 950 2038 (Esai.
981 1964 1068 2031 'vr,
1103 1963 1181 2036 7).

251 2061 347 2117 εξ.
379 2061 518 2118 Tuae
543 2059 674 2131 ergo
702 2072 871 2130 porta:
898 2060 1274 2123 elevabuntur,
1297 2058 1344 2117 si
1369 2059 1784 2130 sempiternum,

185 2155 231 2210 si
272 2154 748 2221 omnipotentem,
790 2153 835 2206 si
880 2151 1354 2221 inaestimabilem,
1397 2153 1442 2208 si
1483 2153 1790 2222 incompre-

189 2245 520 2302 ltcnsibilem
546 2286 559 2309 ,
587 2245 631 2300 si
661 2259 784 2298 eum
811 2243 898 2314 qui
925 2252 982 2299 et
1011 2244 1285 2314 praeterita
1315 2245 1493 2299 omnia
1525 2253 1581 2299 et
1608 2225 1788 2298 futura

189 2339 442 2406 noverit,
475 2337 674 2392 Filium
708 2336 800 2390 Dei
839 2335 1053 2391 credas.
1096 2337 1248 2404 Quod
1289 2339 1334 2392 si
1373 2337 1654 2406 praeﬁnitas
1693 2349 1792 2404 po-

191 2432 409 2486 testatis
454 2437 512 2485 et
557 2429 834 2494 scientim,
888 2428 1300 2498 subjectumque
1351 2427 1636 2499 opinaris,
1679 2441 1790 2481 non

186 2524 381 2580 elevas
402 2531 599 2592 portas
630 2519 934 2576 a-ternales.

253 2618 352 2673 25.
399 2617 692 2670 E!eventur
737 2630 868 2684 ergo
913 2621 1087 2684 porta
1131 2622 1270 2679 ture,
1327 2623 1386 2670 ut
1433 2629 1541 2668 non
1593 2613 1794 2667 Ariano

187 2725 359 2766 sensu
405 2708 699 2780 parvulus,
730 2725 838 2764 non
883 2709 1148 2779 pusillus,
1193 2725 1302 2762 non
1345 2707 1591 2762 subditus
1629 2706 1696 2760 ad
1743 2715 1797 2760 te

190 2803 448 2860 Christus
487 2803 764 2868 introeat;
807 2801 901 2856 sed
946 2802 1110 2856 intret
1151 2801 1202 2855 in
1249 2801 1342 2856 Dei
1385 2799 1588 2864 l'nrtna,
1633 2799 1802 2852 intret

191 2911 318 2952 cum
361 2896 552 2957 Patre,
586 2895 751 2950 intret
783 2894 938 2960 talis,
972 2893 1149 2962 qualis
1175 2903 1260 2947 est
1288 2902 1344 2947 et
1371 2893 1566 2948 ctelnm
1593 2891 1648 2946 et
1677 2905 1796 2946 om-

191 2993 287 3047 nia
339 3004 762 3059 supergressus,
814 2988 1029 3044 emittat
1074 2987 1170 3042 tibi
1213 2985 1476 3056 Spiritum
1517 2994 1796 3039 sanctum.

183 3083 434 3154 Expedit
478 3079 579 3137 tibi
619 3079 912 3136 ut'c‘redas
952 3081 1074 3148 quia
1119 3075 1398 3142 ascendit,
1445 3088 1502 3132 et
1539 3076 1690 3131 sedet
1730 3075 1797 3130 ad

1959 1872 2126 1911 unum
2156 1867 2303 1912 sunt.
2340 1856 2538 1926 Quibus
2580 1855 2885 1929 exp'licdtis,
2923 1864 3022 1931 qub
3063 1861 3214 1933 pacto
3246 1861 3404 1920 Pater
3442 1867 3498 1920 in

1962 1945 2132 2015 Filio,
2164 1959 2210 2004 et
2240 1946 2290 2002 F
2293 1947 2415 2004 ilius
2441 1949 2495 2005 in
2523 1938 2689 2006 Ῥαινε
2709 1995 2724 2021 ,
2752 1957 2846 2009 ne'c
2869 1955 3051 2010 n’oit'in
3074 1957 3293 2030 utroque
3319 1959 3498 2028 ﬁdeles

1957 2059 2068 2098 esse
2091 2041 2352 2112 dicantur,
2381 2046 2630 2116 aperitur.

1959 2160 2050 2216 27.
2085 2160 2253 2234 [Alias
2280 2179 2396 2232 cap.
2414 2161 2505 2236 IL]
2533 2163 2716 2234 Itaque
2742 2164 3104 2222 discutiamus
3131 2183 3324 2226 eorum
3355 2171 3493 2228 alias

1891 2256 2244 2324 quaestiones.
2281 2253 2555 2324 Scriptum
2589 2264 2706 2322 est,
2741 2257 3026 2320 inquiunt:
3065 2259 3248 2306 οηωίο
3282 2264 3379 2305 υὸ1·ὅ
3413 2281 3491 2306 ιτα-

1893 2357 1986 2414 put
2006 2346 2240 2396 Christus
2262 2351 2334 2396 est
2357 2381 2372 2406 ,
2398 2351 2551 2411 caput
2573 2350 2741 2394 autem
2771 2342 3000 2396 mulieris
3026 2343 3121 2408 vir,
3152 2351 3304 2413 caput
3327 2355 3497 2398 autem

1891 2436 2082 2492 Christi
2115 2433 2252 2489 Deus
2279 2435 2332 2505 (Ι
2361 2431 2480 2488 Cor.
2511 2449 2600 2501 ιιι,
2629 2433 2721 2502 5).
2753 2432 2868 2500 Qua
2901 2435 2952 2488 in
2984 2437 3287 2504 quaestione
3319 2437 3503 2492 dicant

1896 2527 2066 2592 mihi,
2099 2526 2300 2590 velint,
2349 2533 2531 2579 utrum
2573 2524 2939 2597 conjungere,
2983 2541 3052 2581 an
3094 2527 3341 2582 dividere
3385 2530 3502 2583 haec

1895 2631 2127 2694 quatuor
2165 2619 2355 2674 velint.
2409 2618 2462 2672 Si
2504 2619 2650 2674 enim
2692 2620 3058 2692 conjungere,
3103 2635 3266 2692 atque
3306 2623 3378 2676 ita
3417 2622 3502 2678 di-

1898 2726 2029 2772 cunt
2061 2715 2227 2770 Deum
2266 2721 2429 2782 caput
2458 2727 2581 2768 esse
2612 2713 2836 2781 Christi,
2864 2714 3002 2768 sicut
3032 2715 3113 2770 vir
3143 2727 3224 2770 est
3257 2715 3504 2770 mulieris

1900 2817 2062 2879 caput
2085 2849 2098 2872 ,
2141 2803 2323 2860 videte
2360 2803 2490 2876 quid
2536 2805 2795 2864 incidant.
2839 2806 2972 2861 Nam
3004 2808 3048 2861 si
3081 2806 3198 2862 inec
3231 2815 3503 2877 tamquam

1899 2918 1964 2958 ex
1998 2901 2217 2972 paribus
2248 2912 2460 2971 sumpta
2494 2912 2577 2956 est
2607 2904 2973 2974 comparatio,
3004 2911 3059 2958 et
3099 2903 3216 2958 haec
3247 2913 3503 2974 quatuor,

1902 2979 1953 3049 id
1982 3003 2064 3049 est
2084 3035 2098 3059 ,
2131 2995 2352 3058 mulier,
2379 2996 2483 3060 vir,
2507 2993 2781 3061 Christus,
2807 2979 3055 3061 et’Deus,
3083 2995 3234 3065 quasi
3259 3012 3324 3050 ex
3347 2996 3509 3052 unius

1904 3096 2064 3159 atque
2083 3087 2328 3156 ejusdem
2349 3097 2556 3142 natura:
2575 3089 2930 3172 similitudine
2947 3101 3357 3158 comparantur,
3376 3105 3507 3162 ergo

192 3171 482 3234 ‘dextera’tn
499 3162 706 3232 ’Patris.
739 3164 872 3229 Nam
907 3175 1106 3228 si'enm
1136 3171 1586 3227 inter‘crealuras
1614 3177 1667 3223 et
1695 3175 1803 3222 ter-
1831 3162 1876 3224 C
1910 3180 2106 3235 mulier
2134 3190 2186 3235 et
2218 3181 2358 3236 Deus
2391 3181 2548 3235 unius
2581 3162 2842 3250 incipient
2869 3197 2991 3238 esse
3021 3191 3250 3237 nanum,

195 3287 335 3328 rens
368 3270 527 3338 impia
560 3259 886 3339 ειὲςῑιςιιίοιίε
918 3263 1196 3328 detineas,
1237 3264 1280 3318 si
1325 3277 1430 3316 non
1473 3261 1567 3317 tibi
1606 3259 1802 3326 abeat,

195 3383 318 3422 non
349 3365 447 3419 tibi
473 3364 759 3428 ascendat,
790 3377 886 3416 nec
914 3359 1214 3416 Paraclitus
1239 3357 1308 3411 ad
1343 3363 1394 3412 te
1423 3357 1633 3422 veniet,
1667 3353 1807 3410 sicut

195 3459 327 3530 ipse
358 3455 522 3512 dixit:
555 3456 696 3511 Nam
723 3457 767 3510 si
793 3473 884 3527 ego
911 3470 1012 3507 non
1040 3453 1232 3516 abiero,
1269 3448 1563 3504 Paraclitus
1593 3463 1694 3502 non
1725 3461 1808 3501 ve-

197 3551 309 3608 niet
357 3550 426 3604 ad
467 3567 594 3604 vos:
635 3551 680 3604 si
716 3558 884 3604 autem
917 3547 1132 3612 'abiero,
1182 3545 1378 3597 mittam
1417 3541 1566 3596 illum
1607 3539 1676 3593 ad
1718 3555 1806 3593 vos

197 3645 392 3714 (Joan.
422 3659 515 3698 XVI
531 3685 546 3710 ,
576 3641 663 3715 7).

273 3743 369 3800 26.
413 3742 568 3811 Quod
616 3741 659 3796 si
711 3741 852 3796 inter
900 3745 1115 3794 terrena
1170 3743 1294 3792 ebm
1338 3733 1614 3804 requiras,
1667 3729 1807 3783 sicut

197 3837 374 3896 Maria
401 3829 730 3904 Magdalene
760 3831 1076 3902 requirebat
1103 3873 1118 3898 ,
1152 3843 1284 3884 eave
1315 3842 1382 3882 ne
1412 3834 1466 3880 et
1497 3823 1592 3878 tibi
1621 3819 1764 3876 dicat
1791 3837 1802 3872 ε

199 3925 456 3987 Νυιιύω
490 3921 743 3999 tangere;
787 3917 1013 3979 nondum
1047 3913 1192 3977 enim
1239 3915 1446 3972 asc'endi
1487 3915 1554 3968 ad
1583 3912 1807 3967 ‘Patrem

198 4037 380 4080 meum
433 4021 632 4094 (Joan.
663 4037 772 4086 xx,
810 4019 938 4088 17).
989 4017 1169 4071 Portae
1219 4012 1362 4068 enim
1413 4019 1518 4066 ιιιιε
1567 4015 1809 4102 angusta:

205 4127 376 4186 sunt,
407 4130 604 4186 capere
636 4108 720 4168 tite
753 4128 858 4167 non
893 4117 1140 4182 queunt:
1174 4105 1373 4161 elevari
1417 4117 1520 4157 non
1562 4108 1806 4170 queunt,

204 4215 420 4272 intrare
452 4225 558 4265 non
593 4223 832 4279 possum.

279 4307 374 4361 25.
415 4303 570 4358 Vade
609 4315 738 4372 ergo
765 4299 830 4354 ad
863 4288 1278 4363 lratresimeos,
1312 4293 1417 4348 boc
1449 4300 1529 4345 cst
1553 4288 1663 4356 ,‘ad
1692 4287 1810 4342 illas

203 4394 399 4476 portas
421 4395 726 4461 atternalcs,
754 4387 873 4465 qua:
893 4408 1014 4448 cum
1037 4385 1498 4447 Jesnm'viderint,
1527 4383 1812 4438 elevantur

203 4472 432 4570 (ibid).
465 4488 768 4546 IEternalis
815 4495 964 4556 porta
993 4494 1071 4540 est
1094 4483 1310 4568 Petrus,
1335 4472 1622 4548 cui'portat
1649 4472 1808 4527 inferi

207 4568 320 4646 non
353 4583 735 4659 'prrevalcbunt
767 4579 986 4653 (Matth.
1020 4593 1139 4642 XVI,
1169 4568 1273 4646 l8).
1300 4571 1608 4628 (Eternalcs
1639 4576 1809 4638 porta:

205 4684 451 4742 Joannes
479 4690 534 4735 et
560 4677 796 4734 Iacobus
814 4679 846 4741 ,‘
863 4677 1048 4742 utpote
1081 4669 1175 4724 lilii
1204 4666 1430 4722 tonitrui
1465 4663 1482 4734 (
1516 4659 1684 4715 Mare.
1716 4674 1808 4724 ιιι,

189 4767 282 4832 ’17
305 4776 348 4847 ).
395 4769 714 4830 ΑΞιει-ιιειιειι
764 4767 934 4838 portie
984 4771 1112 4818 sunt
1156 4759 1448 4821 Ecclesiae,
1488 4755 1576 4810 ubi
1624 4751 1814 4847 laudes

208 4844 416 4926 Christi
455 4866 779 4920 annuntiare
822 4857 1090 4930 Propheta
1131 4855 1482 4910 desiderans.
1525 4848 1695 4904 dicit:
1747 4844 1814 4900 Ut

209 4963 513 5020 annnntiem
547 4976 723 5016 omnes
756 4955 1082 5011 laudationes
1114 4962 1230 5006 tuas
1255 4950 1310 5004 in
1339 4947 1500 5019 portis
1529 4944 1656 5015 ﬁlia:
1683 4941 1814 4997 Sion

210 5057 391 5132 (Psal.
425 5071 484 5111 ιχ
507 5097 520 5119 ,
557 5042 672 5124 15).

285 5150 376 5205 26.
407 5147 630 5205 Grande
659 5159 785 5214 ergo
815 5139 1135 5213 mysterium
1161 5136 1362 5193 Christi
1385 5175 1399 5198 ,
1427 5130 1571 5203 quod
1600 5139 1820 5198 stupue—

211 5245 344 5304 ru’nt
372 5252 428 5299 et
456 5233 670 5313 angeli;
702 5245 760 5294 et
786 5231 912 5292 ide‘o
953 5231 1200 5289 venerari
1245 5226 1448 5296 debes,
1494 5235 1548 5280 et
1591 5221 1822 5278 Domino

214 5338 452 5394 [annulus
503 5336 770 5402 derogare
799 5327 918 5385 'non
960 5327 1154 5382 debes.
1202 5323 1461 5392 ignorare
1502 5333 1611 5372 non
1653 5315 1817 5378 licet;

213 5444 504 5507 propterea
531 5428 680 5485 enim
705 5423 1002 5484 descendit
1025 5433 1085 5477 ut
1116 5419 1310 5476 cretlas
1342 5417 1429 5474 :si
1461 5429 1571 5470 non
1601 5411 1780 5468 credis
1803 5451 1818 5476 ,

293 5583 316 5611 ⁸
347 5573 432 5629 Ita
458 5575 595 5626 nisis.
632 5565 818 5632 plures
845 5577 924 5617 θεν
939 5560 1224 5630 potiores:
1258 5555 1349 5610 alii
1381 5554 1512 5609 v€ro
1535 5593 1548 5616 .
1579 5559 1634 5606 et
1657 5547 1818 5612 edit,

220 5657 278 5702 ut
306 5646 530 5700 introeat
556 5641 613 5694 in
643 5645 691 5691 te
714 5651 810 5690 rex
839 5635 1060 5711 glorior,
1091 5638 1198 5711 etc.
1238 5701 1250 5711 .
1306 5700 1317 5711 .

294 5716 321 5754 ι)
351 5715 481 5770 Mss.
516 5712 762 5780 aliquot,
790 5701 1096 5780 martyrium
1127 5701 1337 5754 Christi.
1406 5769 1437 5780 ,ί
1644 5767 1654 5778 θ
1785 5765 1795 5775 _

299 5798 321 5825 ε
356 5787 481 5841 Vet.
519 5774 682 5846 ediL,
712 5777 802 5847 qui
829 5774 1184 5831 auctoritatem
1215 5774 1474 5839 suscepit,
1507 5783 1610 5822 non
1638 5774 1823 5834 imagi-

1979 3273 2070 3329 9-8.
2104 3273 2256 3340 Quod
2288 3273 2332 3327 si
2365 3272 2468 3328 hoc
2496 3273 2779 3342 displicet,
2811 3274 2938 3342 quia
2963 3277 3286 3346 Sacrilegum
3317 3285 3402 3332 est
3429 3276 3510 3332 di-

1909 3380 2062 3429 cere,
2096 3374 2153 3419 ut
2195 3365 2381 3420 volunt
2423 3365 2684 3419 dividant.
2729 3366 2914 3436 Itaque
2954 3366 3001 3420 si
3027 3355 3322 3422 Christum
3367 3369 3508 3437 apud

1908 3457 2078 3512 Deum
2112 3458 2325 3514 Patrem
2357 3459 2428 3512 ita
2463 3458 2656 3513 volunt
2683 3475 2806 3513 esse
2825 3501 2839 3525 ,
2869 3459 3012 3514 sicut
3036 3469 3118 3514 est
3147 3463 3344 3516 mulier
3369 3465 3510 3531 apud

1909 3551 2117 3616 virum;
2149 3551 2311 3607 unius
2343 3550 2526 3620 utique
2554 3550 2831 3605 Christum
2863 3562 2918 3606 et
2953 3551 3118 3605 Deum
3161 3553 3351 3607 dicunt
3389 3568 3513 3609 esse

1907 3645 2264 3711 substantiae,
2313 3644 2569 3712 quoniam
2617 3643 2813 3697 mulier
2859 3650 2914 3697 et
2958 3643 3037 3696 vir
3082 3644 3244 3698 unius
3284 3653 3412 3698 sunt
3457 3645 3508 3699 in

1909 3753 2070 3794 carne
2113 3749 2320 3793 natura:
2361 3736 2527 3810 (Gen.
2554 3735 2802 3806 11,24):
2848 3750 2971 3788 nam
3011 3737 3155 3805 quod
3201 3736 3404 3802 distat,
3457 3737 3509 3792 in

1907 3846 2040 3885 sexu
2071 3838 2174 3884 est.
2208 3829 2340 3884 Cutn
2379 3843 2502 3882 vero
2535 3828 2674 3880 inter
2699 3825 2982 3880 Christum
3015 3837 3069 3880 et
3099 3826 3314 3882 Patrem
3348 3842 3512 3885 sexus

1911 3938 2016 3978 non
2049 3920 2372 3976 interveniat
2395 3961 2410 3980 .
2440 3919 2582 3988 quod
2616 3935 2779 3974 unum
2813 3919 2954 3972 inter
2984 3917 3181 3974 Filium
3212 3931 3264 3976 et
3295 3920 3508 3979 Patrem

1912 4019 1964 4072 in
2007 4025 2198 4074 natura
2242 4027 2358 4082 est,
2400 4014 2750 4070 fatebuntur:
2794 4015 2938 4086 quod
2979 4017 3254 4073 diversum
3283 4018 3336 4074 in
3373 4034 3510 4084 sexu

1911 4119 2013 4176 est,
2063 4109 2432 4177 denegabunt.

1982 4201 2071 4255 29.
2103 4199 2357 4255 Placetne
2387 4201 2486 4255 ista
2521 4200 2760 4254 divisio?
2791 4202 2870 4254 An
2903 4200 3185 4256 mulierem
3207 4243 3220 4268 ,
3255 4203 3430 4258 virum
3461 4216 3515 4260 et

1911 4295 2187 4350 Christum
2231 4295 2390 4349 unius
2433 4293 2622 4348 volunt
2660 4309 2781 4349 esse
2821 4293 3178 4361 substantite,
3211 4304 3265 4350 et
3297 4297 3512 4352 l'atrem

1913 4386 2207 4458 separant?
2249 4386 2498 4444 llaeccine
2535 4386 2700 4457 igitur
2729 4387 2928 4441 divisio
2957 4387 3177 4458 placet?
3205 4390 3258 4444 Si
3291 4390 3363 4444 ita
3394 4401 3476 4444 est
3500 4430 3514 4457 ,

1913 4481 2095 4535 videte
2127 4479 2254 4551 quid
2296 4479 2556 4535 incidant.
2587 4480 2694 4532 Aut
2721 4479 2865 4534 enim
2897 4493 3006 4534 non
3038 4481 3214 4536 solum
3245 4481 3479 4536 Arianos
3501 4524 3515 4549 ,

1920 4575 2013 4630 sed
2046 4575 2208 4629 etiam
2240 4574 2598 4628 Photinianos
2626 4588 2686 4628 se
2719 4588 2945 4630 necesse
2985 4581 3073 4630 est
3112 4574 3512 4642 conﬁteantur;

1918 4667 2041 4738 quia
2073 4665 2348 4721 Chriszum
2380 4663 2654 4720 hominem
2686 4673 2892 4718 tantum
2923 4663 3186 4730 fatentur,
3215 4682 3374 4732 quem
3411 4666 3514 4720 bu-

1921 4773 2096 4813 tnanze
2137 4757 2511 4811 tantummodo
2553 4766 2760 4810 natura:
2801 4758 3077 4811 :estimant
3107 4757 3515 4828 capulandum:

1919 4860 2013 4904 aut
2042 4849 2124 4904 vel
2152 4850 2348 4902 invitos
2375 4845 2728 4916 acquiescere
2755 4863 2852 4916 par
2877 4858 2960 4902 est
2987 4858 3185 4902 nostrze
3210 4851 3516 4917 sententiae,

1921 4959 2016 5014 per
2042 4956 2200 5011 quam
2231 4939 2282 4994 id
2309 4943 2452 5010 quod
2481 4940 2648 5009 impie
2675 4940 3010 5012 cogitarunt,
3039 4941 3130 5012 pie
3157 4943 3520 5012 religioseque

1921 5031 2302 5097 defendimus;
2335 5042 2389 5087 ut
2429 5031 2498 5084 sit
2535 5031 2788 5086 Christus
2828 5035 3048 5102 quidem
3088 5037 3386 5090 secundum
3427 5053 3518 5108 ge-

1922 5127 2259 5182 nerationem
2301 5124 2538 5179 divinam
2571 5123 2664 5180 Dei
2699 5125 2904 5192 virtus,
2939 5129 3235 5184 secundum
3267 5146 3520 5202 assump-

1925 5223 2126 5278 tionem
2151 5229 2332 5274 autem
2362 5220 2565 5286 cm'nis,
2595 5220 2751 5274 unius
2776 5236 2897 5274 cum
2925 5222 3180 5276 omnibus
3211 5224 3522 5282 hominibus

1921 5316 1976 5371 itt
2003 5328 2168 5368 carne
2194 5311 2514 5367 substantiae
2541 5331 2555 5367 :
2587 5312 2736 5367 salva
2771 5323 2953 5368 tamen
2985 5315 3380 5373 incarnationis
3409 5334 3523 5376 sua:

1923 5407 2300 5481 gloriatucquia
2313 5408 2594 5462 veritatem
2612 5409 2872 5478 suscepit,
2888 5424 2992 5463 non
3009 5408 3303 5483 imaginem
3317 5416 3520 5471 carnis.

1929 5561 2047 5622 nem
2095 5544 2297 5622 carnis,
2339 5544 2607 5622 Rom._et
2643 5559 2786 5622 '_mss.
2811 5549 2892 5600 ‘ut
2932 5547 2986 5602 itt
3028 5552 3349 5622 textu,'nisi
3383 5555 3526 5621 quod

1934 5617 2125 5696 eadem
2157 5615 2407 5696 praefert,
2441 5617 2528 5696 qui
2551 5615 2816 5696 ueritatem
2841 5633 2858 5671 :
2887 5628 2944 5674 et
2971 5621 3096 5696 cod;
3121 5621 3339 5696 'l'huan.
3367 5615 3529 5696 unus,

1933 5687 2267 5758 ania'veritas
2296 5687 2520 5755 suscepit
2545 5687 2817 5757 imaginem
2843 5691 3032 5747 carnis.
3065 5691 3332 5752 resume.
