3948 6172
479 230 583 285 625

1825 216 2069 273 SANCTI
2107 215 2426 272 AMBROSII

3663 216 3760 273 624

547 346 638 400 50.
684 344 766 401 Sit
811 357 939 412 ergo
977 341 1131 411 juxta
1177 339 1466 392 humanam
1509 336 1877 390 conditionem
1919 341 2084 403 caput
2111 334 2162 395 Α
2190 341 2299 399 tes,
2335 332 2430 388 sed
2466 346 2568 386 una
2610 331 2820 385 virtus:
2855 344 2952 384 nec
2978 329 3233 384 divinitas
3263 329 3590 385 divinitatem
3632 332 3761 384 acci-

477 439 680 496 Christi
725 439 902 499 Deus;
937 451 1041 488 non
1081 434 1226 488 enim
1264 431 1403 486 dixit
1445 441 1606 499 caput
1646 428 1850 484 Christi
1902 429 2081 492 Pater,

477 533 574 586 sed
603 540 755 600 caput
785 527 972 583 Christi
1002 526 1175 591 Deus;
1207 525 1335 596 quia
1366 523 1625 578 divinitas
1645 565 1660 588 ,
1689 533 1742 574 ut
1777 535 1902 592 poxe
1932 535 2085 575 crea-

481 637 516 681 ιι
535 628 582 679 ix
601 666 616 690 ,
642 634 800 694 caput
819 631 902 677 est
928 629 1210 675 creaturae.
1249 619 1315 672 Et
1337 618 1478 673 bene
1500 617 1668 671 dixit:
1698 614 1864 684 Caput
1891 613 2087 667 Christi

476 716 656 779 Deus;
686 724 743 768 ut
769 723 824 769 et
849 712 1192 768 divinitatem
1226 709 1427 764 Christi
1465 707 1804 778 signiﬁcaret
1832 747 1845 770 ,
1879 716 1933 760 et
1962 719 2086 759 car-

480 827 601 867 nem
624 852 638 873 ,
673 809 771 862 hoc
800 816 920 872 est,
951 806 1382 860 incarnationem
1415 803 1468 857 in
1497 802 1700 856 Christi
1735 801 1995 854 nomine:
2031 799 2084 852 in

479 907 592 960 Deo
633 912 813 958 autem
861 902 1126 956 unitatem
1167 897 1505 961 divinitatis,
1549 905 1603 950 et
1648 893 2087 964 magnitudinem

482 997 795 1067 potestatis.

551 1090 638 1143 51.
674 1087 930 1156 Eousque
959 1093 1143 1139 autem
1177 1093 1340 1153 caput
1375 1081 1578 1136 Christi
1613 1082 1759 1135 Deus
1787 1077 2086 1135 secundum

475 1184 900 1240 incarnationem
946 1180 1151 1234 dictum
1195 1187 1316 1242 est,
1366 1185 1425 1231 ut
1467 1188 1518 1230 et
1573 1184 1741 1245 caput
1789 1173 1895 1228 viri
1929 1172 2086 1244 527

481 1277 728 1332 Christus
768 1273 1070 1329 secundum
1104 1269 1531 1325 incarnationem
1563 1267 1727 1323 Verbi
1759 1266 1964 1322 dictum
1996 1267 2086 1318 sit.

479 1367 636 1438 Quod
682 1367 808 1420 alibi
858 1365 1155 1434 Apostolus
1205 1362 1491 1418 evidenter
1543 1359 1796 1430 exposuit
1851 1357 2086 1413 dicens:

483 1463 743 1529 Quoniam
771 1461 848 1511 vir
875 1467 1027 1528 caput
1057 1465 1131 1509 est
1162 1455 1417 1515 mulieris,
1443 1455 1574 1505 sicut
1605 1461 1652 1505 et
1673 1451 1906 1505 Christus
1936 1458 2091 1520 caput

484 1552 730 1607 Ecclesia:
756 1551 977 1623 (Ephes.
1016 1564 1070 1613 v,
1097 1546 1222 1618 9.5).
1257 1547 1322 1600 Et
1354 1545 1409 1600 in
1439 1542 1905 1613 consequentibus
1935 1539 2091 1596 addi-

483 1648 601 1700 dit:
638 1645 738 1712 Qui
766 1660 820 1698 se
846 1642 1061 1696 tradidit
1089 1655 1182 1709 pro
1211 1655 1270 1691 ea
1304 1636 1494 1710 (Ibid.,
1517 1637 1633 1705 9.5).
1669 1633 1980 1690 Secundum
2010 1633 2091 1686 in-

2197 428 2302 496 pit;
2356 427 2479 496 quia
2514 441 2618 480 non
2667 425 2792 480 dua:
2835 424 3175 490 divinitates,
3208 425 3302 479 sed
3332 441 3435 479 una
3484 425 3758 478 divinitas:

2192 535 2292 574 nos
2323 529 2503 575 autem
2530 516 2556 554 ά
2591 534 2687 588 per
2711 529 2988 585 acceptam
3021 527 3072 573 et
3101 516 3489 572 inhabitantem
3521 518 3573 571 in
3619 517 3761 572 nobis

2191 614 2445 668 virtutem
2473 627 2640 667 unum
2667 611 2874 666 erimus
2915 611 2965 664 in
2994 610 3231 665 Christo.

2262 703 2351 760 56.
2392 705 2707 759 Communis
2729 716 2859 772 ergo
2884 702 3059 755 littera
3077 743 3092 766 ,
3124 699 3217 755 sed
3240 699 3554 772 discrepans
3576 699 3763 760 divina,

2192 798 2535 866 humanaque
2564 796 2884 851 substantia.
2937 793 3045 847 Nos
3068 809 3232 847 unum
3263 792 3497 858 erimus,
3533 791 3684 846 Pater
3722 802 3766 846 et

2194 890 2364 945 Filius
2395 906 2562 944 unum
2615 898 2785 944 sunt:
2820 903 2918 942 nos
2963 886 3262 942 secundum
3308 887 3570 957 gratiam,
3620 885 3768 938 Filius

2192 981 2491 1037 secundum
2535 982 2921 1036 substantiam.
2958 980 3076 1034 Alia
3118 988 3300 1034 autem
3331 994 3428 1049 per
3452 977 3768 1048 conjunctio-

2195 1091 2350 1140 nem,
2394 1074 2500 1128 alia
2551 1089 2649 1143 per
2678 1085 2926 1128 naturam
2959 1073 3153 1126 unitas.
3205 1072 3448 1143 Denique
3497 1070 3617 1126 vide
3657 1070 3769 1140 quid

2191 1175 2317 1221 ante
2347 1166 2673 1235 prmmiserit
2699 1184 2710 1220 :
2744 1164 2813 1221 Ut
2841 1181 3015 1219 omnes
3046 1181 3205 1218 unum
3233 1165 3358 1230 sint,
3399 1165 3534 1219 sicut
3562 1174 3646 1229 tu,
3676 1162 3769 1216 Pa-

2195 1269 2292 1326 ter,
2320 1262 2374 1313 in
2406 1276 2506 1326 me,
2533 1271 2578 1314 et
2605 1277 2697 1331 ego
2727 1261 2780 1313 in
2805 1270 2853 1312 te
2875 1258 3064 1331 (Joan.
3089 1275 3195 1314 svu
3214 1301 3229 1323 ,
3263 1257 3390 1328 21).

2266 1355 2354 1408 57.
2397 1352 2694 1408 Considera
2737 1368 2868 1423 ergo
2897 1353 3021 1422 quia
3046 1368 3152 1406 non
3203 1352 3374 1406 dixit:
3405 1351 3486 1407 Tu
3518 1353 3570 1405 iu
3599 1350 3770 1416 nobis,

2195 1454 2251 1502 et
2273 1460 2370 1500 nos
2394 1446 2446 1499 iu
2476 1454 2530 1500 te
2551 1463 2564 1500 :
2589 1445 2684 1500 sed
2718 1455 2772 1498 tu
2799 1444 2855 1498 in
2887 1461 2986 1510 me,
3010 1454 3059 1499 et
3091 1461 3181 1516 ego
3209 1444 3261 1497 in
3294 1455 3378 1510 te;
3407 1451 3465 1498 ut
3491 1459 3551 1499 se
3574 1459 3602 1498 a
3641 1458 3774 1498 crea-

2197 1538 2329 1591 turis
2357 1545 2659 1607 separaret.
2695 1536 2766 1591 Et
2794 1535 3039 1591 addidit:
3095 1534 3160 1590 Et
3204 1536 3292 1589 isti
3331 1537 3382 1588 in
3409 1536 3553 1589 nobis
3579 1532 3773 1607 (lbid.),

2195 1642 2252 1685 ut
2278 1633 2444 1686 etiam
2480 1631 2567 1685 hic
2593 1645 2748 1685 suam
2777 1629 3075 1701 potentiam
3103 1638 3157 1685 et
3185 1629 3364 1683 Patris
3387 1645 3417 1684 a
3443 1629 3596 1686 nobis
3630 1627 3776 1701 528

481 1738 850 1792 carnatiunem
879 1734 1040 1804 igitur
1069 1740 1234 1800 caput
1262 1730 1363 1783 viri
1395 1729 1644 1783 Christus
1669 1769 1683 1793 ,
1725 1727 1852 1796 quia
1883 1740 2081 1780 secun-
2113 1719 2160 1779 B
2187 1733 2533 1788 secerneret,
2562 1732 2620 1776 ut
2655 1722 2796 1793 quod
2837 1737 2937 1776 nos
2972 1722 3023 1775 in
3052 1721 3214 1777 Patre
3250 1732 3306 1777 et
3333 1721 3474 1776 Filio
3499 1735 3658 1775 unum
3694 1734 3775 1772 su-

481 1834 611 1889 dum
645 1829 1072 1885 incarnationem
1105 1827 1241 1880 lacta
1273 1822 1500 1878 traditio
1529 1830 1634 1876 est.

551 1928 642 1983 5:2.
685 1936 710 1961 ἰ
743 1923 838 1978 Est
870 1937 998 1990 ergo
1028 1928 1189 1986 caput
1211 1915 1414 1971 Christi
1440 1914 1616 1977 Deus;
1645 1911 1737 1967 ubi
1770 1912 1949 1976 servi,
1984 1909 2088 1964 hoc

487 2031 600 2086 est,
645 2016 910 2079 hominis,
943 2030 1047 2068 non
1103 2011 1223 2076 Dei,
1259 2008 1431 2062 forma
1474 2015 1759 2061 tractatur.
1817 2004 1922 2060 Sed
1953 2003 2088 2058 nihil

486 2111 808 2186 przejudicat
849 2108 946 2162 Dei
974 2105 1145 2171 Filio,
1179 2103 1225 2156 si
1259 2100 1558 2156 secundum
1588 2098 1770 2153 carnis
1799 2097 2086 2152 veritatem

487 2205 687 2262 similis
731 2202 799 2258 sit
831 2198 1175 2261 hominibus,
1205 2196 1295 2266 qui
1328 2195 1379 2248 in
1425 2193 1708 2248 divinitate
1757 2205 1881 2245 cum
1928 2188 2090 2243 Patre

485 2304 649 2344 unum
681 2293 765 2340 est
795 2289 972 2355 (Joan.
992 2289 1188 2351 x,30);
1223 2302 1330 2336 non
1360 2286 1504 2335 enim
1530 2292 1771 2349 potestas
1794 2283 1895 2334 hac
1924 2281 2089 2334 inter-

483 2382 792 2456 pretatione
822 2378 1112 2440 minuitur,
1141 2374 1236 2428 sed
1268 2371 1645 2428 misericordia
1677 2371 2024 2439 praedicatur.

560 2475 647 2529 55.
690 2473 822 2540 Quis
851 2481 1031 2524 autem
1065 2467 1092 2506 ι)
1125 2483 1287 2522 unam
1319 2466 1660 2521 divinitatem
1695 2464 1870 2519 Patris
1903 2473 1956 2518 et
1992 2463 2087 2518 Fi-

484 2570 539 2624 lii
580 2569 666 2638 pie
695 2568 960 2636 abneget;
989 2579 1110 2618 cum
1155 2563 1270 2631 ipse
1300 2560 1566 2615 Dominus
1611 2567 2089 2613 consummaturus

487 2671 781 2734 prmcepta,
813 2659 1098 2728 discipulis
1127 2658 1242 2711 suis
1271 2655 1508 2710 dixerit:
1547 2653 1614 2708 Ut
1641 2654 1741 2706 sint
1772 2670 1963 2718 unum,
1993 2653 2091 2706 sic-

492 2767 546 2810 ut
588 2767 634 2808 et
664 2769 755 2807 nos
801 2768 961 2806 unum
1001 2766 1175 2806 sumus
1210 2747 1400 2816 (Joau.
1430 2761 1568 2808 xvu,
1603 2744 1742 2817 il)?
1793 2744 1898 2798 Pro
1939 2745 2089 2798 testi-

491 2845 675 2902 monio
703 2845 847 2898 enim
897 2842 1018 2897 ﬁdei
1069 2839 1302 2911 positum
1350 2848 1466 2902 est,
1498 2838 1626 2891 licet
1674 2839 1741 2890 ab
1772 2837 1992 2890 Arianis
2021 2837 2087 2891 ad

491 2943 869 3008 argumentum
930 2932 1173 3002 perﬁdia:
1223 2929 1521 2983 derivetur.
1570 2926 1786 2982 Etenim
1836 2927 2087 2997 quoniam

493 3030 656 3085 toties
677 3027 872 3081 lectam
903 3039 1106 3094 negare
1129 3037 1235 3076 non
1257 3029 1465 3091 queunt
1493 3021 1777 3085 unitatem,
1793 3028 2087 3074 extenuare

2193 1832 2340 1882 mus,
2376 1830 2482 1869 non
2519 1823 2727 1869 natura:
2761 1813 3009 1870 videatur
3038 1829 3197 1879 esse,
3244 1813 3338 1869 sed
3369 1813 3600 1884 gratim:
3644 1811 3774 1882 quod

2191 1917 2370 1963 autem
2386 1908 2554 1962 Filius
2571 1919 2625 1962 et
2650 1907 2813 1963 Pater
2837 1923 3004 1962 unum
3027 1916 3174 1974 sunt,
3200 1923 3303 1961 non
3331 1907 3433 1962 hoc
3455 1906 3625 1962 Filius
3641 1920 3779 1961 acce-

2194 2003 2340 2073 pisse
2375 2018 2470 2072 per
2493 2003 2757 2073 gratiam,
2807 2001 2903 2057 sed
2941 2002 3267 2057 naturaliter
3309 2010 3366 2056 ut
3399 2000 3574 2056 Filius
3623 2000 3778 2072 possi-

2191 2095 2323 2151 dere
2343 2094 2619 2150 credatur.

2809 2187 3038 2244 CAPUT
3093 2188 3178 2244 IV.

2196 2325 2466 2396 Objectum
2493 2327 2555 2376 ab
2583 2324 2835 2378 Iuereticis
2865 2327 3032 2379 locum
3055 2324 3205 2378 illum
3226 2339 3245 2377 :
3274 2323 3392 2380 Non
3421 2333 3604 2395 potest
3631 2324 3780 2380 Filius

2264 2417 2442 2472 facere
2483 2433 2512 2471 a
2544 2433 2603 2472 se
2626 2418 2950 2487 quidquam,
2982 2427 3081 2472 etc.
3105 2459 3120 2483 ,
3157 2419 3323 2489 primo
3364 2435 3392 2473 e
3435 2419 3778 2490 subsequenti-

2264 2511 2355 2564 bus
2383 2512 2544 2564 verbis
2594 2512 2809 2580 exponit
2844 2527 2863 2566 :
2892 2511 3080 2566 deinde
3108 2513 3341 2583 singulas
3394 2513 3584 2585 integri
3627 2521 3780 2566 textus

2161 2626 2176 2643 ο
2262 2619 2406 2656 voces
2429 2603 2739 2674 rependens,
2770 2621 2856 2658 eas
2868 2604 3064 2658 Ariona
3089 2605 3514 2676 interpretatione
3535 2606 3666 2660 sumi
3683 2605 3780 2658 sine

2264 2697 2522 2766 impietate
2545 2704 2634 2749 aut
2655 2696 2971 2750 absurditate
2996 2697 3398 2769 haudquaquam
3435 2715 3611 2768 posse,
3638 2699 3782 2770 potis-

2263 2790 2448 2839 simum
2465 2788 2742 2842 creationis
2770 2788 2952 2842 mundi
2976 2799 3025 2843 et
3053 2791 3397 2860 quorumdam
3420 2790 3620 2847 Christi
3639 2792 3781 2844 mira-

2262 2879 2500 2932 culorum
2537 2881 2787 2951 exemplis
2829 2880 2996 2936 docet.

2262 3033 2351 3087 58.
2396 3032 2576 3105 [Alias
2607 3051 2724 3104 cap.
2779 3034 2899 3102 lll.]
2944 3036 3106 3092 Aliud
3133 3052 3326 3094 rursus
3371 3039 3784 3110 objiciunt,as-

492 3131 793 3185 conantur;
843 3128 903 3174 ιιι
957 3117 1081 3172 talis
1129 3117 1383 3171 Videam"
1436 3114 1735 3169 ἀίνῖηίιτηίε
1779 3115 1956 3167 “nilus
2003 3114 2085 3167 iﬂ-
2113 3107 2158 3168 Ε
2189 3133 2440 3179 serentes
2469 3140 2631 3179 unam
2656 3135 2820 3196 atque
2844 3128 3095 3182 eamdem
3127 3107 3602 3199 potestateniFilii
3628 3142 3680 3188 et
3700 3131 3788 3185 Pa-

499 3232 582 3274 ter
608 3216 825 3270 Patrem
859 3222 912 3267 et
943 3210 1142 3265 Filium
1161 3251 1176 3276 ,
1210 3208 1387 3278 qualis
1411 3218 1494 3262 est
1523 3207 1662 3260 inter
1693 3205 1941 3259 homines
1967 3205 2091 3259 uni-

495 3321 578 3366 tas
608 3307 914 3364 devotionis
946 3313 1003 3360 et
1029 3302 1155 3357 ﬁdei
1182 3321 1194 3355 :
1229 3302 1357 3355 licet
1378 3301 1539 3354 etiam
1571 3298 1715 3365 inter
1743 3297 1890 3366 ipsos
1919 3296 2093 3350 homi-

496 3417 594 3458 nes
626 3397 804 3454 unitas
834 3391 1040 3452 natura:
1073 3397 1141 3449 sit
1174 3409 1237 3447 ex
1272 3390 1666 3447 communitate
1698 3398 1924 3444 naturm.

567 3494 659 3550 54.
701 3490 855 3548 Unde
883 3498 938 3545 et
973 3486 1106 3543 illud
1151 3486 1492 3556 apertissime
1523 3483 1786 3549 solvitur,
1838 3481 1981 3552 quod
2026 3481 2095 3536 ad

499 3585 942 3645 extenuationem
986 3581 1279 3636 Dominicre
1323 3579 1545 3632 unitatis
1574 3577 1814 3646 objicere
1862 3591 2096 3631 consue—

499 3694 661 3744 runt,
693 3679 815 3750 quia
847 3676 1109 3741 scriptum
1140 3681 1225 3728 est
1254 3689 1264 3725 :
1303 3671 1406 3737 Qui
1436 3679 1603 3724 autem
1655 3671 1853 3740 plantat
1875 3709 1888 3730 ,
1920 3678 1967 3722 et
2011 3669 2097 3736 qui

502 3777 668 3848 rigat,
694 3787 852 3825 unum
873 3779 990 3822 sunt
1015 3767 1032 3835 (
1056 3765 1094 3820 l.
1126 3764 1250 3820 Cor.
1288 3780 1376 3827 ιιι,
1409 3762 1505 3836 8).
1548 3763 1660 3818 Iloc
1690 3762 1907 3828 Ariani,
1940 3762 1984 3816 si
2009 3777 2095 3816 sa-

502 3874 726 3937 perent,
759 3879 865 3917 non
901 3859 1225 3930 objiccrent.
1275 3855 1560 3924 Quomodo
1590 3857 1734 3911 enim
1766 3870 1966 3927 negare
2003 3870 2097 3910 co-

503 3967 704 4013 nantur
733 3957 857 4026 quia
890 3954 1050 4010 Pater
1077 3961 1132 4007 et
1155 3951 1324 4006 Filius
1355 3967 1518 4006 unum
1551 3961 1708 4016 sunt,
1756 3966 1878 4005 cum
1901 3952 2102 4005 Paulus

505 4060 561 4105 et
588 4049 783 4120 Apollo
821 4056 877 4103 et
903 4055 1098 4100 natura
1124 4060 1290 4099 unum
1322 4045 1428 4098 sint
1459 4052 1515 4098 ct
1562 4043 1712 4099 ﬁde?
1759 4043 1865 4099 Sed
1920 4054 2099 4097 tamen

511 4159 606 4214 per
631 4141 815 4197 omnia
842 4155 1006 4194 unum
1034 4153 1158 4192 esse
1205 4152 1313 4192 non
1348 4144 1607 4206 possunt,
1653 4137 1779 4207 quia
1829 4147 2104 4206 nequeunt

505 4235 811 4307 comparari
841 4237 1073 4289 lmmana
1103 4231 1321 4285 divinis.

579 4332 668 4385 55.
711 4325 1094 4396 lnseparabilis
1126 4338 1256 4392 ergo
1289 4322 1429 4377 Deus
1445 4321 1602 4376 Pater
1620 4321 1816 4389 Verbo,
1838 4323 2106 4392 insepara-

507 4424 630 4480 bilis
658 4421 887 4483 virtnte,
921 4415 1302 4485 inseparabilis
1333 4413 1598 4482 sapientia
1630 4428 1726 4483 per
1756 4413 1956 4467 divinae
1985 4415 2102 4468 uni-

2196 3216 2292 3270 tris
2320 3230 2441 3272 esse
2473 3233 2581 3271 non
2602 3232 2790 3287 posse,
2821 3219 3074 3289 quiaipse
3099 3219 3267 3276 dixit:
3298 3222 3486 3290 Amen,
3517 3241 3686 3290 amen,
3713 3223 3786 3276 di-

2194 3323 2253 3360 co
2282 3307 2420 3361 vobis
2438 3349 2452 3374 ,
2484 3325 2585 3362 non
2615 3320 2778 3378 potest
2809 3309 2979 3365 Filius
3006 3315 3178 3382 facere
3207 3333 3238 3368 a
3265 3332 3318 3369 se
3343 3317 3656 3385 quidquam,
3701 3315 3789 3370 nisi

2196 3402 2334 3470 quod
2362 3403 2542 3458 viderit
2577 3403 2788 3460 Patrem
2819 3408 3091 3477 facientem
3121 3407 3315 3483 (Joan.
3346 3428 3412 3478 v,
3444 3413 3570 3484 19).
3621 3413 3788 3482 Itaque

2198 3494 2330 3548 nihil
2363 3510 2430 3549 ex
2459 3511 2519 3551 se
2549 3497 2744 3553 iecisse
2776 3498 2975 3553 Filium
3005 3501 3229 3569 dicunt,
3267 3518 3367 3559 nec
3400 3503 3590 3561 facere
3615 3519 3786 3576 posse.

2199 3586 2308 3641 nisi
2334 3588 2479 3657 quod
2508 3589 2708 3645 viderit
2737 3589 3022 3647 facientem
3053 3593 3290 3649 Patrem.

2273 3682 2361 3737 59.
2388 3683 2431 3737 Ο
2461 3684 2684 3752 prmscia
2709 3685 2972 3756 sapientia
2995 3686 3295 3742 inﬁdelium
3317 3689 3785 3760 argumentorum!

2201 3789 2322 3842 qure
2367 3773 2605 3844 subjecit
2634 3777 2778 3847 quod
2809 3778 3084 3845 solveret,
3117 3781 3482 3849 qua-stionem
3502 3825 3519 3850 ,
3551 3781 3788 3839 addendo

2202 3865 2345 3936 quod
2389 3867 2675 3937 sequitur:
2725 3868 2861 3935 Quia
2887 3886 3222 3941 qurecumque
3249 3873 3340 3928 ille
3367 3876 3583 3944 fecerit,
3627 3875 3790 3928 eadem

2204 3971 2250 4016 et
2281 3959 2454 4015 Filius
2486 3964 2611 4032 facit
2633 3964 2870 4019 similiter
2900 3963 3065 4036 (Ibid.
3090 3967 3143 4037 );
3173 3967 3279 4022 hoc
3308 3983 3510 4039 netnpc
3539 3968 3786 4040 sequitur.

2203 4053 2311 4109 Cur
2336 4070 2467 4126 ergo
2490 4057 2754 4127 scriptum
2784 4069 2869 4113 est
2896 4077 2908 4113 :
2935 4058 3137 4113 Eadem
3165 4059 3293 4116 facit
3323 4060 3496 4116 Filius
3517 4105 3532 4128 ,
3563 4074 3585 4100 ο
3613 4071 3668 4118 et
3693 4075 3787 4114 non

2206 4147 2367 4210 talia;
2402 4148 2502 4201 nisi
2549 4157 2607 4202 ut
2647 4149 2701 4203 in
2761 4148 2903 4204 Filio
2951 4151 3247 4219 unitatem,
3281 4168 3388 4207 non
3443 4151 3789 4209 imitationem

2208 4239 2420 4307 paterni
2460 4241 2642 4310 operis
2672 4241 3012 4297 aestimares?

2279 4332 2371 4386 40.
2415 4331 2522 4388 Sed
2555 4342 2732 4388 tamen
2755 4343 2816 4388 ut
2843 4334 3062 4389 illorum
3092 4351 3308 4407 quoque
3336 4349 3657 4410 argumenta
3686 4337 3792 4393 dis-

2208 4423 2516 4490 cutiamus,
2551 4440 2737 4496 quaero
2765 4435 2821 4480 ut
2849 4427 3244 4496 respondeant,
3277 4439 3458 4484 tttrum
3501 4431 3680 4486 videat
3717 4427 3794 4483 Fi-

506 4528 670 4572 tatem
714 4511 1060 4574 snbstantim;
1093 4515 1148 4564 'et
1175 4517 1256 4562 est
1296 4507 1348 4561 in
1401 4507 1568 4573 Filio,
1607 4507 1748 4562 sicut
1795 4507 2102 4578 frequenter
2129 4499 2182 4560 D
2207 4519 2313 4574 [ius
2345 4534 2506 4588 ορρηι
2546 4520 2744 4574 patris.
2800 4520 2961 4576 Vide;
3003 4523 3216 4593 itaque,
3243 4540 3310 4578 an
3352 4526 3501 4579 "0"?
3533 4525 3592 4581 Si
3623 4523 3789 4579 vich

507 4620 591 4666 est
617 4609 911 4678 scriptum.
945 4616 1026 4660 est
1054 4618 1179 4657 vero
1210 4617 1315 4657 non
1341 4613 1396 4657 ut
1419 4615 1438 4639 τ’
1465 4611 1712 4672 egentem
1737 4602 2102 4668 sanctiﬁcans,

505 4721 604 4759 nec
635 4714 692 4756 ιιι
730 4715 956 4755 vacuum
989 4697 1252 4765 implens;
1285 4696 1406 4765 quia
1433 4711 1538 4750 non
1573 4710 1744 4749 vacua
1775 4695 1870 4751 Dei
1901 4697 2095 4752 virtus.

506 4795 613 4851 Nec
630 4794 776 4850 enim
799 4793 972 4846 virtus
999 4791 1200 4844 virtute
1224 4798 1481 4859 augetur;
1505 4789 1626 4859 quia
1654 4803 1757 4844 non
1789 4789 1908 4844 duze
1928 4791 2096 4845 virtu—

570 4975 595 5002 ἰ
623 4965 826 5021 Omnes
856 4962 989 5018 edit.
1013 5001 1028 5027 ,
1055 4959 1150 5014 Est
1180 4977 1300 5030 ergo
1331 4969 1485 5028 caput
1508 4959 1607 5032 uiri
1633 4959 1867 5015 Christus-
1887 5005 1900 5026 ,
1928 4974 2084 5032 caput

499 5036 687 5092 Christi
730 5035 870 5090 Deus
890 5051 908 5088 :
939 5049 1068 5088 mss.
1111 5048 1240 5086 vero
1263 5031 1586 5086 concinnius
1617 5033 1906 5097 omittunt,
1931 5031 2086 5102 caput

497 5110 594 5163 viri
624 5109 894 5172 Christus,
928 5114 986 5159 ut
1019 5104 1264 5172 proxime
1293 5102 1574 5176 sgquentia
1605 5103 1734 5157 satis
1766 5106 2082 5160 ostendunt.

570 5180 597 5218 ι»
637 5179 865 5246 Quidam
899 5191 1030 5231 mss.
1053 5217 1066 5239 ,
1103 5191 1260 5226 unam
1304 5172 1401 5226 Dei
1429 5173 1765 5227 divinitatem.

574 5261 596 5288 ⁸
636 5253 839 5304 Omnes
891 5249 1022 5303 edit.
1068 5262 1132 5300 ac
1171 5246 1279 5296 duo
1309 5262 1468 5316 mss”
1501 5256 1727 5316 egentem
1756 5247 2086 5315 signiﬁcans:

495 5321 690 5388 reliqui
728 5333 882 5382 mss.,
916 5327 1140 5387 egentem
1166 5315 1543 5388 sancti/imum
1571 5317 1736 5386 Magis
1780 5319 2084 5375 commode.

496 5387 766 5447 Caeterum
799 5390 976 5443 obiter
1006 5388 1420 5440 observabimus
1455 5387 1708 5440 Arianam
1742 5389 1879 5442 hanc
1899 5391 2094 5445 verbo-

500 5479 618 5517 rum
643 5459 868 5518 Joannis
899 5459 1403 5527 interpretationcm
1429 5458 1716 5510 admodum
1743 5473 2090 5516 communem

497 5534 684 5589 fuisse.
742 5531 875 5586 Nam
925 5527 1515 5600 prmterAAmbrosiutn
1550 5538 1796 5600 nostrum
1843 5533 2090 5600 eamdem

534 5620 708 5674 noque
730 5598 1056 5674 referuntac
1069 5598 1332 5674 refellunt
1356 5598 1686 5674 Athanasius
1709 5609 1849 5652 orat.
1880 5599 1918 5674 47
1934 5613 2088 5674 cont.

534 5622 708 5674 tluqtte
730 5622 1048 5656 I'CICI'IIIIIHC
1072 5622 1332 5655 l'ClCllUlll
1356 5622 1686 5654 “nutriamus
1709 5622 1849 5652 υηιι.
1880 5622 1914 5653 ἢ
1937 5622 2088 5657 ευηι.

493 5622 712 5737 irino“
745 5671 979 5726 Hilarius
1025 5671 1118 5724 lib.
1155 5685 1244 5725 vm
1295 5671 1364 5725 de
1391 5669 1612 5734 Trinit.,
1646 5669 1871 5740 August.
1910 5672 2004 5728 lib.
2037 5689 2093 5730 ιιι

2205 4627 2337 4685 ergo
2365 4622 2420 4668 et
2463 4613 2628 4668 facit:
2661 4615 2702 4669 si
2734 4613 2898 4682 facit,
2946 4615 3196 4672 desinant
3243 4619 3678 4688 omnipotentem
3711 4634 3796 4672 ne-

2202 4721 2366 4776 gare,
2400 4723 2563 4776 quem
2611 4708 2791 4763 omnia
2827 4723 2988 4779 posse
3020 4709 3231 4777 facere,
3280 4727 3400 4782 qua:
3448 4711 3665 4768 Patrem
3719 4708 3792 4762 la-

2204 4799 2439 4854 cientem
2477 4799 2717 4867 viderit,
2752 4802 3106 4858 conﬁtentur.

2193 4979 2355 5043 cont._
2375 4971 2620 5043 Martium,
2651 4975 2889 5043 Cyrillus
2919 4978 3076 5034 Alex.
3108 4991 3161 5034 et
3188 4982 3300 5035 alii.

2267 5039 2293 5126 (ξ
2335 5040 2479 5126 idem
2503 5045 2652 5126 cod.
2673 5039 2912 5114 percepta
2924 5059 2970 5104 et
2999 5051 3316 5126 inhabitante
3336 5054 3389 5108 in
3421 5055 3567 5109 nobis
3596 5059 3791 5110 virtute.

2273 5122 2294 5148 ο
2336 5112 2701 5192 Mss.__aliq_uot
2723 5160 2741 5192 ,
2766 5127 2939 5174 etnon
2963 5122 3100 5187 alia;
3130 5123 3321 5192 reliqui
3345 5135 3402 5179 et
3422 5126 3556 5180 edit.
3585 5141 3794 5187 omnes,

2198 5192 2244 5267 et
2264 5201 2379 5267 non
2406 5185 2847 5267 talia._.liec_li‘us;
2878 5185 3302 5267 eademquippe
3332 5194 3541 5262 facere,
3575 5185 3795 5267 ταμιεΙῇ

2202 5258 2329 5336 tatis
2354 5266 2466 5320 est;
2503 5258 2627 5312 talia
2651 5300 2665 5322 ,
2699 5260 2748 5315 id
2806 5271 2924 5324 est,
2973 5258 3212 5326 similia;
3239 5258 3590 5323 imitationis.
3641 5258 3795 5336 Obje-

2201 5335 2438 5410 ctititieni
2495 5344 2679 5410 porro,
2729 5347 2888 5410 quam
2940 5337 3312 5410 exsuperiori
3360 5339 3481 5410 loco
3538 5335 3798 5410 urgebant

2199 5396 2556 5480 Arianigtmn
2587 5396 2760 5480 solum
2795 5403 2914 5470 hic,
2942 5417 2995 5461 et
3021 5396 3206 5480 lib.'_tt.
3253 5408 3321 5463 de
3348 5409 3556 5480 Spiritu
3583 5396 3793 5471 sancto,

2199 5483 2320 5538 cap.
2371 5469 2464 5536 12,
2496 5472 2782 5538 eonfutat;
2839 5469 3022 5530 verum
3074 5478 3237 5533 etiam
3289 5469 3404 5533 lib.'
3431 5497 3464 5535 ιι
3543 5469 3793 5538 Hexaem.

2201 5553 2322 5606 cap.
2355 5540 2405 5599 5,
2441 5557 2500 5616 n._
2519 5542 2606 5608 t9,
2628 5554 2684 5598 et
2711 5546 2762 5598 in
2789 5549 2921 5616 psal.
2953 5563 3116 5616 cxvut
3143 5564 3382 5606 sermon.
3409 5552 3500 5616 20,
3532 5570 3685 5608 num.
3710 5551 3797 5613 5‘2.

2406 5612 2653 5670 ultimum
2687 5612 2867 5673 locum
2896 5612 3003 5674 non
3029 5621 3146 5676 sine
3175 5636 3356 5690 operai
3384 5612 3566 5693 pretio
3594 5612 3797 5682 esamié
