3932 6176
162 246 259 303 63.5

1524 260 1613 318 DE
1650 262 1811 321 FIDE
1848 264 1979 322 LIB.
2017 268 2109 325 IV.

3370 280 3478 336 69.6

218 364 310 419 41.
368 362 524 432 Quid
575 377 670 423 est
730 376 951 438 autem,
1007 370 1234 427 uiderit?
1307 370 1768 445 Corporaliumne
1794 380 2040 445 Alutem
2090 382 2296 452 mundi,
2319 385 2472 442 solus
2518 386 2902 446 immaculatus
2953 405 3021 448 ex
3073 393 3195 450 alvo
3238 394 3479 467 Virginis

151 456 388 526 ‘aliquis
421 475 569 516 usus
602 461 891 517 oculorum
924 463 1048 519 est?
1078 464 1184 521 Sed
1208 465 1253 521 si
1286 464 1391 522 hoc
1419 468 1487 524 de
1517 469 1658 526 Filio
1681 487 1776 529 ve-

146 549 493 617 lintdicere,
525 555 842 625 corporalis
881 556 1129 611 etiamin
1173 557 1332 613 Patre
1375 574 1532 615 usum
1579 577 1777 634 opera-

145 644 307 699 tionis
360 645 716 714 ostendent;
772 656 833 702 ut
877 648 1164 706 facientem
1193 651 1411 721 videat,
1463 654 1605 724 quod
1658 657 1774 728 ipse

143 733 388 791 facturus
430 747 551 791 est.

205 829 298 884 42.
342 829 498 898 Quid
535 841 634 887 est
660 841 841 890 autem
868 851 882 889 :
915 834 1040 891 Non
1062 846 1228 907 potest
1256 838 1427 895 Filius
1468 841 1640 911 facere
1667 860 1701 897 α
1723 860 1776 899 se

140 921 477 992 quidquam?
511 922 642 979 Hoc
691 925 1129 998 interrogemus,
1184 929 1287 986 hoc
1335 933 1770 990 consideremus.

141 1013 237 1068 Est
266 1029 408 1085 ergo
460 1016 684 1087 aliquid
736 1018 1079 1089 impossibile
1128 1022 1223 1078 Dei
1276 1024 1464 1080 virtuti
1493 1034 1656 1097 atque
1686 1042 1774 1081 sa-

140 1105 408 1176 pientiae?
436 1107 569 1163 Hoc
613 1118 699 1165 est
721 1111 867 1166 enim
904 1112 1003 1167 Dei
1051 1112 1252 1179 Filius,
1307 1118 1398 1187 qui
1431 1118 1615 1190 utique
1663 1136 1769 1176 non

136 1198 374 1254 alienam
426 1201 665 1272 accepit
712 1201 1123 1272 fortitudinem,
1170 1207 1267 1263 sed
1311 1211 1770 1280 quemadmodum

138 1292 246 1347 vita
275 1300 363 1346 est
384 1332 403 1359 ,
431 1306 557 1348 non
593 1293 773 1351 aliena
802 1298 1170 1356 viviﬁcatioue
1190 1302 1492 1372 subnixus,
1512 1304 1607 1360 sed
1633 1306 1772 1362 alios

136 1382 468 1450 viviﬁcaris;
500 1389 641 1459 quia
670 1389 787 1461 ipse
814 1392 924 1447 vita
940 1405 1059 1448 est:
1088 1394 1163 1449 ita
1178 1396 1343 1451 etiam
1361 1398 1623 1467 sapientia
1653 1409 1766 1468 est,

136 1492 246 1533 non
276 1480 446 1551 quasi
499 1482 781 1554 insipiens
818 1487 1094 1557 accipiens
1123 1490 1443 1558 sapientiam
1468 1533 1484 1559 ,
1526 1492 1623 1548 sed
1676 1494 1771 1566 qui

134 1570 200 1626 de
242 1587 347 1627 suo
379 1574 530 1630 alios
563 1576 730 1632 faciat
758 1591 882 1634 esse
928 1580 1207 1650 sapientes
1233 1604 1246 1638 ε
1288 1582 1361 1637 ita
1393 1583 1553 1639 etiam
1584 1586 1764 1643 virtus

136 1673 253 1733 est,
289 1682 403 1722 non
455 1670 629 1740 quasi
676 1686 777 1742 per
815 1672 1187 1730 infirmitatem
1220 1684 1546 1735 consecutus
1590 1680 1769 1737 incre-

1882 475 2214 543 processisti.

1948 564 2039 622 45.
2080 565 2160 623 Ac
2203 585 2271 624 ne
2304 569 2442 627 forte
2470 572 2862 631 incarnationis
2893 580 3267 636 tantummodo
3292 592 3478 661 putent

1876 662 2327 731 sequestrandum
2359 680 2480 722 esse
2531 670 2846 740 mysterium
2896 672 3059 741 (licet
3099 688 3222 729 cum
3251 675 3469 735 dicunt:

1878 750 1933 805 Ν
1936 768 2000 808 οη
2022 764 2182 823 potest
2212 753 2387 811 Filius
2415 775 2446 812 a
2474 776 2528 814 se
2548 761 2719 827 facere
2744 763 3023 833 quidquam
3043 765 3064 838 (
3079 764 3237 821 Joau.
3262 784 3295 822 γ
3316 810 3331 834 ,
3356 769 3475 841 i9),

1876 844 2011 900 nihil
2057 848 2364 919 excipiant,
2416 852 2487 905 ita
2538 862 2593 907 ut
2640 863 2693 908 et
2721 855 2940 925 quidam
2993 857 3190 928 impius
3240 860 3475 917 dixerit:

1874 934 1984 991 Nec
2011 937 2239 993 culicem
2267 939 2448 997 facere
2473 952 2688 1013 potest,
2718 955 2825 1002 tam
2854 953 3147 1005 temerario
3174 967 3308 1007 ausu
3326 995 3342 1022 ,
3376 970 3473 1024 pe-

1876 1028 2173 1101 tulantique
2224 1049 2480 1091 sermone
2547 1041 2887 1107 maiestatem
2938 1058 3191 1115 supernae
3259 1048 3477 1104 virtutis

1873 1120 2165 1193 irridens),
2199 1123 2321 1193 dic,
2358 1127 2585 1184 Domine
2635 1129 2795 1198 Jesu,
2823 1148 2985 1204 quam
3034 1144 3230 1192 terram
3271 1139 3390 1194 sine
3422 1149 3475 1194 te

1872 1211 2032 1268 Pater
2079 1215 2302 1272 fecerit?
2329 1218 2539 1276 Caelum
2569 1223 2713 1277 enim
2745 1224 2862 1280 sine
2903 1237 2955 1281 te
2985 1243 3095 1283 non
3128 1227 3251 1284 fecit
3272 1273 3287 1296 ,
3342 1232 3469 1303 quia

1871 1308 2129 1377 scriptum
2159 1319 2274 1364 est:
2311 1310 2479 1368 Verbo
2513 1312 2720 1371 Domini
2756 1318 2872 1373 creti
2897 1319 3092 1387 ﬁrmati
3137 1332 3257 1377 sunt
3283 1322 3469 1395 (Psal.

1874 1417 2018 1456 χχιιι
2037 1444 2051 1467 ,
2077 1402 2174 1475 6).

1943 1495 2031 1551 46.
2075 1496 2181 1552 Sed
2215 1512 2315 1554 nec
2367 1508 2567 1556 terram
2600 1502 2721 1558 sine
2769 1512 2822 1560 te
2844 1503 3006 1573 fecit,
3053 1506 3179 1577 quia
3210 1509 3470 1581 scriptmn

1870 1597 1988 1645 est:
2015 1590 2204 1646 Omnia
2230 1610 2321 1662 per
2351 1595 2520 1664 ipsum
2551 1596 2693 1665 facta
2714 1596 2842 1653 sunt
2863 1642 2877 1665 ,
2920 1608 2964 1655 et
2990 1605 3102 1657 sine
3128 1604 3245 1673 ipso
3273 1604 3472 1675 factum

1868 1693 1941 1738 est
1988 1683 2118 1740 nihil
2173 1686 2368 1755 (.Ioau.
2400 1704 2445 1754 ι,
2479 1688 2514 1744 5
2535 1690 2575 1760 ).
2606 1690 2739 1746 Nam
2771 1693 2817 1747 si
2848 1694 3050 1765 aliquid
3100 1696 3219 1752 sine
3262 1706 3331 1753 ιε’
3355 1697 3472 1753 Deo

139 1769 320 1814 menta
353 1761 631 1830 virtutis,
661 1763 758 1820 sed
788 1767 905 1836 ipse
933 1766 1142 1834 virtus,
1173 1768 1267 1839 qui
1305 1770 1565 1827 virtutem
1617 1771 1767 1829 forti-
1795 1771 1843 1831 B
1870 1774 2051 1831 Verbo
2079 1776 2241 1834 Pater
2270 1778 2434 1846 fecit,
2479 1797 2584 1836 non
2630 1798 2760 1853 ergo
2792 1761 2972 1841 omnia
3004 1786 3144 1844 facta
3191 1804 3286 1860 per
3340 1790 3477 1847 Ver-

140 1850 236 1907 bus
264 1852 573 1925 largiatur.

208 1945 298 2000 45.
341 1945 659 2015 Quomodo
688 1964 821 2021 ergo
852 1951 1025 2010 virtus
1056 1954 1211 2023 quasi
1243 1969 1366 2011 cum
1411 1956 1767 2029 jurisjurandi

152 2037 522 2094 attestatione
554 2037 726 2096 dicit:
756 2041 919 2097 Amen
938 2083 954 2109 ,
977 2060 1127 2099 amen
1156 2044 1274 2100 dico
1313 2048 1454 2102 vobis
1479 2048 1688 2121 (10am,
1710 2067 1763 2119 ν,

147 2126 256 2198 i9),
287 2130 443 2199 quod
474 2142 568 2188 est
613 2150 627 2188 :
673 2131 701 2171 ι)
735 2132 1021 2202 Fideliter,
1048 2136 1285 2193 ﬁdeliter
1314 2138 1473 2194 dico?
1504 2140 1769 2198 Fideliter

147 2218 308 2291 529
336 2236 481 2292 ergo
521 2222 670 2279 dicis
693 2266 708 2290 ,
745 2225 975 2281 Domine
1000 2226 1132 2283 Jesu
1158 2271 1173 2296 ,
1201 2239 1257 2285 et
1281 2245 1405 2287 eum
1437 2235 1765 2290 sacramenti

147 2313 377 2383 quadam
392 2317 737 2387 repetitione
758 2319 1058 2377 conﬁrmas
1074 2323 1218 2393 quod
1234 2323 1563 2382 nihilfacere
1577 2336 1732 2396 potes
1749 2369 1763 2395 ,

149 2404 246 2459 nisi
297 2408 454 2478 quod
484 2408 788 2468 facientem
832 2413 1049 2471 Patrem
1086 2416 1311 2473 videris.
1362 2417 1564 2475 Fecisti
1614 2436 1768 2477 mun-

149 2497 307 2566 dum,
342 2505 626 2575 numquid
654 2506 889 2563 alterum
941 2508 1203 2565 mundum
1236 2510 1402 2567 Pater
1445 2521 1570 2569 tuus
1605 2512 1765 2581 fecit,

147 2605 307 2661 quem
337 2598 503 2666 quasi
563 2597 633 2653 ad
681 2600 967 2669 exemplar
994 2602 1315 2674 acceperis?
1361 2604 1505 2676 Ergo
1546 2620 1768 2663 necesse

150 2693 229 2739 est
251 2684 507 2744 fateantu
523 2705 551 2744 r
571 2689 726 2761 impii
750 2702 774 2731 ο
799 2701 896 2748 aut
920 2692 1060 2750 duos
1079 2737 1096 2763 ,
1132 2704 1227 2751 aut
1251 2704 1403 2752 certe
1432 2700 1627 2753 multos
1643 2713 1769 2755 esse

151 2781 419 2851 mundos,
453 2783 615 2856 quod
648 2785 961 2858 philosophi
988 2798 1277 2856 asserunt;
1321 2798 1379 2845 ut
1397 2807 1458 2847 se
1500 2793 1661 2847 etiam
1712 2794 1765 2847 in

155 2872 255 2928 hoc
271 2890 469 2933 errore
490 2879 825 2950 gentilitatis
853 2880 1153 2938 involvam.
1173 2884 1279 2939 Aut
1305 2884 1354 2939 si
1386 2884 1557 2940 velint
1580 2901 1766 2941 verum

154 2966 331 3033 sequi,
354 2967 558 3025 dicant
582 2970 703 3027 sine
723 2973 1024 3043 exemplari
1054 2981 1107 3030 te
1132 2974 1347 3040 fecisse,
1374 2976 1518 3046 quod
1542 2978 1762 3036 feceris.

221 3060 314 3117 44.
359 3063 459 3120 Dic
511 3065 676 3133 mihi,
711 3066 973 3135 Domine,
1025 3069 1246 3139 quando
1274 3071 1325 3124 in
1358 3072 1495 3126 mari
1550 3072 1765 3127 Patrem

1874 1867 1998 1924 bum
2020 1913 2035 1936 ,
2068 1881 2123 1928 et
2153 1876 2481 1946 evangelista
2514 1880 2793 1934 mentitur.
2829 1880 2983 1949 Quod
3016 1882 3061 1937 si
3110 1883 3292 1939 omnia
3335 1884 3473 1940 facta

1872 1976 1971 2032 per
2001 1961 2233 2020 Verbum
2261 2007 2276 2032 ,
2309 1975 2364 2021 et
2408 1970 2589 2023 omnia
2621 1985 2715 2039 per
2739 1979 2791 2027 te
2828 1982 3113 2043 creperum
3146 1988 3300 2043 esse,
3352 1991 3474 2046 qua:

1872 2069 1979 2109 non
2010 2065 2199 2120 erant,
2235 2057 2423 2129 utique
2451 2075 2572 2130 qua:
2601 2076 2708 2117 non
2738 2063 2916 2119 vidisti
2949 2079 2980 2119 a
3012 2064 3172 2121 Patre
3215 2064 3357 2122 facta
3382 2109 3396 2133 ,
3442 2081 3474 2121 a

1873 2155 1925 2200 te
1968 2148 2089 2216 ipse
2125 2148 2321 2204 fecisti.
2362 2148 2474 2205 Nisi
2502 2151 2642 2208 forte
2675 2150 2703 2190 ἀ
2734 2154 3140 2224 philosophicas
3185 2156 3280 2212 tibi
3325 2156 3475 2214 ideas

1872 2238 2145 2294 Platonica
2172 2240 2262 2295 illa
2292 2241 2660 2311 diSputatione
2690 2247 3062 2315 praestituunt,
3088 2263 3224 2317 quas
3244 2248 3313 2303 ah
3326 2250 3475 2318 ipsis

1874 2342 2053 2388 tamen
2107 2335 2447 2407 philosophis
2496 2339 2697 2393 scimus
2740 2340 2945 2395 irrisas.
3001 2339 3058 2395 Si
3091 2350 3273 2396 autem
3323 2356 3389 2395 ex
3420 2350 3474 2397 te

1872 2427 1989 2497 ipse
2012 2428 2210 2495 fecisti,
2236 2444 2373 2484 vana
2393 2438 2478 2486 est
2497 2421 3102 2504 assertiOperﬁtlorum,
3119 2450 3242 2505 quae
3260 2437 3471 2491 auctori

1870 2519 2113 2574 omnium
2134 2560 2151 2586 ,
2174 2520 2261 2575 cui
2311 2522 2555 2592 suppetit
2602 2539 2670 2579 ex
2720 2539 2780 2580 se
2809 2524 3040 2581 faciendi
3071 2526 3470 2598 magisterium,

1873 2610 2063 2666 tribuit
2091 2611 2336 2669 discendi
2368 2615 2691 2684 profectum.

1942 2703 2034 2758 47.
2080 2701 2236 2772 Quod
2265 2704 2309 2760 si
2333 2720 2429 2776 per
2454 2715 2503 2761 te
2527 2717 2724 2777 negant
2745 2708 2944 2764 caelum
2968 2724 3089 2766 esse
3116 2709 3314 2765 factum
3334 2751 3350 2778 ,
3383 2711 3469 2767 vel

1874 2805 2109 2864 terram,
2165 2798 2521 2856 considerent
2552 2800 2702 2871 impii
2735 2816 2843 2872 quo
2871 2817 2934 2857 se
2971 2818 3072 2858 suo
3113 2803 3297 2859 furore
3337 2819 3472 2874 pra:-

1872 2890 2100 2961 cipitent
2118 2931 2132 2955 ,
2158 2905 2280 2946 cum
2304 2891 2567 2961 scriptum
2595 2894 2702 2949 sit:
2736 2892 2829 2948 Dii
2860 2895 2946 2965 qui
2972 2912 3073 2950 non
3102 2898 3337 2968 fecerunt
3363 2913 3465 2951 ete-

1874 2981 1978 3036 funt
2002 2992 2052 3037 et
2072 2993 2288 3053 terram,
2324 2992 2535 3056 pereant
2569 2984 2803 3055 (Jerem.
2837 3001 2892 3054 ι,
2922 2988 2983 3043 ll
3008 2989 3048 3057 ).
3072 2988 3278 3044 Peribit
3296 3002 3429 3059 ergo
3452 3030 3468 3054 ,

1879 3075 2111 3142 Ariane,
2143 3078 2234 3147 qui
2284 3077 2425 3148 quod
2461 3078 2731 3148 perierat,
2764 3090 2819 3135 et
2850 3081 3055 3151 reperit
3090 3089 3145 3136 et
3195 3081 3472 3138 redemit?

157 3150 508 3211 incarnatum
537 3155 741 3213 videris
761 3159 1130 3216 ambulantem
1161 3159 1356 3234 (Mure.
1376 3178 1459 3229 vt,
1488 3162 1618 3233 48)?
1648 3163 1763 3235 Ego
1795 3161 1840 3224 C
1871 3165 1979 3222 Sed
2011 3165 2078 3222 ad
2118 3168 2396 3238 proposita
2423 3178 2787 3226 revertamur.

157 3247 298 3301 enim
321 3251 559 3316 nescio,
587 3264 691 3321 ego
719 3250 824 3306 hoc
851 3251 919 3308 de
966 3253 1128 3309 Patre
1174 3253 1400 3309 credere
1438 3254 1763 3325 sacrilegum

160 3347 317 3406 puto,
357 3342 452 3412 qui
513 3351 565 3396 te
613 3342 788 3397 solum
825 3357 1045 3399 carnem
1092 3346 1456 3416 assumpsisse
1505 3347 1762 3418 cognovi.

159 3428 383 3497 Quando
415 3432 633 3490 videris
652 3433 708 3489 iu
737 3435 940 3505 nuptiis
960 3435 1176 3493 Patrem
1207 3452 1402 3508 aquam
1423 3437 1478 3492 in
1497 3438 1625 3495 vina
1645 3454 1764 3493 ver—

163 3532 361 3579 tentem
397 3524 599 3600 (Joau.
631 3543 704 3594 ιι,
730 3526 840 3599 9)?
870 3528 978 3585 Sed
1004 3517 1180 3585 solum
1212 3540 1265 3584 te
1292 3532 1629 3601 unigenitum
1667 3530 1761 3585 Fi-

162 3616 286 3674 lium
312 3621 421 3694 legi
445 3639 522 3679 ex
543 3623 707 3680 Patre
728 3633 913 3680 natum
936 3669 951 3692 ,
976 3627 1152 3682 solum
1177 3636 1229 3683 te
1254 3643 1323 3683 ex
1342 3628 1548 3698 Spiritu
1575 3640 1763 3684 saneto

165 3718 341 3783 accepi
364 3724 423 3770 et
444 3714 672 3787 Virgine
692 3718 995 3773 secundum
1021 3719 1408 3776 incarnationis
1424 3728 1765 3775 sacramenta

162 3816 479 3872 generatum
506 3807 732 3881 (Matth.
759 3825 806 3878 ι,
836 3811 908 3866 25
927 3813 970 3876 ).
1006 3811 1149 3882 Ergo
1178 3811 1281 3867 ista
1301 3855 1315 3877 ,
1345 3828 1466 3883 qua:
1496 3827 1762 3866 memora-

168 3897 336 3955 vimus
382 3917 415 3957 a
450 3911 507 3958 te
532 3911 680 3973 gesta
702 3944 718 3969 ,
749 3918 858 3961 non
886 3905 1011 3961 fecit
1040 3906 1238 3962 Pater:
1295 3906 1390 3961 sed
1437 3906 1556 3961 sine
1585 3920 1769 3961 exem-

168 3990 297 4059 plari
327 3998 545 4066 paterni
573 3997 776 4068 Operis,
794 3999 859 4055 ad
885 3999 1253 4056 redimendam
1283 4011 1375 4055 tuo
1399 4001 1661 4070 sanguine
1683 4014 1771 4055 sa-

240 4135 263 4163 “
305 4129 564 4201 Nonnulli
594 4147 751 4198 tnss.,
780 4134 967 4201 aliquis
995 4135 1132 4188 visus
1161 4133 1430 4188 oculorum
1454 4144 1623 4189 est....
1650 4150 1765 4188 cor-

173 4200 368 4265 porales
407 4206 564 4258 etiam
593 4205 646 4258 in
678 4203 836 4259 Patre
865 4200 1018 4268 uisus,
1055 4213 1159 4260 etc.

241 4268 268 4307 ι’
301 4273 454 4329 llunc
479 4275 840 4345 signiﬁcatum
888 4276 1145 4331 dictionis
1187 4276 1349 4329 Amen
1389 4274 1553 4330 tradit
1596 4275 1759 4330 etiam

176 4338 556 4417 llieronyutus'
585 4347 745 4416 epist.
776 4346 900 4409 154,
953 4362 1075 4417 qua:
1122 4355 1208 4401 est
1235 4346 1302 4401 ad
1351 4346 1758 4413 Sophronium,

178 4420 229 4463 ct
255 4413 392 4479 157ξ
409 4434 529 4487 qua:
558 4413 984 4473 ad'Marcellaml
1016 4417 1074 4472 In
1101 4418 1212 4473 illis
1249 4425 1431 4473 autem
1464 4418 1600 4472 alias
1627 4417 1762 4473 duas

181 4488 521 4559 acccptiones
545 4487 723 4552 addit,
758 4488 1008 4543 nimirum
1037 4489 1125 4543 ubi
1155 4488 1480 4559 quandoque
1512 4503 1610 4559 pro
1642 4489 1763 4557 ﬁat,

181 4556 494 4629 quandoque
543 4574 643 4629 pro
670 4575 786 4614 cere
810 4573 906 4614 seu
932 4574 1108 4613 verum
1138 4556 1230 4624 sit,
1257 4556 1493 4629 ponitur.
1514 4556 1760 4614 Easdem

2405 3260 2568 3333 530
2603 3261 2832 3319 CAPUT
2869 3262 2937 3319 v.

1873 3349 2105 3421 Cmptam
2127 3351 2314 3424 objecti
2342 3352 2446 3406 loci
2472 3355 2843 3426 expositionem
2870 3371 3080 3427 urgens.
3097 3357 3321 3413 rationes
3344 3374 3471 3428 qua-

1945 3454 2063 3498 tuor
2114 3444 2297 3514 quibus
2346 3444 2546 3514 aliquid
2598 3447 2712 3516 ﬁeri
2767 3463 2869 3501 non
2923 3465 3068 3518 posse
3113 3450 3471 3518 afﬁrmamus,

1944 3537 2166 3606 explicat
2187 3578 2202 3603 ,
2227 3545 2276 3590 et
2302 3552 2481 3590 earum
2522 3537 2719 3608 primas
2747 3548 2848 3593 tres
2873 3539 2927 3593 in
2949 3538 3218 3592 Christum
3259 3556 3363 3594 non
3386 3556 3478 3596 ca-

1944 3632 2092 3696 dere,
2124 3630 2302 3684 solutis
2330 3629 3088 3702 quibusdamobjectiunculis,
3121 3632 3467 3698 demonstrat,

1942 3732 1989 3775 et
2016 3720 2217 3776 Filium
2244 3730 2453 3792 prapter
2498 3722 2664 3785 solam
2696 3722 2966 3789 potestatis
2992 3737 3111 3775 cum
3154 3719 3314 3776 Patre
3352 3724 3473 3776 uni-

1942 3823 2093 3867 tatem
2116 3813 2247 3867 nihil
2271 3829 2303 3865 a
2328 3829 2382 3867 se
2408 3813 2577 3882 facere
2599 3830 2749 3883 posse
2774 3813 2996 3867 deducit.

1944 3903 2032 3959 48.
2051 3903 2336 3972 Quomodo
2352 3920 2455 3958 non
2478 3914 2641 3974 potest
2660 3903 2832 3959 Filius
2848 3906 3018 3975 facere
3032 3920 3064 3957 a
3086 3921 3140 3959 se
3151 3905 3472 3975 quidquam?

1874 3998 2192 4067 Quaeramus
2236 3996 2364 4067 quid
2395 3998 2465 4051 sit
2504 3997 2647 4067 quod
2697 3998 2877 4051 facere
2907 4012 3013 4051 non
3046 3998 3235 4068 possit.
3289 3997 3472 4053 Multas

1873 4147 1997 4202 cap.
2026 4133 2117 4199 Η,
2143 4147 2295 4186 num.
2328 4132 2419 4191 52.
2448 4141 2500 4187 et
2524 4130 2618 4188 lib.
2644 4150 2658 4188 ι
2690 4132 2929 4186 Rctract.
2960 4146 3079 4201 cap.
3107 4133 3141 4187 5
3168 4130 3469 4197 ;Eusebius

1867 4205 1962 4258 lib.
1990 4219 2077 4269 xl,
2107 4203 2346 4273 Pracpar.
2380 4203 2580 4273 Evang.
2603 4245 2617 4269 ,
2648 4219 2798 4258 num.
2828 4202 2919 4271 27,
2951 4218 3015 4258 ex
3048 4202 3144 4258 lib.
3176 4218 3225 4255 v1
3260 4203 3465 4261 Strom.

1866 4272 2164 4330 Clementis
2191 4272 2373 4337 Alex.,
2397 4284 2453 4330 et
2479 4272 2633 4330 multi
2673 4275 2784 4329 alii.
2802 4272 2976 4330 Porro
3004 4273 3302 4343 Gregorius
3326 4289 3466 4343 quo-

1865 4361 1970 4414 que
2001 4344 2253 4400 Nazianz.
2284 4346 2434 4400 Orat.
2469 4345 2543 4401 56
2573 4361 2678 4401 non
2722 4346 2918 4400 minori
2961 4345 3164 4413 impetu
3193 4344 3467 4401 invehitur

1866 4417 1921 4495 in
1946 4417 2208 4484 Arianos,
2237 4416 2381 4488 quod
2407 4417 2546 4472 duos
2571 4419 2659 4473 Vel
2682 4418 2846 4472 etiam
2875 4414 3362 4495 quatuorlmundos
3382 4416 3467 4470 in-

1867 4490 2150 4544 ducerent.

1940 4556 1969 4596 d
2007 4558 2334 4613 Ambrosius
2357 4567 2470 4614 tum
2500 4559 2618 4627 hic,
2643 4568 2753 4614 tum
2778 4559 2872 4613 lib.
2908 4576 2942 4613 ι.
2971 4558 3230 4614 llexaem.
3262 4571 3383 4627 cap.
3412 4558 3465 4621 l,

181 4621 428 4701 similiter
470 4621 706 4685 admittit
746 4630 1090 4701 Ambrosius,
1138 4621 1374 4699 priorem
1434 4629 1646 4701 scilicet
1706 4631 1762 4685 in
1786 4621 1842 4683 D
1871 4646 2021 4685 num.
2046 4633 2097 4696 l,
2124 4638 2339 4701 veteres
2362 4631 2465 4685 PP.
2490 4621 2727 4701 secutus,
2758 4639 2816 4684 ut
2840 4638 2965 4701 puta
2985 4621 3461 4701 JustittuutMart.,

184 4698 368 4773 psalm.
421 4716 509 4764 χι,
541 4717 692 4773 num.
732 4699 1082 4773 56,7alteram
1130 4698 1312 4758 autem
1366 4701 1460 4757 lib.
1503 4702 1571 4757 de
1600 4700 1762 4773 Myst.

184 4779 297 4832 t'ap.
327 4768 384 4834 9,
416 4786 565 4827 num.
596 4771 686 4837 54,
713 4781 767 4826 ct
793 4771 943 4826 alibi.

256 4847 277 4873 θ
316 4840 482 4907 Quam
508 4844 611 4898 hoc
627 4843 750 4898 loco
770 4843 941 4912 tangit
964 4840 1059 4896 Vir
1079 4852 1296 4897 sanctus
1314 4841 1763 4912 philos0phorum

186 4913 528 4984 quorumdam
550 4914 618 4968 de
646 4913 971 4968 mundorum
996 4912 1398 4984 multiplicitate
1429 4912 1760 4984 opinionem,

187 4977 421 5051 ejusdem
448 4983 579 5040 alibi
611 4999 716 5037 non
749 4984 919 5039 semel
953 4977 1282 5039 mentionem
1309 4977 1552 5051 facitfut
1577 4977 1764 5038 exerui-

194 5048 256 5124 ριὶ
285 5065 440 5109 eausa
470 5054 567 5109 lili.
597 5072 613 5110 I
661 5054 924 5110 Hexaem.
955 5068 1076 5124 cap.
1111 5055 1162 5120 I,
1186 5071 1241 5109 ιι.
1266 5054 1320 5120 5,
1340 5066 1392 5111 ει
1419 5048 1513 5109 lib.
1543 5069 1613 5120 tt,
1640 5068 1760 5122 cap.

190 5116 242 5179 2.
274 5137 418 5178 num.
446 5126 498 5179 5.
530 5126 657 5180 Han:
688 5133 867 5181 autem
896 5125 985 5179 illa
1015 5116 1281 5180 sententia
1309 5116 1767 5180 'bifariam'div'i-

191 5187 427 5249 debatur.
462 5194 674 5251 Etenim
709 5196 890 5265 plures
933 5196 1164 5250 mundos
1201 5197 1437 5251 existere
1471 5208 1764 5264 corporeus

190 5267 568 5321 asseverabant
601 5268 842 5321 nonnulli
866 5308 880 5331 ,
929 5283 1050 5321 cum
1079 5266 1171 5321 alii
1197 5267 1472 5335 geminum
1517 5273 1762 5332 tantum,

187 5341 503 5399 corporeum
526 5335 736 5407 scilicet
762 5353 923 5407 quem
953 5337 1288 5399 habitamus,
1323 5346 1486 5407 atque
1508 5337 1763 5407 incorpo-

184 5412 327 5480 reum
345 5408 445 5488 qui
467 5406 1224 5488 et_archetypu.s.voeitabatur
1239 5447 1253 5472 ,
1278 5406 1657 5488 admittebant.
1684 5406 1763 5488 De

192 5470 1047 5545 priore'intelligendus'videntur
1064 5470 1380 5533 Ambrosius
1406 5478 1583 5533 ritatis
1605 5477 1762 5542 locis,

193 5555 291 5619 non
321 5561 483 5603 secus
506 5561 571 5619 ac
599 5545 819 5616 Magnus
846 5550 1177 5619 Augustinus
1204 5548 1299 5602 lib.
1328 5564 1414 5617 ut,
1445 5559 1593 5604 cont.
1614 5548 1766 5619 Aca-

196 5609 327 5683 dem.
360 5633 485 5683 cap.
521 5617 625 5680 10,
673 5609 820 5671 ιῖιιιιι.
852 5609 961 5683 25,
1001 5632 1105 5672 nec
1128 5634 1233 5673 non
1282 5619 1375 5671 lib.
1399 5609 1443 5673 tt
1491 5619 1559 5672 de
1600 5615 1760 5674 Civil.

200 5677 322 5748 Dei,
348 5677 473 5754 cap.
506 5685 579 5750 ‘2,
613 5677 677 5740 et
702 5688 790 5758 lib.
829 5704 883 5743 xi
904 5729 919 5754 ,
946 5677 1066 5757 cap.
1096 5690 1160 5753 5,
1204 5688 1492 5758 pluresque
1520 5689 1649 5758 alii:
1697 5689 1766 5744 de

203 5753 495 5816 posteriOre
524 5764 699 5807 autem
732 5756 870 5811 idem
899 5753 1224 5828 Augustinus
1253 5757 1344 5812 lili.
1373 5753 1482 5812 I'de
1526 5753 1727 5812 Ordine
1752 5796 1763 5815 .

1876 4701 2083 4755 Parte".
2143 4700 2209 4755 ad
2256 4699 2508 4767 Graecos,
2556 4698 2894 4757 Clementem
2943 4698 3211 4754 Alexand.
3263 4698 3360 4753 lib.
3415 4714 3466 4753 vt

1876 4772 2138 4851 Strpmat.
2161 4812 2176 4836 ,
2205 4770 2599 4851 Tlertulliat‘ium
2630 4772 2706 4851 de_
2731 4773 2932 4851 _Anima
2975 4785 3108 4851 περ..
3139 4768 3173 4824 8
3211 4780 3283 4851 ει
3312 4769 3460 4851 Prae:

1873 4843 2062 4910 script.
2086 4855 2206 4908 cap.
2234 4841 2292 4921 '7z
2313 4851 2472 4921 atque
2494 4843 2661 4906 alios,
2693 4842 2935 4896 idearum
2963 4840 3185 4921 nomine
3211 4840 3464 4921 intelligit

1876 4921 2095 4992 naturas
2125 4911 2383 4992 quasdam
2422 4912 2807 4992 incorporeas,
2840 4922 3074 4966 aeternas
3094 4912 3459 4992 ,“increatas.

1874 4998 1903 5035 a
1933 4982 2047 5062 Deo
2075 4979 2369 5062 et.’_mt_tnd.o
2413 4979 2731 5062 distinctas,
2772 4999 2880 5053 quo
2908 4981 3223 5062 sensu-illas
3254 4979 3465 5062 Aristo-

1874 5050 2368 5132 telesvariishlocis
2413 5052 2717 5132 Metaphys.
2767 5050 2928 5132 atque
2975 5051 3166 5132 Ethic._
3186 5050 3457 5132 explicat,

1870 5132 1926 5177 et
1951 5121 2159 5177 irridet.
2195 5119 2300 5176 Sed
2329 5122 2504 5190 ipsum
2533 5119 2652 5179 sive
2673 5123 2815 5192 quod
2844 5119 3168 5193 praeceptori
3189 5119 3289 5176 suo
3314 5122 3460 5176 invi-

1870 5194 2057 5264 deret.
2102 5193 2217 5264 sive
2244 5194 2387 5264 quod
2426 5209 2535 5249 non
2561 5196 2698 5249 satis
2741 5200 2965 5264 caperet
3003 5192 3149 5264 illius
3191 5198 3458 5258 mentem,

1868 5263 2114 5345 ejusdem
2143 5262 2445 5319 doctrinam
2475 5265 2780 5345 traduxisse
2812 5261 3457 5345 adahsurdumnsensum

1870 5334 2023 5416 multi
2044 5346 2308 5416 arguunt;
2331 5349 2457 5416 cum
2486 5352 2588 5416 per
2607 5336 2756 5416 ideas
2778 5334 2913 5416 nihil
2933 5334 3077 5390 aliud
3100 5332 3462 5416 intellexisset

1869 5404 2085 5459 divinus
2116 5403 2503 5486 philosophus,
2538 5407 2640 5462 nisi
2668 5408 2869 5486 formas
2894 5407 2948 5460 in
2994 5414 3177 5486 mente
3195 5403 3296 5486 Dei
3337 5403 3459 5460 exi-

1869 5473 2221 5540 stentem—ad
2249 5490 2385 5546 quas
2430 5477 2522 5532 ille
2565 5477 2825 5533 mundum
2855 5476 3150 5546 creaverit.
3195 5473 3285 5546 S_ic
3330 5488 3456 5529 eum

1869 5544 2874 5626 i_nterpretantur__preeter__Eusebium
2901 5546 3012 5626 lib._
3029 5562 3082 5626 ὲι
3120 5544 3188 5626 de
3216 5544 3456 5626 Prtepar.

1872 5615 2078 5687 Evan'g.
2131 5632 2279 5671 num.
2304 5617 2395 5679 55,
2423 5627 2480 5673 ει
2521 5619 2614 5673 lih.
2665 5634 2768 5684 xv,
2802 5618 3094 5687 num.ﬂt3,
3126 5615 3460 5687 Augustinus

1873 5689 1965 5742 lib.
1995 5686 2063 5742 de
2111 5688 2314 5754 Quaest.
2343 5689 2445 5755 85,
2475 5706 2529 5760 q.
2560 5689 2631 5744 46
2651 5732 2665 5756 ,
2699 5698 2755 5743 et
2793 5689 2885 5756 lib.
2917 5704 2933 5741 ι
2968 5686 3212 5743 Rotract.
3243 5696 3364 5756 cap.
3393 5686 3461 5750 δέ

1873 5770 1925 5812 et
1954 5761 2133 5813 nlurcs
2168 5758 2278 5813 alii.

1870 5770 1925 5812 et
1954 5761 2133 5828 plures
2168 5759 2278 5813 alii.
