3932 6176
452 255 556 308 6ἒῖ

1796 240 2041 310 ΞΑΝΟΤΙ
2079 240 2404 307 ΑκΒίίΟειΙΙ

3647 242 3761 300 628

450 377 575 425 sunt
606 365 1103 437 impossibilitatum
1127 360 1473 423 diﬁ’erentiae.
1503 358 1599 417 Est
1620 356 1833 428 aliquid.
1854 362 2049 419 natura
2078 356 2131 433 ᾼ
2156 355 2209 415 in
2240 354 2475 419 vulnere
2501 354 2697 411 debilis
2728 373 2833 411 non
2862 363 2999 424 erat,
3030 367 3149 413 erat
3174 358 3227 413 in
3262 357 3583 427 majestate?
3610 358 3759 426 Quo-

455 458 825 531 itnpossibile,
878 466 935 511 et
982 466 1065 511 est
1111 454 1312 525 aliquid
1360 452 1505 524 quod
1548 461 1633 507 est
1675 450 1931 521 possibile
1954 464 2051 519 per

456 563 735 616 naturam,
792 548 1131 619 impossibile
1178 563 1274 618 per
1320 545 1708 611 inﬁrmitatem.
1744 546 1843 599 hist
1886 543 2049 607 etiam

456 644 676 703 tertium
700 642 840 714 quod
882 643 955 697 sit
983 640 1241 711 possibile
1270 656 1366 711 per
1391 639 1641 709 corporis
1669 648 1726 693 et
1753 635 1921 693 animi
1952 636 2043 690 Ωιι

455 739 733 804 mitatem,
781 733 1118 804 impossibile
1150 748 1245 803 per
1292 730 1636 802 imperitiam
1660 740 1750 787 aut
1782 719 2046 799 impoten-

454 830 605 884 tiam.
643 828 739 889 Est
782 830 944 885 etiam
975 827 1120 898 quod
1151 841 1247 897 per
1294 825 1663 881 deﬁnitionem
1697 822 2051 879 immutabilis

455 920 754 993 prepositi,
801 928 858 977 et
901 920 1205 981 consumtis
1247 916 1708 989 perseVerantiam
1754 915 2048 973 voluntatis

455 1025 623 1087 atque
651 1016 902 1071 amicitia:
930 1013 1091 1071 iidem
1121 1014 1194 1068 sit
1240 1012 1575 1083 impossibile
1603 1009 1823 1075 mtttari.

524 1110 617 1167 to.
657 1108 763 1169 Sed
815 1108 931 1169 hate
965 1118 1021 1171 ut
1065 1106 1368 1171 evidentius
1412 1105 1683 1175 possimus
1727 1104 2043 1167 advertere,

455 1218 551 1274 per
578 1201 822 1271 exempla
853 1200 1009 1257 nobis
1040 1199 1336 1269 disputatio
1379 1198 1659 1267 dirigatur.
1706 1194 2049 1264 [inpossibile

452 1304 537 1350 est
564 1304 623 1348 ut
643 1297 758 1349 avis
780 1294 1063 1365 sapientia:
1089 1291 1428 1362 disciplinam
1455 1292 1692 1360 aliquam
1726 1296 2048 1358 assequatur

453 1397 547 1441 aut
571 1397 778 1440 artem:
812 1383 1144 1456 impossibile
1175 1393 1258 1438 est
1302 1392 1357 1437 et
1390 1381 1622 1451 lapidem
1668 1379 1884 1448 prodire
1913 1392 2049 1447 quo-

452 1496 657 1550 quam;
692 1478 1031 1549 impossibile
1065 1485 1151 1533 est.
1194 1476 1340 1531 enim
1369 1474 1601 1544 lapidem
1649 1472 1891 1535 moveri,
1942 1470 2045 1525 nisi

455 1584 606 1630 motu
636 1582 916 1629 moveatur
943 1571 1205 1627 alterius:
1242 1584 1349 1625 non
1381 1579 1561 1636 potest
1588 1583 1717 1637 ergo
1765 1564 1905 1635 lapis
1951 1579 2047 1633 per

455 1682 515 1721 se
561 1667 742 1735 ipsum
797 1662 1044 1726 moveri,
1076 1672 1131 1717 et
1173 1663 1406 1723 transire
1435 1660 1674 1717 deloco.
1720 1658 1839 1713 Non
1870 1664 2050 1728 potest

2157 446 2320 507 modo
2353 463 2556 516 quiem.
2580 446 2714 504 Cum
2748 447 3033 504 daemoniis
3067 449 3387 519 imperaret,
3416 460 3475 506 et
3502 450 3609 507 reis
3632 466 3763 520 pee-

2155 549 2273 597 cata
2301 540 2632 607 dimitteret;
2656 556 2724 596 an
2751 557 2871 597 cum
2904 550 3123 610 rogaret
3146 542 3402 598 Patrem?

2226 636 2316 690 55.
2352 634 2469 703 Quo
2499 636 2618 691 loco
2644 635 2877 692 fortasse
2902 636 3090 691 dicant
3124 654 3136 690 :
3179 636 3467 703 Quomodo
3504 637 3664 693 Pater
3699 647 3764 695 et

2153 728 2325 783 Filius
2356 745 2517 783 unum
2552 738 2699 797 sunt,
2726 730 2769 784 si
2798 729 2971 785 Filius
3000 746 3142 783 nunc
3175 732 3430 797 imperat,
3464 746 3608 785 nunc
3634 746 3765 800 pre-

2154 822 2346 876 catur?
2372 820 2442 877 Et
2472 837 2633 879 unum
2663 830 2812 889 sunt,
2859 830 2915 878 et
2958 823 3213 891 imperat,
3250 829 3308 878 et
3335 832 3589 890 precatur
3614 840 3628 876 :
3659 822 3758 879 sed

2154 931 2331 987 neque
2357 932 2479 971 cum
2507 915 2757 986 imperat,
2789 918 2967 982 solus;
3001 933 3099 973 nec
3125 933 3248 973 cum
3290 927 3571 987 precatur,
3603 917 3763 973 inﬁr-

2155 1025 2294 1066 mus.
2337 1010 2498 1066 Solus
2544 1027 2648 1065 non
2694 1020 2797 1075 est,
2847 1011 2972 1080 quia
3009 1026 3367 1081 quaecumque
3407 1011 3575 1066 Pater
3606 1010 3758 1077 facit,

2153 1101 2343 1159 eadem
2375 1102 2627 1158 similiter
2666 1112 2723 1159 et
2765 1102 2936 1157 Filius
2982 1104 3105 1158 lacit
3143 1123 3154 1158 :
3198 1104 3449 1158 inﬁrmus
3489 1119 3595 1159 non
3634 1113 3763 1171 est,

2151 1194 2279 1263 quia
2304 1194 2407 1251 etii
2453 1194 2506 1250 in
2537 1209 2701 1250 carne
2731 1197 3031 1251 inﬁrmatus
3057 1204 3144 1250 est
3173 1207 3396 1267 promer
3418 1207 3639 1267 pectatta
3672 1213 3769 1253 no—

2152 1293 2288 1352 stra,
2325 1297 2506 1349 tamen
2537 1286 2565 1327 ‘v
2593 1285 2725 1343 illttd
2754 1296 2954 1343 nostras
2996 1299 3114 1344 erat
3144 1290 3201 1343 in
3225 1304 3293 1344 eo
3323 1291 3473 1358 pacis
3502 1290 3765 1357 eruditio,

2152 1380 2293 1445 sicut
2321 1383 2579 1449 scriptum
2610 1392 2715 1443 est,
2752 1396 2860 1436 non
2891 1398 3002 1436 suae
3036 1382 3340 1452 maiestatis
3369 1383 3688 1447 inﬁrmitas.

2222 1472 2313 1531 56.
2352 1474 2592 1544 Denique
2623 1484 2683 1533 ut
2707 1476 2850 1531 scias
2875 1477 3002 1546 quia
3028 1476 3327 1532 secundum
3359 1476 3634 1539 hominem
3673 1492 3771 1531 ro-

2150 1577 2263 1638 gat,
2288 1567 2572 1625 divinitate
2595 1568 2848 1638 imperat,
2874 1554 3042 1624 babes
3067 1570 3118 1624 in
3141 1570 3436 1640 Evangelia
3458 1571 3581 1640 quia
3602 1570 3770 1625 Petro

2151 1663 2320 1721 dixit:
2345 1664 2539 1736 Rogavi
2554 1680 2649 1731 pro
2668 1674 2735 1729 te,
2759 1674 2813 1719 ut
2838 1680 2940 1718 non
2963 1664 3172 1734 deﬁciat
3195 1664 3323 1734 ﬁdes
3339 1674 3429 1719 tua
3447 1664 3604 1735 (Luc.
3624 1679 3765 1732 xxn,

452 1759 614 1814 etiam
638 1757 814 1827 aquila
847 1754 1096 1813 humanis
1124 1754 1291 1817 imbui
1321 1752 1640 1822 disciplinis.
1675 1750 1853 1806 Habes
1884 1764 2044 1807 unam
2078 1772 2127 1831 Β
2153 1754 2266 1825 59.).
2298 1756 2485 1812 Eidem
2516 1765 2695 1813 autem
2721 1772 2883 1827 supra
2916 1756 3116 1813 dicenti
3146 1776 3159 1811 ;
3186 1756 3263 1811 Tu
3295 1773 3350 1812 eg
3386 1757 3626 1812 ειιι-ὶειυε
3666 1757 3768 1810 (ri-

452 1848 691 1917 Speciem
711 1888 726 1917 ,
756 1846 842 1902 cui
874 1844 1332 1917 impossibilitatis
1363 1859 1526 1898 causa
1576 1852 1767 1897 natura
1795 1851 1897 1905 est.

522 1942 609 1999 50.
653 1939 997 2009 [utpossiliile
1020 1948 1103 1997 est
1132 1950 1187 1995 et
1209 1938 1375 1995 debili
1400 1935 1580 1993 facere
1607 1952 1773 2007 opera
1801 1934 2047 2003 robusti;

452 2033 549 2089 sed
581 2032 705 2088 huic
745 2032 848 2088 alia
883 2030 1333 2103 intpossibilitatis
1363 2043 1527 2084 causa
1576 2040 1691 2095 eat;
1722 2027 1870 2099 quod
1902 2029 2049 2089 enim

455 2124 635 2183 facere
662 2132 840 2194 potest
862 2139 957 2195 per
988 2132 1271 2190 naturam,
1301 2138 1397 2193 per
1422 2122 1786 2179 inlirmitatem
1817 2136 1923 2177 non
1957 2137 2053 2189 po-

456 2224 580 2273 lest.
613 2218 789 2272 Causa
836 2218 1000 2290 igitur
1034 2218 1161 2272 huic
1189 2232 1401 2289 quoque
1433 2216 1858 2287 itnpOssibilitati
1903 2215 2053 2271 inﬁr-

453 2310 637 2366 mitas.
671 2310 792 2369 Alia
821 2325 951 2381 ergo
982 2310 1436 2380 impossibilitatis
1482 2310 1600 2369 haec
1640 2311 1884 2381 species;
1918 2325 2053 2380 quo-

452 2403 597 2467 niam
652 2418 683 2458 a
738 2403 969 2465 faciendi
1027 2403 1410 2474 possibilitate,
1437 2402 1685 2473 corporis
1739 2400 2055 2457 inﬁrmitate

456 2505 764 2553 revocatur.

526 2591 616 2645 51.
659 2589 840 2645 Tertia
871 2604 978 2660 quo
1000 2604 1085 2660 lue
1113 2588 1571 2659 impossibilitatis
1596 2596 1681 2653 est
1721 2602 1884 2645 causa
1904 2629 1918 2653 ,
1948 2603 2055 2658 qua

458 2683 668 2737 etiamsi
699 2698 797 2753 per
842 2691 1089 2737 naturam
1135 2682 1294 2751 quis,
1342 2689 1398 2743 et
1445 2680 1756 2741 ﬁrmitatem
1807 2676 2056 2748 corporis

457 2773 638 2828 facere
666 2773 870 2842 aliquid
907 2772 1111 2844 possit;
1141 2789 1249 2828 non
1278 2782 1455 2842 potest
1501 2782 1683 2831 tamen
1731 2770 1910 2829 facere
1960 2786 2056 2840 per

456 2864 785 2934 imperitiam
833 2867 915 2925 vel
967 2866 1372 2935 impotentiam,
1410 2873 1467 2929 ut
1504 2872 1600 2927 aut,
1628 2862 1879 2919 indoctus
1916 2879 1933 2931 ',
1964 2872 2058 2927 aut

458 2973 671 3014 servus.
1564 2952 1571 2957 ’

525 3053 616 3109 52.
659 3055 808 3119 Quis
838 3052 999 3123 igitur
1028 3052 1217 3113 harum
1237 3091 1252 3118 ,
1284 3067 1421 3122 quas
1449 3050 1924 3118 enumeravitntts,
1957 3051 2055 3107 im-

2156 1845 2258 1901 lt'us
2287 1846 2381 1900 Dei
2402 1849 2520 1914 vivi,
2547 1850 2829 1916 respondit
2852 1868 2871 1905 ζ
2900 1848 2978 1903 Tu
3014 1866 3066 1903 es
3113 1848 3326 1915 Petrus,
3357 1860 3408 1904 et
3447 1867 3606 1919 super
3625 1850 3771 1905 hanc

2155 1950 2353 2011 petram
2398 1942 2668 2011 wdiﬁcabo
2697 1942 2982 1999 Ecclesium
3022 1960 3217 2009 meum;
3262 1955 3309 1998 et
3352 1944 3444 1997 tibi
3484 1944 3620 1998 dabo
3649 1944 3766 1997 cta-

2154 2052 2237 2095 ves
2266 2036 2409 2105 regni
2437 2036 2682 2091 calorum
2709 2035 2925 2110 (Matth.
2958 2052 3071 2102 χιιι,
3103 2035 3215 2107 18).
3253 2036 3394 2106 Ergo
3417 2036 3504 2090 cui
3536 2037 3760 2106 propria

2156 2127 2479 2183 auctoritate
2513 2142 2740 2196 regnum
2765 2127 2952 2191 dabat,
2993 2126 3154 2197 huius
3193 2127 3356 2181 ﬁdem
3402 2126 3625 2181 [innare
3653 2143 3767 2181 non

2157 2227 2399 2289 poterat;
2417 2234 2576 2289 quem
2590 2234 2715 2275 cum
2731 2226 2934 2289 petram
2951 2218 3115 2285 dicit,
3129 2217 3568 2274 1‘iirmamentum
3584 2217 3770 2283 Eccita-

2157 2310 2252 2367 siat
2284 2308 2572 2367 indicavit?
2596 2310 2826 2376 Quando
2854 2311 3016 2380 igitur
3039 2321 3212 2380 roget,
3241 2311 3464 2381 quando
3498 2312 3766 2381 imperet,

2157 2402 2463 2457 considera.
2506 2401 2679 2472 Rogat
2717 2401 2937 2473 quando
2979 2418 3240 2473 passurus
3279 2404 3627 2471 ostenditur,
3659 2405 3772 2460 im-

2158 2503 2314 2567 perat
2336 2494 2559 2565 quando
2590 2495 2757 2553 Filius
2786 2497 2881 2553 Dei
2906 2497 3173 2555 creditur.

2231 2589 2322 2645 57.
2354 2589 2498 2647 Duas
2528 2590 2691 2661 igitur
2718 2592 2935 2661 species
2957 2592 3412 2662 impossibilitatis
3438 2593 3772 2661 vacarejaru

2156 2684 2452 2749 cernimus,
2500 2684 2643 2753 quod
2683 2701 2862 2756 neque
2911 2686 3269 2753 insensibilis,
3325 2702 3505 2757 neque
3545 2688 3770 2741 inﬁrma

2162 2785 2343 2846 potest
2369 2792 2493 2835 esse
2519 2777 2614 2833 Dei
2647 2779 2841 2835 virtus.
2870 2778 3140 2850 Numquid
3174 2782 3396 2835 tertium
3429 2780 3685 2850 profertis
3714 2782 3772 2835 in

2162 2869 2417 2934 medium,
2451 2871 2597 2940 quod
2633 2872 2784 2941 quasi
2819 2873 3105 2941 imperitus
3133 2874 3251 2927 sine
3284 2875 3549 2941 magistro
3580 2873 3774 2931 facere

2162 2961 2294 3024 nihil
2326 2963 2519 3031 possit,
2543 2973 2639 3018 aut
2662 2979 2861 3019 servus
2887 2964 3013 3019 sine
3036 2965 3292 3020 domino?
3325 2965 3470 3037 Ergo
3496 2970 3772 3022 mentitus

2159 3070 2240 3121 es,
2278 3056 2505 3115 Domine
2534 3056 2687 3117 Jesu,
2722 3058 2810 3126 qui
2847 3066 2903 3113 te
2939 3067 2994 3114 ct
3024 3058 3362 3126 magistrum,
3393 3070 3447 3114 et
3476 3060 3766 3113 dominum

456 3149 875 3219 poeibilitannn
904 3160 1127 3210 causas,
1159 3156 1217 3201 ut
1235 3154 1479 3216 quartam
1503 3146 1717 3205 interitu
1742 3155 2051 3214 sequestrc-
2084 3173 2128 3235 ρ
2165 3148 2283 3217 ipse
2308 3148 2490 3207 dixisti
2514 3164 2527 3213 ;
2552 3159 2610 3205 et
2638 3149 2875 3205 fefellisti
2902 3149 3196 3219 discipulos
3226 3159 3367 3212 tuos,
3394 3150 3588 3205 dicens
3613 3168 3627 3203 :
3656 3149 3770 3203 Vos

459 3256 613 3303 ntus,
650 3240 785 3294 Filio
819 3240 909 3293 Dei
957 3239 1241 3301 existimas
1271 3238 1607 3307 convenire?
1657 3238 1923 3307 Numquid
1967 3236 2047 3290 itt-

458 3332 739 3394 sensibilis
768 3347 868 3400 per
896 3342 1180 3396 naturam,
1209 3342 1266 3391 et
1311 3331 1636 3396 immobilis,
1686 3331 1826 3389 sicut
1877 3333 2056 3401 lapis?

459 3428 626 3496 Lapis
650 3428 871 3496 quidem
901 3434 985 3483 est
1016 3425 1195 3494 impiis
1224 3427 1279 3481 in
1309 3425 1555 3490 ruinam,
1591 3424 1837 3483 ﬁdelibus
1881 3440 2053 3494 augu-

461 3519 608 3573 laris.
644 3518 753 3575 Sed
774 3534 881 3576 non
923 3516 1285 3583 insensibilis,
1320 3532 1485 3591 supra
1525 3533 1685 3586 quem
1714 3518 2053 3575 sensibitinm

461 3612 790 3683 populorum
832 3612 1029 3673 ﬁdeles
1070 3611 1408 3677 :udiﬁcautur
1435 3612 1682 3669 aifecttts.
1711 3611 1829 3666 Non
1866 3612 2057 3669 inluto-

456 3708 583 3761 bilts
614 3714 768 3777 petra
793 3722 805 3757 :
835 3702 1084 3761 Bibebaut
1103 3704 1239 3759 enim
1265 3721 1329 3763 ex
1354 3706 1680 3773 consequenti
1713 3715 1889 3770 petra;
1914 3717 2057 3774 petra

457 3810 631 3853 autem
677 3808 786 3853 erat
835 3795 1296 3870 ChristuaUCor.
1331 3814 1392 3865 x,
1419 3798 1510 3869 ι),
1544 3799 1660 3854 Non
1702 3815 1831 3869 ergo
1879 3810 2058 3868 pater-

460 3908 590 3946 num
613 3906 750 3960 opus
779 3907 873 3960 per
895 3902 1101 3947 natura-
1120 3889 1434 3947 distantiam
1458 3890 1795 3961 impossibile
1817 3891 2054 3947 Christo.

531 3982 621 4036 53.
664 3981 935 4052 Numquid
963 3984 1104 4038 torte
1134 3997 1229 4051 per
1257 3981 1599 4041 debilitatem
1632 3982 1968 4050 impossibile
2005 3983 2054 4042 ei

455 4074 658 4147 aliquid
686 4075 1245 4135 existimamus?Sed
1298 4091 1404 4129 non
1457 4076 1549 4130 ille
1609 4076 1835 4140 debilis,
1897 4075 2054 4155 531

458 4168 548 4241 qui
592 4168 825 4225 aliorum
858 4167 1164 4223 debilitates
1210 4166 1476 4236 imperiali
1508 4182 1763 4231 sermone
1807 4170 2052 4227 sanabat.

458 4264 541 4318 An
581 4261 782 4318 debilis
829 4260 1147 4325 videbatur,
1200 4276 1323 4316 cum
1357 4262 1657 4331 paralytico
1689 4262 2054 4331 praacipiens:

459 4353 606 4408 Tolie
625 4354 896 4427 grabatum
927 4362 1103 4417 tuum,
1134 4362 1179 4406 et
1199 4350 1406 4406 ambula
1430 4351 1633 4424 (Marc.
1666 4369 1725 4419 rt,
1752 4353 1845 4423 H)
1864 4395 1879 4420 ,
1912 4354 2058 4408 sani-

457 4447 585 4501 tatis
608 4448 717 4516 jam
751 4445 1328 4511 mantlahatoflieium,
1357 4460 1481 4500 cum
1512 4446 1687 4501 adlmc
1736 4448 1824 4505 ille
1875 4464 2055 4507 reme-

2161 3241 2353 3301 uocatis
2394 3257 2473 3295 me
2516 3242 2819 3312 magistrum
2855 3253 2903 3296 et
2939 3241 3227 3307 dominum,
3269 3252 3291 3281 ο
3318 3252 3363 3296 et
3394 3241 3519 3296 bene
3550 3241 3769 3305 dicitis;

2158 3348 2272 3386 sum
2327 3332 2508 3388 etenim
2536 3331 2714 3402 (Joan.
2764 3347 2881 3398 xui,
2912 3331 3027 3403 15).
3062 3333 3167 3389 Sed
3203 3346 3311 3388 non
3340 3331 3585 3399 falleres,
3621 3333 3769 3388 veti-

2162 3437 2265 3492 tas,
2297 3441 2393 3483 eos
2422 3429 2722 3495 pt'assertitn
2751 3442 2890 3496 quos
2911 3427 3114 3483 amicos
3142 3428 3369 3482 vocasti.

2231 3518 2320 3574 58.
2354 3518 2558 3575 Tamen
2598 3519 2643 3575 si
2686 3531 2744 3575 ut
2784 3519 3099 3589 imperitum
3129 3528 3181 3573 te
3210 3519 3283 3573 ah
3324 3518 3534 3574 artiﬁce
3577 3532 3767 3574 socero

2161 3622 2315 3674 nunt,
2350 3610 2624 3667 dviderint
2655 3623 2710 3668 ttt
2738 3613 2855 3677 tibi,
2886 3614 2989 3669 hoc
3015 3621 3120 3677 est,
3148 3615 3239 3666 liei
3261 3614 3548 3681 sapientia:
3575 3613 3768 3668 dicant

2163 3704 2415 3774 peritiam
2445 3704 2717 3771 defuisse;
2749 3705 3011 3761 unitatem
3043 3715 3223 3761 tamen
3256 3706 3576 3763 substantiae
3618 3705 3767 3762 inter

2163 3806 2217 3853 te
2243 3809 2297 3852 ct
2326 3796 2541 3853 Patrem
2567 3812 2829 3867 separare
2864 3814 2970 3855 non
3004 3807 3248 3868 possunt.
3285 3798 3572 3854 Artiﬁcem
3606 3812 3766 3853 nam-

2160 3904 2267 3959 que
2294 3890 2365 3942 ab
2400 3890 2648 3958 imperito
2692 3890 3076 3959 imprudentia,
3101 3905 3208 3945 non
3244 3900 3434 3946 natura
3476 3891 3713 3947 secernit
3748 3908 3760 3943 :

2160 3982 2255 4041 sed
2281 3998 2387 4039 non
2420 3984 2474 4041 iu
2499 3983 2661 4039 Patre
2689 3983 3009 4050 artiﬁcium,
3041 3998 3214 4053 neque
3238 3984 3291 4041 iu
3325 3992 3378 4040 te
3408 3984 3714 4054 insipientia
3744 4000 3759 4049 ;

2162 4092 2269 4130 non
2291 4086 2372 4131 est
2397 4078 2541 4130 enim
2575 4077 2837 4148 insipiens
2864 4078 3150 4147 sapientia.

2231 4165 2319 4223 59.
2350 4168 2493 4239 Ergo
2519 4169 2563 4222 si
2583 4184 2758 4239 neque
2777 4168 3105 4224 ittscnsibilis
3124 4169 3174 4225 in
3192 4166 3327 4221 Filio
3352 4177 3571 4233 natura,
3594 4167 3757 4245 533

2162 4275 2335 4331 neque
2348 4261 2618 4327 debilitas,
2639 4278 2816 4332 neque
2837 4261 3311 4332 imperitia,neque
3322 4264 3561 4319 servitus
3577 4275 3757 4332 petest

2161 4369 2314 4418 esse;
2338 4355 2688 4409 considerent
2709 4355 2850 4426 quod
2876 4366 2927 4411 et
2953 4370 3050 4425 per
3070 4364 3317 4409 naturam
3337 4366 3388 4410 et
3414 4355 3757 4425 maiestatem

2160 4461 2326 4507 unum
2357 4448 2427 4502 sit
2456 4464 2576 4503 cum
2610 4449 2768 4504 Patre
2797 4448 2993 4514 Ftlius,
3026 4459 3081 4507 et
3112 4464 3209 4519 per
3237 4450 3612 4518 operationem
3652 4463 3757 4503 non
3832 4500 3841 4506 .

456 4537 609 4593 dium
629 4537 925 4593 debilitatis
956 4535 1179 4599 oraret?
1201 4536 1341 4595 Num
1363 4536 1561 4597 debilis
1592 4536 1857 4597 Dominus
1888 4540 2057 4593 virtu-
2082 4577 2135 4637 D
2160 4541 2435 4612 discrepet
2464 4558 2493 4597 a
2519 4542 2677 4599 Patre
2702 4543 2901 4608 virtus;
2931 4558 3054 4599 cum
3076 4543 3257 4599 omnia
3287 4559 3407 4612 qua:
3432 4543 3596 4598 Pater
3615 4543 3757 4598 fece-

458 4638 605 4691 tum,
657 4644 781 4683 cum
833 4628 1168 4683 illntninaret
1213 4641 1388 4683 caecos
1413 4669 1429 4695 ,
1481 4629 1773 4685 inclinatos
1821 4630 2057 4702 erigeret
2082 4628 2128 4637 ”
2160 4635 2250 4698 rit,
2285 4634 2476 4689 eadem
2509 4635 2679 4690 Filius
2710 4636 2869 4691 faciat
2897 4633 3148 4689 similiter
3178 4652 3191 4686 :
3226 4649 3403 4703 neque
3431 4636 3578 4688 enim
3608 4634 3757 4688 simi-

459 4720 641 4794 (Psul.
685 4736 857 4797 θην,
888 4720 991 4793 8),
1045 4731 1292 4775 mortuos
1332 4720 1623 4777 suscitaret
1676 4721 1903 4801 (Matth.
1961 4740 2052 4793 ιι,

457 4816 568 4885 5),
620 4815 764 4879 votis
802 4816 1002 4877 nostris
1049 4815 1333 4879 medicinae
1384 4828 1747 4886 praecurreret
1794 4818 2052 4887 effectus,

455 4915 678 4962 orantes
742 4917 993 4972 curaret,
1060 4919 1112 4964 et
1174 4906 1404 4963 ﬁmbriae
1476 4910 1762 4967 mandaret
1821 4922 2055 4971 attactus

457 5000 666 5072 (Marc.
698 5018 796 5073 v1,
824 5000 970 5079 56)?

525 5096 616 5157 54.
650 5093 764 5161 Nisi
805 5094 944 5157 torte
970 5092 1305 5163 debilitatem
1336 5094 1511 5164 illam,
1549 5097 1721 5168 impii,
1760 5098 2051 5168 multatis,

453 5189 672 5256 quando
700 5188 921 5241 vulnera
951 5186 1238 5242 videbatis.
1261 5187 1430 5241 Erant
1448 5187 1667 5257 quidem
1696 5190 1783 5243 illa
1805 5189 2054 5259 corporis

454 5282 702 5349 vulnera,
726 5281 819 5336 sed
842 5295 947 5336 non
970 5288 1088 5343 erat
1110 5281 1353 5335 vulneris
1380 5279 1519 5335 illius
1550 5282 1658 5336 ulla
1679 5282 1955 5350 debilitas,
1980 5297 2049 5338 ex

454 5389 563 5443 quo
588 5374 830 5433 omnium
853 5372 957 5433 vita
988 5371 1289 5447 proﬂuebat
1305 5414 1320 5435 .
1336 5372 1492 5437 Unde
1515 5380 1570 5433 et
1590 5374 1855 5443 protihcta
1884 5373 2049 5446 dixit;

455 5465 641 5521 Liuore
662 5468 776 5539 ejus
805 5482 898 5520 nos
927 5464 1100 5521 sanati
1123 5482 1299 5521 sumus
1329 5469 1347 5535 ζ
1372 5465 1513 5519 Esai.
1543 5481 1657 5533 un,
1687 5464 1780 5536 ὅ).
1831 5469 1914 5521 An
1957 5467 2053 5538 qui

527 5614 555 5645 ι
582 5605 711 5660 ηις.
736 5603 975 5673 aliquot,
1000 5604 1161 5670 illud,
1179 5604 1421 5674 quidam,
1447 5605 1540 5660 illa
1562 5612 1743 5660 nostra
1766 5616 1897 5671 erat,
1930 5616 2039 5662 etc.

527 5674 553 5711 δ
594 5675 727 5747 μεθ.
761 5676 1027 5747 nonnulli,
1054 5677 1435 5744 [irritamentum
1464 5677 1711 5733 Ecclesia
1723 5679 2003 5747 judicavit.

530 5754 550 5780 ε
595 5744 706 5797 Duo
735 5758 891 5811 mss.,
922 5756 967 5798 et
991 5743 1309 5816 benefacitis.

2157 4726 2282 4782 liter
2321 4738 2498 4797 potest
2543 4728 2824 4798 quisquam
2858 4726 3036 4782 facere
3062 4727 3204 4792 idem
3251 4741 3411 4796 Opus,
3440 4725 3591 4797 quod
3620 4728 3754 4780 alius

2159 4823 2378 4895 iecerit;
2409 4823 2513 4881 nisi
2538 4826 2631 4893 qui
2655 4833 2710 4881 et
2741 4824 3165 4893 inaequalitatem
3192 4838 3297 4877 non
3331 4820 3533 4879 habeat
3561 4835 3755 4892 cpera-

2159 4917 2343 4979 tiouis,
2368 4927 2420 4972 et
2450 4925 2655 4971 natura?
2685 4916 2931 4986 ejusdem
2963 4916 3161 4972 habeat
3182 4915 3465 4969 unitatem.

2228 5011 2317 5067 60.
2350 5010 2537 5067 Adhuc
2568 5018 2749 5065 tamen
2781 5011 3018 5082 requiro,
3049 5009 3175 5081 quid
3212 5009 3282 5065 sit
3309 5008 3454 5079 quod
3497 5024 3604 5064 non
3631 5023 3753 5081 pos-

2155 5104 2226 5161 sit
2247 5105 2428 5163 l‘acere
2456 5120 2489 5165 a
2516 5120 2577 5161 se
2606 5104 2797 5169 Filius,
2839 5104 2944 5165 nisi
2985 5102 3183 5165 viderit
3220 5102 3504 5165 facientem
3537 5102 3752 5165 Patrem

2156 5196 2339 5270 (Joan.
2374 5215 2427 5264 v,
2470 5194 2589 5267 i9);
2636 5206 2689 5251 et
2734 5197 3054 5265 insipienter
3097 5196 3273 5264 aliqua
3301 5205 3324 5235 ο
3356 5195 3427 5249 de
3465 5196 3751 5251 vilioribus

2153 5289 2405 5357 exempla
2435 5298 2681 5369 prepono
2714 5306 2727 5342 :
2760 5287 2954 5343 Factus
2986 5305 3099 5342 sum
3129 5288 3408 5369 insipiens,
3432 5303 3522 5343 vos
3550 5306 3629 5343 me
3648 5305 3749 5343 coc-

2151 5381 2298 5450 giatt's
2323 5378 2407 5450 (li
2434 5378 2553 5434 Cor.
2587 5395 2681 5447 xu,
2716 5380 2773 5435 11
2804 5380 2845 5449 ).
2876 5379 3010 5443 Nam
3039 5378 3165 5450 quid
3193 5378 3563 5451 insipientius,
3591 5396 3745 5452 quam

2151 5472 2221 5527 de
2251 5470 2531 5539 majestate
2564 5471 2662 5526 Dei
2693 5481 3011 5540 argumenta
3042 5471 3335 5535 discutere,
3367 5488 3489 5538 quae
3510 5474 3744 5543 quastio-

2217 5606 2247 5649 ἀ
2281 5608 2539 5664 Nonnulli
2568 5624 2725 5677 mss.,
2745 5613 2924 5667 videro
2942 5623 3116 5668 utrum
3139 5612 3251 5677 tibi,
3274 5623 3381 5669 etc.

2220 5690 2242 5717 θ
2284 5680 2459 5759 Bigot.
2485 5681 2635 5750 cod.,
2667 5683 3011 5741 debilioribus
3026 5686 3287 5767 exempla,
3319 5692 3422 5740 etc.
