3932 6176
113 227 215 287 629

1484 230 1574 289 DE
1616 231 1774 290 FIDE
1812 234 1945 305 LIB.
1988 238 2075 296 ιν.

3328 253 3437 311 650

107 358 190 395 nes
218 340 384 412 magis
407 351 713 437 praestant,
747 357 901 437 quam
936 342 1337 437 ludiﬁcationem
1363 344 1480 409 Dei,
1511 362 1625 416 qua:
1655 358 1728 403 est
1757 355 1810 417 Α
1835 353 1941 407 nisi
1971 355 2115 425 quod
2155 356 2320 415 Pater
2357 360 2574 431 probet,
2622 362 2787 425 Pater
2824 364 3031 433 laudet,
3073 368 3235 431 Pater
3267 370 3437 437 velit;

106 438 153 489 in
177 434 281 502 [ide
329 433 376 507 (ι
404 432 557 499 Tim.
593 451 632 503 ι,
662 436 718 501 i,
745 433 841 506 5)?
883 434 989 501 Sed
1032 436 1368 509 argumentis
1409 450 1725 511 argumenta

104 526 479 598 reSpondeant
516 544 532 581 :
568 528 677 585 illis
714 527 899 595 verba,
938 527 1097 585 nobis
1136 528 1375 593 Charitas
1404 572 1419 599 ,
1450 539 1476 566 ⁸
1504 549 1625 601 quae
1672 534 1726 588 in

107 623 214 677 Deo
240 630 349 687 est,
383 622 453 675 de
485 620 653 676 corde
683 636 810 690 puro
832 629 877 674 et
899 621 1207 676 conscientia
1237 622 1391 688 bona,
1421 633 1469 677 et
1494 624 1598 693 ﬁde
1626 641 1731 679 non

109 715 241 785 ficta.
279 714 427 784 Ergo
456 714 531 768 ad
577 712 1000 769 inlirntationem
1034 724 1140 769 tant
1170 713 1368 784 ineptae
1403 716 1729 786 propositio-

103 808 205 871 nis,
228 821 338 861 non
369 808 530 877 piget
560 806 724 861 etiam
750 807 977 861 ridicula
1008 805 1281 860 derivare.

169 898 259 954 61.
310 898 623 967 Quomodo
674 913 807 969 ergo
860 898 1007 953 videt
1057 896 1231 953 Filius
1275 898 1727 957 PatremiVidet

105 1009 271 1063 equus
303 995 617 1061 picturam,
649 1007 807 1061 quam
840 1007 936 1060 per
966 1000 1215 1045 naturam
1247 991 1448 1046 imitari
1485 1008 1590 1047 non
1634 1009 1723 1064 pec

105 1094 241 1139 test:
278 1100 388 1137 non
426 1086 627 1154 utique
654 1084 732 1138 sic
763 1082 909 1137 videt
935 1083 1124 1138 Filius.
1166 1083 1320 1138 Videt
1346 1086 1606 1153 parvulus
1627 1086 1728 1140 viri

106 1196 264 1252 opera
300 1179 563 1248 majoris,
590 1179 683 1234 sed
710 1179 908 1233 imitari
936 1193 1040 1239 non
1066 1188 1243 1248 potest
1273 1196 1283 1230 :
1318 1193 1417 1234 nec
1443 1180 1627 1252 utique
1649 1180 1727 1235 sic

106 1273 247 1329 videt
272 1275 363 1329 Dei
394 1272 604 1329 Filius.

173 1364 262 1420 62.
288 1364 440 1432 Ergo
465 1364 516 1417 si
542 1362 716 1417 Filius
742 1376 844 1432 per
868 1359 1114 1429 ejusdem
1137 1377 1260 1415 cum
1284 1362 1443 1421 Patre
1469 1377 1728 1431 arcanum

106 1471 391 1512 counnune
421 1464 645 1510 natura:
677 1454 1019 1513 imisibiliter
1046 1464 1096 1508 et
1121 1454 1311 1517 videre
1334 1463 1387 1508 et
1416 1455 1591 1509 facere
1630 1469 1727 1524 po-

111 1557 229 1615 test,
272 1561 329 1603 et
371 1563 477 1619 per
530 1547 926 1617 plenitudinem
970 1546 1270 1602 divinitatis
1315 1547 1459 1616 quod
1497 1548 1729 1605 voluerit

108 1626 327 1712 exsequi
358 1661 372 1697 :
408 1642 553 1712 quid
586 1652 860 1712 superest,
881 1642 982 1697 nisi
1012 1651 1067 1696 ιιι
1098 1656 1192 1711 per
1222 1640 1481 1696 unitatem
1511 1641 1724 1711 insepa-

1837 449 1958 517 quia
1983 464 2051 513 ex
2068 448 2229 506 Patre
2263 463 2407 507 totus
2434 466 2519 515 est
2547 472 2562 509 :
2595 472 2700 513 non
2733 466 2791 514 ut
2817 469 3091 527 creatura,
3123 477 3245 534 quso
3269 465 3438 523 multa

1835 541 2147 605 committit,
2182 543 2310 597 dum
2343 547 2525 607 studio
2555 547 2819 619 lapsuque
2857 554 3441 621 pcccati,volutttatem

1836 629 2386 702 lrcquentcrol‘l‘endit
2407 641 2818 697 auCtoris.Niltil
2838 658 2970 714 ergo
2992 643 3160 703 Filius
3183 647 3443 715 facit,nisi

1833 726 1976 793 quod
1996 726 2201 795 placeat
2233 728 2377 785 Patri
2404 749 2418 798 ;
2447 734 2576 803 quia
2600 751 2704 791 una
2734 737 3008 803 voluntas,
3039 756 3142 797 una
3173 747 3440 801 sententia

1834 827 1935 880 est,
1958 836 2059 873 una
2079 831 2163 876 est
2184 838 2312 878 vera
2343 826 2601 894 charilas,
2631 831 2791 884 unius
2824 834 3163 902 Operationis
3193 837 3437 894 etl‘ectus.

1905 912 1995 966 67.
2031 913 2274 985 Denique
2304 930 2361 972 ut
2390 923 2530 975 scias
2556 921 2842 979 cltaritatis
2873 942 2995 982 esse
3037 929 3183 999 quod
3214 947 3314 985 non
3349 950 3440 1002 po-

1834 1013 1928 1058 test
1960 1004 2007 1057 F
2011 1007 2131 1061 ilius
2162 1024 2193 1060 a
2233 1026 2288 1063 se
2315 1014 2483 1080 facere
2509 1013 2815 1085 quidquam,
2852 1018 2953 1071 nisi
2979 1020 3115 1089 quod
3143 1021 3327 1077 viderit
3364 1028 3447 1094 fa-

1834 1098 2047 1152 cientem
2082 1099 2315 1167 Patrem,
2360 1117 2483 1158 cum
2539 1108 2894 1177 praunisissct
2931 1128 2943 1164 :
2979 1111 3331 1185 Quacumque
3356 1117 3448 1171 ille

1834 1190 2033 1258 fecerit,
2064 1190 2240 1246 eadem
2263 1204 2309 1247 et
2338 1193 2511 1251 Filius
2544 1198 2670 1267 facit
2694 1200 2951 1267 similiter,
2983 1204 3216 1273 subjecit
3243 1224 3256 1258 :
3284 1207 3445 1263 Pater

1831 1282 1969 1335 enim
1998 1282 2167 1357 diligit
2215 1286 2433 1343 Filium.
2473 1290 2616 1360 Ergo
2655 1294 2796 1362 quod
2834 1294 2970 1349 dixit
3002 1295 3285 1367 Scriptura
3315 1307 3443 1371 quia

1832 1390 1934 1428 non
1964 1387 2157 1444 potest,
2188 1379 2255 1432 ad
2289 1380 2678 1450 inseparabilis
2724 1395 2779 1439 et
2823 1385 3115 1444 individua:
3152 1392 3440 1448 cltaritatis

1834 1470 2021 1523 retulit
2048 1471 2333 1526 unitatem.

1905 1558 1995 1615 68.
2032 1561 2188 1626 Quod
2218 1564 2263 1617 si
2296 1566 2616 1621 naturaliter
2648 1578 2750 1635 est,
2784 1580 2841 1624 ut
2869 1586 2997 1628 vere
3026 1583 3131 1639 est,
3162 1576 3445 1647 insepara-

1835 1650 1956 1706 bilis
1976 1652 2250 1720 eharitas;
2283 1656 2663 1726 inseparabilis
2687 1660 2877 1731 utique
2900 1675 2983 1718 est
3002 1665 3164 1719 etiam
3192 1670 3441 1736 operatio

112 1735 331 1791 rabiletn
367 1734 669 1807 potestatis
697 1734 832 1788 nihil
861 1733 1148 1789 credamus
1170 1732 1365 1790 Filium
1395 1735 1592 1800 lacere,
1622 1734 1725 1791 nisi
1762 1745 1809 1819 Β
1838 1745 2159 1801 naturaliter
2189 1764 2202 1801 :
2232 1757 2288 1801 et
2323 1750 2660 1818 impossibile
2701 1762 2761 1807 ut
2789 1768 2927 1823 opus
2962 1754 3080 1811 Filii
3112 1732 3242 1814 cum
3261 1760 3443 1815 Patris

117 1827 250 1898 quod
283 1826 499 1883 viderit.
547 1826 764 1881 Patrem
813 1824 1133 1890 facientem;
1162 1823 1188 1861 ι)
1220 1826 1342 1895 quia
1390 1840 1487 1895 per
1524 1825 1732 1879 incont—

119 1920 406 1991 parabilem
435 1920 768 1975 charitatem
799 1918 933 1981 nihil
966 1933 995 1972 a
1023 1932 1083 1973 se
1106 1917 1415 1973 lacitFilius
1437 1935 1451 1979 ;
1477 1918 1730 1987 quoniam

119 2011 241 2065 nihil
270 2012 411 2077 vult,
446 2010 605 2083 quod
638 2010 803 2065 Pater
836 2009 1009 2075 nolit?
1040 2008 1193 2078 Quod
1230 2008 1417 2081 utique
1452 2025 1558 2065 non
1585 2010 1733 2067 inlir-

123 2104 343 2169 mitatis,
366 2104 468 2160 sed
498 2103 729 2167 unitatis
757 2110 862 2159 est.

752 2192 983 2250 CAPUT
1027 2193 1112 2248 Vl.

128 2289 322 2347 Accedit
360 2289 433 2345 ad
470 2297 720 2359 quartam
760 2304 786 2343 e
818 2286 1102 2342 rationibus
1134 2302 1293 2357 supra
1319 2287 1651 2351 memoratis;
1692 2297 1738 2343 et

192 2378 386 2447 Filium
407 2380 549 2434 nihil
569 2384 742 2453 facere
762 2379 899 2448 quod
916 2396 1015 2432 non
1031 2378 1275 2450 probetur
1296 2396 1326 2433 a
1348 2378 1528 2446 Patre,
1542 2396 1657 2432 cum
1673 2382 1738 2435 sit

197 2476 463 2545 utriusque
488 2476 724 2544 perfecta
750 2471 1029 2526 voluntatis
1060 2483 1212 2538 atque
1242 2472 1504 2541 potestatis
1537 2473 1735 2540 unitas,

198 2567 389 2638 liquido
405 2566 660 2636 probans,
684 2565 959 2619 nonnullas
987 2563 1323 2635 difﬁcultates
1353 2563 1565 2623 subinde
1582 2565 1736 2620 tollit.

200 2679 286 2734 63.
321 2679 468 2751 Ergo
496 2694 608 2737 nec
633 2686 930 2733 contumax
954 2676 1143 2741 Filius,
1171 2683 1229 2730 ιιι
1257 2677 1418 2733 ctiam
1449 2675 1520 2733 de
1549 2685 1739 2745 quarta

140 2772 502 2840 propositione
525 2771 813 2835 dicamus;
857 2768 991 2824 nihil
1034 2769 1177 2831 enim
1204 2768 1547 2825 Consiliarius
1570 2767 1740 2823 Filius

140 2867 277 2931 iecit,
308 2867 453 2936 quod
483 2883 614 2921 cum
647 2866 825 2921 Patris
857 2880 964 2921 non
991 2866 1281 2921 conveniat
1304 2865 1609 2920 voluntate.
1637 2864 1741 2920 Dc-

144 2964 293 3029 nique
320 2960 451 3017 vidit
476 2959 645 3014 Pater
674 2974 790 3029 quae
839 2957 969 3013 fecit
1009 2956 1198 3022 Filius,
1231 2965 1287 3012 et
1325 2958 1571 3027 probavit
1614 2958 1738 3026 quia

144 3050 273 3107 bona
300 3053 481 3111 valde.
518 3053 615 3108 Sic
641 3052 785 3111 enim
813 3052 1044 3108 habesin
1070 3051 1266 3109 Genesi
1289 3069 1301 3104 :
1324 3050 1390 3105 Et
1419 3040 1549 3106 dixit
1568 3051 1739 3107 Deus:

1836 1852 1945 1890 non
1987 1842 2278 1895 conveniat
2328 1843 2608 1899 voluntate
2640 1842 2819 1917 (Joan.
2865 1864 2958 1915 stt,
2991 1849 3113 1922 50);
3142 1854 3359 1922 quando
3392 1855 3444 1909 id

1836 1930 1980 1997 quod
2025 1930 2195 1985 Filius
2235 1943 2515 2002 operatur,
2551 1949 2812 2005 operatur
2857 1950 2912 1996 et
2961 1942 3169 2000 Pater:
3203 1956 3258 2002 et
3300 1949 3444 2018 quod

1839 2021 2000 2078 Pater
2019 2034 2295 2093 operatur,
2327 2036 2584 2096 operatur
2622 2038 2677 2083 et
2702 2030 2873 2085 Filius
2905 2045 2996 2089 :et
3026 2038 3169 2105 quod
3201 2038 3442 2109 loquitur

1838 2112 2031 2180 Filius,
2061 2115 2301 2185 loquitur
2346 2128 2399 2174 et
2445 2119 2628 2187 Pater,
2667 2123 2810 2178 sicut
2843 2127 3103 2195 scriptum
3137 2140 3222 2185 est
3257 2132 3441 2203 (Joan.

1839 2223 1950 2273 xw,
1985 2206 2077 2278 10)
2104 2225 2116 2261 :
2149 2206 2176 2246 ἀ
2208 2210 2367 2265 Pater
2397 2227 2552 2267 meus
2580 2216 2671 2284 qui
2705 2216 2757 2269 itt
2792 2232 2877 2271 me
2904 2231 3109 2284 manet,
3132 2221 3247 2291 ipse
3270 2224 3445 2294 loqui-

1842 2309 1956 2366 tur;
1985 2311 2041 2357 et
2068 2317 2234 2371 Opera
2269 2320 2389 2370 quia
2419 2320 2520 2375 ego
2547 2305 2711 2371 facio,
2757 2309 2871 2377 ipse
2915 2310 3063 2366 facit.
3107 2313 3251 2368 Nihil
3294 2318 3440 2373 enim

1842 2392 2002 2447 Pater
2029 2393 2143 2447 sine
2165 2393 2362 2450 virtute
2389 2406 2552 2466 atque
2582 2400 2845 2469 sapientia
2875 2418 2971 2457 sua
3002 2406 3283 2472 condidit;
3314 2411 3439 2480 quia

1843 2487 2022 2539 omnia
2055 2487 2107 2540 in
2140 2488 2403 2558 sapientia
2442 2489 2590 2556 fecit,
2626 2492 2769 2547 sicut
2802 2495 3060 2562 scriptum
3088 2506 3172 2551 est
3204 2515 3217 2550 :
3252 2500 3441 2556 Omnia

1842 2579 1895 2630 in
1922 2580 2174 2651 sapientia
2206 2583 2370 2651 fecisti
2401 2582 2570 2655 (Psal.
2605 2600 2721 2652 cm,
2758 2585 2875 2657 24).
2908 2588 3052 2644 Nihil
3087 2592 3251 2646 etiam
3296 2594 3441 2650 Deus

1844 2672 2078 2730 Verbum
2111 2677 2228 2732 sine
2256 2677 2413 2733 Patre
2442 2679 2588 2735 fecit.

1913 2766 2002 2820 69.
2035 2766 2150 2823 Non
2182 2778 2441 2839 operatur
2481 2774 2600 2829 sine
2628 2774 2809 2841 Patre,
2846 2793 2952 2833 non
2986 2781 3104 2836 sine
3135 2782 3308 2852 patria
3338 2798 3440 2838 vo-

1845 2856 2051 2915 luntate
2097 2876 2461 2920 sacrosancta!
2505 2866 2579 2920 illi
2619 2881 2677 2922 se
2709 2869 2905 2925 obtulit
2948 2873 3204 2927 salutaris
3251 2876 3443 2932 mundi

1845 2954 2013 3007 totius
2036 2953 2207 3008 lto.~tia
2231 2956 2490 3024 passioni,
2520 2973 2624 3013 non
2648 2960 2763 3014 sine
2788 2965 2955 3031 patria
2987 2966 3264 3021 voluntate
3290 2983 3442 3023 mor-

1847 3056 1966 3101 tuos
2005 3048 2287 3104 suscitavit
2338 3050 2535 3121 (llebr.
2582 3070 2650 3119 x,
2703 3054 2825 3127 10).
2888 3057 3128 3129 Denique
3180 3060 3440 3117 Lazarum

146 3142 257 3200 Fiat
285 3149 392 3211 lux,
439 3157 488 3201 et
528 3151 669 3217 facta
707 3155 784 3202 est
814 3146 947 3211 lux;
985 3155 1033 3200 et
1062 3146 1189 3201 vidit
1222 3144 1361 3200 Deus
1395 3146 1581 3211 lucem,
1612 3147 1733 3215 quia
1768 3126 1813 3203 C
1845 3140 2209 3194 suscitaturus
2250 3140 2446 3197 levavit
2479 3144 2665 3199 oculos
2695 3126 2937 3217 sursum,
2972 3126 3183 3206 (il—di!“
3215 3171 3227 3207 :
3260 3151 3440 3221 Pater,

144 3239 266 3294 bona
293 3252 364 3296 est
391 3240 551 3312 (Gen.
581 3257 620 3303 ι,
650 3241 705 3307 5,
733 3239 816 3311 4).

212 3336 298 3391 6i.
329 3336 601 3407 Numquid
630 3335 718 3390 hic
737 3335 878 3389 dixit
910 3335 1068 3390 Pater
1096 3353 1108 3387 :
1141 3332 1262 3389 Fiat
1290 3333 1416 3389 talis
1444 3333 1557 3397 lux,
1603 3348 1736 3402 qua-

150 3430 245 3483 lem
284 3431 397 3501 ipse
435 3432 538 3486 feci
566 3449 580 3484 :
612 3440 634 3468 ο
665 3437 759 3483 aut
789 3429 882 3484 liat
914 3428 1027 3491 lux.
1065 3443 1191 3498 qua:
1226 3438 1356 3483 ante
1383 3444 1490 3483 non
1518 3426 1689 3484 fuerat
1722 3444 1734 3481 :

153 3531 236 3576 aut
258 3523 423 3578 Filius
447 3522 667 3593 qualem
697 3521 920 3587 laceret,
948 3519 1331 3589 intermgavit‘t
1359 3518 1464 3575 Sed
1494 3519 1637 3582 fecit.
1682 3527 1740 3574 ut

155 3613 336 3677 voluit,
366 3615 586 3683 qualem
615 3613 774 3668 Pater
819 3627 992 3681 usque
1038 3626 1104 3667 eo
1142 3611 1335 3677 voluit,
1366 3621 1424 3666 ut
1459 3611 1736 3681 probaret.

158 3703 290 3775 Ergo
317 3723 514 3761 novum
537 3722 673 3775 opus
702 3704 821 3760 Filii
846 3714 953 3760 est.

217 3798 303 3854 65.
330 3800 537 3856 Deinde
559 3800 607 3854 si
633 3798 1051 3869 reprehenditur
1089 3797 1143 3852 in
1173 3796 1313 3853 Filio
1335 3795 1633 3853 secundum
1661 3796 1742 3853 in-

161 3891 902 3961 terpretationesArianorum
929 3890 1052 3961 quia
1083 3891 1226 3960 quod
1250 3890 1461 3955 viderit,
1485 3889 1632 3953 fecit,
1649 3888 1740 3959 qui

161 3985 333 4054 utique
362 3986 660 4043 secundum
684 3984 998 4055 Scriptores
1026 3983 1168 4054 quod
1194 3997 1299 4037 non
1324 3982 1478 4047 vidit,
1504 3993 1559 4036 et
1593 3980 1739 4047 fecit,

161 4085 214 4131 et
240 4078 382 4134 dedit
406 4094 530 4135 esse
567 4093 689 4149 quae
735 4092 841 4132 non
873 4086 1066 4131 erant:
1100 4074 1228 4145 quid
1258 4075 1443 4130 dicunt
1468 4074 1535 4129 de
1558 4074 1740 4138 Patre,

163 4170 245 4237 qui
298 4172 440 4240 qttod
496 4171 712 4226 viderat
752 4168 913 4241 533
945 4167 1288 4238 praedicavit,
1334 4166 1488 4237 quasi
1527 4182 1588 4221 ea
1626 4181 1744 4235 qua:

168 4263 389 4320 iacienda
419 4265 622 4334 forent,
650 4282 758 4320 non
784 4262 1019 4334 potuerit
1048 4261 1349 4332 praevidere
1374 4262 1397 4315 ‘t

231 4357 315 4414 66.
346 4360 609 4417 Similiter
632 4375 761 4430 ergo
794 4359 938 4413 videt
982 4356 1153 4411 Filius
1201 4356 1375 4411 Patris
1418 4368 1575 4425 opus,
1609 4354 1747 4410 sicut

172 4449 315 4509 Pater
342 4471 478 4525 opus
503 4456 618 4511 Filii
651 4472 664 4509 :
695 4469 796 4510 nec
817 4454 969 4523 quasi
993 4452 1230 4507 aliettutn
1255 4449 1456 4516 laudat,
1480 4449 1572 4503 sed
1592 4448 1742 4519 quasi

1841 3230 2035 3299 gratias
2059 3247 2156 3302 ago
2184 3231 2293 3295 tibi,
2321 3233 2441 3300 quia
2468 3234 2663 3288 audisti
2693 3253 2772 3290 me
2800 3254 2818 3291 :
2848 3250 2894 3291 et
2939 3255 3031 3309 ego
3071 3242 3290 3295 sciebam
3322 3243 3444 3311 quia

1842 3339 2041 3393 semper
2075 3341 2152 3379 me
2178 3326 2327 3379 audis
2345 3340 2364 3378 :
2391 3329 2483 3380 sed
2510 3338 2719 3398 pmpter
2742 3330 2944 3385 turbam
2971 3348 3086 3402 qua:
3124 3335 3440 3402 circumstat,

1843 3418 1987 3484 dixi;
2016 3427 2072 3472 ut
2101 3418 2313 3473 credant
2334 3421 2458 3489 quia
2485 3430 2539 3472 tu
2561 3436 2639 3474 me
2659 3423 2841 3477 misisti
2861 3422 3041 3495 (Joan.
3078 3440 3158 3491 ιι,
3188 3426 3280 3490 41,
3309 3424 3403 3497 42)
3427 3444 3440 3479 :

1846 3518 1901 3565 ut
1928 3513 2176 3582 quamvis
2205 3520 2228 3549 ι’
2260 3526 2330 3566 ex
2362 3528 2607 3582 personrc
2642 3515 2881 3569 hominis
2918 3517 3185 3571 incarnati
3214 3532 3441 3586 suscep-

1845 3604 1993 3658 tione
2022 3605 2354 3674 loqueretur,
2381 3605 2642 3661 unitatem
2670 3617 2848 3663 tamen
2872 3619 3111 3678 paterna:
3139 3611 3443 3666 voluntatis

1845 3705 1900 3750 ct
1931 3696 2261 3765 operationis
2295 3700 2626 3766 exprimeret
2653 3715 2667 3763 ;
2700 3701 2823 3769 quia
2862 3700 3024 3754 Pater
3048 3703 3235 3755 omnia
3266 3702 3438 3768 audit,

1846 3790 2026 3843 omnia
2054 3790 2198 3844 videt
2226 3806 2348 3859 qua:
2377 3791 2490 3845 vult
2520 3790 2711 3845 Filius.
2742 3791 2897 3845 Videt
2925 3806 3056 3861 ergo
3084 3801 3141 3847 et
3162 3792 3323 3846 Pater
3363 3792 3443 3847 la-

1846 3881 2080 3935 cientem
2105 3879 2302 3935 Filium
2330 3923 2345 3947 ,
2379 3882 2531 3938 audit
2560 3883 2850 3938 volentem.
2884 3883 3124 3953 Denique
3156 3899 3261 3939 non
3287 3901 3443 3955 roga-

1850 3976 1946 4041 vit,
1978 3984 2033 4030 et
2059 3976 2371 4030 exauditam
2395 3991 2454 4032 se
2476 3992 2597 4033 csse
2622 3977 2776 4031 dixit.

1922 4069 2011 4125 70.
2044 4069 2153 4125 Nec
2181 4071 2482 4126 existimari
2522 4080 2700 4142 potest
2746 4072 2870 4141 quia
2917 4089 3023 4127 non
3068 4075 3219 4129 audit
3257 4077 3441 4142 Pater,

1849 4165 1994 4236 quod
2025 4166 2153 4219 velit
2186 4164 2356 4220 Filius
2385 4183 2398 4219 :
2428 4174 2485 4220 et
2512 4175 2569 4220 ιιι
2600 4167 2741 4220 scias
2769 4166 2896 4235 quia
2925 4180 3144 4238 semper
3183 4171 3398 4226 auditur
3420 4188 3448 4224 a

1852 4259 2035 4325 Patre,
2094 4274 2201 4315 non
2242 4261 2394 4331 quasi
2442 4275 2668 4325 servus,
2701 4274 2800 4316 nec
2829 4262 2981 4330 quasi
3015 4262 3282 4332 propheta
3306 4304 3320 4328 ,
3349 4265 3445 4319 sed

1851 4355 2004 4425 quasi
2036 4355 2203 4410 Filius
2235 4372 2249 4409 :
2293 4354 2359 4408 Et
2380 4372 2475 4427 ego
2495 4397 2509 4422 ,
2537 4356 2730 4425 inquit,
2757 4356 2977 4410 sciebam
3005 4358 3127 4424 quia
3152 4374 3351 4426 semper
3372 4376 3453 4413 ine

1852 4449 2043 4504 audis:
2075 4449 2165 4504 sed
2207 4460 2414 4521 propter
2458 4450 2658 4505 turbam
2702 4467 2819 4521 qua:
2866 4453 3181 4519 circumstat,
3206 4453 3353 4518 dixi;
3393 4464 3450 4506 ut

178 4517 433 4616 prepriuin
464 4549 800 4620 recognoscit
885 4547 1229 4614 Quacumque
1256 4544 1401 4599 enim
1432 4540 1594 4597 Pater
1621 4543 1748 4613 fece-
1778 4517 1829 4583 D
1855 4546 2065 4598 credant
2091 4548 2211 4617 quia
2243 4555 2297 4599 tu
2325 4562 2406 4601 ine
2434 4547 2636 4600 misisti.

178 4636 256 4701 rit,
277 4640 445 4695 eadem
466 4641 639 4696 Filius
660 4641 780 4709 facit
811 4638 1048 4692 similiter
1074 4634 1249 4706 (Joan.
1276 4652 1328 4701 v,
1361 4633 1480 4706 19);
1515 4645 1573 4689 ut
1604 4634 1747 4690 idem

180 4743 297 4799 opus
318 4733 487 4790 Patris
511 4737 740 4806 Filiique
774 4733 1029 4789 sentires.
1063 4730 1206 4785 Nihil
1236 4746 1365 4801 ergo
1398 4730 1521 4785 facit
1553 4729 1745 4797 Filius,

249 4878 270 4904 "
306 4869 549 4926 Nonnulli
574 4885 705 4925 mss.
732 4885 851 4923 cum
877 4866 1190 4935 Apostnlico
1215 4874 1363 4919 textu
1395 4866 1671 4927 omittunt,
1704 4866 1756 4919 in

188 4936 315 5005 Dvo;
335 4956 382 4997 et
416 4945 546 4998 intra
568 4938 663 5012 pro
686 4952 789 4995 tam
814 4941 1017 5011 ineptia.
1041 4937 1202 4992 iidem
1219 4937 1438 4991 codices
1463 4939 1760 5005 pralerunt

192 5018 280 5081 tute
308 5016 510 5081 ineptia,
536 5024 643 5069 etc.

253 5080 278 5155 β
316 5077 403 5147 Ιι;ι’
436 5077 563 5139 mss.
610 5083 787 5152 plures
826 5097 899 5155 ac
937 5080 1275 5155 probatiores
1312 5096 1322 5131 :
1358 5077 1451 5139 alii
1490 5085 1666 5131 autem
1708 5087 1764 5133 et

194 5151 335 5219 edit..
355 5158 471 5225 quia
500 5173 588 5225 per
612 5151 1016 5225 inseparabilem
1039 5151 1307 5225 inritatam.

262 5233 282 5261 ε
319 5220 510 5281 omnes
545 5226 673 5280 edit.
704 5220 751 5276 et
785 5239 912 5277 mss.
953 5222 1177 5288 aliquot,
1210 5220 1300 5273 sed

199 5363 256 5416 dc
279 5384 290 5416 :
314 5369 492 5439 reliqui
522 5362 699 5420 autc’lu
730 5381 855 5419 mss.
894 5374 949 5418 ιιι
976 5364 1025 5418 in
1057 5372 1225 5418 textu.

272 5453 294 5492 δ
334 5458 479 5515 llont.
504 5456 637 5515 edit.
671 5459 806 5522 sola,
838 5457 967 5529 Qua?
989 5473 1080 5529 ego
1106 5455 1305 5523 loquor.
1332 5453 1461 5529 sicut
1501 5453 1631 5507 dixit
1654 5450 1779 5506 mihi

217 5523 374 5592 Pater,
414 5532 483 5584 sic
521 5529 746 5596 loquor;
778 5541 823 5581 et
865 5523 1036 5583 Puter'
1079 5542 1220 5580 meus
1262 5526 1431 5596 quiin
1479 5540 1559 5578 me
1591 5532 1782 5596 manet,

226 5596 323 5668 ipse
344 5604 456 5668 facit
480 5592 659 5668 onera.
684 5599 809 5665 Qua:
835 5600 1047 5667 quidem
1082 5596 1241 5650 verba
1265 5592 1342 5649 Sic
1361 5595 1623 5649 habentur
1644 5592 1784 5663 apud

221 5663 455 5726 Joannem
488 5667 665 5727 citatis
691 5663 947 5723 locisXAt
983 5678 1169 5723 contra
1193 5681 1514 5722 consensum
1548 5680 1679 5720 mss.
1727 5678 1789 5718 ac

215 5749 320 5792 vet.
348 5742 473 5796 edit.
511 5736 644 5793 nihil
674 5753 968 5813 movemus.

262 5218 289 5261 εί
319 5218 510 5281 omnes
545 5226 673 5280 edit.
704 5218 751 5276 et
785 5239 912 5277 mss.
953 5222 1177 5288 aliquot,
1210 5220 1300 5273 sed
1349 5218 1441 5288 ﬁat
1465 5220 1645 5275 lum...
1681 5228 1771 5273 aut

198 5288 372 5360 Filius,
400 5299 598 5350 ultimae
624 5295 752 5349 edit.
779 5296 947 5349 Paris.
973 5293 1036 5346 At
1068 5289 1258 5344 Filius.
1285 5290 1433 5345 Haud
1462 5289 1765 5345 incommo-

1932 4635 2096 4709 535
2132 4637 2217 4690 7|.
2260 4636 2489 4707 Propter
2535 4653 2633 4692 nos
2673 4638 2837 4707 igitur
2871 4637 2889 4675 ί
2936 4640 3142 4708 gratias
3182 4639 3331 4709 agit;
3384 4654 3454 4693 ne

1860 4731 2108 4786 eumdem
2138 4729 2380 4796 Patrem,
2401 4731 2760 4801 eamdemque
2776 4730 2972 4786 Filium
2988 4746 3111 4787 esse
3139 4732 3453 4792 credamus.

1935 4875 1958 4903 ο
1996 4864 2253 4934 Quinque
2268 4880 2432 4937 rmss.,
2463 4882 2526 4919 ea:
2551 4882 2770 4937 persona
2825 4867 3047 4921 hominis
3077 4870 3129 4923 in
3160 4870 3329 4925 carnis
3360 4887 3453 4924 su-

1863 4939 2149 5007 spectione;
2183 4936 2376 5005 reliqui
2407 4948 2457 4989 et
2483 4936 2613 4990 edit.
2647 4949 2705 4991 ut
2735 4940 2784 4992 in
2807 4947 2975 4993 textu.
3000 4938 3117 4993 iam
3142 4952 3319 4995 autem
3346 4958 3461 4996 m0-

1866 5010 2081 5080 ttuimus
2108 5021 2292 5080 vocent
2322 5023 2554 5076 persona:
2610 5023 2715 5061 non
2764 5024 2979 5080 semper
3010 5010 3197 5067 stricte
3224 5021 3277 5075 et
3300 5011 3462 5067 scho-

1867 5078 2060 5131 lastice
2102 5078 2278 5145 rigote
2315 5090 2584 5145 sumptam
2618 5079 2683 5131 ab
2715 5078 3025 5139 Ambrosio.
3079 5081 3144 5141 Et
3174 5098 3305 5137 sane
3357 5083 3459 5145 huc

1876 5150 1993 5201 Ιοοιι
2018 5147 2150 5220 nihil
2196 5147 2344 5220 aliud
2372 5160 2550 5204 sonat.
2589 5151 2688 5203 nisi
2720 5152 2773 5203 in
2801 5161 3058 5220 quantum
3090 5148 3270 5207 homo.
3305 5153 3459 5220 Quod

1875 5233 2005 5290 vero
2028 5218 2091 5272 ad
2123 5218 2416 5290 voluntatis
2435 5236 2554 5273 cum
2584 5218 3035 5285 l’atrettnitatem,
3066 5223 3133 5277 de
3154 5239 3255 5290 qua
3286 5218 3367 5278 hic
3382 5223 3461 5280 lo-

1876 5289 2080 5360 quitur,
2115 5288 2158 5343 si
2191 5304 2286 5359 pcr
2314 5305 2431 5345 eam
2466 5291 2758 5346 voluntatis
2791 5291 3037 5347 humana:
3068 5288 3334 5349 unitatem
3379 5293 3462 5351 io-

1880 5354 2205 5430 tclligattttts,
2234 5361 2363 5414 nihil
2388 5360 2530 5416 aliud
2560 5362 2665 5417 erit
2703 5363 2791 5416 illa
2823 5363 3021 5424 unitas,
3052 5364 3152 5417 nisi
3176 5366 3466 5419 consensio

1884 5432 2147 5497 subjectio
2187 5442 2237 5483 et
2274 5431 2644 5486 cooformitas.
2677 5431 2745 5486 At
2773 5434 3062 5498 quominus
3092 5450 3209 5487 cam
3240 5436 3307 5488 de
3340 5449 3467 5489 vera

1887 5504 2079 5557 divina:
2111 5503 2401 5557 voluntatis
2451 5505 2652 5557 unitate
2674 5504 3117 5569 ἰηιιοιιιιιξιριιιιιγ,
3144 5503 3273 5558 nihil
3303 5516 3468 5571 vetat,

1966 5574 1983 5612 ί
2026 5576 2227 5627 Omnes
2252 5575 2383 5628 cdit.
2429 5588 2492 5627 ac
2522 5588 2652 5627 mss.
2702 5575 2940 5641 quidam.
2990 5576 3182 5643 gratias
3234 5577 3352 5645 egit.
3386 5575 3469 5630 Ne

1892 5647 2143 5711 eumdem,
2168 5647 2404 5709 elc.;alii
2434 5646 2555 5698 cod.
2589 5644 2777 5712 majori
2811 5656 3103 5713 nfunteroet
3129 5644 3472 5713 auctoritate,

1893 5718 2085 5791 gratias
2107 5718 2233 5788 agit,
2274 5733 2338 5770 ne
2385 5713 2635 5783 eumdem,
2669 5723 2776 5771 etc.
2826 5712 3071 5787 Optime;
3119 5712 3475 5787 quamobrem
