3932 6176
494 240 595 298 651

494 463 786 517 gnosceres
833 462 940 501 non
985 446 1139 516 quasi
1171 444 1444 500 inlirmum
1490 445 1693 524 gratias
1738 447 1936 516 egisse,
1986 443 2081 499 sed

492 542 646 608 quasi
673 541 763 595 Dei
789 539 983 594 Filium
1005 554 1221 610 semper
1251 539 1354 594 sibi
1381 537 1618 593 divinam
1653 538 1946 606 potentiam
1966 537 2086 591 vin-

493 631 716 696 dicare,
761 630 1016 685 clamavit
1059 649 1071 684 :
1120 630 1358 696 Lazare,
1389 631 1501 684 veni
1551 631 1716 699 foras.
1758 629 2085 699 [inperantis

497 723 683 794 utique
709 738 809 778 vox
842 723 941 778 ista
970 732 1076 788 est,
1107 737 1213 778 non
1237 723 1530 793 precantis.

1101 857 1330 915 CAPUT
1368 858 1480 914 νη.

494 951 773 1022 Proposita
808 953 1046 1006 doctrina
1083 952 1202 1006 hinc
1243 952 1597 1021 confirmatur,
1642 951 1779 1022 quod
1821 948 1988 1004 Filius
2025 949 2092 1003 sit

570 1046 745 1100 Patris
799 1045 1042 1114 Verbum,
1085 1063 1184 1100 non
1221 1047 1370 1111 quale
1413 1056 1665 1112 nostrum,
1711 1047 1801 1100 sed
1839 1046 2002 1099 vivum
2044 1056 2090 1099 ct

563 1141 914 1210 apcratorium
944 1159 960 1204 ;
999 1151 1149 1211 atque
1169 1141 1298 1194 adeo
1329 1157 1431 1196 non
1456 1142 1616 1212 possit
1651 1141 1826 1210 negari
1861 1138 2090 1212 ejusdem

566 1250 680 1286 cum
708 1231 863 1288 Patre
893 1233 1189 1296 voluntatis,
1223 1234 1490 1302 potestatis
1507 1249 1569 1286 ac
1596 1232 1912 1286 substantiaz.

565 1348 656 1401 72.
697 1347 803 1402 Sed
846 1357 901 1401 ut
949 1346 1014 1400 ad
1059 1347 1336 1416 superiora
1371 1347 1680 1413 redeamus,
1725 1358 1778 1400 et
1819 1346 2092 1417 proposita

495 1439 900 1502 concludamus,
937 1439 1060 1492 iacit
1091 1440 1246 1509 quasi
1281 1437 1519 1495 Verbum
1554 1438 1727 1494 Filius
1761 1437 2092 1493 voluntatem

497 1535 690 1589 Patris.
719 1533 954 1589 Verbum
987 1533 1089 1587 boc
1121 1541 1364 1589 nostrum
1405 1533 1589 1602 utique
1615 1532 1938 1603 prolativuni
1969 1540 2052 1585 est
2074 1571 2090 1596 ,

494 1625 722 1697 syllaba}
775 1636 921 1692 sunt,
965 1639 1132 1680 sonus
1161 1637 1279 1690 est;
1311 1637 1363 1681 et
1399 1634 1578 1680 tamen
1608 1640 1637 1679 a
1669 1640 1832 1680 sensu
1883 1634 2093 1690 nostro,

1794 246 1812 308 i_
1830 238 2075 297 SANCTI
2113 237 2442 294 AMBROSII

493 370 617 410 cum
646 355 787 412 idem
812 369 946 425 opus
972 353 1146 410 Patris
1180 352 1429 408 audimus
1459 363 1513 408 et
1551 352 1696 408 Filii.
1737 351 1870 407 Nam
1909 361 1969 406 ut
1995 367 2084 406 co-
2115 351 2169 411 Α

3680 237 3772 293 652

2190 440 2548 492 Ηωτειὶοοτωη
2569 437 2899 502 obiectiouem,
2917 451 3014 503 qua
3033 434 3216 489 Filium
3237 438 3363 503 quod.
3380 439 3540 491 alium
3560 452 3774 506 generare

2249 538 2343 576 non
2365 523 2530 586 possit,
2555 522 2699 575 Patri
2715 521 2952 586 negabunt
2971 533 3073 572 esse
3092 520 3346 583 aqualem,
3361 521 3526 585 primo
3543 519 3595 574 in
3617 527 3774 576 adrer-

2251 605 2404 659 sarios
2425 607 2554 672 ipsos
2575 611 2856 668 retorquet:
2880 602 3056 654 deinde
3074 600 3318 654 hominum
3339 603 3548 655 ostendit
3562 604 3776 668 exemplis

2251 693 2381 758 quod
2399 688 2638 756 quispiam
2677 693 2872 752 generet
2889 692 2972 736 aut
2995 697 3160 747 secus,
3189 686 3256 737 ad
3280 685 3542 748 potentiam
3561 699 3652 738 non
3676 700 3772 751 per-

2248 776 2431 835 tinere;
2461 771 2673 826 maxime
2697 785 2806 822 cum
2831 768 3017 830 alioqui
3041 766 3240 831 ipsemet
3272 773 3422 821 Pater
3446 768 3606 822 minus
3632 778 3776 834 potens

2253 858 2489 911 dicendus
2521 863 2661 908 esset.
2690 855 2819 907 Inde
2841 851 3022 916 colligit
3045 852 3211 903 divina
3233 865 3296 905 ex
3323 853 3548 906 humanis
3573 867 3662 904 non
3689 867 3777 905 esse

2244 942 2538 1007 judicanda,
2565 940 2650 991 sed
2675 937 2900 990 standum
2917 932 3194 998 Scriptura:
3212 933 3520 989 auctoritate.
3545 939 3775 989 Postremo

2255 1026 2646 1092 omnipotentiam
2675 1027 2751 1078 vel
2781 1029 2924 1079 Patri
2954 1019 3336 1084 abiudieandam
3355 1064 3370 1087 ,
3399 1021 3478 1074 vel
3501 1019 3778 1085 adiudicau-

2257 1115 2374 1164 dam
2393 1111 2518 1163 Filio
2539 1111 2618 1162 ubi
2642 1110 2982 1168 demonstravit
2996 1152 3009 1177 ,
3037 1110 3167 1176 ipsos
3189 1109 3232 1162 si
3255 1109 3378 1174 ﬁlios
3395 1123 3496 1160 non
3517 1104 3774 1172 genuerint,

2257 1193 2468 1260 propriis
2483 1193 2633 1247 servis
2655 1194 2739 1260 qui
2755 1194 2960 1247 sobolem
2977 1191 3339 1258 procreauerint
3366 1232 3380 1256 ,
3405 1190 3567 1242 mitius
3588 1197 3780 1253 potentes

2256 1279 2358 1343 fore
2375 1278 2577 1338 inducit,
2599 1277 2896 1343 proindeque
2919 1283 3068 1328 totam
3083 1289 3250 1327 eorum
3271 1274 3645 1339 disputationem
3659 1272 3780 1337 inep-

2259 1373 2356 1416 tam
2378 1377 2496 1416 8888.

2271 1452 2358 1506 77.
2391 1449 2559 1523 [Alias
2584 1466 2703 1520 cap.
2730 1448 2847 1522 lV.]
2899 1448 3034 1503 Illud
3063 1447 3350 1504 ridiculum
3381 1455 3490 1512 est,
3512 1445 3539 1484 ι)
3564 1444 3781 1516 Impera-

2200 1557 2284 1602 tor
2306 1555 2554 1617 anguste,
2571 1545 2711 1616 quod
2731 1544 2951 1615 quidam
2975 1545 3075 1598 hoc
3094 1544 3258 1598 etiam
3281 1540 3347 1596 ad
3371 1539 3776 1611 inaequalitatem

2200 1639 2296 1694 Dei
2327 1639 2500 1694 Patris
2526 1647 2581 1693 et
2603 1637 2722 1692 Filii
2747 1637 3112 1708 objiciendum
3143 1649 3409 1705 usurpare
3439 1641 3779 1698 consuerunt,

497 1729 554 1771 et
593 1726 772 1772 mente
814 1733 919 1770 non
960 1716 1252 1787 discrepat,
1295 1725 1349 1771 et
1393 1732 1514 1786 quae
1567 1716 1806 1772 interiori
1850 1725 2094 1770 tenemus
2125 1735 2174 1796 Β
2203 1729 2345 1802 quod
2374 1730 2554 1785 dicam
2581 1729 3008 1800 omnipotentem
3041 1728 3256 1783 patrem
3286 1741 3434 1788 esse,
3465 1725 3608 1796 quod
3635 1738 3780 1794 gem-

496 1809 716 1875 :ill'ectu,
759 1825 821 1864 ea
867 1818 1138 1880 tamquam
1197 1809 1476 1880 operantis
1511 1808 1674 1864 Verbi
1715 1805 2097 1864 testiﬁcatione

496 1904 792 1973 signainus.
821 1902 930 1957 Sed
959 1919 1068 1957 non
1093 1918 1275 1958 sermo
1307 1911 1496 1958 noster
1519 1913 1796 1972 Operatur,
1819 1901 1992 1956 solum
2014 1909 2098 1956 est

502 1994 733 2049 Verbum
781 1995 896 2057 Dei,
942 1995 1088 2065 quod
1136 2009 1236 2050 nec
1263 1997 1289 2024 ⁸
1318 1995 1636 2065 prolativuin
1679 2003 1782 2060 est,
1813 2009 1912 2050 nec
1951 1995 2095 2065 quod

499 2086 777 2142 ἐνδιάθετον
791 2086 996 2151 dicunt;
1021 2087 1113 2142 sed
1125 2087 1267 2158 quod
1291 2095 1569 2157 Operatur,
1595 2095 1650 2142 et
1671 2087 1822 2154 vivit,
1841 2095 1894 2142 et
1913 2099 2092 2142 sanat.

571 2180 659 2234 75.
706 2180 797 2236 Vis
826 2179 966 2236 scire
993 2182 1154 2249 quale
1174 2181 1454 2238 Verbum?
1482 2181 1620 2238 Audi
1655 2182 1927 2237 dicentem
1958 2198 1971 2233 :
2009 2179 2097 2235 Vi-

497 2289 612 2324 vum
644 2282 716 2326 est
740 2272 874 2326 enim
910 2271 1136 2327 Verbum
1165 2273 1281 2340 Dei,
1312 2283 1358 2328 et
1389 2273 1618 2328 validum
1646 2283 1802 2344 atque
1852 2281 2094 2343 operato-

499 2365 636 2418 rium
667 2375 714 2418 et
745 2374 978 2432 acutum,
1001 2375 1046 2418 et
1075 2367 1441 2436 penetrabilius
1497 2367 1637 2420 omni
1662 2366 1839 2437 gladio
1859 2364 2098 2419 acutissi-

499 2474 604 2523 mo,
631 2469 904 2528 penetrans
927 2475 1084 2529 usque
1109 2459 1179 2512 ad
1209 2459 1514 2514 divi-sionem
1545 2460 1734 2513 anima:
1782 2468 1827 2512 et
1856 2459 2093 2528 spiritus,

501 2560 811 2620 artuumque
833 2561 881 2605 ct
908 2550 1250 2605 medullarum
1280 2550 1471 2622 (Hebr.
1505 2565 1582 2614 tv,
1606 2548 1718 2620 12).

573 2643 660 2696 74.
706 2641 943 2698 Verbum
989 2642 1152 2713 igitur
1188 2642 1344 2698 audis
1391 2642 1489 2698 Dei
1529 2641 1749 2708 Filium,
1781 2652 1837 2696 et
1866 2657 1895 2695 a
1925 2641 2096 2712 patria

503 2732 780 2786 voluntate
828 2743 884 2788 et
910 2740 1182 2802 potestate
1228 2732 1503 2788 secernis?
1553 2733 1720 2788 Audis
1774 2733 1897 2803 quia
1937 2735 2095 2796 vivit,

501 2823 654 2878 audis
673 2824 797 2894 quia
837 2835 992 2878 sanat
1021 2842 1034 2877 :
1062 2826 1169 2878 noli
1201 2838 1329 2892 ergo
1359 2833 1544 2880 nostro
1571 2839 1887 2895 comparare
1910 2826 2096 2881 verbo.

503 2918 558 2970 Si
587 2916 730 2970 enim
766 2917 988 2971 verbum
1039 2927 1282 2972 nostrum
1327 2933 1450 2988 quze
1507 2935 1612 2973 non
1660 2921 1852 2974 obtutu
1881 2920 2095 2988 viderit,

507 3023 614 3060 non
673 3006 862 3060 auditu
915 3005 1169 3072 audierit,
1222 3008 1498 3076 loquitur;
1553 3019 1610 3066 et
1647 3012 1887 3082 loquitur
1914 3022 2095 3070 tamen

2202 1826 2336 1880 ravit
2379 1823 2572 1878 Filium
2608 1839 2622 1880 :
2658 1831 2858 1893 negent
2886 1831 3068 1876 autem
3100 1823 3538 1891 omnipotentem
3584 1817 3780 1882 Filium,

2201 1918 2444 1972 dicentes
2472 1917 2598 1986 quia
2629 1931 2896 1986 generare
2924 1931 3030 1970 non
3064 1915 3258 1985 potuit.

2271 2010 2360 2064 78.
2406 2008 2512 2065 Sed
2547 2008 2669 2063 vide
2707 2007 3166 2079 quemadmodum
3217 2019 3360 2060 saeva
3412 2005 3688 2076 impietas;
3733 2011 3781 2059 ut

2201 2101 2489 2157 dialectica
2513 2100 2958 2171 philosophorum
2980 2115 3039 2156 se
3057 2099 3172 2170 ipsa
3193 2100 3510 2156 convincat.
3531 2099 3634 2154 llac
3651 2099 3778 2153 enim

2199 2193 2499 2265 quaestione
2529 2203 2622 2247 aut
2663 2201 2999 2248 eomternum
3032 2192 3178 2247 Patri
3208 2191 3408 2246 Filium
3454 2205 3675 2246 necesse
3710 2198 3783 2244 est

2200 2300 2298 2340 sua
2331 2299 2464 2340 voce
2494 2283 2795 2351 fateantur,
2831 2293 2923 2338 aut
2946 2284 2990 2338 si
3018 2283 3342 2355 principium
3375 2283 3637 2354 temporis
3664 2281 3782 2337 Filio
3825 2340 3828 2342 ,

2201 2381 2415 2452 aliquod
2455 2380 2755 2448 ascribunt,
2789 2378 3115 2451 principium
3165 2378 3425 2448 potentia:
3462 2391 3683 2433 necesse
3714 2384 3783 2430 est

2203 2477 2443 2530 tribuant
2470 2475 2632 2531 etiam
2671 2473 2842 2528 Patri.
2873 2473 2944 2527 ita
2973 2487 3096 2527 eum
3126 2471 3568 2542 omnipotentem
3605 2469 3780 2525 Filium

2204 2576 2422 2638 negant,
2458 2566 2742 2637 incipiunt,
2765 2566 2909 2635 quod
2937 2563 3090 2620 nefas
3112 2564 3256 2620 dictu
3284 2573 3390 2631 est,
3424 2577 3674 2620 asserere
3700 2577 3781 2634 per

2202 2656 2396 2712 Filium
2431 2657 2643 2712 Patrem
2669 2655 3100 2726 omnipotentem
3141 2668 3263 2710 esse
3290 2657 3551 2725 cmpisse.

2274 2752 2362 2806 79.
2397 2749 2527 2804 Nam
2571 2751 2614 2805 si
2663 2763 2758 2820 per
2795 2749 3200 2819 generationem
3234 2747 3587 2818 omnipotens
3616 2746 3778 2808 Pater,

2205 2847 2390 2915 utique
2419 2854 2510 2898 aut
2535 2851 2842 2899 conatui-nus
2863 2841 3010 2896 Patri
3035 2840 3203 2896 Filius
3224 2849 3340 2906 est;
3364 2842 3495 2911 quia
3518 2839 3565 2894 si
3589 2851 3783 2907 semper

2203 2938 2544 3007 omnipotens
2575 2935 2758 3002 Pater,
2786 2934 3151 3005 sempiternus
3178 2942 3234 2989 et
3253 2932 3427 2989 Filius
3459 2952 3472 2988 :
3498 2941 3591 2989 aut
3610 2932 3654 2986 si
3677 2931 3780 2992 luit,

2202 3031 2418 3103 quando
2440 3012 2545 3084 non
2564 3040 2682 3085 erat
2702 3027 2872 3083 Filius
2889 3027 3280 3097 sempiternus;
3308 3024 3412 3080 fuit
3432 3041 3566 3096 ergo
3587 3021 3781 3095 quando

503 3105 718 3176 cognita
744 3120 837 3174 per
858 3103 1346 3174 qu:edam:natur:e
1375 3104 1627 3158 humana:
1661 3105 1874 3160 interna
1899 3116 2091 3179 myste-

2219 3139 2310 3180 ion
2343 3131 2460 3178 erat
2488 3123 2838 3191 omnipotens
2864 3120 3043 3175 Pater.
3085 3118 3218 3173 Nam
3245 3119 3366 3174 cum
3399 3118 3592 3173 volunt
3619 3116 3783 3171 dicere

505 3200 582 3252 ria
618 3197 928 3268 :quomodo
959 3213 1066 3253 non
1099 3198 1318 3269 impius,
1371 3199 1462 3267 qui
1510 3200 1808 3256 secundum
1836 3201 2097 3257 divinita-

509 3301 613 3346 tem
641 3292 691 3345 iii
726 3291 816 3347 Dei
845 3291 1021 3345 Verbo
1063 3300 1120 3347 et
1147 3292 1391 3347 obtutum
1439 3293 1724 3363 quemdam
1776 3309 2096 3365 corporeum

504 3385 694 3456 exigit,
725 3395 779 3440 et
825 3385 1067 3440 auditum
1104 3404 1117 3440 :
1149 3395 1204 3441 et
1242 3396 1391 3456 putat
1442 3388 1584 3457 quod
1638 3404 1743 3443 non
1791 3390 2010 3460 possita
2038 3395 2099 3447 se

507 3478 799 3550 quidquam
833 3478 1012 3535 facere
1038 3479 1235 3546 Filius,
1266 3481 1366 3536 nisi
1399 3481 1543 3552 quod
1571 3481 1785 3538 Patrem
1813 3484 2096 3539 facientem

509 3573 742 3638 viderit;
790 3588 911 3627 cum
964 3587 1059 3642 per
1109 3575 1396 3640 unitatem,
1449 3587 1506 3630 ut
1541 3575 1799 3641 diximus,
1855 3572 2096 3647 ejusdem

508 3665 848 3733 substantiae,
867 3665 1004 3720 idem
1029 3667 1165 3721 velle
1188 3677 1349 3738 atque
1380 3669 1519 3724 idem
1548 3670 1693 3726 nolle
1709 3671 1916 3726 etidem
1942 3687 2100 3742 posse

509 3771 560 3817 et
590 3761 641 3816 in
669 3761 828 3817 Patre
855 3761 926 3817 sit
955 3770 1012 3818 et
1043 3762 1096 3817 in
1131 3761 1266 3816 Filii)
1288 3773 1342 3819 et
1371 3764 1421 3818 in
1453 3764 1657 3833 Spiritu
1689 3768 1922 3821 sancto?

582 3856 670 3910 75.
711 3854 868 3922 Quod
908 3856 952 3908 si
982 3854 1230 3912 homines
1264 3856 1580 3928 plerumque
1620 3875 1873 3915 sensuum
1931 3861 2102 3930 quali-

512 3954 620 4000 tate
642 3945 886 4012 discreti,
913 3955 1090 4002 tamen
1131 3948 1291 4003 unius
1337 3951 1596 4020 propositi
1649 3953 1948 4009 intentione
1974 3971 2105 4010 con-

508 4036 763 4100 cordant;
792 4038 918 4107 quid
946 4039 1014 4094 de
1037 4039 1197 4096 Patre
1221 4055 1320 4096 nos
1337 4049 1393 4096 et
1415 4042 1508 4097 Dei
1538 4042 1675 4098 Filio
1689 4045 1938 4116 congruit
1955 4049 2101 4101 aesti-

509 4143 656 4183 mare
689 4147 700 4180 :
735 4144 857 4184 curn
897 4130 948 4183 id
989 4132 1131 4201 quod
1165 4132 1398 4188 humana
1423 4135 1663 4192 imitatur
1688 4138 1943 4207 cliaiitas,
1970 4141 2100 4197 sub-

501 4221 698 4276 stantia
720 4221 896 4276 divina
930 4223 1243 4292 possideat?

580 4315 667 4370 76.
711 4315 980 4370 Ponamus
1005 4325 1206 4381 tamen,
1252 4318 1393 4372 sicut
1422 4319 1523 4388 ipsi
1555 4322 1763 4389 volunt,
1794 4325 1920 4394 quia
1947 4327 2101 4396 quasi

505 4409 558 4462 in
589 4407 907 4478 exemplari,
937 4407 1078 4475 quod
1112 4408 1306 4463 viderit
1338 4409 1552 4466 Patrem
1585 4412 1868 4472 facientem
1890 4459 1904 4483 ,
1933 4417 2100 4474 Filius

2203 3216 2398 3271 Filium
2446 3212 2739 3284 aliquando
2767 3213 3025 3281 coepisse,
3071 3211 3124 3266 in
3174 3211 3304 3266 illud
3354 3211 3629 3277 recidunt,
3659 3220 3710 3263 ut
3733 3215 3782 3263 et

2203 3309 2376 3364 Patris
2408 3308 2706 3378 potentiam
2740 3306 2921 3360 dicant
2966 3320 3071 3360 non
3105 3319 3324 3375 semper
3366 3305 3563 3372 fuisse,
3592 3303 3684 3360 sed
3723 3316 3778 3356 ex

2203 3401 2322 3456 Filii
2350 3401 2700 3471 generatione
2723 3400 2975 3469 cmpisse.
3008 3399 3080 3453 Ita
3111 3397 3240 3452 dum
3273 3397 3418 3453 Filio
3446 3397 3541 3452 Dei
3575 3396 3780 3465 cupiunt

2202 3493 2485 3562 derogare,
2529 3491 2646 3561 plus
2678 3490 2960 3557 tribuunt;
2998 3499 3055 3545 ut
3079 3500 3270 3544 contra
3297 3488 3376 3544 l‘as
3409 3504 3579 3545 omne
3605 3497 3776 3543 aucto-

2203 3602 2316 3641 rem
2347 3592 2588 3655 paternae
2611 3584 2866 3655 potentia:
2889 3583 3169 3640 declarare
3215 3583 3541 3650 videantur;
3563 3583 3678 3638 eum
3703 3579 3779 3634 Fi-

2204 3677 2307 3732 lius
2337 3677 2482 3732 dicat
2516 3695 2528 3730 :
2567 3676 2757 3731 Omnia
2793 3692 2907 3745 quae
2935 3675 3097 3730 Pater
3125 3677 3294 3742 habet,
3319 3692 3440 3731 mea
3472 3687 3590 3732 sunt
3614 3672 3774 3746 (Joau.

2203 3787 2313 3836 xvi,
2348 3771 2460 3841 15).
2493 3770 2595 3826 lioc
2622 3779 2727 3836 est,
2756 3785 2862 3824 non
2895 3785 3018 3840 quae
3048 3769 3191 3824 Patri
3222 3770 3336 3839 ipse
3359 3769 3665 3833 tradiderit,
3693 3763 3775 3820 sed

2203 3880 2324 3933 qtae
2351 3878 2380 3916 a
2406 3863 2564 3917 Patre
2588 3863 2711 3932 jure
2739 3864 3108 3933 generationis
3137 3864 3436 3932 acceperit.

2275 3956 2364 4011 80.
2397 3955 2466 4011 Et
2493 3955 2616 4011 ideo
2645 3954 2845 4009 Filium
2870 3958 3258 4025 sempiternam
3281 3954 3518 4010 dicimus
3546 3969 3661 4011 esse
3684 3953 3775 4006 vir-

2207 4059 2373 4106 tutem
2407 4070 2419 4104 :
2462 4051 2506 4106 si
2534 4065 2663 4117 ergo
2687 4051 3021 4120 sempiterna
3051 4049 3170 4119 ejus
3209 4050 3381 4103 virtus
3407 4059 3573 4120 atque
3602 4045 3773 4103 divini—

2205 4151 2307 4208 tas,
2338 4145 2526 4212 utique
2549 4152 2604 4197 et
2628 4141 2868 4212 potentia
2896 4141 3014 4210 ejus
3035 4149 3119 4196 est
3147 4141 3504 4211 sempiterna.
3536 4140 3666 4195 Filio
3692 4136 3773 4204 igi-

2207 4249 2292 4292 tur
2319 4237 2418 4306 'qui
2463 4237 2709 4307 derogat,
2762 4235 2906 4290 Patri
2955 4234 3204 4305 derogat,
3248 4234 3507 4304 pietatem
3547 4230 3768 4288 oﬁ'endit.

2204 4329 2370 4384 violat
2395 4328 2736 4384 cbaritatem.
2771 4327 2880 4382 Nos
2907 4325 3326 4382 lionorilicemus
3356 4326 3578 4391 Filium,
3607 4326 3656 4379 in
3679 4338 3772 4392 quo

2204 4422 2363 4477 Pater
2389 4422 2720 4491 complacet;
2755 4421 2932 4489 placet
2970 4419 3112 4474 enim
3147 4417 3292 4474 Patri
3337 4429 3394 4474 ut
3424 4418 3670 4474 laudetur
3697 4413 3770 4469 Fi-

506 4500 685 4555 t‘aciat.
719 4500 786 4554 Et
818 4499 920 4554 hoc
950 4501 1132 4570 utique
1153 4500 1398 4570 ejusdem
1427 4504 1743 4560 substantiae
1767 4518 1851 4562 est
1877 4525 1890 4574 ;
1916 4510 2097 4566 nullus
2122 4521 2178 4583 1)
2204 4516 2326 4580 lius,
2362 4516 2413 4569 in
2442 4529 2547 4584 quo
2575 4513 2692 4582 ipse
2719 4512 3070 4582 complacuit.

501 4594 649 4649 enim
674 4593 1093 4663 potestalterius
1117 4593 1471 4650 imitationem
1497 4600 1832 4666 operationis
1865 4603 2095 4674 implere

499 4689 602 4742 nisi
629 4688 718 4758 qui
749 4687 987 4758 ejusdem
1022 4698 1226 4742 natura:
1255 4687 1453 4744 habeat
1478 4691 1756 4748 unitatem.

502 4804 650 4880 enini
675 4813 906 4880 propter;
921 4817 1020 4880 nos
1042 4805 1460 4880 grati_as_cgerit,
1495 4806 1613 4862 haec
1643 4810 1781 4864 ratio
1826 4812 2089 4880 redditur,

505 4890 572 4947 ne
604 4874 852 4928 videlicet
872 4873 1046 4928 Patris
1072 4875 1280 4947 acFilii
1305 4873 1466 4931 unam
1503 4893 1787 4947 personam
1820 4897 1944 4938 esse
1973 4873 2091 4940 ere;

500 4944 714 5018 damus,
746 4960 866 5018 cum
900 4959 1058 5018 nemo
1087 4945 1192 5018 sibi
1228 4948 1326 5016 ipsi
1361 4944 1559 5018 gratias
1587 4964 1729 5017 agat.

573 5023 598 5051 α
640 5015 874 5098 Verbum
908 5015 1695 5098 Ργοιειίνιιιηξξειίπροφόρικρν
1727 5025 1892 5098 νει-ΙΨ
1921 5026 2086 5082 inter-

499 5103 593 5149 no,
623 5086 1030 5160 Slveus'uataes'rq)
1064 5089 1258 5160 opponi
1277 5091 1388 5158 jam
1412 5086 1812 5149 a'niio'tavimus.
1848 5096 2084 5154 Verbum

497 5168 675 5235 autem
717 5157 956 5211 divinum
1005 5157 1311 5235 irpoepo'pzxov
1341 5163 1520 5231 quieo
1561 5164 1720 5218 modo
1767 5166 1990 5232 diceret,
2027 5179 2085 5225 ut

496 5228 851 5304 syllab:is_aut_
880 5228 1446 5304 soiiurii_'eorporeiiin
1474 5249 1595 5287 esse
1645 5237 1890 5304 lingeret,
1923 5228 2085 5294 nemo

494 5311 664 5367 usque
682 5297 816 5371 adeo
841 5300 1060 5352 insanus
1083 5301 1181 5354 fuit
1201 5297 1292 5355 :at
1316 5302 1441 5355 illud
1466 5303 1641 5371 ipsum
1661 5297 1783 5359 esse
1805 5297 2083 5366 ἐνδιάθετον

494 5369 893 5448 contendebant
921 5385 982 5424 ac
1005 5371 1240 5448 similem
1273 5369 1522 5448 humanis
1551 5374 1866 5448 _liabitibus,
1892 5379 2078 5448 proin-

492 5440 668 5508 deque
719 5441 1130 5516 accidentalem,
1174 5451 1343 5516 atque
1367 5459 1394 5495 a
1421 5443 1595 5498 Patris
1647 5455 1833 5499 natura
1862 5440 2082 5516 separa-

489 5515 622 5573 tum,
657 5519 714 5563 ut
739 5525 801 5565 ex
830 5510 1007 5581 Basilii
1041 5511 1226 5565 liouiil.
1259 5511 1330 5566 27
1367 5523 1512 5567 cont.
1548 5516 1796 5580 Arianos,
1830 5510 1961 5581 etei,
1993 5521 2079 5575 in-

487 5581 800 5657 leiligimus.
828 5579 1214 5657 Verumtamen
1247 5583 1388 5637 idem
1420 5583 1544 5638 illud
1576 5579 1804 5640 Verbum
1850 5579 2076 5657 spiritali

484 5652 948 5728 quadainratiime
970 5654 1291 5720 prolativum
1308 5657 1692 5718 asseverabant
1707 5652 1909 5728 Ariani,
1928 5663 2070 5728 quod

483 5715 733 5771 nimii-aui
765 5735 828 5773 ex
862 5715 1019 5772 Patre
1051 5715 1363 5777 nasceretur
1410 5715 1513 5780 no‘u
1544 5727 1636 5796 per
1661 5715 2068 5797 generationem

2275 4609 2366 4664 81.
2396 4605 2841 4678 Respondeamus
2870 4616 3046 4659 tamen
3079 4603 3368 4659 intentioni
3410 4619 3622 4667 eorum,
3665 4612 3684 4638 υ
3712 4612 3770 4653 ne

2205 4703 2423 4772 epilogo
2458 4701 2688 4770 quodam
2720 4698 2976 4753 invidiam
3013 4697 3333 4768 quaestionis
3371 4696 3672 4752 declinasse
3697 4693 3768 4745 vi-

2209 4815 2358 4870 Verbi
2412 4814 2683 4878 nianentis,
2733 4811 2827 4868 sed
2878 4810 3030 4883 quasi
3075 4826 3170 4883 per
3199 4810 3555 4880 prolationem
3585 4805 3770 4883 ﬂuentis

2199 4887 2467 4949 sermonis,
2489 4885 2639 4955 quod,
2662 4892 2772 4936 toto
2797 4879 2910 4937 lioc'
2928 4879 3092 4950 Opere
3108 4879 3388 4952 impugnat
3416 4879 3742 4955 Ambrosius.

2273 4956 2297 4995 ι)
2339 4949 2541 5012 Omnes
2578 4954 2710 5010 edit.
2746 4963 2800 5008 et
2831 4969 2963 5008 mss.
2997 4949 3200 5019 aliquot
3240 4949 3468 5019 omisso,
3503 4951 3630 5008 illud
3657 4949 3769 5002 ridi-

2195 5029 2371 5082 culum
2395 5037 2498 5094 .est,
2532 5029 2712 5080 statim
2748 5025 3036 5094 incipiunt,
3080 5020 3373 5092 Imperator
3398 5036 3631 5096 auguste,
3665 5020 3766 5096 qui-

2195 5100 2338 5164 dam,
2371 5108 2476 5153 etc.
2515 5097 2667 5153 Unde
2695 5111 2799 5151 non
2837 5095 2989 5160 pauci
3025 5109 3154 5149 mss.
3186 5099 3348 5150 etiam
3379 5095 3642 5164 resecant,
3669 5095 3766 5143 lm-

2194 5163 2399 5235 pcrator
2425 5178 2640 5238 auguste
2683 5183 2702 5221 :
2736 5167 2925 5222 melius
2955 5167 3069 5232 alii,
3102 5170 3431 5237 quamQuam
3476 5163 3760 5238 pauciores,

2192 5251 2249 5295 ut
2283 5243 2630 5295 ineontextu.
3481 5289 3498 5300 ,

2264 5323 2284 5348 ο
2313 5311 2595 5378 Epilngum
2630 5325 2725 5370 pro
2753 5307 3106 5378 querimoniis
3127 5309 3195 5361 ab
3224 5308 3515 5363 Ambrosio
3551 5316 3762 5378 usurpa—

2188 5391 2299 5436 tum
2345 5375 2602 5436 llexaem.
2631 5380 2724 5434 lib.
2749 5375 2822 5445 vi,
2847 5396 2996 5434 num.
3019 5381 3108 5444 24,
3129 5379 3574 5440 observabamus.
3597 5375 3763 5444 Neque

2186 5467 2318 5507 vero
2358 5451 2602 5505 eamdem
2628 5465 2836 5522 vocem
2868 5451 2969 5504 hoc
3001 5451 3100 5522 loci
3133 5460 3358 5522 usurpat
3401 5466 3561 5522 sensu
3589 5446 3761 5522 adma:

2185 5524 2311 5576 dum
2345 5521 2550 5584 alieno;
2588 5521 2718 5574 nihil
2753 5522 2898 5576 enim
2931 5521 3076 5576 aliud
3109 5513 3286 5590 signal.
3327 5537 3484 5588 quam
3513 5513 3760 5586 ejusmodi

2186 5609 2517 5654 sermonem,
2567 5593 2779 5660 qualem
2831 5601 3098 5656 oratores,
3132 5602 3188 5644 ut
3225 5591 3464 5659 judieum
3496 5598 3699 5660 mentes
3733 5598 3758 5634 θ

2185 5673 2503 5736 causai-utne
2523 5656 3072 5736 Sig-illlr,.l‘ttgil,:lll0ﬂﬂ
3092 5656 3361 5736 avertant,
3387 5661 3454 5717 ad
3484 5656 3757 5717 movendos

2181 5733 2513 5802 cicadasque
2548 5733 2774 5789 allectus
2805 5731 3067 5788 adbibere
3110 5731 3308 5786 solent.
