3932 6176
531 177 636 232 65⁵5

1872 175 2118 247 εΑΝατι
2154 177 2485 251 Αιιιιιιοδιι

3734 187 3826 245 6ῗο

529 328 623 380 per
653 313 949 382 accipimus
970 313 1203 376 Patrem,
1237 327 1453 382 semper
1488 313 1704 381 Filium.
1736 329 1954 385 semper
1994 314 2121 383 Spi-
2146 294 2200 363 Α
2224 309 2283 349 se
2329 297 2441 365 ίιιεθ
2493 311 2601 363 “0D.
2644 306 2903 368 general:
2935 307 2988 365 et,
3040 298 3127 352 lux
3185 298 3534 371 splendorem
3587 314 3822 370 general.

532 403 695 463 ritum
726 413 975 468 Sanctum
1008 421 1022 459 :
1057 420 1160 469 non
1191 403 1328 469 duos
1372 404 1581 471 Patres,
1616 422 1721 461 non
1765 405 1903 462 duos
1932 407 2123 474 Filios,

2231 404 2340 464 non
2364 388 2622 460 Splendor
2654 387 2869 465 lucem;
2901 401 2954 444 ct
3003 405 3109 469 una
3158 398 3343 447 natura
3392 403 3471 463 est
3528 390 3824 462 Splendnris

532 512 640 557 non
665 496 798 551 duos
821 496 1074 564 Spiritus.
1105 495 1250 552 Unus
1272 498 1418 553 enim
1444 496 1584 555 Deus
1609 497 1787 565 Pater,
1812 514 1875 561 ea;
1894 515 1994 568 quo
2021 515 2131 555 om-
2229 494 2281 537 θι
2308 481 2464 538 lueis-

532 589 637 655 uia,
672 598 719 642 et
748 603 841 642 nos
866 588 919 641 in
945 589 1057 658 ipso
1093 603 1111 642 :
1141 598 1191 643 et
1221 606 1354 645 unus
1383 591 1631 649 Dominus
1657 589 1833 657 Iesus,
1860 608 1950 661 per
1980 608 2133 663 quem.

531 682 727 747 omnia,
757 689 805 735 et
834 697 927 736 nos
965 699 1058 754 per
1084 683 1257 755 ipsum
1286 680 1328 755 (ι
1368 680 1489 738 Cor.
1523 701 1636 749 vui,
1680 683 1758 756 6).
1793 685 1943 745 Unus
1974 696 2132 747 natus

531 789 596 830 ex
632 774 790 830 Patre
825 775 1082 830 Dominus
1110 776 1292 843 Jesus,
1322 786 1379 833 et
1400 778 1527 848 ideo,
1555 780 1880 849 unigenitus.
1916 778 2062 837 Unus
2085 788 2134 837 et

533 866 769 935 Spiritus
798 877 1010 923 sanctus
1041 866 1086 941 (Ι
1129 864 1251 922 Cor.
1290 884 1381 929 xu,
1416 867 1528 939 ll).
1563 877 1619 929 ut
1656 869 1796 925 idem
1838 868 2133 939 Apostolus

531 953 708 1018 dixit:
744 956 834 1017 Sic
861 960 1181 1031 accipimus,
1224 962 1307 1019 sic
1340 962 1601 1037 legimus,
1634 963 1713 1021 sic
1745 973 2008 1025 tenemus.
2048 963 2133 1019 Di-

533 1054 887 1109 SIinctionem
912 1055 1139 1119 scimus,
1167 1065 1194 1093 ι
1222 1066 1435 1111 secreta
1467 1057 1740 1123 nescimus
1768 1074 1780 1111 :
1815 1071 2007 1121 causas
2029 1072 2138 1123 non

534 1149 881 1216 discutimus,
923 1159 1263 1205 sacramenta
1294 1165 1598 1206 servamus.

603 1243 693 1301 92.
738 1243 973 1305 Facinus
1006 1243 1310 1316 indignum,
1364 1254 1420 1303 ut
1466 1246 1557 1316 qui
1602 1244 1973 1315 generationis
2020 1259 2137 1307 sua:

535 1333 850 1393 facultatem
886 1352 993 1391 non
1046 1338 1267 1401 habent,
1311 1337 1506 1393 divituc
1551 1337 1920 1409 generationis
1951 1336 1978 1376 ι’
2011 1353 2137 1393 exa-

536 1445 658 1483 men
693 1429 795 1483 sibi
833 1439 1118 1500 arrogant,
1147 1429 1422 1485 vindicent
1447 1438 1774 1501 potestatem
1800 1449 1813 1487 :
1836 1430 2001 1504 538
2032 1429 2137 1487 Ne-

534 1530 663 1592 gent
703 1536 833 1593 ergo
865 1523 1131 1593 aequalem
1162 1522 1305 1583 Patri
1338 1523 1558 1587 Filium,
1591 1524 1716 1594 quia
1768 1540 1873 1578 non
1906 1538 2138 1594 genera—

537 1615 612 1667 vit
642 1613 810 1671 Filius
842 1631 854 1667 :
903 1624 1101 1687 negent
1141 1616 1409 1686 :zequalmn
1441 1617 1583 1671 Patri
1628 1616 1851 1683 Filium,
1879 1618 2002 1687 quia
2036 1617 2138 1671 Pa—

538 1717 675 1762 trem
710 1706 893 1761 habet.
934 1709 1044 1763 lloc
1076 1709 1120 1763 si
1152 1708 1219 1764 de
1264 1708 1577 1766 hominibus
1605 1709 1867 1778 dicereut,
1900 1724 2139 1781 quorum

538 1799 708 1869 aliqui
753 1799 941 1854 volunt
974 1798 1115 1855 ﬁlios
1162 1799 1387 1867 habere,
1437 1817 1539 1863 nec
1589 1810 1836 1872 possunt,
1884 1803 2141 1873 injuriam

539 1901 854 1965 putaremus
887 1910 900 1947 :
926 1896 1005 1955 sic
1036 1894 1251 1951 etiamsi
1280 1895 1424 1955 inter
1454 1895 1594 1953 duos
1622 1896 1831 1952 honore
1861 1911 2019 1967 pares
2051 1897 2141 1953 ha-

486 1984 494 1991 ’
541 1986 687 2044 benti
736 1989 877 2046 tilias
916 1989 1009 2061 qui
1056 2003 1162 2044 non
1214 1988 1396 2054 habet,
1444 1998 1736 2060 negaretur
1779 1987 2027 2060 :equalis.
2074 1989 2137 2046 Et

542 2080 664 2136 ideo
681 2081 801 2143 hoc,
824 2080 1243 2152 inquam,grave
1264 2092 1318 2137 et
1341 2082 1407 2139 de
1430 2083 1558 2147 ipsis
1579 2082 1887 2139 hominibus
1905 2082 2134 2151 videtur,

545 2181 601 2226 ut
624 2172 744 2242 quis
775 2172 895 2229 ideo
930 2174 1106 2228 minor
1133 2184 1373 2240 putetur,
1400 2175 1546 2246 quod
1572 2176 1785 2233 Patrem
1816 2176 1996 2232 habet.
2027 2175 2143 2243 Nisi

544 2263 685 2321 forte
706 2273 977 2335 tamquam
1000 2267 1353 2322 constitutum
1377 2269 1429 2323 in
1446 2267 1644 2331 familia
1661 2276 1851 2339 putant
1867 2270 2143 2327 Christum

542 2358 750 2426 dolere,
782 2358 925 2435 quod
957 2360 1327 2429 etnancipatus
1355 2377 1382 2415 a
1415 2361 1577 2417 Patre
1611 2377 1717 2417 non
1745 2364 1845 2429 sit,
1878 2370 1931 2417 et
1965 2361 2141 2421 admi-

545 2453 808 2521 nistrandi
841 2454 1152 2523 patrimonii
1186 2472 1293 2510 non
1324 2454 1515 2510 habeat
1548 2454 1879 2515 facultatem.
1903 2456 2008 2511 Sed
2036 2471 2143 2519 non

541 2557 627 2605 est
651 2548 901 2603 Christus
933 2549 987 2609 in
1018 2549 1209 2613 sacris,
1232 2562 1252 2587 ε
1277 2550 1367 2620 ιιιιί
1390 2564 1543 2605 sacra
1577 2550 1827 2605 universa
1851 2549 2141 2606 destruxit.

613 2642 703 2696 95.
746 2641 1032 2708 Quomodo
1059 2642 1249 2697 volunt
1280 2652 1485 2706 tamen,
1519 2643 1907 2711 respondeant,
1944 2659 2149 2715 verane

545 2733 828 2804 generatio
870 2733 963 2801 sit,
994 2744 1050 2788 et
1081 2748 1243 2791 verus
1293 2734 1460 2793 Filius
1507 2749 1571 2790 ex
1623 2734 1735 2790 Deo
1766 2734 1929 2799 Patre
1966 2745 2143 2802 natus,

553 2825 654 2889 hoc
679 2833 784 2889 est,
818 2839 880 2880 ex
912 2825 1217 2883 substantia
1255 2826 1452 2893 Patris,
1485 2841 1554 2889 an
1590 2841 1654 2883 ex
1688 2826 1790 2879 alia
1833 2837 1987 2885 nutus
2019 2826 2146 2883 sub-

550 2917 785 2974 stantia?
828 2915 887 2973 Si
932 2919 1077 2975 enim
1120 2918 1307 2979 dicunt
1338 2936 1400 2976 ex
1452 2919 1634 2986 Patre,
1670 2918 1773 2983 hoc
1803 2930 1905 2988 est,
1938 2936 2003 2977 ex
2053 2922 2151 2991 Dei

549 3012 873 3082 substantia,
905 3012 932 3050 ἀ
957 3013 1242 3080 convenit;
1275 3012 1400 3083 quia
1430 3027 1494 3069 ex
1528 3013 1827 3077 substantia
1856 3013 2029 3069 Patris
2058 3013 2144 3081 Fi-

551 3106 681 3163 lium
708 3106 914 3163 dicunt.
951 3106 1096 3176 Ergo
1126 3106 1249 3176 quia
1281 3106 1441 3161 unius
1470 3104 1810 3172 substantiae,
1850 3106 2006 3169 unius
2038 3106 2147 3159 uti-

552 3215 656 3268 que
699 3200 975 3277 potentize.
1009 3199 1064 3256 Si
1097 3213 1227 3256 Vero
1258 3215 1322 3254 ex
1365 3199 1468 3254 alia
1496 3199 1797 3261 substantia
1830 3198 2000 3253 Filius
2038 3208 2143 3268 est,

552 3292 826 3364 quomodo
855 3292 1200 3365 omnipotens
1221 3292 1379 3347 Pater
1402 3302 1509 3358 est,
1532 3301 1589 3346 et
1610 3290 1953 3365 omnipotens
1974 3290 2149 3346 Filius

555 3402 662 3440 non
690 3387 806 3447 cst?
833 3385 971 3456 Quid
1003 3387 1146 3442 enim
1173 3388 1518 3459 praestantius
1545 3386 1589 3441 si
1614 3401 1677 3441 ex
1706 3386 1811 3439 alia
1843 3386 2146 3443 substantia

553 3478 752 3533 Filium
786 3478 929 3533 Deus
962 3478 1109 3544 fecit,
1144 3495 1264 3533 cuin
1300 3479 1489 3549 utique
1517 3486 1571 3534 et
1603 3476 1772 3533 Filius
1807 3494 1871 3543 ex
1912 3477 2015 3531 alia
2051 3492 2151 3549 ιιοῆ

553 3572 859 3631 substantia
892 3572 1029 3633 filios
1057 3570 1153 3627 Dei
1178 3570 1411 3631 fecerit?
1434 3571 1574 3641 Ergo
1600 3579 1693 3633 aut
1713 3570 1871 3633 unius
1899 3570 2149 3637 substan-

553 3666 642 3722 tiae
680 3664 851 3723 Filius
880 3681 1002 3723 cum
1026 3666 1209 3733 Patre,
1237 3675 1333 3723 aut
1360 3666 1518 3721 unius
1549 3665 1822 3737 potentize.

624 3757 713 3815 94.
748 3758 934 3830 Friget
976 3759 1138 3830 igitur
1169 3774 1358 3814 eorum
1391 3757 1643 3837 quaestio,
1678 3757 1799 3826 quia
1833 3755 1901 3812 de
1930 3754 2151 3823 Christo

546 3851 793 3923 judicare
820 3866 926 3907 non
958 3862 1225 3925 possunt;
1258 3852 1422 3907 immo
1474 3853 1599 3920 quia
1649 3850 1820 3906 vincit
1864 3850 1977 3915 ille,
2025 3864 2149 3904 cum

549 3942 841 4013 judicatur.
867 3945 1021 4019 Digni
1049 3934 1230 4001 tamen
1258 3954 1381 4009 sunt
1408 3945 1492 4000 isti
1517 3944 1727 4014 judicio
1752 3960 1875 4007 suo,
1900 3943 1989 4015 qui
2014 3942 2153 4009 hanc

551 4035 814 4103 objiciunt
844 4038 1219 4106 qumstionem.
1256 4038 1312 4093 Si
1369 4037 1515 4095 enim
1564 4036 1691 4095 ideo
1731 4037 1960 4106 aequalis
2006 4035 2153 4099 Patri

557 4128 723 4182 Filius
753 4145 861 4183 non
892 4140 996 4193 εει,
1015 4130 1139 4199 quia
1164 4144 1271 4183 non
1298 4130 1583 4200 generavit
1611 4127 1831 4195 Filium,
1853 4135 1909 4181 et
1935 4127 2021 4182 isti
2053 4127 2155 4193 uti-

555 4241 661 4296 que
692 4224 984 4290 fateantur,
1011 4224 1057 4279 si
1091 4241 1195 4280 non
1226 4225 1429 4279 habent
1463 4224 1635 4293 tilias,
1680 4223 1774 4295 qui
1818 4230 2010 4279 serunt
2056 4221 2156 4287 bu-

550 4319 789 4389 jnsmodi
817 4318 1172 4388 quaestiones,
1198 4333 1328 4372 suos
1358 4316 1461 4371 sibi
1489 4317 1651 4383 etiam
1682 4319 1935 4383 servulos
1974 4314 2153 4388 prefe-

560 4413 791 4487 rendos,
812 4426 879 4466 eo
914 4410 1057 4481 quod
1094 4409 1420 4473 habentibus
1448 4408 1589 4473 ﬁlios
1619 4409 1856 4479 requales
1890 4424 2015 4464 esse
2048 4424 2154 4464 non

560 4513 809 4578 pOSsunt.
842 4502 902 4563 Si
925 4510 1110 4567 autem
1138 4502 1336 4561 habent
1365 4500 1528 4567 filios,
1563 4516 1669 4557 non
1694 4508 1884 4570 putent
1911 4499 2016 4567 sibi
2043 4517 2154 4567 me-

561 4598 748 4659 ritum,
779 4596 873 4651 sed
907 4595 1139 4651 ﬁliorum
1171 4593 1284 4665 juri
1319 4594 1541 4659 deferri.

633 4690 721 4747 95.
740 4689 853 4745 Non
885 4689 1135 4753 consistit
1161 4688 1326 4758 igitur
1358 4688 1474 4753 haec
1500 4688 1749 4759 quaestio.
1778 4690 1901 4761 quia
1934 4688 2159 4761 aequalis

564 4783 734 4838 Filius
761 4782 904 4837 Patri
954 4781 1078 4838 ideo
1107 4796 1228 4837 esse
1272 4794 1377 4835 non
1412 4781 1605 4852 possit,
1641 4782 1766 4851 quia
1802 4782 1961 4836 Pater
1991 4797 2156 4852 geneo

567 4877 766 4931 raverit
796 4876 1018 4942 Filium,
1040 4877 1213 4931 Filius
1239 4876 1444 4931 nullum
1468 4891 1534 4931 ex
1562 4890 1621 4930 se
1645 4875 1763 4944 ipse
1785 4874 2157 4946 generaverit.

565 4970 700 5027 Nam
730 4981 785 5027 et
823 4971 942 5028 fons
980 4971 1200 5026 ﬂuvium
1246 4978 1493 5043 generat,
1528 4981 1585 5027 et
1622 4971 1820 5029 ﬂuvius
1856 4973 2057 5030 fontem
2090 4991 2155 5053 ex

640 5121 665 5149 ⁸
699 5112 950 5168 Nonnulli
980 5125 1139 5177 mss.,
1167 5120 1360 5166 secreta
1388 5113 1602 5177 scimus,
1632 5121 1951 5167 sacramenta
1979 5128 2156 5167 serua-

569 5201 700 5238 mus.

641 5254 669 5293 δ
697 5254 822 5310 Mss.
850 5254 1119 5320 nonnulli,
1144 5251 1507 5308 comminantis:
1544 5252 1642 5307 sibi
1667 5263 1909 5329 orrogent
1944 5263 2167 5325 potesta-

571 5337 671 5433 (em‘?
704 5395 824 5450 Vet.
858 5396 1015 5460 edit.,
1045 5397 1134 5467 qui
1168 5411 1319 5449 sacra
1355 5394 1594 5451 mtiversa
1622 5395 1892 5462 distinxit;
1925 5396 2079 5448 Rom.
2114 5407 2168 5451 et

571 5484 778 5524 mss....
808 5467 1085 5522 destruxit.
1116 5467 1447 5522 Diceliantur
1477 5475 1657 5520 autem
1693 5468 1878 5535 pupilli
1913 5468 1964 5527 in
1990 5467 2165 5520 sacris

571 5549 796 5665 εἰεεθ,9ιιι
828 5548 972 5608 patet
998 5556 1062 5594 ex
1091 5538 1227 5594 Cod.
1249 5537 1458 5591 Theod.
1485 5536 1554 5592 de
1577 5536 1834 5593 Maternis
1862 5537 2037 5602 bonis,
2059 5538 2163 5607 leg.

638 5620 691 5663 et
758 5649 771 5662 .

647 5679 898 5755 d_Otnnes
924 5683 1081 5755 edit.,
1104 5685 1334 5738 convenit
1361 5683 1593 5755 ιιιιοά...τ
1624 5683 1837 5755 dicunt;
1866 5695 2024 5747 mss.,
2055 5697 2174 5755 conf

578 5751 735 5827 uenit,
767 5753 985 5819 quia....
1030 5754 1227 5808 dicunt.
1262 5751 1502 5825 Optime,
1544 5754 1684 5812 idem
1729 5754 1873 5811 enim
1916 5763 1999 5837 est
2029 5767 2094 5839 ac
2127 5753 2174 5808 si

2844 620 3073 679 CAPUT
3103 621 3198 679 IX.

2239 730 2417 784 Varias
2433 732 2729 784 Arianorum
2744 732 3097 798 captiuncula,
3112 732 3248 801 queis
3267 734 3448 786 Filium
3464 733 3679 798 coepisse
3695 748 3828 801 argu-

2294 815 2537 876 tabantur,
2564 815 2747 880 profert
2768 822 2812 867 et
2834 816 3070 882 expiauit.
3091 819 3221 869 Nam
3242 824 3421 880 prwter
3438 831 3593 884 quam
3613 819 3741 881 quod
3758 832 3831 869 eos

2296 906 2379 953 aut
2398 907 2563 951 contra
2583 912 2652 964 se,
2679 908 2763 953 aut
2784 898 2906 953 nihil
2930 898 3118 966 efﬁcere
3149 908 3367 961 constat;
3405 915 3521 952 eum
3555 915 3723 953 rerum
3743 916 3831 954 om-

2295 984 2430 1036 nium
2464 982 2707 1049 principio
2734 999 2826 1038 non
2862 985 3011 1049 possit
3032 999 3135 1037 esse
3166 986 3459 1050 principium
3482 1026 3497 1044 ,
3541 984 3595 1038 in
3630 986 3834 1041 humanis

2297 1066 2439 1121 etiam
2467 1080 2629 1120 eorum
2655 1067 3007 1133 argumentatio
3032 1068 3199 1123 vitiosa
3223 1076 3308 1121 est.
3344 1069 3561 1137 Tempus
3587 1070 3735 1136 igitur
3755 1083 3835 1120 non

2298 1152 2604 1217 prwcessisse
2624 1160 2872 1204 auctorem
2895 1166 3037 1204 suum
3060 1167 3077 1204 :
3119 1151 3203 1218 qui
3228 1153 3273 1205 si
3306 1153 3579 1219 aliquando
3606 1167 3703 1205 non
3723 1153 3833 1219 fuit,

2299 1243 2411 1287 tunc
2438 1239 2584 1289 Pater
2609 1237 2699 1301 fuit
2721 1236 2823 1288 sine
2844 1252 2933 1289 sua
2954 1237 3130 1290 virtute
3147 1252 3205 1289 ac
3230 1240 3489 1304 sapientia.
3522 1239 3743 1303 Denique
3766 1240 3836 1290 ubi

2297 1318 2523 1371 humanis
2543 1322 2775 1384 exemptis
2797 1331 3037 1373 ostensum
3055 1331 3123 1375 est
3138 1322 3349 1388 aliquem
3372 1324 3669 1389 priusquam
3686 1338 3837 1375 uasta-

2298 1411 2395 1465 tur,
2421 1416 2525 1455 esse
2547 1402 2665 1466 dici,
2685 1403 3023 1457 hwreticorum
3045 1404 3364 1458 temeritatem
3388 1406 3681 1458 detestatur.

2310 1528 2401 1585 96.
2440 1528 2595 1586 Unde
2627 1546 2751 1584 cum
2786 1530 3211 1600 inmqualitatem
3242 1546 3308 1587 ex
3340 1532 3722 1602 generationis
3753 1531 3839 1589 alt-

2238 1621 2384 1689 jcctu
2419 1622 2651 1691 probare
2679 1638 2789 1685 non
2823 1622 3124 1693 potuerint,
3150 1624 3312 1698 539
3346 1625 3668 1697 intelligant
3693 1627 3839 1689 etiam

2208 1715 2391 1770 'illam
2423 1715 2752 1787 divulgatum
2792 1732 2905 1781 sum
2947 1717 3273 1777 calumniam
3303 1718 3632 1788 qttmstionis
3672 1719 3840 1789 explo-

2240 1824 2380 1863 satn.
2414 1818 2436 1845 θ
2465 1808 2657 1865 Solent
2705 1810 2849 1865 enim
2882 1825 3192 1880 proponere
3242 1829 3255 1864 :
3289 1812 3588 1880 Quomodo
3634 1813 3840 1883 mqualis

2244 1912 2421 1972 potest
2450 1918 2571 1958 esse
2604 1901 2772 1965 Filius
2788 1902 2973 1957 Patri?
2997 1903 3129 1959 Nam
3154 1905 3198 1959 si
3230 1904 3400 1965 Filius
3430 1913 3545 1969 est,
3567 1913 3836 1975 antequam

2239 2008 2594 2066 generaretur
2641 2012 2746 2049 non
2776 2003 2931 2051 erat:
2962 2007 3056 2050 aut
3085 1998 3130 2051 si
3162 2004 3303 2061 erat,
3325 2012 3425 2061 cur
3455 2007 3624 2053 natus
3651 1998 3763 2053 est?
3785 1998 3840 2051 Et

2240 2088 2473 2145 Arianos
2517 2104 2576 2143 se
2606 2104 2805 2157 negare
2843 2097 3211 2155 consuerunt,
3253 2090 3342 2159 qui
3376 2102 3701 2160 proponunt
3737 2087 3838 2144 Arii

2241 2182 2618 2254 qumstitines?
2790 2170 2805 2174 ’

2311 2276 2402 2333 97.
2433 2277 2616 2346 Itaque
2637 2278 2860 2347 exigunt
2886 2292 2916 2333 a
2947 2277 3106 2332 nobis
3132 2276 3557 2346 responsionem
3581 2319 3597 2343 ,
3626 2278 3742 2335 utsi
3769 2276 3837 2332 di-

2245 2374 2484 2433 xerimus
2515 2390 2528 2426 :
2572 2372 2876 2442 Antequam
2907 2379 3285 2444 generaretur,
3319 2380 3471 2437 erat,
3506 2381 3686 2431 astute
3714 2372 3835 2427 reie-

2246 2475 2404 2522 rant:
2442 2467 2580 2536 Ergo
2608 2476 2899 2535 antequam
2938 2475 3328 2535 generaretur.
3376 2476 3607 2523 creatus
3646 2474 3761 2533 est,
3791 2472 3836 2521 et

2246 2574 2351 2615 non
2375 2558 2554 2615 diﬂert
2573 2558 2830 2617 acoeteris
2846 2559 3113 2615 creaturis
3137 2576 3151 2614 :
3172 2560 3295 2629 quia
3327 2559 3482 2628 prius
3510 2561 3679 2628 cmpit
3700 2571 3834 2613 crea~

2249 2665 2363 2710 tura
2396 2669 2517 2713 esse
2569 2668 2729 2723 quam
2781 2652 2971 2713 Filius.
3002 2654 3066 2709 Et
3094 2653 3357 2724 adjiciunt
3391 2672 3408 2710 :
3439 2653 3560 2710 Cur
3589 2656 3680 2725 qui
3708 2661 3835 2715 erat,

2249 2756 2405 2801 natus
2430 2747 2553 2801 est?
2591 2747 2671 2801 An
2700 2745 2822 2817 quia
2852 2745 3203 2815 imperfectus
3237 2755 3387 2814 erat,
3420 2756 3485 2805 ut
3513 2757 3699 2817 postea
3736 2761 3834 2815 per-

2251 2841 2441 2899 fectior
2499 2840 2688 2899 ﬁeret?
2736 2840 2792 2899 Si
2843 2850 3024 2897 autem
3075 2839 3535 2908 reaponderitnus
3579 2841 3705 2909 quia
3749 2854 3833 2891 l|0Tl

2248 2944 2386 2998 erat,
2417 2933 2678 3003 objiciunt
2707 2933 2886 2987 statim
2914 2950 2929 2990 :
2964 2932 3025 2987 Ei
3059 2947 3190 3003 ergo
3216 2932 3510 3002 generatio
3542 2929 3764 2987 ιοιιιιιιίι
3790 2937 3834 2993 at

2251 3036 2436 3093 esset,
2470 3028 2561 3094 qui
2610 3043 2715 3083 non
2744 3038 2863 3083 erat
2890 3036 3185 3096 antequam
3233 3035 3596 3092 nasceretur;
3630 3034 3684 3080 ut
3732 3024 3833 3079 hinc

2250 3120 2507 3188 colligant
2535 3138 2549 3174 :
2585 3120 2713 3181 Erat
2739 3134 2866 3189 ergo
2886 3159 2902 3185 ,
2928 3118 3144 3188 quando
3164 3134 3268 3175 non
3293 3128 3417 3173 erat
3445 3118 3644 3175 Filius.

2322 3211 2411 3267 98.
2446 3210 2553 3266 Sed
2582 3212 2674 3281 qui
2718 3211 2822 3267 hoc
2856 3221 3182 3279 proponunt,
3215 3221 3268 3265 et
3297 3210 3645 3266 obscuritate
3674 3208 3834 3269 volunt

2249 3305 2530 3365 involvere
2556 3305 2877 3365 veritatem:
2906 3304 3090 3359 dicant
3122 3303 3220 3372 ipsi
3261 3314 3447 3359 utrum
3486 3302 3832 3374 temporalitcr

2250 3406 2470 3469 generet
2495 3396 2679 3462 Pater,
2710 3411 2780 3451 an
2810 3394 3262 3464 intemporaliter.
3293 3395 3347 3448 Si
3372 3395 3525 3453 enim
3553 3389 3835 3460 temporali-

2253 3498 2335 3544 ter
2357 3490 2617 3554 dixerint,
2646 3488 2790 3557 quod
2816 3487 2954 3543 Filio
2980 3485 3267 3555 objiciunt,
3296 3485 3447 3540 Patri
3471 3485 3764 3555 ascribent;
3788 3487 3832 3537 ut

2256 3583 2507 3637 videatur
2539 3582 2697 3651 Pater
2726 3580 2960 3652 cmpisse
2985 3594 3111 3641 esse
3135 3621 3149 3645 ,
3180 3579 3323 3650 quod
3355 3595 3467 3637 non
3499 3589 3621 3635 erat
3648 3597 3659 3631 :
3691 3578 3732 3631 si
3764 3575 3830 3629 in-

2255 3673 2634 3744 teutporaliter
2660 3713 2674 3739 ,
2715 3671 2844 3741 quid
2891 3679 3177 3741 superest,
3220 3671 3321 3726 nisi
3379 3680 3441 3726 ut
3499 3672 3602 3742 ipsi
3644 3668 3831 3727 solvant

2254 3782 2414 3837 quam
2444 3766 2831 3836 proposuerint
2861 3765 3219 3835 quaastioncm
3245 3780 3259 3829 ;
3289 3774 3345 3831 ut
3382 3779 3513 3833 cum
3556 3761 3833 3839 generatio-

2255 3874 2380 3917 nem
2438 3857 2615 3925 Patris
2670 3857 2911 3921 abouant
2973 3855 3370 3926 temporalem,
3447 3854 3827 3928 generationem

2256 3965 2470 4022 quoque
2501 3949 2625 4019 Filii
2658 3950 3013 4018 temporalem
3047 3965 3151 4004 non
3181 3964 3302 4007 esse
3334 3949 3643 4010 fateantur?

2327 4044 2419 4101 99.
2451 4043 2510 4098 Si
2539 4058 2671 4115 ergo
2712 4058 2819 4098 non
2850 4050 2937 4097 est
2976 4042 3257 4111 generatio
3295 4041 3414 4109 ejus
3466 4059 3531 4099 ex
3586 4049 3826 4106 tempore,

2259 4139 2513 4194 aestimari
2546 4139 2707 4207 tiatur
2734 4137 2876 4208 quod
2924 4138 3056 4192 nihil
3094 4138 3441 4217 prmcesscrit
3473 4148 3600 4195 ante
3636 4136 3825 4193 Filium.

2260 4230 2349 4301 qui
2375 4246 2481 4284 non
2512 4230 2584 4284 sit
2615 4246 2681 4285 ex
2709 4240 2974 4299 tempore.
3001 4228 3058 4284 Si
3086 4231 3231 4289 enim
3255 4228 3464 4300 aliquid
3492 4240 3614 4291 ante
3642 4226 3825 4289 Filium,

2255 4324 2365 4394 jam
2399 4340 2506 4379 non
2540 4322 2744 4387 suntin
2770 4323 2887 4392 ipso
2913 4331 3093 4379 creata
3123 4321 3331 4385 omnia,
3357 4337 3484 4392 qua:
3520 4321 3603 4377 vel
3633 4322 3679 4375 in
3712 4314 3829 4375 cutio

2263 4432 2389 4477 sunt
2416 4421 2499 4475 vel
2533 4423 2584 4481 in
2620 4420 2800 4483 terris,
2835 4430 2887 4474 et
2919 4418 3216 4489 Apostolus
3242 4417 3617 4491 redarguitur,
3643 4414 3724 4486 qui
3747 4412 3828 4464 hoc

2263 4517 2313 4572 in
2339 4515 2564 4584 epistola
2594 4529 2690 4579 sua
2720 4511 2939 4583 (Coloss.
2973 4528 3015 4577 ι,
3044 4508 3130 4583 16)
3163 4511 3453 4582 scripserit
3479 4530 3492 4566 :
3523 4508 3659 4585 quod
3690 4505 3732 4563 si
3758 4504 3825 4563 ιιί-

2261 4609 2337 4664 hil
2382 4619 2510 4664 ante
2541 4609 2953 4678 generationem
2981 4646 2995 4669 ,
3038 4621 3147 4659 non
3192 4604 3420 4673 adverto
3451 4620 3551 4673 cur
3598 4595 3828 4670 posterior

2262 4710 2565 4767 asseratur,
2594 4715 2752 4775 quem
2784 4712 2943 4763 nemo
2972 4695 3270 4768 prmcessit.

2332 4793 2455 4849 100.
2480 4790 2862 4848 Coiinectenda
2892 4798 2974 4843 est
3001 4789 3105 4843 alia
3133 4804 3322 4844 eorum
3352 4789 3514 4859 plena
3564 4776 3825 4855 impietatis

2264 4885 2523 4956 obiectio,
2551 4901 2671 4955 qua!
2693 4885 2950 4939 latentem
2978 4882 3177 4937 haheat
3204 4882 3410 4945 dolum,
3443 4896 3552 4952 quo
3571 4888 3747 4935 sensus
3766 4870 3828 4923 lac

2264 4980 2446 5035 cilium
2472 5022 2487 5048 ,
2536 4986 2856 5049 mentesque
2897 4976 3246 5047 perstringat.
3295 4974 3635 5045 lnterrogant
3675 4964 3823 5024 enim.

2264 5114 2558 5183 legeretur,
2593 5112 2850 5166 convenit
2895 5109 3038 5166 inter
3069 5124 3191 5175 nos,
3232 5110 3346 5164 sive
3380 5110 3432 5164 in
3468 5109 3567 5163 hoc
3598 5117 3695 5160 nou
3736 5098 3824 5152 ἀίει

2264 5184 2552 5246 sentimus,
2582 5192 2689 5237 etc.
3242 5183 3250 5191 ’
3604 5248 3607 5249 ,
3772 5237 3780 5249 .

2339 5265 2363 5293 ο
2395 5256 2470 5308 Ita
2498 5269 2628 5308 mss.
2660 5269 2826 5322 prope
2853 5253 2919 5308 ad
2951 5267 3116 5308 unum
3146 5271 3158 5306 :
3189 5252 3319 5307 edit.
3343 5267 3494 5315 vero,
3520 5248 3695 5322 Solent
3712 5249 3819 5322 qui"?

2266 5342 2551 5397 Opponere.
2591 5314 2863 5397 Czetortim
2898 5339 2958 5378 ea
3009 5322 3248 5397 ohjeetio
3278 5338 3381 5376 una
3427 5314 3635 5397 semper
3675 5314 3818 5397 fuit?

2268 5380 2560 5467 praecipuis
2604 5380 2967 5451 Arianorum:
3011 5380 3104 5448 Sed
3158 5380 3593 5467 illumnpeeuliari
3623 5380 3814 5467 qtta‘tlfll'}

2268 5451 2692 5522 ration'e'nohis
2743 5467 3064 5520 instructam
3118 5451 3425 5519 rationibus
3480 5451 3813 5529 ἰιιιθνφῖθδῗῖἰ

2273 5515 3524 5603 Eunomiani.vilis-responderuntGregorius
3562 5515 3710 5603 ΝγεςΖ
3741 5515 3813 5571 lih.

2269 5624 2363 5662 vut
2402 5608 2456 5662 in
2512 5607 2774 5668 Ennout..
2810 5593 3036 5662 Basilius
3085 5607 3185 5662 lib.
3244 5621 3295 5660 tv
3338 5593 3523 5661 contra
3566 5593 3809 5667 eumdem,

2274 5679 2516 5747 Hilarius
2548 5680 2641 5735 lib.
2671 5694 2741 5735 xu
2768 5678 3079 5747 de'.'l‘rinii.,
3108 5689 3269 5751 atque
3295 5678 3404 5733 alii.
