3932 6176
45 251 149 303 ῦῗέ7

1414 244 1500 311 DE
1539 240 1699 309 FIDE
1739 240 1871 305 LIB.
1913 248 2004 305 lV.

3245 246 3349 303 638

41 377 214 427 ultum
252 378 425 423 omne
458 362 608 436 qttod
643 363 804 419 linem
835 362 1030 432 habet,
1062 364 1359 434 aliquando
1396 364 1644 433 cmperit.
1677 374 1730 443 Α
1753 361 1968 421 Christo
1994 364 2193 424 divinas
2219 366 2605 435 proprietatem
2633 374 2873 430 naturae;
2901 376 2954 419 ut
2982 380 3083 420 nec.
3112 366 3354 434 unigeni—

43 458 102 511 Et
128 458 174 512 si
207 457 540 526 acceperint
570 456 836 527 ejusmodi
869 458 1313 527 restiousiouem,
1345 457 1471 527 quia
1499 456 1648 527 quod

43 554 195 607 linem
215 550 407 613 habet.
442 552 617 622 ccepit
636 550 962 622 aliquando;
988 551 1253 618 referunt,
1283 562 1459 607 utrum
1489 551 1649 609 Pater

42 645 253 700 desierit
292 659 577 715 generare
618 642 836 703 Filium.
872 644 1026 713 Quod
1056 658 1179 701 cum
1219 646 1519 709 tenuerint,
1552 659 1650 699 no-

43 748 145 793 stro
170 740 454 809 aspirante
486 754 787 806 consensu,
815 748 1118 795 contexunt
1142 756 1154 792 :
1186 738 1367 808 Coepit
1393 753 1523 809 ergo
1556 753 1649 809 ge-

45 831 261 885 neratio.
318 828 377 885 ιιι
431 830 480 884 si
532 844 635 889 non
668 831 908 896 ahnuas,
944 830 1208 899 consequi
1237 830 1471 898 videtur,
1517 831 1646 885 utsi

44 923 192 992 coepit
219 924 537 999 generatio,
571 922 815 979 videatur
842 924 895 979 in
925 938 991 979 eo
1017 931 1213 994 coepta,
1239 924 1330 993 qui
1356 933 1515 979 natus
1532 932 1643 987 est;

47 1027 96 1069 ut
131 1025 284 1071 natus
325 1032 455 1070 esse
483 1015 723 1084 dicatur,
746 1016 985 1087 quiante
1010 1034 1117 1072 non
1148 1017 1354 1082 fuerat,
1391 1017 1531 1071 unde
1553 1016 1649 1072 de-

47 1112 258 1165 liniant:
293 1110 615 1181 Aliquando
642 1124 773 1181 ergo
805 1110 976 1166 Filius
1008 1126 1117 1165 non
1146 1109 1263 1166 fuit.

114 1202 224 1256 lOl.
258 1200 554 1271 Adjiciunt
580 1202 715 1256 alias
746 1203 975 1271 ineptias
1016 1199 1359 1271 loquacitatis
1387 1216 1529 1268 suae,
1561 1200 1644 1255 di-

49 1308 217 1351 centes
242 1314 255 1350 :
282 1296 339 1351 Si
372 1296 622 1351 Verbum
654 1296 832 1350 Patris
859 1295 1031 1350 Filius
1059 1306 1139 1350 est
1165 1338 1180 1362 ,
1210 1304 1264 1349 et
1287 1295 1408 1349 ideo
1432 1295 1645 1365 genitus

52 1389 249 1453 dicitur,
279 1388 406 1458 quia
453 1387 694 1444 Verbum
722 1396 842 1443 est:
873 1387 1017 1458 quod
1050 1397 1231 1442 autent
1259 1386 1493 1442 Verbum
1527 1398 1608 1442 est
1628 1430 1643 1455 ,

50 1495 170 1549 Opus
200 1496 303 1534 non
335 1487 462 1535 est:
503 1480 854 1535 multifariam
899 1481 1111 1535 locutus
1146 1491 1227 1535 est
1266 1479 1424 1535 Pater
1457 1477 1643 1551 (Hebr.

56 1589 89 1637 ι,
120 1570 199 1642 l);
233 1573 433 1627 multos
455 1588 593 1643 ergo
622 1575 902 1645 generavit
927 1574 1091 1640 ﬁlios,
1127 1582 1153 1610 ιι
1181 1573 1225 1627 Si
1257 1587 1363 1628 non
1391 1584 1646 1644 operatus

56 1674 157 1727 est,
208 1664 300 1719 sed
353 1664 578 1720 loeutus
619 1674 703 1720 est
747 1665 1002 1720 Verbum.
1048 1667 1307 1720 Ameutes
1361 1663 1642 1719 homines!

1753 466 1860 523 tus,
1893 472 1992 514 nec
2032 458 2425 527 primogenitae
2483 461 2827 517 mstimetur:
2881 468 3158 529 postremo
3203 469 3259 513 ut
3304 461 3353 517 si

1752 548 2077 619 principium
2108 550 2363 609 credatur
2392 552 2687 621 accepisse,
2721 552 2885 606 etiam
2911 550 3075 606 linem
3104 551 3352 608 videatur

1753 641 2056 696 habiturus.

1824 734 1942 790 l07.
1973 733 2077 787 Sed
2130 748 2304 803 neque
2354 735 2678 803 principium
2723 735 3018 805 assumpsit
3059 734 3352 806 aliquando

1753 823 1850 879 Dei
1883 824 2053 880 Filius
2076 866 2090 890 ,
2135 826 2226 896 qui
2276 837 2393 881 erat
2433 827 2486 885 in
2538 828 2801 897 principio
2831 826 3015 894 (Joan.
3046 845 3082 892 I,
3118 826 3174 899 i)
3204 846 3215 881 :
3249 843 3349 883 ne-

1749 933 1853 987 que
1881 918 2041 981 linem
2077 918 2335 985 habebit,
2368 921 2458 988 qui
2495 930 2580 974 est
2613 919 2934 990 principium
2982 920 3353 975 universitatis

1748 1019 1805 1066 et
1851 1011 1971 1065 finis
2002 1010 2182 1083 (Joau.
2212 1027 2325 1079 vttt,
2357 1012 2475 1082 20).
2525 1013 2658 1067 Nam
2702 1028 2826 1069 cum
2874 1015 2942 1068 sit
2985 1010 3348 1083 principium,

1750 1107 2021 1175 quomodo
2051 1108 2191 1179 quod
2239 1108 2502 1174 habebat,
2536 1108 2789 1177 accepit?
2825 1115 2919 1165 aut
2954 1107 3226 1177 quomodo
3268 1108 3354 1163 sui

1751 1202 1909 1254 linem
1947 1203 2201 1267 habebit;
2230 1218 2351 1257 cum
2383 1204 2622 1255 omnium
2658 1204 2771 1273 ipse
2801 1203 2873 1259 sit
2904 1202 3059 1266 linis,
3092 1212 3147 1256 ιιι
3174 1202 3227 1256 iu
3262 1203 3353 1255 illo

1752 1296 1859 1351 line
1879 1295 1997 1351 sine
2021 1296 2127 1350 line
2150 1296 2491 1352 maneamus?
2514 1294 2768 1352 Deienim
2784 1293 3064 1365 generatio
3076 1310 3198 1351 cum
3216 1302 3353 1348 tent-

1751 1389 1949 1457 p0ralis
1975 1404 2080 1444 non
2107 1390 2197 1454 sit,
2221 1405 2319 1446 nec
2343 1400 2468 1445 ante
2499 1405 2578 1455 se,
2612 1403 2712 1445 nec
2732 1388 2785 1443 in
2810 1404 2871 1447 se
2897 1400 3109 1458 tempus
3127 1388 3350 1444 invenit.

1822 1482 1941 1545 l08.
1971 1481 2181 1552 Frigida
2212 1482 2375 1553 igitur
2396 1498 2587 1538 eorum
2617 1494 2672 1538 et
2702 1497 2838 1537 vana
2868 1484 3096 1552 qua-stin
3120 1483 3174 1538 in
3200 1497 3353 1537 crea-

1751 1577 1885 1632 turis
1908 1576 2040 1646 ipsis
2070 1593 2176 1633 non
2203 1578 2365 1633 habet
2389 1578 2602 1643 locum;
2633 1578 2747 1649 ipsa
2770 1580 2972 1633 etenim
3001 1595 3119 1647 quae
3146 1588 3357 1647 tempo-

1750 1668 1881 1725 ralia
1913 1677 2078 1733 sunt,
2112 1668 2503 1729 discretionem
2542 1670 2596 1724 in
2628 1669 2951 1738 quihusdam
2984 1669 3185 1724 habere
3216 1680 3354 1725 tem-

60 1758 193 1826 quasi
231 1775 335 1813 non
369 1760 712 1830 intelligant,
744 1761 871 1831 quid
902 1760 1117 1815 intersit
1147 1761 1286 1814 inter
1319 1760 1643 1829 prolativum
1678 1790 1724 1850 Β
1752 1762 1898 1831 poris
1931 1776 2035 1816 non
2064 1761 2334 1819 videntur.
2354 1762 2467 1817 Lux
2498 1778 2695 1829 nempe
2723 1762 3071 1832 splendorem
3108 1770 3352 1832 generat,

61 1866 367 1920 sermonem,
397 1856 521 1909 etin
546 1864 811 1911 internum
840 1872 1164 1925 permanens
1190 1856 1284 1909 Dei
1315 1856 1553 1912 Verbum
1579 1872 1643 1911 ex

65 1943 205 2001 Patre
245 1957 426 2002 natum
456 1965 469 2001 :
505 1947 673 2020 540
704 1959 885 2003 natum
929 1951 1137 2022 utique,
1175 1966 1280 2003 non
1328 1950 1597 2020 prolatum
1628 1969 1639 2004 :

67 2038 109 2092 in
133 2054 226 2108 quo
252 2057 356 2095 non
386 2044 701 2111 composita
734 2043 941 2114 Syllaba
965 2086 980 2111 ,
1010 2042 1104 2098 sed
1139 2042 1420 2112 plenitudo
1450 2042 1646 2097 divini-

70 2133 174 2185 tatis
198 2145 410 2189 :eteruzn
441 2144 558 2202 est,
595 2143 652 2189 et
678 2135 787 2189 vita
814 2135 931 2189 sine
964 2135 1088 2190 line.

125 2227 231 2281 102.
277 2230 598 2285 Subtexunt
638 2230 797 2284 aliam
847 2230 1180 2301 impietatem
1209 2271 1224 2292 ,
1275 2239 1645 2299 preponentes

69 2327 221 2373 utrum
243 2323 449 2387 volens,
476 2338 549 2376 an
584 2321 788 2375 invitus
817 2322 1167 2392 generaverit
1195 2320 1387 2385 Pater;
1409 2331 1465 2373 ut
1490 2321 1534 2374 si
1564 2320 1645 2374 di-

68 2413 274 2469 xerimus
301 2416 586 2471 volentem
610 2458 623 2483 ,
656 2415 1031 2486 ’antiquiorem
1061 2415 1412 2485 generatione
1457 2415 1646 2468 volun-

74 2513 212 2560 tatem
243 2508 516 2564 videamur
558 2508 750 2574 fateri,
782 2519 837 2563 et
866 2507 1105 2563 referant
1147 2507 1271 2578 quia
1314 2522 1421 2560 non
1454 2507 1522 2560 sit
1553 2506 1647 2560 Fi-

72 2595 157 2650 lius
194 2608 487 2656 coaeternus
518 2601 707 2668 Patri,
739 2616 899 2671 quem
941 2600 1143 2671 aliquid
1194 2599 1486 2667 antecessit
1511 2614 1523 2651 :
1553 2609 1647 2653 aut

74 2690 175 2755 quia
209 2702 256 2745 et
280 2694 392 2762 ipse
426 2695 498 2749 sit
522 2704 821 2760 creatura;
852 2695 974 2765 quia
1007 2686 1269 2763 scriptum
1302 2702 1381 2747 est
1413 2711 1425 2746 :
1459 2692 1646 2748 Omnia

74 2795 167 2847 qua:
188 2784 351 2851 voluit,
376 2787 495 2856 fecit
527 2786 713 2856 (Paul.
742 2803 895 2852 cxm,
923 2788 1181 2853 li);cum
1209 2788 1310 2842 hoc
1331 2787 1506 2856 ipsmn
1538 2804 1642 2841 non

78 2870 131 2926 de
148 2873 292 2931 Patre
318 2891 364 2933 et
393 2880 561 2945 Filio,
590 2878 684 2934 sed
711 2880 776 2934 de
801 2878 882 2933 bis
915 2894 1049 2949 quas
1083 2878 1250 2933 Filius
1278 2879 1641 2943 fecit,dtctum

78 2964 135 3017 sit
157 2969 421 3024 creaturis.
458 2971 565 3028 Sin
597 2980 776 3026 autem
810 2971 1039 3025 invitum
1086 2970 1299 3025 Patrem
1355 2985 1645 3039 generase

80 3061 496 3129 responderimus,
520 3064 826 3119 invalidum
860 3065 1073 3119 Patrem
1105 3064 1310 3119 dixisse
1342 3047 1642 3119 videainur.

1751 1870 1853 1911 nec
1895 1855 2287 1924 comprehendi
2341 1866 2517 1926 potest
2568 1856 2711 1926 quod
2766 1857 3028 1926 Splendor
3091 1857 3209 1911 luce
3262 1872 3357 1925 po—

1748 1950 1946 2009 5terior
1972 1951 2062 2016 sit,
2092 1959 2187 2009 aut
2213 1951 2302 2006 lux
2338 1951 2630 2019 splendore
2657 1952 2970 2021 antiquior;
3004 1951 3126 2019 quia
3157 1951 3246 2007 ubi
3278 1952 3356 2005 luo

1750 2060 1871 2105 men
1904 2055 2006 2110 est,
2039 2044 2296 2113 splendor
2328 2042 2486 2117 55.1
2519 2054 2637 2099 est:
2668 2056 2718 2099 et
2755 2045 2843 2101 ubi
2874 2044 3156 2114 splendor,
3188 2045 3353 2099 etiam

1749 2137 1932 2197 lumen
1973 2146 2075 2192 est.
2135 2137 2320 2207 Itaque
2367 2154 2467 2193 nec
2506 2140 2624 2193 sine
2650 2139 2945 2208 splendore
2976 2140 3197 2206 lumen,
3247 2155 3350 2196 nec

1747 2228 2005 2299 splendor
2030 2236 2208 2296 potest
2224 2244 2346 2285 esse
2367 2230 2482 2284 sine
2506 2230 2739 2293 lumine;
2759 2231 2884 2299 quia
2910 2240 2961 2283 et
2985 2233 3036 2283 in
3060 2230 3354 2299 splendore

1749 2321 1932 2384 lumen
1961 2362 1976 2387 ,
2008 2329 2063 2377 et
2091 2322 2352 2391 splendor
2383 2323 2435 2377 in
2471 2323 2677 2378 lumine
2703 2333 2805 2377 est.
2838 2323 2993 2381 Unde
3036 2334 3087 2378 et
3121 2323 3359 2391 Aposto-

1749 2414 1833 2469 lus
1874 2415 2219 2485 splendorem
2259 2424 2496 2485 paterna:
2535 2416 2725 2486 gloriae
2760 2416 2955 2470 Filium
2989 2416 3122 2471 dixit
3162 2417 3349 2490 (Hebr.

1748 2522 1786 2569 ι,
1829 2508 1883 2576 5)
1912 2523 1927 2573 ;
1955 2509 2085 2577 quia
2112 2507 2373 2577 splendor
2412 2518 2659 2576 paterna-
2695 2508 2834 2564 lueis
2864 2517 2951 2564 est
2978 2508 3147 2563 Filius
3172 2526 3185 2563 :
3211 2524 3354 2563 eoa:-

1750 2606 1957 2661 ternus,
1985 2611 2202 2667 propter
2244 2598 2459 2654 virtutis
2499 2602 2857 2656 aeternitatem
2887 2618 2900 2655 :
2933 2601 3349 2671 inseparabilis,

1750 2705 1974 2765 promer
2004 2694 2349 2751 claritudinis
2377 2695 2661 2749 unitatem.

1822 2788 1938 2845 109-
1976 2787 2120 2857 Ergo
2146 2790 2191 2843 si
2223 2788 2540 2856 temporalia
2576 2800 2631 2843 et
2659 2803 2819 2843 aerea
2847 2788 2962 2843 haec
2989 2790 3345 2857 comprehen-

1748 2880 1877 2939 dere
1898 2892 1950 2937 et
1972 2896 2230 2950 separare
2252 2896 2358 2937 non
2383 2897 2691 2950 possumus,
2724 2898 2845 2952 qua:
2863 2882 3151 2947 videmus;
3184 2883 3350 2937 l‘eum

1748 2990 1907 3045 quem
1939 2992 2047 3033 non
2075 2976 2340 3043 videmus,
2365 2978 2455 3045 qui
2479 2994 2643 3046 super
2665 2993 2880 3032 otnuem
2910 2986 2992 3033 est
3019 2985 3348 3043 creaturam,

1750 3068 1802 3123 in
1835 3069 1951 3139 ipso
1976 3086 2085 3124 suae
2115 3072 2480 3139 generationis
2518 3086 2719 3126 arcano
2763 3086 3051 3141 possumus
3099 3086 3349 3141 compre-

139 3150 240 3206 105.
271 3153 369 3210 Sed
402 3157 530 3212 mihi
575 3158 628 3212 in
671 3158 999 3227 sempiterna
1043 3157 1394 3224 generatione
1440 3173 1643 3225 prz'cce-
1669 3173 1713 3236 ο
1750 3160 2344 3223 bendere‘lPossumns
2373 3179 2494 3218 eum
2535 3179 2565 3218 a
2605 3163 2747 3219 Filio
2778 3173 3019 3234 tempore
3047 3179 3302 3235 separare
3331 3204 3347 3230 ,

81 3239 157 3307 dit,
184 3261 273 3301 nec
298 3249 450 3314 velle,
479 3265 588 3305 nec
614 3250 761 3303 nolle
793 3266 805 3303 :
839 3264 967 3319 ergo
1002 3264 1099 3303 nec
1133 3248 1357 3303 invitum
1386 3248 1641 3313 dixerim,

84 3348 161 3388 nec
186 3339 473 3408 volentem;
504 3341 641 3416 quia
662 3345 941 3414 generatio
971 3357 1077 3396 non
1109 3342 1162 3396 in
1193 3343 1485 3396 voluntatis
1516 3358 1641 3409 pos~

84 3427 301 3487 sibilitate
352 3446 460 3501 est,
507 3436 614 3492 sed
654 3436 704 3490 in
738 3436 862 3505 jute
916 3435 1150 3504 quodam
1202 3444 1255 3489 et
1311 3435 1644 3505 proin'ietate

89 3525 261 3586 paterni
286 3528 492 3584 videtur
519 3545 651 3585 esse
677 3529 898 3584 secreti.
935 3527 1067 3583 Nam
1105 3529 1246 3583 sicut
1278 3529 1451 3583 bonus
1482 3528 1645 3583 Pater

87 3627 170 3668 non
194 3630 267 3672 aut
294 3637 356 3676 ex
376 3624 661 3679 voluntate
683 3632 786 3690 est,
812 3631 905 3677 aut
927 3623 1272 3687 necessitate,
1301 3621 1329 3661 δ
1355 3623 1447 3677 sed
1479 3638 1644 3692 super

90 3715 330 3780 utrumque
354 3755 367 3778 ,
397 3715 496 3769 hnc
534 3724 625 3769 cst
648 3756 661 3781 ,
696 3722 921 3780 natura;
963 3713 1032 3768 ita
1065 3727 1169 3768 non
1200 3725 1424 3784 generat
1452 3729 1515 3769 ex
1548 3731 1643 3767 vo-

89 3791 255 3854 Iuntate
290 3814 375 3858 aut
405 3808 737 3863 necessitate
772 3807 947 3862 Pater.

145 3888 247 3945 104.
272 3894 395 3951 Esto
417 3908 602 3956 tamen
624 3942 637 3965 ,
678 3899 749 3954 sit
776 3900 1056 3969 generatio
1088 3899 1139 3953 in
1173 3899 1449 3953 voluntate
1479 3914 1641 3969 gene-

93 3984 231 4039 rantia
253 4027 265 4049 ,
291 3993 495 4058 quando
526 3995 671 4048 hanc
700 3993 1033 4048 voluntatem
1059 3993 1227 4048 fuisse.
1254 3993 1471 4047 dicunt?
1503 3994 1558 4049 Si
1588 3993 1639 4047 in

93 4074 343 4148 Principio,
380 4086 431 4139 in
460 4087 731 4157 principio
766 4088 952 4155 utique
990 4086 1158 4141 Filius
1188 4103 1200 4139 :
1234 4086 1279 4140 si
1310 4087 1642 4156 sempiterna

93 4167 301 4229 voluntas
322 4219 335 4242 ,
361 4183 719 4252 sempiternus
752 4188 810 4238 et
835 4182 1006 4237 Filius
1034 4199 1046 4235 :
1076 4181 1120 4235 si
1150 4181 1319 4249 cmpit
1347 4180 1603 4249 voluntas
1623 4221 1639 4248 ,

95 4253 324 4328 θῖδβιίειιῐι
349 4268 503 4341 igitur
530 4274 633 4330 sibi
662 4273 803 4341 quod
834 4283 949 4327 erat
983 4273 1121 4328 Deus
1149 4271 1338 4339 Pater,
1372 4281 1430 4326 ιιι
1467 4254 1644 4328 muta-

96 4360 159 4448 ret
177 4364 371 4418 statum.
398 4365 674 4437 Displicuil
694 4384 822 4439 ergo
843 4366 945 4423 sibi
967 4369 1086 4423 sine
1111 4366 1267 4433 Filio,
1296 4365 1512 4437 placere
1532 4379 1643 4421 caa-

101 4446 158 4503 Pil
181 4446 264 4501 sibi
294 4452 338 4505 in
367 4454 522 4515 Filio.

1747 3267 1869 3309 cum
1906 3269 2070 3310 Omtte
2110 3263 2325 3324 tempus
2354 3270 2490 3323 Opus
2515 3254 2633 3310 Filii
2664 3256 2774 3309 sit?

1822 3349 1942 3403 ΗΟ.
1974 3350 2229 3404 Desinant
2252 3365 2382 3421 ergo
2411 3351 2594 3404 dicere
2619 3368 2631 3404 :
2660 3350 2728 3405 Et
2749 3363 3036 3422 antequam
3061 3366 3351 3421 generare-

1748 3449 1856 3503 lttr,
1907 3456 2011 3494 nun
2043 3451 2179 3495 erat.
2214 3440 2353 3497 Ante
2399 3442 2543 3496 enim
2596 3445 2858 3511 temporis
2903 3454 3015 3509 est,
3069 3447 3350 3513 generatio

1744 3540 1873 3585 ante
1900 3542 2180 3601 tempora;
2213 3541 2269 3588 et
2298 3533 2419 3588 ideo
2449 3535 2593 3602 quod
2624 3535 2894 3603 posterius
2918 3544 3024 3599 est,
3055 3538 3207 3605 prius
3242 3552 3348 3591 non

1742 3631 1824 3677 est
1852 3641 1862 3675 :
1894 3639 1993 3678 nec
2014 3639 2150 3689 Opus
2175 3631 2300 3680 ante
2323 3631 2600 3683 auctorem
2633 3635 2810 3694 potest
2840 3641 2993 3687 esse;
3022 3641 3144 3679 eum
3174 3642 3339 3695 Opera

1744 3714 1859 3785 ipSa
1891 3715 2209 3786 principium
2236 3714 2304 3770 de
2335 3725 2624 3785 operatore
2653 3731 2753 3769 suo
2779 3726 3016 3771 sumant.
3043 3716 3176 3769 Nam
3209 3732 3347 3786 quo-

1746 3808 1909 3867 modo
1938 3819 2064 3862 ante
2095 3816 2439 3876 uperatorem
2472 3823 2629 3863 suum
2655 3823 2785 3863 usus
2810 3809 2992 3878 aperis
3022 3808 3351 3874 a~stimetur;

1744 3915 1869 3957 cum
1899 3916 2062 3961 otune
2086 3910 2297 3970 tempus
2330 3915 2469 3969 Opus
2496 3902 2591 3967 sit,
2623 3910 2678 3955 et
2707 3916 2868 3956 omne
2896 3886 3035 3971 opus
3060 3900 3128 3956 de
3158 3916 3351 3972 opera-

1746 4001 1864 4049 tore
1890 4008 1992 4049 suo
2019 4003 2076 4057 ut
2097 4004 2265 4057 esset,
2290 3995 2537 4063 accepit?

1820 4086 1942 4145 ili.
1977 4086 2225 4154 Experiri
2254 4084 2416 4156 igitur
2442 4086 2619 4140 adhuc.
2643 4083 2778 4139 istos
2818 4088 2971 4151 volo,
3017 4088 3108 4155 qni
3136 4088 3239 4142 sibi
3273 4089 3349 4143 vi-

1746 4179 1946 4235 dentur
1972 4181 2165 4246 astuti;
2191 4189 2249 4234 ut
2276 4180 2344 4234 de
2376 4182 2577 4236 nostris
2606 4178 2997 4249 respondeant,
3026 4180 3117 4249 qui
3145 4182 3351 4235 calum-

1746 4272 1964 4337 niantur
2001 4272 2238 4337 divinis,
2273 4272 2538 4343 longeque
2579 4270 2854 4342 refugiunt
2898 4272 2968 4326 ab
3012 4272 3351 4327 iuserutabili

1744 4380 1993 4437 supernae
2019 4364 2388 4437 generationis
2409 4381 2613 4423 arcano
2639 4384 2651 4421 :
2676 4368 3032 4436 quaestionem
3060 4383 3211 4421 suam
3247 4370 3347 4422 lm-

1747 4474 1922 4515 mauae
1963 4471 2211 4521 astruant
2256 4460 2630 4530 generationis
2670 4461 2941 4529 exemplo.
2979 4460 3050 4513 De
3082 4458 3219 4513 Filio
3255 4460 3349 4515 Dei

156 4536 380 4601 105.1am
403 4552 490 4607 illa
520 4555 903 4626 consequentia
926 4563 983 4609 ut
1003 4553 1248 4609 dicamus
1277 4570 1288 4607 :
1313 4553 1371 4610 Si
1402 4552 1637 4607 studium
1669 4554 1717 4616 [ι
1745 4552 1930 4608 dicunt
1958 4553 2082 4624 quia
2108 4562 2397 4622 antequam
2426 4563 2787 4622 generaretur
2815 4569 2919 4606 non
2947 4561 3083 4614 erat,
3113 4551 3215 4606 hoc
3243 4560 3344 4617 est,

101 4637 337 4694 Generandi
356 4657 536 4703 nostro
559 4664 710 4703 more
732 4647 1021 4717 assumpsit
1039 4688 1053 4714 ,
1079 4663 1206 4717 ergo
1224 4657 1274 4701 et
1300 4655 1493 4701 caetera
1518 4661 1636 4716 qnze

102 4726 446 4823 generationem
474 4740 781 4809 prtecedere
808 4741 1004 4807 solent,
1035 4750 1222 4794 nostro
1250 4754 1400 4794 more
1428 4756 1638 4793 assum-

103 4820 216 4907 psit;
237 4836 404 4885 nostro
428 4845 604 4889 autem
637 4853 735 4891 usu
764 4835 1131 4907 generationis
1160 4842 1341 4889 votum
1373 4843 1487 4900 est,
1529 4849 1633 4887 non

101 4906 323 4967 voluntas.

157 4995 258 5056 106.
285 5008 509 5074 Prodnnt
537 5022 697 5093 igitur
739 5023 1070 5094 impietatem
1104 5035 1255 5075 suam
1281 5061 1294 5083 ,
1324 5018 1418 5090 qui
1448 5018 1638 5074 volunt

102 5095 443 5190 ξέξξθηξῑὶοηρηι
470 5117 696 5185 ccepisse
710 5108 950 5182 Clll‘lSli;
980 5125 1038 5170 ut
1067 5115 1308 5170 videatur
1333 5131 1437 5168 non
1469 5128 1635 5184 gene-

103 5186 215 5281 ratio
241 5188 320 5246 illa
355 5197 512 5258 Verbi
546 5208 809 5263 manentis
835 5250 849 5274 ,
882 5207 975 5263 sed
1007 5208 1237 5279 prolatio
1268 5194 1485 5281 liuentis
1512 5219 1634 5261 esse

105 5277 358 5339 sermonis;
386 5292 573 5353 deinde
597 5302 794 5356 mttltos
824 5277 1130 5355 inducendo
1158 5278 1552 5369 filios,negent
1578 5298 1629 5352 in

162 5408 186 5507 ξ
209 5407 467 5525 ξιξῗ·⁸(ξ¹ξς)ν
491 5433 535 5485 εἰ
562 5451 659 5525 rion
690 5436 900 5509 creavit;
923 5448 1083 5509 unus,
1115 5434 1160 5487 si
1186 5450 1288 5488 non
1313 5443 1517 5499 creatus
1541 5444 1634 5491 est.

110 5535 148 5587 εί
165 5493 492 5587 ζιζξίχῖἀξξη,
509 5504 597 5586 εςά
617 5524 706 5576 per
722 5493 959 5587 naturam
982 5547 995 5570 ,
1012 5493 1093 5558 ἰιὶι
1122 5515 1352 5579 generat;
1377 5493 1483 5587 non
1506 5521 1639 5587 ρειιιτ

113 5556 148 5653 :t
174 5556 286 5603 mss.
315 5573 371 5614 ac
395 5556 516 5625 Giil.
542 5556 596 5629 in
617 5556 1109 5653 E.3¢£.;T;}éd'.tpa
1122 5556 1529 5647 immugiit;
1548 5562 1636 5654 ge;

140 5621 245 5665 "at.
272 5621 459 5665 “alia”:
482 5634 623 5665 LLW,
668 5663 677 5665 -
712 5649 760 5665 ιο.
818 5648 858 5665 n
1042 5658 1056 5665 -
1083 5649 1093 5660 -
1139 5642 1171 5665 '.
1253 5660 1263 5665 -
1359 5649 1396 5665 η
1468 5659 1480 5665 -

113 5621 459 5726 ἴὲτῖιῖεςξῗέηἰίιιιὲ
481 5634 635 5726 ἐδίηνε
657 5621 785 5726 ειειεῖ
807 5621 1060 5726 tanta.
1083 5621 1333 5726 ῑηζιοκιιιέ
1355 5621 1485 5726 sint
1514 5621 1637 5726 νῗις-

116 5697 324 5817 ἱξῖιιζῗῗῖςε
352 5702 454 5817 mi
484 5697 595 5817 ειπερ
624 5712 876 5817 obiectio,
908 5712 967 5817 φ
999 5697 1337 5802 Epiphanius
1364 5697 1633 5803 ιιηεὶμίῖθ,

225 5794 236 5809 ·
264 5787 327 5835 υτ
356 5787 556 5854 scriptis
585 5790 878 5855 mandavit.
922 5787 1203 5851 Geminam
1235 5793 1283 5849 ei
1321 5793 1635 5865 responsio-

1741 4644 1807 4700 de
1835 4646 1926 4700 Dei
1960 4647 2246 4715 sapientia,
2273 4647 2340 4703 de
2370 4648 2567 4703 virtute
2598 4645 2716 4710 Dei,
2750 4655 2771 4683 ε
2802 4646 2869 4700 de
2896 4645 2991 4700 Dei
3029 4645 3224 4712 Verbo,
3256 4661 3347 4698 ett-

1737 4738 1826 4809 jus
1853 4741 2132 4810 generatio
2162 4739 2297 4793 nihil
2327 4749 2452 4799 ante
2482 4755 2541 4794 se
2573 4741 2740 4794 novit.
2771 4738 2924 4806 Quod
2957 4740 3001 4792 si
3030 4738 3346 4807 aliquando,

1741 4842 1798 4887 ut
1830 4834 2012 4889 volunt
2040 4874 2055 4899 ,
2089 4848 2194 4897 non
2227 4832 2326 4886 fuit
2356 4833 2521 4902 (quod
2557 4831 2712 4886 nefas
2742 4832 2890 4899 dictu
2934 4832 3040 4903 est)
3087 4848 3193 4887 non
3246 4831 3341 4886 fuit

1740 4941 1869 4997 ergo
1895 4928 1945 4981 in
1976 4928 2086 4981 Deo
2117 4924 2467 4994 perfectionis
2494 4924 2783 4995 aliquando
2811 4925 3089 4995 plenitudo
3122 4924 3341 4989 diviure,

1741 5022 1785 5075 si
1820 5030 2004 5089 postea
2036 5032 2351 5087 processum
2380 5017 2749 5086 generationis
2776 5016 3006 5085 accepit.

1817 5110 1939 5165 ΗΞ.
1972 5109 2174 5163 Tamen
2208 5117 2264 5161 ttt
2294 5109 2472 5163 sciant
2499 5123 2657 5178 quam
2708 5122 2847 5162 vana
2896 5109 2969 5163 sit
3006 5117 3062 5162 et
3092 5108 3342 5164 solubilis

1743 5218 1930 5258 eorum
1963 5199 2231 5270 qucestio;
2262 5200 2387 5255 licet
2435 5199 2567 5253 nihil
2602 5200 2656 5253 in
2689 5215 2755 5253 eo
2798 5198 3047 5253 humanis
3076 5200 3336 5256 divinisre

1734 5310 2048 5359 commune,
2082 5304 2263 5349 tamen
2293 5292 2504 5349 docebo
2531 5292 2803 5356 homines,
2827 5303 3115 5361 antequam
3152 5309 3342 5348 nasce-

1741 5448 1862 5487 ttem
1892 5432 2086 5486 Patres
2115 5429 2467 5499 Opponebant
2497 5445 2510 5480 :
2544 5427 2631 5481 alii
2662 5427 2807 5481 enim
2842 5426 3039 5482 Filium
3067 5428 3345 5485 voluntate

1739 5504 2110 5574 agnoscebant
2136 5506 2377 5574 genitum
2406 5543 2421 5566 ,
2453 5500 2790 5574 voluntatem
2836 5510 3017 5574 tamen
3050 5501 3192 5568 quod
3220 5500 3344 5574 hoc

1740 5568 1901 5631 etiam
1934 5577 2053 5629 loco
2088 5568 2194 5643 ῃιῖῃ
2228 5571 2575 5640 prtctertttisit
2609 5568 2957 5643 Atttltrosius,
2987 5572 3344 5641 gettcrttliottq

1742 5652 1977 5718 priorem
2006 5639 2128 5704 esse
2159 5639 2531 5717 pernegabant
2559 5662 2570 5695 :
2604 5645 2697 5698 alii
2728 5658 2856 5718 vero
2886 5639 3230 5718 plures_lta0_c
3263 5643 3346 5715 ip-

1738 5712 1853 5787 sam
1880 5738 2043 5791 quam
2078 5712 2276 5785 Doctor
2305 5712 2997 5791 hicposter,_solutioncm
3024 5712 3343 5777 offerebant.

1815 5804 1835 5831 ο
1868 5786 2040 5850 Paris.
2073 5793 2320 5865 quaedam
2350 5788 2506 5868 edit,
2534 5790 2597 5844 de
2625 5786 2733 5844 Deo
2766 5801 2898 5842 vero.
3274 5794 3277 5797 '
