3932 6176
50 212 143 267 6M

1399 216 1484 272 DE
1525 216 1688 274 FIDE
1728 219 1857 274 LIB.
1901 219 1987 274 IV.

3231 227 3338 283 642

49 327 333 396 sanguinem
374 329 514 396 ejus,
542 344 641 382 non
668 330 917 384 habebitis
937 333 1094 384 vitam
1119 332 1174 384 in
1192 331 1330 386 vobis
1353 330 1533 403 (Joan.
1562 349 1632 399 v1,
1668 345 1714 404 Α
1743 345 1866 401 cat;
1900 337 1973 388 sic
1988 345 2034 390 et
2072 334 2264 400 Filius,
2293 352 2419 405 quos
2443 338 2570 404 vult,
2595 338 2834 409 vivi/ictu,
2852 349 2911 395 ut
2939 342 3053 413 ipse
3085 343 3345 402 Dominus

49 421 112 474 5i
137 419 176 488 ).
208 419 525 495 Secundum
558 421 754 476 Filium
786 423 1024 478 hominis
1059 439 1118 479 se
1145 423 1331 480 dicere
1351 435 1476 480 ante
1499 442 1638 495 pra:-

48 510 203 573 misit,
233 519 285 563 ct
311 521 366 563 ιιι
391 493 538 582 (μῖοά
565 514 860 569 secundum
889 514 1088 569 Filium
1119 515 1358 571 hominis
1387 515 1455 570 de
1474 530 1640 572 carne

49 611 124 657 cst
157 603 368 658 loculus
399 613 458 660 et
502 608 786 678 sanguine,
842 607 911 662 ad
955 606 1293 664 divinitatem
1330 617 1488 682 putas
1519 624 1639 665 esse

50 692 377 749 referendum
393 696 417 749 ?

115 787 230 841 124.
263 789 513 859 Denique
551 791 794 847 addidit:
819 793 952 848 Caro
974 794 1108 848 enim
1134 811 1245 850 mea
1267 812 1380 850 vere
1401 805 1476 852 est
1500 813 1636 863 esca,

54 890 94 933 ct
119 885 323 952 sanguis
349 899 499 938 meus
525 894 597 939 est
619 896 772 954 potus
798 887 816 956 (
845 885 1007 950 Ibid.,
1034 886 1162 959 56).
1193 889 1425 945 Carnem
1457 891 1639 956 audis,

53 975 348 1045 sanguinem
377 975 541 1032 audis
561 1018 577 1044 ,
614 979 806 1033 mortis
837 979 1136 1035 Dominicaa
1177 991 1518 1038 sacramenta
1549 997 1640 1038 co-

52 1067 284 1135 gnoscis;
318 1077 376 1124 et
431 1069 709 1125 divinitati
741 1072 1137 1128 calumniaris?
1177 1074 1314 1129 Audi
1365 1075 1637 1130 dicentem

55 1160 211 1228 ipsum
242 1176 255 1212 :
289 1160 428 1227 Quia
461 1162 678 1231 spiritus
706 1179 914 1218 carnem
941 1175 987 1218 et
1025 1181 1141 1220 ossa
1168 1182 1269 1220 non
1291 1165 1440 1221 habet
1463 1168 1483 1238 (
1504 1166 1635 1222 Luc.

54 1252 348 1322 xxiv,59).
402 1252 520 1308 Nos
573 1264 752 1309 autem
812 1255 1262 1327 quotiescumque
1300 1272 1640 1314 sacramenta

54 1347 321 1412 sumimus,
359 1360 486 1416 qua:
519 1361 616 1415 per
655 1362 824 1402 sacrae
863 1350 1130 1404 orationis
1161 1353 1482 1420 mysterium
1516 1360 1541 1388 δ
1587 1352 1639 1407 in

53 1452 250 1492 carnem
282 1439 757 1510 transﬁgurantnr
789 1449 846 1496 et
883 1443 1224 1510 sanguinem,
1270 1453 1500 1499 mortem
1530 1444 1641 1499 Do-

60 1530 169 1584 mini
199 1533 586 1587 annuntiamus
614 1533 633 1604 (
659 1533 678 1586 l
706 1530 826 1587 Cor.
855 1550 928 1598 ιιι,
961 1534 1031 1590 26
1062 1534 1104 1605 ).

127 1623 236 1678 125.
280 1625 422 1697 Ergo
448 1630 820 1697 ’posteaquam
851 1641 910 1682 se
941 1627 1088 1699 loqui
1125 1627 1426 1683 secundum
1465 1628 1643 1684 homi-

1744 441 1905 496 supra
1940 427 2072 481 dixit
2101 427 2118 496 (
2149 425 2305 482 Joan.
2339 444 2392 496 v,
2419 429 2543 502 21).

1817 519 1941 574 128.
1985 519 2291 592 ,λΕῳιιιΙίιειε
2321 538 2451 594 ergo
2482 524 2581 580 ﬁlii
2607 524 2674 581 ad
2707 526 2922 584 Patrem
2951 544 3045 598 per
3076 530 3339 588 unitatem

1739 627 1958 682 quoque
1993 612 2373 670 viviﬁcationis
2399 619 2701 683 astruitur;
2735 620 2952 688 quando
2994 620 3074 676 sic
3099 621 3339 678 viviﬁcat

1743 704 1914 760 Filius
1942 714 2000 760 ut
2030 705 2209 762 Pater.
2242 705 2493 778 Agnosce
2541 725 2674 782 ergo
2715 699 2842 782 ejus
2861 714 3028 768 vitam
3064 724 3119 770 et
3149 726 3343 785 poten-

1745 796 1872 850 tiam
1898 799 2312 868 sempiternam.
2332 799 2641 856 Similitudo
2664 805 2826 859 etiam
2843 815 3029 861 nostra
3052 805 3119 862 ad
3147 806 3341 875 ﬁlium,

1740 898 1793 943 et
1841 890 2090 960 qumdam
2143 892 2443 947 secundum
2501 909 2721 951 carnem
2781 898 2960 952 unitas
3001 897 3343 966 declaratur;

1742 986 1998 1053 quoniam
2029 985 2484 1056 quemadmodum
2503 988 2594 1044 Dei
2627 989 2839 1045 Filiusa
2864 990 3043 1058 Patre,
3075 991 3154 1048 sic
3182 992 3346 1049 homo

1743 1086 1824 1132 est
1854 1078 2157 1135 viviﬁcatus
2181 1079 2233 1134 in
2251 1095 2435 1138 carne.
2470 1082 2560 1141 Sic
2577 1084 2724 1139 enim
2755 1085 3016 1156 scriptum
3043 1096 3127 1143 est
3149 1087 3339 1161 (Rom.

1743 1186 1817 1236 tv,
1853 1171 1981 1242 24),
2013 1174 2137 1244 quia
2182 1175 2324 1231 sicut
2363 1177 2505 1232 Deus
2531 1177 2715 1234 Jesum
2744 1178 3018 1236 Christum
3050 1197 3078 1236 a
3111 1184 3344 1238 mortuis

1741 1267 2046 1334 suscitavit,
2074 1269 2145 1324 ita
2176 1270 2338 1326 etiam
2369 1287 2468 1327 nos
2489 1273 2641 1344 quasi
2676 1273 2921 1330 homines
2953 1275 3292 1332 viviﬁcamur
3312 1293 3343 1332 a

1744 1358 1840 1414 Dei
1861 1359 2022 1415 Filio.

1817 1454 1939 1510 129.
1983 1456 2291 1512 Secundum
2337 1462 2475 1514 hanc
2514 1475 2644 1531 ergo
2675 1462 3071 1530 expositionem
3113 1478 3219 1519 non
3250 1477 3346 1521 so-

1744 1544 1854 1600 lutn
1882 1545 1950 1602 ad
1978 1547 2344 1604 conditionem
2375 1549 2667 1606 humanam
2700 1552 2978 1608 derivatur
3015 1556 3186 1626 gratia
3230 1556 3344 1610 lar-

1743 1636 1946 1708 gitatis,
1993 1640 2088 1695 sed
2117 1641 2279 1695 etiam
2311 1641 2612 1698 divinitatis
2659 1646 2935 1700 mternitas
2976 1647 3341 1714 praedicatur;

57 1722 126 1774 nis
152 1719 336 1775 Filium
376 1720 682 1775 declaravit
709 1763 723 1787 ,
767 1731 822 1776 ct
861 1737 1081 1777 carnem
1131 1737 1278 1794 same
1309 1724 1562 1792 repetivit
1588 1733 1645 1779 et
1671 1749 1719 1811 Β
1747 1730 2068 1799 divinitatis,
2088 1734 2212 1804 quia
2233 1734 2347 1803 ipsa
2373 1736 2614 1792 viviﬁcat
2644 1756 2657 1791 :
2689 1737 2941 1795 humanae
2966 1749 3144 1796 autem
3159 1741 3347 1798 condi-

59 1814 368 1881 sanguinem,
426 1811 678 1867 subdidit
726 1824 913 1882 postea
949 1830 960 1866 :
1002 1812 1150 1869 Sicut
1191 1816 1332 1868 misit
1376 1831 1458 1869 me
1497 1815 1638 1870 vivus

62 1901 216 1970 Pater,
234 1913 278 1959 et
303 1921 398 1976 ego
420 1905 539 1958 vivo
564 1914 772 1975 propter
798 1904 1044 1972 Patrem;
1070 1915 1114 1959 et
1131 1907 1220 1976 qui
1238 1906 1511 1961 manducat
1533 1923 1636 1974 tne,

62 2008 100 2050 et
125 2000 223 2065 ipse
275 1999 399 2052 vivit
445 2008 660 2070 propter
715 2015 795 2053 me
851 1998 1048 2071 (Joan.
1079 2015 1151 2067 γι,
1183 1997 1325 2070 58).
1355 1999 1640 2068 Quomodo

61 2091 198 2162 igitur
233 2091 331 2148 hoc
356 2091 746 2172 accipiendum
781 2094 1010 2164 putant?
1053 2093 1238 2149 Potest
1267 2093 1410 2148 enim
1438 2092 1637 2164 duplex

63 2189 208 2243 videri
235 2189 597 2259 comparatio.
644 2188 823 2244 Prima
867 2189 937 2242 ita
968 2207 980 2240 :
1007 2188 1157 2243 Sicut
1192 2189 1331 2242 misit
1376 2204 1456 2242 me
1499 2187 1638 2241 vivus

67 2281 220 2347 Pater,
241 2293 285 2339 et
307 2301 398 2357 ego
425 2285 542 2338 vivo
568 2294 776 2356 propter
805 2282 1035 2339 Patrem.
1063 2283 1228 2357 5M
1247 2283 1497 2340 Secunda
1518 2283 1588 2337 ita
1622 2299 1637 2337 :

66 2375 190 2430 Sicut
216 2378 346 2431 misit
367 2393 448 2431 me
469 2378 618 2430 vivus
641 2374 820 2444 Pater,
852 2385 898 2431 et
918 2393 1009 2449 ego
1030 2379 1141 2430 vivo
1162 2387 1377 2448 propter
1393 2375 1641 2440 Patrem;

66 2469 124 2522 ita
147 2479 189 2523 et
214 2471 297 2539 qui
321 2470 611 2524 manducat
633 2485 734 2536 me,
761 2469 870 2540 ipse
897 2470 1016 2523 vivit
1044 2478 1254 2539 propter
1285 2484 1386 2522 me.

127 2563 233 2618 126.
271 2564 326 2619 Si
361 2564 602 2634 primam
639 2562 868 2634 eligunt,
903 2562 1007 2618 hoc
1043 2562 1315 2634 signiﬁcat
1349 2564 1473 2634 quia
1503 2562 1645 2618 sicut

67 2658 240 2714 missus
281 2674 398 2714 sum
425 2674 455 2714 a
488 2659 677 2725 Patre,
729 2667 784 2714 et
835 2657 1091 2713 descendi
1124 2673 1156 2711 a
1186 2657 1381 2723 Patre,
1419 2657 1492 2712 ita
1520 2657 1645 2711 vivo

69 2761 262 2818 propter
287 2751 529 2808 Patrem.
563 2749 592 2789 ι’
623 2750 788 2819 Quasi
814 2751 938 2822 quis
963 2759 1144 2807 autem
1181 2750 1382 2805 missus
1407 2759 1512 2814 est,
1556 2758 1644 2803 at-

69 2858 157 2913 que
173 2845 471 2911 descendit;
529 2845 633 2900 nisi
681 2846 834 2916 quasi
867 2844 1040 2901 Filius
1078 2846 1318 2902 hominis
1353 2845 1492 2900 sicut
1530 2843 1646 2914 ipse

70 2950 212 3005 supra
256 2938 433 2993 dixit:
470 2936 648 2993 Nemo
695 2937 924 2994 ascendit
975 2939 1026 2992 in
1067 2939 1272 3005 cretum,
1315 2938 1412 2992 nisi
1452 2938 1538 3008 qui
1582 2937 1646 2992 de

73 3028 178 3081 calo
203 3029 460 3086 descendit
500 3029 555 3084 F
557 3030 679 3085 ilius
709 3029 932 3085 hominis
957 3030 974 3103 (
1003 3029 1162 3084 Joan.
1197 3046 1280 3097 ιιι,
1312 3030 1457 3101 15)ῗ’
1503 3029 1647 3100 Ergo

1747 1823 1930 1887 tionis,
1961 1826 2084 1894 quia
2114 1827 2382 1882 viviﬁcata
2410 1837 2492 1883 est
2521 1839 2578 1884 et
2608 1831 2659 1882 in
2689 1828 2928 1886 Christo.

1813 1916 1938 1970 150.
1965 1917 2119 1984 Quod
2151 1919 2198 1974 si
2221 1920 2342 1990 quis
2369 1930 2656 1992 utrumque
2678 1921 2744 1977 ad
2769 1920 2971 1978 Christi
3005 1924 3176 1981 refert
3203 1925 3346 1981 divi-

1744 2009 1965 2064 nitatem
2007 2029 2020 2064 :
2063 2027 2192 2083 ergo
2234 2013 2406 2069 Filius
2455 2014 2552 2069 Dei
2595 2015 2908 2072 hominibus
2963 2031 3346 2091 comparatur;

1745 2109 1798 2154 ut
1833 2101 1903 2156 ita
1935 2101 2103 2158 Filius
2133 2115 2356 2175 propter
2378 2105 2594 2161 Patrem
2625 2107 2794 2174 vivat,
2826 2110 2970 2164 sicut
3001 2126 3099 2166 nos
3121 2121 3346 2182 propter

1742 2190 1935 2246 Filium
1951 2193 2047 2248 Dei
2067 2195 2315 2251 vivimus.
2340 2196 2445 2252 Sed
2469 2196 2639 2253 Filius
2655 2198 2750 2253 Dei
2767 2199 2928 2254 vitam
2949 2201 3175 2273 largitur
3189 2213 3350 2258 mter-

1745 2299 1892 2351 nam,
1913 2299 2014 2340 nos
2038 2294 2218 2342 autem
2245 2286 2426 2358 largiri
2455 2288 2768 2358 nequimus;
2796 2305 2926 2362 ergo
2947 2294 3116 2348 nOStri
3133 2307 3353 2365 compa-

1745 2379 1953 2435 ratione
1984 2395 2085 2435 nec
2111 2380 2203 2436 ille
2235 2381 2478 2452 largitur.
2511 2381 2757 2439 Habeant
2805 2383 2968 2456 igitur
3002 2383 3186 2440 Ariani
3225 2386 3353 2443 ﬁdei

1745 2488 1858 2530 suae
1889 2475 2191 2543 prmmium,
2217 2489 2285 2530 ne
2301 2475 2464 2530 vitam
2479 2485 2736 2531 aeternam
2755 2477 3124 2548 adipiscantur
3141 2494 3171 2533 a
3191 2478 3349 2536 Filio.

1820 2569 1944 2624 151.
1991 2568 2144 2624 Libet
2163 2569 2276 2639 jam
2302 2569 2531 2625 ulterius
2563 2569 2850 2639 progredi;
2879 2585 3001 2625 nam
3026 2570 3072 2626 si
3100 2571 3209 2627 illis
3239 2573 3354 2643 pla-

1707 2669 1837 2729 ⁸εει
1877 2660 2019 2716 hunc
2060 2661 2239 2716 locum
2264 2661 2330 2718 ad
2380 2661 2577 2716 divinm
2611 2673 2632 2700 ο
2676 2662 3094 2734 perpetuitatem
3144 2663 3353 2721 referre

1747 2753 2091 2818 substantiae,
2144 2753 2414 2825 accipiant
2455 2752 2620 2808 etiam
2653 2754 2870 2810 tertiam
2919 2753 3344 2825 expositionem.

1749 2843 1910 2918 545
1933 2845 2126 2901 Nonne
2146 2844 2426 2902 evidenter
2457 2845 2672 2902 videtur
2713 2846 2896 2902 dicere
2926 2845 3070 2918 quod
3091 2847 3234 2904 sicut
3263 2848 3346 2903 vi-

1750 2956 1852 2996 vus
1883 2941 2046 2996 Pater
2073 2949 2176 3006 est,
2223 2942 2295 2996 ita
2337 2941 2467 2996 vivit
2496 2951 2550 2998 et
2581 2941 2791 2996 Filius?
2830 2941 2985 3010 Quod
3016 2941 3202 3014 utique
3231 2943 3356 3014 quis

1752 3050 1858 3090 non
1889 3035 2139 3090 advertat
2167 3034 2233 3090 ad
2265 3035 2531 3090 unitatem
2559 3036 2706 3100 vitm,
2740 3034 2885 3105 quod
2936 3035 3129 3091 eadem
3175 3035 3356 3092 Patris

75 3120 196 3176 sicut
219 3124 365 3193 quasi
394 3123 574 3178 Filius
598 3123 832 3178 hominis
862 3123 1060 3178 missus
1090 3132 1192 3191 est,
1219 3132 1381 3193 atque
1420 3122 1647 3178 descen-
1673 3147 1720 3209 Ο
1751 3136 1808 3183 et
1847 3125 1968 3181 Filii
1999 3126 2106 3181 vita
2134 3128 2257 3209 sit,‘
2278 3140 2404 3182 esse
2431 3125 2823 3182 referendum?
2851 3125 2999 3182 Sicut
3027 3127 3162 3182 enim
3194 3125 3355 3182 Pater

76 3211 168 3276 dit;
194 3214 260 3268 ita
297 3217 450 3286 quasi
496 3215 676 3271 Filius
707 3215 946 3272 hominis
995 3216 1127 3270 vivit
1158 3223 1379 3286 propter
1408 3215 1642 3270 Patrem.

81 3304 292 3378 Denique
315 3317 370 3364 et
401 3309 500 3379 qui
552 3307 841 3364 manducat
890 3309 1045 3378 quasi
1096 3307 1265 3363 ﬁlium
1312 3307 1568 3374 hominis,
1593 3316 1650 3364 et

78 3400 179 3468 ipse
203 3403 324 3459 vivit
351 3412 582 3475 pr0pter
622 3402 818 3458 Filium
869 3402 1128 3458 hominis.
1176 3405 1369 3458 Actum
1402 3417 1531 3473 ergo
1559 3402 1645 3456 in-

77 3495 376 3552 carnationis
404 3511 522 3552 sua:
545 3494 796 3551 adventui
821 3494 1180 3566 comparavit.

1751 3219 1906 3272 vitam
1930 3217 2077 3272 habet
2100 3219 2152 3272 in
2179 3219 2472 3287 semetipso,
2503 3217 2577 3272 sic
2604 3217 2744 3272 dedit
2761 3225 2807 3270 et
2834 3214 2976 3272 Filio
2991 3218 3142 3272 vitam
3169 3217 3357 3274 habere

1752 3310 1806 3364 in
1856 3310 2127 3381 semetipso
2157 3309 2356 3379 (Joan.
2387 3325 2441 3377 v,
2493 3308 2632 3380 26).
2687 3307 2846 3365 Dedit
2895 3324 2994 3381 per
3048 3309 3356 3368 unitatem:

1749 3399 1918 3468 dedit,
1953 3419 2059 3458 non
2096 3412 2154 3458 ut
2202 3403 2433 3468 auferat,
2489 3403 2586 3458 sed
2617 3410 2677 3456 ut
2700 3401 3031 3458 clariﬁcetur
3072 3403 3124 3459 in
3171 3403 3311 3461 Filio
3343 3424 3358 3462 :

1752 3494 1918 3562 dedit,
1956 3502 2014 3549 nt
2043 3495 2384 3564 complaceat
2405 3512 2418 3548 :
2443 3493 2592 3550 dedit
2618 3510 2724 3550 non
2755 3504 2812 3550 ut
2835 3493 2998 3552 Pater
3025 3496 3350 3565 custodiret,

141 3590 248 3644 127.
287 3591 440 3662 Quod
467 3593 513 3648 si
541 3592 780 3649 secunda
803 3592 1154 3661 complacuit,
1185 3607 1366 3648 nonne
1388 3603 1442 3649 et
1468 3609 1649 3665 arqua-
1746 3588 1842 3644 sed
1875 3597 1930 3642 ut
1953 3587 2126 3643 Filius
2159 3589 2483 3658 possideret.

83 3683 264 3741 litalem
294 3687 414 3743 Filii
446 3703 574 3743 cum
604 3687 765 3742 Patre
797 3727 811 3753 ,
843 3697 898 3742 et
931 3685 1340 3742 similitudinem
1370 3688 1491 3755 ejus
1523 3701 1646 3741 cum

83 3773 278 3836 homine
331 3780 622 3837 manifesta
686 3780 1038 3836 distinctione
1109 3779 1454 3850 colligimus?
1516 3779 1649 3834 Nam

80 3871 190 3937 quid
241 3882 322 3928 est
350 3892 362 3926 :
403 3873 561 3930 Sicut
611 3873 726 3943 ipse
757 3871 887 3928 vivit
918 3880 1143 3943 propter
1174 3871 1390 3927 Patrem
1423 3913 1438 3935 ,
1471 3880 1522 3926 et
1554 3883 1655 3926 nos

85 3963 288 4021 vivimus
312 3977 538 4038 propter
585 3967 792 4037 ipsum;
819 3966 921 4021 nisi
952 3965 1076 4036 quia
1107 3966 1188 4020 sic
1216 3964 1454 4019 viviﬁcat
1487 3962 1656 4018 Filius

86 4053 351 4124 hominem,
386 4060 532 4116 sicut
560 4059 721 4115 Pater
748 4060 800 4114 in
831 4058 970 4114 Filio
997 4073 1219 4115 carnem
1238 4057 1530 4112 viviﬁcavit
1557 4057 1659 4112 Ιιιι-

90 4155 316 4207 manam‘!
338 4153 502 4223 Sicut
529 4154 666 4208 enim
701 4152 861 4208 Pater
891 4153 1104 4208 suscitat
1134 4161 1387 4219 mortuos,
1415 4159 1466 4206 et
1492 4151 1657 4220 viviﬁ-

153 4302 173 4328 ⁸
212 4293 575 4350 Elocutionem
633 4293 794 4365 plane
837 4292 1072 4349 similem
1113 4291 1274 4365 elib.
1332 4290 1402 4365 de
1421 4289 1658 4365 ‘lncarn.

93 4375 193 4429 cap.
215 4366 244 4419 1
275 4368 542 4421 citaverat
572 4361 725 4421 card.
773 4365 1066 4420 Perronius
1113 4363 1210 4420 lib.
1247 4379 1282 4418 ιι
1319 4361 1388 4418 de
1415 4362 1658 4419 Sacram.

99 4432 243 4508 Eucti.
283 4441 508 4494 Auctor.
538 4439 628 4504 51,
659 4453 834 4508 eaque
875 4434 1338 4508 idemrsigniﬁcari
1372 4434 1658 4508 docuerat,

1829 3681 1953 3736 152.
1993 3681 2100 3737 Sed
2128 3679 2493 3752 objiciendum
2542 3687 2733 3750 putant
2776 3680 2902 3751 quia
2943 3681 3164 3736 dixerat
3195 3697 3209 3734 :
3239 3679 3355 3752 Ego

1755 3774 1866 3829 vivo
1888 3784 2098 3845 propter
2126 3772 2336 3829 Patrem
2366 3775 2384 3843 (
2411 3773 2570 3828 Joan.
2602 3789 2676 3838 vt,
2716 3771 2840 3844 58).
2876 3773 3073 3844 Utique
3101 3773 3147 3828 si
3173 3773 3239 3828 ad
3266 3774 3355 3830 di-

1757 3869 2038 3924 vinitatem
2101 3867 2368 3931 referunt,
2422 3874 2642 3938 propter
2698 3867 2914 3923 Patrem
2974 3868 3108 3922 vivit
3156 3867 3357 3936 Filius;

1758 3965 1882 4035 quia
1942 3977 2011 4018 ex
2058 3962 2220 4018 Patre
2270 3962 2442 4017 Filius
2497 3971 2582 4018 est
2614 3981 2628 4017 :
2660 3971 2882 4033 propter
2931 3963 3178 4032 Patrem;
3231 3968 3356 4037 quia

1761 4057 1922 4111 unius
1953 4055 2270 4111 substantia:
2297 4069 2420 4109 cum
2451 4053 2612 4110 Patre
2648 4071 2662 4108 :
2697 4049 2917 4124 propter
2957 4055 3202 4122 Patrem;
3236 4061 3361 4130 quia

1765 4159 2066 4206 eructatum
2085 4159 2168 4206 est
2185 4148 2419 4206 Verbum
2449 4164 2516 4205 ex
2538 4147 2717 4204 Patris
2729 4148 2898 4207 corde
2917 4150 2935 4221 (
2951 4149 3100 4205 Psal.
3119 4167 3264 4219 thv,
3283 4151 3360 4224 1),

1768 4306 1968 4364 corpus
1993 4289 2389 4364 transﬁgurari,
2424 4305 2487 4346 ac
2519 4291 2738 4360 ﬁgurari
2785 4291 2836 4346 in
2868 4306 3088 4364 corpus,
3124 4292 3229 4351 hoc
3255 4305 3362 4364 est,

1768 4380 1833 4437 ex
1873 4363 2042 4434 ipsius
2064 4363 2283 4434 quidem
2329 4364 2618 4437 sententia,
2662 4364 2909 4437 corporis
2949 4363 3173 4437 ﬁguram
3222 4363 3361 4437 ﬁeri.

1771 4435 1970 4490 Verum
2002 4437 2123 4506 quis
2166 4450 2391 4505 usquam
2416 4434 2694 4489 hominum
2724 4439 2795 4489 ita
2820 4434 3032 4494 locutus
3071 4436 3365 4496 est?Cerle

95 4507 217 4581 quod
253 4519 461 4567 vertere
491 4505 760 4581 signiﬁcat
789 4509 840 4563 in
878 4505 1168 4581 Virgiliano
1200 4509 1328 4562 illo:
1361 4505 1582 4560 Formas
1603 4523 1665 4581 se
1690 4513 1743 4572 Ι)
1768 4507 2018 4581 exempla
2049 4507 2340 4581 verborum
2387 4508 2592 4562 tradere
2632 4517 2793 4576 atque
2829 4508 3096 4581 aliorum,
3128 4519 3184 4565 et
3207 4525 3360 4566 suam

99 4579 220 4632 vertit
244 4581 294 4633 in
323 4598 520 4648 omnes,
547 4578 818 4637 'nimirum
870 4579 1286 4634 conversionem
1322 4582 1572 4646 corporis
1601 4578 1654 4632 in

101 4647 234 4723 aliam
259 4651 483 4707 formam
513 4662 565 4709 et
611 4654 862 4723 ﬁguram.
892 4651 1028 4706 Huic
1061 4652 1386 4723 Albertinus
1409 4651 1564 4723 lib.n
1589 4648 1658 4704 de

102 4716 314 4794 Sacram.
347 4725 576 4780 Euchar.
609 4716 1213 4794 rESpondere‘cottatus,
1244 4723 1320 4777 ait
1357 4721 1495 4778 duas
1520 4722 1657 4776 alias

103 4788 236 4866 huius
265 4797 410 4851 verbi
439 4788 864 4866 signiﬁcationes
893 4792 1053 4866 adjici
1084 4809 1264 4863 posse.
1294 4795 1364 4866 At
1410 4794 1493 4848 hae.
1527 4808 1657 4849 cau-

101 4873 198 4938 sam
224 4863 383 4938 ipsius
413 4863 547 4922 nihil
574 4867 850 4938 adjuvant.
886 4863 1019 4920 Nam
1053 4865 1226 4938 primo
1258 4865 1660 4938 indicatinter-

103 4931 209 4986 dum
246 4931 382 5010 idem
408 4942 543 5007 ,esse
578 4931 657 4994 ac'
687 4939 922 5010 efﬁcere,
953 4945 1011 4991 ιιι
1039 4931 1160 4990 cum
1193 4935 1396 5010 Plinius
1432 4937 1560 4990 dicit
1592 4936 1660 4990 de

103 5006 389 5080 Qutygdalis,
411 5006 478 5064 ea:
495 5006 725 5065 dulcibus
741 5006 1186 5080 'trans/igurantur
1209 5008 1263 5080 in
1285 5024 1491 5061 amaras
1515 5023 1534 5061 :
1550 5022 1660 5080 nec

103 5071 342 5150 difﬁtetur
368 5080 472 5135 hoc
497 5097 655 5137 sensu
680 5071 905 5136 Christi'
924 5071 1124 5150 corpus
1169 5078 1354 5133 oﬁ'erri
1406 5078 1662 5150 altaribus

107 5149 584 5219 transﬁgurandum.
626 5153 738 5221 Qua
781 5153 832 5206 in
862 5167 920 5206 re
942 5152 1009 5206 ab
1048 5165 1115 5206 eo
1161 5150 1382 5206 minime
1410 5149 1664 5204 dissenti—

107 5229 230 5296 mus,
261 5223 358 5296 nisi
380 5223 523 5296 quod
545 5223 898 5296 symbolicum
917 5238 1114 5296 corpus
1140 5222 1446 5296 intelligere
1467 5237 1527 5296 se
1557 5236 1661 5274 non

109 5283 412 5348 dissimulat:
436 5283 593 5349 Euini
622 5309 750 5350 vero
775 5283 1067 5349 absurdum
1098 5302 1182 5348 est
1225 5283 1355 5348 illud
1385 5294 1662 5356 ultimum;

110 5370 219 5435 nam
250 5373 597 5436 praterquam
629 5367 775 5436 quod
802 5365 1044 5433 cratjam
1071 5379 1268 5434 corpus
1302 5363 1663 5435 symbolicunt

112 5441 157 5480 tn
180 5435 443 5506 autitypis,
475 5435 677 5491 certum
708 5447 791 5492 est
822 5451 1037 5506 semper
1065 5451 1243 5490 veram
1273 5436 1506 5505 aliquam
1531 5449 1664 5488 con-

111 5503 390 5571 versionem
440 5507 685 5571 indicari,
709 5511 822 5563 sive
852 5503 1169 5562 substantiae
1194 5548 1208 5569 ,
1241 5507 1286 5560 si
1320 5503 1389 5561 de
1415 5507 1665 5561 substan-

113 5569 174 5647 [ia
198 5585 410 5642 agatur;
439 5577 554 5632 sive
589 5569 906 5645 accidentis,
939 5589 994 5633 ut
1035 5580 1085 5632 in
1119 5577 1365 5632 Pliniano
1391 5577 1660 5647 exemplo.

115 5637 405 5720 Secundam
429 5659 604 5703 autem
647 5637 1012 5720 acceptioncm
1062 5650 1200 5704 hanc
1230 5664 1351 5703 esse
1377 5650 1529 5712 dicit,
1553 5637 1662 5719 'qua

114 5717 447 5785 compositum
473 5720 686 5790 ponitur
716 5717 810 5791 pro
841 5735 938 5777 suo
969 5720 1222 5791 simplici,
1259 5732 1315 5775 ut
1349 5720 1487 5776 idem
1519 5717 1588 5776 sit
1611 5723 1661 5776 in

1767 4577 2192 4646 Compositorum
2222 4579 2492 4635 rationem
2525 4592 2786 4646 nusquam
2810 4579 3119 4649 deponunt;
3149 4596 3274 4648 nec,
3305 4590 3362 4638 ut

1766 4653 2002 4705 maxime
2033 4650 2178 4723 illam
2211 4660 2444 4723 exuant,
2464 4649 2550 4723 hic
2581 4649 2695 4723 ullo
2711 4648 2892 4723 modo
2910 4651 3114 4708 faciunt
3139 4653 3205 4708 ad
3236 4669 3361 4723 pro-

1766 4721 2199 4793 positum.rNihil
2241 4722 2404 4793 igitur
2433 4721 2520 4776 hic
2544 4719 2896 4793 signiﬁcatur
2934 4723 3004 4778 ab
3047 4719 3359 4791 Ambrosio,

1765 4791 1870 4847 nisi
1897 4792 2043 4862 quod
2072 4791 2306 4848 habetur
2326 4793 2419 4848 lib.
2448 4793 2516 4848 de
2541 4791 2764 4862 Myster.
2798 4806 2922 4863 cap.
2941 4793 2997 4860 9,
3029 4812 3085 4851 ιι.
3119 4795 3191 4850 50
3220 4813 3234 4848 :
3260 4795 3361 4851 Be—

1766 4865 2056 4918 nedictione
2082 4864 2236 4917 etiam
2261 4866 2378 4935 ipsa
2401 4873 2587 4917 natura
2612 4870 2862 4935 mutatur.
2885 4863 3023 4921 Nam
3063 4882 3226 4921 sacrte
3243 4883 3363 4922 ora-

1767 4936 1920 5009 tionis
1943 4935 2240 5009 mysterium
2286 4931 2427 5009 idem
2471 4945 2641 5009 estac
2666 4931 2996 5009 benedictio,
3026 4946 3083 4995 et
3110 4939 3223 5009 ipsa
3251 4938 3361 4994 Do-

1766 5007 1901 5061 mini
1930 5004 2095 5060 verba
2131 5024 2142 5057 :
2175 5021 2278 5076 qua
2297 5005 2366 5061 de
2388 5021 2446 5060 re
2475 5004 2672 5076 ibidem
2701 5018 2853 5058 num.
2877 5007 2968 5062 52.

1839 5086 1867 5126 ι›
1909 5077 2130 5132 Amerb.
2155 5075 2211 5132 et
2257 5077 2440 5141 Eras.,
2498 5075 2630 5144 Quis
2657 5084 2830 5128 autem
2851 5084 3040 5134 missus
3072 5090 3145 5136 est
3176 5098 3194 5136 :
3242 5079 3365 5136 alia:

1767 5148 1900 5204 edit.
1938 5162 1998 5201 ac
2037 5163 2232 5205 omnes
2275 5163 2432 5215 mss.,
2465 5148 2627 5212 Quasi
2670 5146 2783 5214 quis
2827 5158 3000 5204 autem
3039 5154 3226 5208 missus”
3265 5161 3362 5207 est.

1769 5220 1969 5295 Excipe
1997 5227 2176 5295 tamen
2207 5220 2427 5295 ultimas
2446 5219 2578 5274 edit.
2603 5215 2886 5295 Pariszubi
2907 5237 3024 5295 pro
3040 5223 3202 5291 Quasi
3233 5224 3368 5295 legi-

1771 5302 1857 5346 tur
1891 5286 2181 5369 Quompdo.
2233 5291 2408 5369 Male:
2440 5299 2527 5347 est
2549 5288 2713 5352 enim,
2745 5286 3081 5369 Quasi-quis:
3111 5295 3253 5350 idem
3284 5286 3368 5369 tit-3

1768 5379 1874 5440 quo
1899 5365 1951 5418 in
1979 5361 2134 5432 cujus
2157 5363 2469 5440 conditione
2498 5377 2563 5417 ac
2608 5361 2851 5440 nomine.
2894 5361 3095 5440 lterum
3125 5381 3258 5424 vero
3277 5367 3371 5440 ubi

1765 5434 1902 5489 ’edit.
1936 5449 2059 5489 cum
2089 5449 2199 5488 uno
2220 5436 2308 5489 vel
2339 5435 2512 5490 altero
2531 5446 2690 5496 mss.,
2723 5434 2859 5504 sicut
2887 5434 3017 5504 ipse,
3044 5436 3202 5495 Rom.
3234 5439 3369 5494 edit.

1771 5507 1909 5580 ipsa,
1958 5522 2116 5577 supra
2166 5507 2448 5580 patientia;
2497 5507 2680 5577 plures
2730 5503 3178 5580 probatioresque
3233 5526 3368 5567 mss.

1773 5578 2049 5644 omittunt,
2079 5578 2350 5648 sapientia.

1846 5661 1867 5688 ε
1913 5649 2041 5705 Mss.
2073 5649 2302 5721 aliquot,
2337 5651 2702 5721 proprietatem
2733 5653 2930 5723 referre
2969 5653 3283 5716 substantia.
