3948 6172
578 265 683 320 lii?)

1901 242 2148 309 sANc'rt
2189 227 2513 308 manus"
3757 251 3843 308 6n

575 382 699 452 quia
729 395 758 434 a
805 379 964 433 Patre
1009 374 1294 446 processit.
1338 372 1464 444 quia
1497 385 1561 427 ex
1608 377 1842 442 paterno
1882 371 2170 439 generatus
2199 375 2252 435 Α
2349 363 2507 419 Patre
2556 354 2899 452 intelligatur.
2950 337 3222 418 Postremo
3261 363 3314 418 in
3349 363 3489 450 istis,
3520 381 3582 419 ex
3621 381 3736 433 quo,
3774 385 3847 439 per

575 483 660 529 est
695 483 847 527 utero
896 468 1095 541 (Psal.
1130 484 1240 532 crx,
1265 467 1352 535 5),
1387 467 1509 537 quia
1557 465 1680 520 fons
1721 463 1890 519 Pater
1915 462 2039 518 Filii
2064 473 2168 527 cst,

509 623 518 630 ,
574 566 696 634 quia
732 561 880 615 radix
904 557 1066 614 Pater
1089 559 1208 614 Filii
1234 569 1336 614 est.
1603 612 1612 621 _

648 658 769 712 153.
812 655 918 710 58ιί
950 653 1138 708 dicunt
1169 654 1400 706 fortasse
1435 649 1529 706 :Si
1561 649 1821 704 unitatem
1871 656 2027 715 putas
2069 643 2172 698 Pa-

567 755 666 807 tris
688 768 747 804 ac
779 750 900 804 Filii
929 750 1052 802 vitze
1072 763 1218 812 esse,
1243 764 1365 802 cum
1395 747 1561 800 Filius
1590 743 1825 798 dixerit:
1862 741 1926 822 Et
1956 757 2046 811 ego
2065 738 2174 792 vivo

567 853 773 914 propter
815 840 1029 895 Patrem
1064 838 1276 913 (Joan.
1311 855 1382 902 γι,
1412 835 1548 908 58),
1584 834 1841 905 numquid
1875 832 2056 886 unitas
2093 841 2177 908 est

559 935 684 991 Filii
719 936 841 988 vita:
871 943 1034 1004 atque
1063 933 1347 986 hominum
1381 950 1394 984 :
1434 946 1554 984 cum
1603 927 1803 982 dixerit
1845 926 2018 982 Filius
2047 924 2173 994 Quia

569 1028 674 1095 Qui
696 1027 970 1080 manducat
989 1043 1086 1092 me,
1119 1034 1167 1080 et
1194 1027 1303 1098 ipse
1332 1026 1448 1078 t-ivit
1471 1035 1679 1096 prapter
1712 1021 1827 1075 me?

641 1121 766 1175 154.
806 1119 980 1174 immo
1012 1121 1194 1190 plane,
1231 1119 1371 1173 sicut
1403 1118 1664 1171 unitatem
1693 1113 1866 1168 fatear
1889 1127 2012 1167 esse
2052 1110 2176 1163 vitai

564 1212 807 1268 cmlestis
834 1211 887 1265 itt
909 1205 1074 1266 Patre
1109 1197 1164 1266 et
1204 1207 1343 1264 Filio
1374 1225 1469 1278 per
1510 1206 1708 1261 divinze
1740 1191 2001 1257 unitatem
2049 1199 2179 1253 sub-

562 1307 802 1364 stantia}.
833 1307 902 1358 ita
935 1305 1018 1360 vel
1051 1301 1247 1358 divinae
1279 1311 1486 1355 natura:
1536 1285 1626 1353 vel
1667 1296 1969 1351 Dominicze
1995 1293 2176 1345 incar-

565 1397 802 1454 nationis
835 1404 1072 1464 excepto
1120 1394 1489 1463 privilegium,
1541 1390 1862 1444 societatem
1893 1381 2176 1438 nobiscum

561 1492 688 1545 vita:
735 1487 996 1559 spiritalis
1042 1486 1096 1540 itt
1149 1485 1285 1538 Filio
1325 1499 1444 1538 esse
1485 1484 1744 1551 proliteor
1784 1493 1878 1548 per
1922 1473 2178 1530 humanae

563 1583 828 1638 unitatem
865 1573 1082 1634 'naturst
1117 1595 1131 1631 :
1166 1577 1349 1644 Qualis
1378 1577 1524 1631 enim
1556 1574 1775 1628 caelestis
1811 1573 1935 1626 tales
1957 1580 2004 1624 et
2027 1571 2178 1623 caele-

567 1686 670 1730 stes
707 1671 904 1744 (lCor.
934 1688 1024 1736 xv,
1064 1669 1172 1742 18).
1207 1669 1452 1739 Denique
1484 1670 1627 1722 sicut
1675 1667 1729 1720 in
1791 1665 1885 1719 illo
1927 1662 2178 1718 sedemus

567 1769 635 1822 ad
679 1740 933 1823 tlextratn
972 1740 1172 1828 Patris,
1205 1763 1456 1832 nonquia
1481 1777 1601 1814 cum
1633 1759 1754 1828 ipso
1784 1752 2060 1820 sedemus,
2083 1753 2177 1808 sed
2210 1740 2260 1831 ﬁ

567 1863 691 1929 quia
737 1859 993 1912 sedemus
1025 1856 1074 1908 in
1107 1855 1304 1909 Christi
1339 1867 1594 1920 corpo:~e,
1626 1851 1693 1906 de
1722 1866 1828 1920 quo
1867 1864 1902 1920 p
1924 1839 2056 1902 istea
2095 1845 2182 1901 di-

568 1966 762 2007 cemus
793 1948 1006 2020 plenius
1055 1951 1072 2016 (
1102 1945 1244 2017 lnfr.
1281 1944 1372 2000 lib.
1407 1944 1472 2017 v)
1507 1964 1518 1998 :
1551 1945 1713 2010 sicut,
1761 1947 2003 2014 inquam,
2027 1940 2183 1996 sede-

569 2059 695 2100 mus
764 2043 818 2097 in
869 2039 1088 2096 Christo
1137 2055 1232 2110 per
1277 2039 1528 2109 corporis
1569 2039 1862 2093 unitatem:
1907 2039 1975 2090 ita
2033 2045 2089 2091 et
2127 2037 2180 2090 in

571 2137 794 2194 Christo
826 2137 1057 2190 vivimus
1082 2151 1178 2205 per
1203 2134 1452 2204 corporis
1485 2114 1770 2186 unitatem.

623 2230 771 2286 155.
812 2225 930 2283 Non
968 2229 1142 2282 soluat
1175 2238 1357 2282 autem
1390 2242 1499 2281 non
1533 2241 1726 2281 vereor
1767 2224 1892 2296 quia
1919 2223 2183 2294 scriptum

565 2337 649 2381 est
682 2343 694 2377 :
727 2323 793 2378 Et
821 2339 914 2394 ego
957 2325 1068 2376 vivo
1115 2331 1326 2394 propter
1383 2319 1632 2386 Patrem;
1672 2315 1766 2374 sed
1797 2307 1965 2373 etiam
2009 2317 2054 2372 si
2087 2331 2185 2388 per

569 2417 788 2474 Patrem
813 2415 1067 2484 dixisset,
1099 2431 1205 2470 non
1241 2429 1480 2469 vererer.

647 2503 770 2563 156.
814 2505 834 2580 [
864 2495 1003 2561 Ᾰιὶαε
1027 2523 1144 2576 cap.
1176 2503 1298 2577 VL]
1341 2506 1526 2559 Solent
1561 2505 1705 2558 enim
1739 2502 1903 2557 etiam
1929 2499 2060 2554 illttd
2087 2497 2186 2552 ob-

568 2601 739 2669 jiccre
770 2603 894 2669 quia
927 2599 1066 2652 dixit
1099 2615 1112 2650 :
1143 2595 1266 2650 ΙΙωο
1295 2597 1572 2666 inﬁrmitas
1614 2612 1715 2648 non
1747 2604 1821 2646 est
1848 2593 1915 2644 ad
1947 2599 2182 2656 mortem,

576 2705 602 2732 ⁸
630 2696 718 2748 sed
744 2709 838 2764 pro
866 2693 1105 2746 claritate
1131 2685 1231 2744 Dei
1254 2708 1271 2754 ;
1314 2700 1369 2742 ut
1417 2691 1729 2758 clariﬁcelur
1755 2687 1928 2740 Filius
1951 2688 2064 2758 ejus
2095 2703 2187 2755 per

572 2790 745 2859 ipsum
777 2775 945 2858 (:Ioan
975 2804 1048 2852 ιι,
1081 2785 1177 2858 4).
1207 2786 1324 2840 Non
1355 2787 1531 2839 Solum
1565 2785 1708 2838 enim
1739 2799 1835 2853 per
1867 2783 2106 2846 Patrem,
2133 2791 2185 2836 et

575 2898 604 2933 a
639 2881 802 2934 Patre
829 2877 1006 2934 Filius
1031 2878 1394 2943 clarilicatur,
1445 2877 1570 2946 quia
1616 2877 1878 2944 scriptum
1911 2885 1993 2928 est
2025 2893 2037 2928 :
2069 2870 2191 2927 Clu-

575 2970 723 3042 riﬁca
746 2986 844 3035 me,
883 2967 1040 3024 Pater
1069 2970 1260 3040 (Joan.
1294 2983 1426 3033 xvn,
1462 2965 1565 3038 5);
1603 2976 1658 3022 et
1683 2969 1813 3022 alibi
1848 2984 1859 3018 :
1900 2966 2054 3020 Nunc
2085 2966 2190 3019 cla-

574 3063 809 3132 riﬁcatus
840 3072 914 3115 est
949 3061 1120 3116 Filius
1162 3050 1407 3124 hominis,
1433 3071 1480 3115 et
1509 3059 1649 3116 Deus
1687 3059 2002 3130 clariﬁcatus
2030 3069 2102 3113 est
2134 3059 2187 3112 in

577 3113 658 3220 eo,
700 3165 747 3210 et
773 3154 909 3209 Deus
938 3113 1240 3224 clarificavit
1263 3113 1379 3209 eum
1399 3113 1764 3224 '(doanivxttt,
1799 3113 1887 3217 ἐι,
1918 3153 2018 3223 52)
2046 3171 2058 3205 :
2089 3153 2179 3206 sed

2375 3113 2398 3165 1

575 3244 736 3304 etiam
772 3263 868 3318 per
895 3247 1095 3302 Filium
1141 3256 1194 3302 et
1235 3262 1266 3301 a
1315 3247 1452 3302 Filio
1480 3248 1810 3302 clarilicatur
1839 3248 2030 3313 Pater,
2058 3249 2182 3316 quia

576 3343 780 3396 veritas
810 3337 950 3396 dixit
981 3359 994 3394 :
1027 3339 1142 3412 Ego
1185 3349 1234 3394 te
1263 3341 1550 3412 clariﬁravi
1579 3359 1732 3413 super
1763 3349 1954 3396 terram
1991 3338 2180 3413 (Joan.

579 3425 716 3501 xvu,
751 3437 783 3491 4

651 3529 772 3582 157.
813 3529 968 3585 Sicut
998 3543 1131 3600 ergo
1158 3527 1487 3584 clarilicatur
1519 3544 1614 3598 per
1642 3527 1884 3594 Patrem,
1920 3527 1991 3582 ita
2019 3527 2181 3582 etiam

573 3631 798 3694 pr0ptcr
839 3621 1059 3678 Patrem
1093 3621 1240 3676 vivit.
1287 3620 1440 3676 Unde
1467 3631 1518 3676 et
1555 3619 1826 3694 bquidam
1875 3619 2024 3686 δόξαν
2067 3621 2184 3690 opi-

571 3719 793 3772 nionem
841 3717 1016 3786 magis
1054 3723 1382 3786 putaverunt
1426 3730 1570 3782 esse,
1618 3729 1777 3784 quam
1818 3713 2080 3784 gloriam;
2128 3722 2187 3769 et

572 3811 699 3866 ideo
729 3811 807 3865 sic
854 3808 1200 3880 interpretati
1239 3811 1404 3865 sunt:
1453 3807 1566 3878 Ego
1609 3819 1660 3863 te
1686 3807 1981 3862 clarilicavi
2017 3787 2186 3878 super

564 3915 790 3968 terram,
815 3919 952 3974 opus
972 3902 1512 3974 conslintmaviquod
1532 3902 1728 3956 dedisti
1753 3904 1919 3969 mihi;
1946 3914 2000 3957 et
2039 3919 2182 3956 nunc

569 3995 810 4050 clarilica
841 4013 946 4060 me,
979 3997 1162 4064 Pater,
1199 3995 1304 4050 hoc
1335 4007 1440 4061 εει,
1475 3993 1708 4061 seem»,
1745 4005 1803 4050 ut
1829 3995 1897 4050 sit
1932 3996 2019 4050 hic
2057 4010 2188 4049 sen-

565 4103 660 4144 Sus
683 4089 701 4142 ἐ
735 4089 849 4159 Ego
877 4091 1194 4160 opinionem
1223 4089 1290 4144 de
1317 4099 1368 4144 te
1405 4087 1718 4144 hominibus
1756 4087 2066 4159 hujusmodi
2097 4091 2182 4142 in-

571 4181 706 4247 fudi,
743 4191 802 4237 ut
827 4193 1158 4254 cognoscant
1200 4193 1252 4238 te
1281 4183 1449 4238 Deum
1480 4180 1702 4248 verum;
1734 4191 1790 4238 et
1834 4193 1886 4237 tu
1933 4181 2076 4238 hanc
2115 4181 2187 4238 de

572 4291 660 4332 me
691 4277 954 4330 conﬁrma
992 4275 1100 4331 illis
1136 4276 1477 4346 opinionem,
1528 4289 1588 4331 ut
1630 4276 1856 4334 credant
1897 4291 1985 4332 me
2032 4285 2183 4331 tuum

571 4368 774 4425 Filium
805 4379 855 4426 et
893 4371 1058 4426 Deum
1081 4386 1291 4425 verum.

1083 4470 1250 4547 553
1283 4473 1516 4532 CAPUT
1573 4463 1662 4530 xr.

565 4587 858 4676 Discrimen
901 4592 1038 4660 quod
1068 4592 1296 4661 con/lare
1347 4592 1530 4646 Ariani
1579 4591 1923 4669 moliebantur
1949 4595 1980 4647 'e
2013 4592 2174 4648 verbis

636 4681 870 4755 Apostoli
892 4699 958 4737 et:
990 4681 1148 4737 I'atre
1199 4685 1392 4748 omnia,
1426 4697 1474 4740 et
1503 4703 1593 4758 per
1625 4681 1828 4740 Filium
1865 4687 2038 4741 omnia
2065 4703 2177 4742 esse

641 4779 894 4845 docentis,
951 4779 1220 4833 irridetur.
1270 4778 1574 4834 Ostenditur
1619 4780 1755 4835 enim
1795 4781 1904 4834 illic
1943 4781 2176 4836 eamdem

643 4872 816 4926 Patris
838 4889 898 4926 ac
922 4870 1053 4927 Filii
1079 4874 1500 4946 omnipotentiam
1523 4877 1746 4945 exprimi
1769 4892 1787 4928 :
1809 4877 1946 4947 quod
1967 4893 2081 4930 cunt
2112 4895 2178 4932 ea:

637 4969 754 5022 aliis
785 4967 930 5028 locis.
973 4975 1078 5021 tum
1121 4963 1184 5022 ea:
1223 4969 1386 5038 ipsius
1430 4959 1590 5024 Pauli
1632 4978 1774 5024 textu
1805 4970 2170 5038 conﬁrmatur.

642 5059 796 5115 Hunc
825 5049 1048 5114 absurde
1090 5061 1157 5128 ad
1201 5057 1415 5115 Patrem
1466 5061 1651 5133 referri
1699 5061 1762 5114 ab
1806 5059 2084 5124 htereticis,
2117 5077 2184 5116 ac

637 5154 892 5226 pertinere
919 5153 989 5206 ad
1027 5151 1227 5208 Filium
1267 5169 1331 5207 ea:
1375 5153 1605 5224 ejusdem
1636 5154 1767 5207 serie
1792 5153 2184 5208 demonstrari:

639 5261 730 5304 nec
756 5257 922 5302 tamen
945 5245 1228 5319 quidquam
1280 5243 1406 5300 Filii
1451 5245 1694 5318 derogari
1725 5235 1984 5316 potentior,
2030 5247 2073 5302 si
2114 5247 2181 5302 de

635 5425 661 5486 tl
701 5413 954 5486 Nonnulli
987 5411 1369 5486 inss.,_scd_per
1401 5410 1692 5486 claritatem
1725 5407 1844 5462 Dei.
1907 5451 1912 5459 .
1943 5448 1969 5476 ,.

633 5485 662 5525 δ
707 5488 818 5542 lloc
855 5485 1048 5540 eulem
1072 5477 1234 5538 sensu
1265 5477 1408 5538 hunc
1443 5482 1620 5538 locum
1666 5477 2176 5550 interpretantem-

558 5559 754 5630 dymus
782 5558 834 5611 in
847 5551 1228 5630 Catena_Grm_c.
1253 5553 1430 5630 Puta,
1451 5551 1683 5630 inligati.
1711 5547 1980 5607 Similiter
2003 5547 2170 5630 etiarn

557 5621 736 5698 ipsum
768 5629 1002 5698 explicat
1026 5626 1260 5697 Cyrillus
1283 5625 1444 5698 Alex.
1478 5624 1532 5698 in
1563 5625 2037 5698 Tltes_au_.__assert._
2075 5621 2168 5698 5t),

565 5691 654 5752 tibi
680 5691 1242 5752 tradit'Ambro'sianis
1268 5695 1450 5751 verbis
1479 5693 1642 5765 plane
1671 5692 1895 5748 similia.
1929 5691 2038 5748 Sed
2061 5694 2169 5746 alia

565 5766 832 5837 expositio
851 5767 1164 5834 germanior
1192 5776 1294 5822 est.

2348 477 2516 532 quem,
2551 469 2598 512 et
2619 446 2671 512 in
2701 475 2803 529 quo
2825 459 3041 529 aliquid.
3070 460 3267 512 nullam
3297 441 3607 514 intercedere
3634 459 3847 526 differen-

2350 540 2498 618 tiam,
2531 561 2576 606 et
2605 552 2715 606 haec
2756 540 2929 605 omnia
2957 551 3020 605 de
3048 552 3209 606 tribus
3241 555 3477 622 personis
3502 553 3628 618 dici,
3671 553 3844 606 evincit.

2357 693 2474 746 158.
2516 691 2633 746 Jam
2666 690 2792 745 illud
2827 689 3113 744 ridiculum
3141 698 3246 753 est,
3273 690 3417 760 quod
3445 691 3663 761 quidam
3691 702 3750 746 ex
3774 689 3849 744 illo

2278 783 2598 852 Apostolico
2643 783 3028 838 discretionem
3059 783 3201 835 inter
3239 779 3452 836 Patrem
3483 791 3539 836 et
3580 780 3764 835 Filium
3791 783 3852 834 la-

2279 877 2429 930 ciunt
2457 886 2480 915 ε
2505 877 2816 944 potestatis,
2877 873 3001 944 quia
3043 875 3307 942 scriptum
3355 880 3480 927 est:
3511 871 3676 926 Nobis
3711 879 3850 926 tamen

2279 987 2411 1023 unus
2441 969 2582 1024 Deus
2602 969 2785 1035 Pater,
2809 986 2874 1025 ea:
2895 985 2998 1040 quo
3027 970 3222 1034 omnia,
3247 978 3294 1020 et
3317 984 3412 1022 nos
3433 967 3486 1020 in
3515 967 3630 1038 ipso
3647 971 3716 1020 :e‘t
3741 982 3853 1018 unus

2277 1062 2535 1118 Dominus
2561 1061 2717 1117 Jesus
2753 1061 3010 1128 Christus,
3061 1077 3156 1131 per
3187 1076 3336 1132 quem
3381 1060 3577 1125 omnia,
3607 1065 3652 1112 et
3677 1075 3758 1112 nos
3781 1073 3855 1126 per

2279 1156 2452 1226 ipsum
2477 1157 2522 1224 (Ι
2543 1156 2666 1212 Cor.
2699 1171 2814 1222 vui,
2841 1155 2920 1228 6).
2945 1157 3111 1210 Aiunt
3135 1155 3284 1209 enim
3311 1167 3418 1208 nOn
3445 1140 3766 1208 mediocrem
3790 1149 3852 1203 tli-

2279 1249 2423 1303 vinte
2459 1247 2760 1317 majestatis
2804 1261 2927 1304 esse
2966 1247 3306 1313 distantiam,
3350 1245 3476 1316 quia
3511 1246 3709 1300 dictum
3754 1253 3855 1297 est:

2283 1341 2360 1397 Ex
2393 1342 2487 1396 ilo
2509 1343 2712 1405 omnia,
2739 1351 2795 1395 et
2833 1355 2933 1410 per
2975 1341 3120 1394 hunc
3160 1341 3365 1394 omnia.
3400 1338 3544 1392 Nihil
3589 1341 3754 1392 anteiit
3777 1353 3857 1390 ex-

2285 1435 2718 1503 pressius,quattt
2745 1433 2888 1500 quod
2917 1431 3025 1486 hoc
3044 1432 3168 1486 loco
3194 1434 3542 1500 omnipotens
3586 1429 3748 1484 Filius
3765 1426 3858 1482 evi-

2281 1527 2430 1579 denti
2458 1527 2666 1580 ratione
2687 1526 2968 1596 signatur;
3000 1538 3123 1579 nam
3153 1534 3212 1579 ut
3236 1539 3307 1579 ex
3338 1523 3434 1578 illo
3459 1523 3663 1585 omnia,
3691 1521 3755 1576 ita
3783 1535 3861 1590 per

2283 1617 2431 1672 hunc
2457 1620 2658 1672 omnia.

2361 1711 2485 1767 1⁸59.
2523 1712 2674 1768 Inter
2697 1711 2878 1766 omnia
2906 1707 2933 1747 ἀ
2963 1711 3123 1765 Pater
3154 1725 3261 1765 non
3288 1719 3391 1774 est,
3419 1708 3510 1765 cui
3538 1707 3734 1764 dictum
3759 1715 3861 1760 est:

2291 1806 2432 1874 Quia
2473 1807 2712 1860 universa
2741 1807 2964 1860 serviunt
3002 1805 3092 1860 tibi
3139 1812 3155 1872 (
3183 1803 3333 1859 Psal.
3376 1819 3564 1867 cxvnt,
3587 1802 3651 1857 9|
3673 1808 3713 1871 ).
3740 1800 3865 1855 Inter

2288 1901 2472 1954 omnia
2506 1898 2679 1954 Filius
2707 1915 2814 1954 non
2874 1907 2984 1966 est,
3027 1897 3150 1968 quia
3197 1900 3371 1952 omnia
3417 1905 3512 1969 per
3541 1898 3710 1969 ipsum
3749 1898 3863 1965 facta

2286 2003 2407 2046 sunt
2457 1993 2656 2064 (Joan.
2682 2007 2721 2057 ι,
2763 1993 2798 2048 5
2821 1991 2864 2062 )·,
2898 2003 2946 2046 et
2973 1993 3148 2046 omnia
3173 1991 3226 2045 in
3249 1993 3366 2061 ipso
3405 1996 3664 2054 constant,
3703 1996 3746 2042 et
3773 1989 3864 2056 ipse

2289 2095 2361 2138 est
2391 2099 2545 2154 super
2575 2101 2752 2139 omnes
2780 2082 2936 2140 ctelos
2967 2082 3202 2154 (Coloss.
3221 2091 3272 2150 ‘t,
3309 2083 3430 2157 17).
3458 2083 3576 2139 Non
3600 2087 3726 2152 ergo
3752 2081 3869 2135 inter

2289 2179 2471 2232 omnia
2506 2177 2700 2241 Filius.
2740 2179 2834 2232 sed
2879 2192 3046 2246 super
3089 2177 3311 2232 omnia:
3344 2179 3434 2246 qui
3456 2177 3749 2232 secundum
3773 2188 3870 2228 car-

2289 2286 2412 2324 nem
2442 2270 2657 2340 quidem
2689 2269 2772 2336 eSt
2810 2271 2875 2324 e'x
2917 2269 3121 2324 familia
3149 2269 3500 2330 Judaeorum‘.
3545 2269 3686 2324 idem
3718 2275 3868 2322 tamen

2290 2380 2457 2435 super
2502 2367 2684 2420 omnia
2731 2366 2873 2420 Deus
2903 2363 3228 2420 benedictus
3257 2357 3312 2417 i'n
3357 2363 3558 2418 saecula
3585 2362 3613 2434 '(
3646 2361 3788 2417 Rom.
3811 2374 3870 2420 tx.

2293 2460 2382 2530 5),
2404 2459 2560 2529 cujus
2588 2469 2673 2514 est
2708 2457 2903 2514 nomen
2935 2473 3104 2527 super
3129 2471 3295 2514 omne
3323 2471 3548 2523 nomen,
3596 2466 3650 2511 et
3695 2456 3760 2510 de
3788 2468 3872 2521 quo

2291 2552 2492 2606 dicitur
2518 2568 2532 2604 :
2566 2552 2754 2606 Omnia
2783 2550 3045 2613 subiecisti
3079 2549 3175 2604 sub
3195 2550 3424 2619 pedibus
3451 2550 3591 2622 ejus(
3611 2545 3757 2602 Psal.
3779 2560 3868 2606 vin,

2293 2644 2387 2714 8).
2419 2643 2776 2713 Suhjiciendo
2819 2652 3000 2696 autem
3033 2643 3236 2708 omnia,
3265 2641 3398 2695 nihil
3445 2641 3664 2710 reliquit
3705 2639 3755 2694 ei
3788 2651 3871 2690 non

2294 2736 2624 2806 subjectum,
2656 2737 2798 2789 sicut
2823 2733 3118 2803 Apostolus
3135 2733 3274 2794 dixit
3301 2736 3316 2802 (
3353 2727 3518 2786 Hebr.
3546 2743 3608 2797 tt,
3633 2728 3723 2800 8).
3747 2725 3872 2795 Quod

2295 2831 2343 2886 si
2379 2831 2481 2885 hoc
2505 2831 2668 2885 etiam
2689 2828 2990 2885 secundum
3027 2828 3419 2883 incarnationis
3449 2827 3663 2882 locutus
3702 2835 3872 2881 esus-

2295 2932 2659 2989 cramentum,
2696 2921 3158 2992 quemadmodum
3191 2916 3488 2991 possumus
3537 2919 3609 2974 de
3652 2928 3874 2987 superna:

2295 3017 2665 3087 generationis
2693 3013 3116 3084 incomparabili
3149 3013 3437 3083 majestate
3459 3011 3745 3067 dubitare?

2406 3111 2498 3165 #0.
2541 3109 2682 3164 Nihil
2703 3111 2865 3179 igitur
2893 3107 3182 3179 potestatis
3209 3107 3354 3162 inter
3380 3107 3598 3161 Patrem
3628 3114 3684 3158 et
3709 3103 3872 3158 Filium

2296 3213 2504 3259 certum
2535 3214 2618 3258 est
2640 3203 2928 3257 interesse.
2960 3200 3202 3269 Denique
3229 3214 3298 3254 eo
3319 3213 3494 3269 usque
3517 3197 3649 3252 nihil
3683 3196 3876 3251 interea

2293 3297 2616 3368 potestatis,
2650 3305 2709 3349 ut
2745 3294 2888 3349 idem
2930 3295 3230 3363 Apostolus
3279 3307 3344 3346 ex
3379 3293 3500 3362 ipso
3549 3291 3753 3346 dixerit
3778 3301 3877 3342 esse

2291 3390 2494 3454 omnia,
2546 3403 2642 3456 per
2678 3386 2840 3457 quem
2890 3385 3072 3441 omnia
3117 3387 3261 3441 sicut
3305 3382 3482 3440 habes
3514 3403 3527 3438 ε
3559 3385 3808 3450 Quoniam
3829 3394 3876 3432 ex

2291 3482 2429 3552 ipso.
2460 3492 2510 3536 et
2530 3498 2618 3550 per
2635 3481 2827 3551 ipsum,
2846 3490 2892 3534 et
2919 3481 2975 3534 in
2997 3482 3111 3548 ipso
3135 3490 3256 3534 sunt
3277 3481 3453 3534 omnia
3475 3479 3664 3552 (Rom.
3693 3493 3762 3537 xt.
3779 3475 3874 3544 53)-

2364 3575 2489 3630 141.
2533 3574 2589 3630 Si
2614 3575 2774 3644 igitur
2797 3573 2980 3638 Pater,
3013 3573 3155 3628 sicut
3175 3583 3391 3643 putant,
3427 3571 3801 3626 tantummodo
3821 3565 3877 3620 si-

2290 3668 2605 3741 gniﬁcatur,
2631 3683 2740 3722 non
2771 3676 2949 3736 potest
2979 3667 3121 3720 idem
3155 3677 3210 3720 et
3231 3665 3582 3736 omnipotens
3600 3677 3744 3728 csse,
3774 3657 3877 3731 quia

2290 3777 2360 3816 ex
2415 3761 2538 3830 ipso
2611 3760 2797 3814 omnia
2841 3777 2854 3811 :
2903 3765 2961 3814 et
3013 3759 3367 3829 omnipotens
3421 3771 3535 3813 non
3580 3771 3727 3820 esse,
3775 3752 3876 3823 quia

2293 3871 2392 3927 per
2424 3856 2602 3925 ipsum
2633 3853 2840 3909 omnia.
2872 3856 2980 3909 Aut
3026 3853 3190 3924 igitur
3221 3851 3554 3918 invalidum,
3589 3864 3688 3904 nec
3729 3843 3879 3902 omni-

2290 3959 2571 4019 potentem
2627 3947 2846 4002 Patrem
2875 3963 2971 4002 sua
3008 3947 3316 4002 assertione
3365 3943 3760 4008 memorabunt,
3803 3947 3877 3992 aut

2291 4055 2446 4098 certe
2472 4042 2902 4112 omnipotentem
2925 4039 3309 4098 etia’m'FiIiunt
3337 4040 3423 4094 vel
3445 4039 3600 4094 inviti
3631 4049 3756 4091 voce
3777 4045 3876 4102 pro-

2294 4137 2413 4206 pria
2443 4135 2779 4191 fatebuntur.

2368 4230 2497 4286 “2.
2541 4229 2760 4298 Eligant
2790 4241 2970 4286 tamen
3000 4237 3181 4283 utrum
3209 4227 3296 4281 hic
3327 4226 3542 4280 Patrem
3578 4223 3874 4278 declaratum

2294 4331 2506 4391 putent.
2541 4321 2598 4376 Si
2625 4321 2862 4390 Patrem,
2897 4337 3028 4393 ergo
3063 4329 3119 4375 et
3147 4336 3242 4390 per
3265 4319 3442 4390 ipsum
3484 4316 3663 4372 omnia
3695 4332 3707 4368 :
3739 4314 3780 4367 si
3804 4309 3876 4365 Fi-

2294 4417 2448 4482 lium,
2479 4430 2613 4486 ergo
2639 4425 2696 4472 et
2733 4431 2799 4472 ex
2853 4416 2974 4487 ipso
3000 4417 3204 4470 omnia.
3257 4415 3314 4470 Si
3359 4419 3545 4468 autem
3593 4421 3647 4468 et
3683 4425 3773 4481 per
3799 4405 3878 4460 Pa-

2292 4519 2434 4568 trem
2453 4511 2658 4575 onutia,
2687 4509 2822 4564 nihil
2853 4491 3609 4580 utique’Filio'derogandum
3643 4505 3738 4559 :‘et
3760 4501 3799 4556 si
3824 4511 3877 4552 es

2295 4599 2436 4660 Filio
2467 4601 2674 4683 omnia,
2705 4587 2960 4658 similiter
2984 4610 3040 4656 et
3067 4597 3620 4672 Filiodeierendum.

2368 4697 2492 4751 145.
2534 4699 2614 4752 Ac
2637 4709 2706 4751 ne
2730 4693 2980 4750 insidiari
3026 4707 3127 4748 nos
3157 4691 3318 4748 unius
3345 4693 3677 4748 arbitrentur
3705 4686 3880 4752 obrep-

2290 4791 2441 4844 tione
2473 4787 2757 4854 versiculi,
2807 4777 2979 4841 totum
3020 4795 3185 4856 caput
3237 4799 3664 4873 recenseamus:
3713 4776 3879 4835 Oalti-

2287 4881 2438 4948 ludo,
2470 4877 2682 4951 inquit,
2735 4875 3036 4960 divitiarum
3075 4879 3344 4953 sapientia:
3399 4865 3446 4932 et
3484 4875 3720 4960 scientia:

2290 4971 2390 5028 Dei
2415 4989 2433 5028 :
2463 4989 2618 5040 quam
2647 4951 3006 5028 inscrutab'ilia
3030 4951 3149 5025 sunt
3181 4971 3390 5046 judicia
3412 4951 3547 5041 ejus,
3564 4981 3609 5023 et
3636 4957 3881 5033 inuestiga-

2292 5064 2423 5119 biles
2451 5066 2546 5118 uite
2588 5065 2741 5138 ejus!
2780 5065 2910 5131 Quis
2953 5065 3088 5118 enim
3126 5065 3362 5135 cognouit
3411 5076 3616 5118 sensum
3661 5051 3882 5113 Domini!

2293 5167 2387 5210 aut
2407 5157 2520 5226 quis
2547 5157 2878 5212 consiliarius
2909 5158 3020 5229 ejus
3045 5155 3184 5230 fuit?
3204 5167 3292 5210 aut
3320 5153 3436 5226 quis
3476 5153 3618 5226 prior
3647 5153 3774 5205 dedit
3795 5143 3876 5207 illi,

2292 5260 2343 5305 et
2374 5233 2686 5305 retribuetur
2709 5233 2788 5306 ei?
2819 5249 3074 5318 Quoniam
3101 5267 3165 5304 cx
3202 5241 3334 5322 ipso,
3369 5259 3416 5304 et
3446 5266 3536 5321 per
3559 5248 3742 5318 ipsum,
3769 5251 3812 5295 et
3834 5236 3876 5290 iu

2370 5420 2391 5446 ο
2432 5407 2690 5464 Nonnulli
2737 5424 2898 5475 mss.,
2943 5407 3066 5479 quia
3107 5393 3360 5476 scriptum
3391 5417 3465 5462 est
3493 5423 3598 5479 non
3623 5393 3874 5476 essedi/It‘

2289 5481 2514 5552 tentiam
2545 5485 2832 5548 potestatis,
2877 5481 3000 5552 quia
3025 5479 3275 5548 scriptum
3323 5489 3395 5534 est
3422 5495 3494 5552 esp
3523 5478 3680 5532 Patre
3705 5483 3870 5528 omnm.

2289 5563 2339 5607 et
2356 5568 2444 5622 per
2468 5549 2667 5604 Filium
2693 5555 2868 5608 omnia
2890 5549 3006 5623 ejus
3029 5567 3119 5616 per
3137 5553 3310 5622 ipsum
3332 5566 3352 5604 :
3375 5551 3525 5623 nobis
3543 5559 3708 5609 tamen
3733 5553 3873 5601 unus;

2294 5623 2412 5693 alii,
2435 5633 2501 5693 Aet
2533 5639 2724 5680 omnes
2753 5625 2888 5679 edit.
2911 5622 3098 5693 inagis
3120 5637 3362 5693 Congrue
3385 5631 3446 5676 ιιι
3473 5622 3527 5677 in
3543 5628 3784 5676 contexit.

2362 5691 2386 5728 ι¹
2430 5691 2560 5750 Mss.
2595 5696 2874 5762 nonnulli,
2901 5691 3078 5748 Filius
3100 5709 3201 5748 non
3229 5691 3328 5749 est.
