3932 6176
100 261 188 316 €45

1419 221 1510 303 DE
1553 235 1714 303 ΡιοΕ
1757 248 1885 304 LIB.
1931 251 2017 304 tv.

3259 251 3365 304 046

90 378 309 445 ipsosunt
332 372 522 435 omnia,
543 371 641 439 ipsi
664 369 829 440 gloria
855 369 907 421 in
931 367 1120 420 sa’rulu
1150 367 1166 436 (
1194 342 1354 427 ibid,
1387 352 1454 419 55
1477 374 1519 416 et
1543 364 1672 435 seq.)
1706 355 1756 429 Ᾰ
1786 385 1820 433 ι,
1850 366 1929 437 9).
1964 365 2099 431 Quid
2127 368 2423 436 Apostolus
2474 367 2697 432 dixerit,
2739 365 3112 421 considerent.
3149 366 3249 420 Per
3276 367 3378 420 Pa-

157 464 270 520 HJ.
301 466 369 517 De
395 479 502 534 quo
535 465 692 534 igitur
723 462 926 516 dictum
955 466 1163 530 putant,
1195 458 1260 511 de
1294 457 1474 540 Patre,
1508 472 1573 508 an
1601 456 1664 509 de

93 558 256 614 Filio?
285 558 340 613 Si
371 556 439 611 de
467 544 625 610 Patre
655 575 665 608 :
697 556 788 610 sed
824 571 929 609 non
949 564 1030 607 est
1052 551 1326 622 Sapientia
1346 547 1445 603 Dei
1471 547 1664 614 Pater;

95 653 203 719 quia
229 650 496 718 Sapientia
531 643 622 702 Dei
654 647 822 703 Filius
849 657 950 702 est.
1000 645 1137 713 Quid
1182 653 1266 698 est
1293 653 1472 697 atttettt
1522 640 1667 712 quod

97 763 188 798 non
212 747 372 814 possit
405 743 706 811 Sapientia,
738 741 804 795 de
837 756 938 810 qua
979 739 1242 806 scriptum
1277 747 1358 791 est
1385 755 1396 789 :
1428 735 1554 788 Cum
1604 735 1668 786 sit

98 857 184 892 tuta
237 837 553 907 omnipotens
606 848 652 890 et
681 853 986 907 permanens
1017 877 1031 899 ,
1072 835 1122 886 in
1166 850 1217 886 se
1244 831 1417 886 omnia
1461 831 1672 883 innovat

99 933 233 1002 (Sap.
260 947 345 996 vtt,
376 931 519 1004 ‘27)?
563 931 678 984 Non
709 947 838 999 ergo
886 931 1234 984 accedentem
1285 927 1546 996 legimus,
1576 919 1670 1004 sed

98 1035 506 1094 permanentem.
539 1022 715 1077 Habes
741 1038 872 1092 ergo
909 1022 1061 1091 juxta
1094 1007 1465 1098 Salotnoiteiu,
1500 1001 1675 1072 omni-

100 1128 348 1187 potentem
375 1127 423 1170 et
463 1126 872 1186 permanentem
905 1116 1266 1184 Sapientiam.
1305 1112 1477 1167 llahes
1511 1113 1673 1166 etiattt

99 1211 296 1277 bonatn,
327 1212 450 1275 quia
498 1193 760 1278 Scriptum
810 1220 893 1264 est
933 1197 1302 1278 :Sapientiunt
1352 1197 1522 1259 autem
1575 1222 1674 1258 non

101 1303 232 1357 vincit
261 1303 456 1356 malitia
486 1301 675 1376 (Ibid.,
711 1303 825 1372 ΞΟ).
1319 1367 1322 1370 η

158 1393 269 1449 145.
301 1395 405 1449 Sed
437 1375 501 1448 ad
532 1395 868 1464 prepositum
895 1402 1254 1449 revertamur.
1289 1375 1680 1460 Quantinscru-

107 1487 263 1540 tabilia
285 1497 419 1551 sunt,
480 1490 653 1556 inquit
685 1486 931 1560 ,judicia
988 1486 1147 1556 ejus!
1203 1486 1258 1542 Si
1315 1487 1476 1555 igitur
1519 1499 1681 1538 omne

103 1581 335 1649 judicium
392 1579 556 1635 Pater
611 1580 763 1635 dedit
810 1579 970 1647 Filio,
1005 1579 1202 1633 Filium
1251 1578 1411 1632 Pater
1468 1576 1682 1631 videtur

107 1673 385 1739 declarare,
419 1676 509 1744 qui
530 1674 741 1741 judieat
770 1673 953 1745 (Joan.
982 1689 1040 1738 γ,
1077 1673 1194 1741 2'2).

174 1768 228 1822 lt
253 1799 284 1819 ι.
331 1763 580 1837 Denique
620 1776 674 1820 ut
721 1768 862 1822 scias
893 1767 1015 1836 quia
1049 1783 1155 1820 non
1182 1767 1247 1819 de
1278 1763 1460 1830 Patre,
1495 1765 1589 1818 sed
1618 1763 1686 1818 de
1719 1774 1763 1832 Β
1791 1771 2104 1823 eoinmu'nio

111 1861 228 1915 Filio
269 1862 434 1927 dicit,
493 1861 737 1916 addidit:
786 1861 913 1928 Quis
939 1861 1104 1931 prior,
1143 1861 1336 1930 inquit,
1383 1855 1521 1912 dedit
1564 1859 1688 1912 illi?

114 1955 253 2008 Dedit
279 1956 419 2010 enim
450 1956 617 2008 Pater
641 1953 778 2008 Filio
807 1973 818 2006 :
850 1955 944 2009 sed
977 1955 1124 2009 dedit
1149 1954 1270 2024 jure
1295 1951 1687 2026 generationis,

115 2063 201 2101 non
226 2065 442 2104 munere
474 2049 766 2118 largitatis.
794 2049 857 2101 Et
911 2048 1032 2101 ideo
1077 2048 1200 2116 quia
1232 2043 1416 2115 ne‘gari
1450 2059 1555 2098 n0n
1594 2060 1690 2112 po—

116 2152 248 2196 testa
278 2145 429 2198 Patre
455 2142 740 2212 accirpisse
772 2142 994 2206 Filium,
1033 2138 1330 2194 secundum
1370 2137 1515 2210 quod
1558 2137 1688 2191 scri-

115 2242 241 2303 ptum
289 2249 366 2290 est
411 2255 422 2291 :
479 2235 674 2290 Omnia
725 2234 850 2287 mihi
896 2234 1238 2312 tratlita'sunt
1294 2250 1324 2284 a
1369 2231 1530 2284 Patre
1580 2246 1691 2283 meo

117 2329 304 2396 (Matth.
331 2347 404 2387 XI.
430 2328 526 2399 ΩΤ)
553 2347 566 2384 :
599 2327 826 2383 dicendo
859 2340 1070 2396 tamen;
1101 2328 1227 2391 Quis
1257 2325 1548 2394 priordedit
1579 2323 1695 2376 illi?

119 2438 210 2476 non
240 2421 506 2493 accepisse
540 2440 642 2494 per
676 2433 919 2476 naturam
965 2438 991 2474 a
1023 2423 1184 2475 Patre
1222 2419 1420 2484 Filium
1461 2419 1696 2488 denega-

118 2515 200 2578 vit,
229 2515 314 2567 sed
345 2515 590 2584 priorem
628 2529 731 2566 non
767 2529 926 2582 posse
964 2503 1070 2565 diei
1103 2510 1245 2564 inter
1282 2508 1496 2572 Patrem
1525 2515 1579 2561 et
1609 2503 1698 2558 Fi-

118 2603 228 2658 lium
273 2607 621 2671 declaravit;
679 2605 800 2675 quia
833 2600 931 2658 etsi
989 2603 1149 2657 Pater
1198 2601 1350 2656 dedit
1396 2601 1555 2664 Filio,
1590 2615 1695 2653 non

121 2705 276 2751 tamen
303 2701 450 2766 quasi
489 2697 787 2767 posteriori
835 2695 1016 2751 dedit:
1047 2697 1169 2764 quia
1205 2693 1442 2748 increata
1485 2703 1537 2746 et
1568 2693 1698 2745 inae-

122 2790 382 2844 stimabilis
424 2789 704 2855 Trinitas,
760 2805 878 2858 qum
931 2791 1093 2841 tutius
1135 2796 1219 2841 est
1270 2781 1595 2840 teternilatis
1641 2794 1696 2836 et

119 2880 304 2949 gloriae,
333 2898 430 2937 nec
463 2895 709 2949 tempus,
744 2885 841 2936 nec
869 2880 1120 2950 gradum,
1143 2879 1227 2932 vel
1263 2878 1580 2948 [testerioris
1610 2892 1696 2931 re-

121 2972 248 3043 cipit,
279 2977 354 3030 vel
386 2976 612 3044 prioris.

185 3067 292 3123 M7.
336 3069 484 3137 Quod
542 3069 594 3121 si
643 3068 862 3120 Gnaeus
909 3068 1077 3132 magis
1129 3064 1347 3118 codices
1391 3062 1702 3132 sequendus

1771 473 1905 522 trem
1963 474 2218 513 Vocantur
2247 500 2261 525 ,
2297 467 2353 512 et
2404 459 2529 512 nihil
2564 466 2647 512 est
2690 458 3038 528 qttwstionis:
3083 455 3247 528 548
3277 472 3375 526 per

1768 553 1969 609 Filium
1995 569 2268 617 creantur,
2302 564 2356 607 et
2383 553 2483 607 hoc
2510 553 2671 606 \iltus
2714 552 3102 606 a-stimarunt?
3128 551 3288 605 Pater
3320 551 3371 604 itt

1770 647 2208 702 Communionem
2251 645 2378 700 Filii
2424 646 2653 713 vocavit,
2697 655 2750 700 et
2783 645 3035 713 religiose
3077 646 3180 697 hoc
3233 643 3374 698 sicut

1773 729 2057 802 debemus,
2092 740 2416 808 accipimus:
2450 739 2616 792 Filius
2644 738 2825 792 omnia
2857 739 3082 800 creavit,
3110 747 3161 792 et
3187 747 3378 806 putant

1776 847 1879 886 non
1915 835 2098 886 libera:
2149 833 2316 888 fuisse
2358 833 2653 887 voluntatis
2684 832 3008 900 arbitrium,
3041 830 3136 885 sed
3170 840 3376 885 coacta:

1775 933 1938 994 atque
1966 925 2182 980 servilis
2222 927 2557 994 Operationis
2588 927 2912 994 obsequium
2939 925 2960 976 ?

1851 1017 1978 1073 150.
2009 1018 2070 1073 Ut
2106 1029 2284 1072 atttcm
2315 1015 2580 1087 agnoscas
2606 1018 2818 1088 plenius
2852 1017 2980 1070 niltil
3015 1015 3216 1070 distare
3240 1016 3384 1070 inter

1781 1108 1956 1163 Patris
1978 1115 2033 1163 et
2057 1108 2181 1162 Filii
2214 1116 2561 1178 potestatem,
2596 1124 2716 1163 cum
2745 1124 2844 1178 per
2873 1106 3089 1162 Patrem
3138 1109 3189 1160 itt
3235 1112 3383 1161 eont-

1782 1202 2092 1255 munionem
2124 1199 2242 1254 Filii
2273 1202 2388 1270 ejus
2418 1216 2701 1265 vocemur;
2727 1217 2792 1254 ex
2825 1199 2963 1254 Filio
2985 1208 3068 1254 est.
3094 1200 3206 1269 ipsa
3236 1215 3385 1253 com-

1782 1293 1986 1358 munio,
2021 1296 2161 1346 sicut
2204 1292 2466 1362 scriptum
2498 1301 2582 1347 est
2607 1309 2619 1344 ε
2647 1293 2901 1356 Quoniam
2943 1295 3005 1344 de
3048 1290 3372 1362 plenitudine

1781 1392 1897 1459 ejus
1921 1403 2012 1440 nos
2040 1403 2214 1441 omnes
2243 1387 2534 1454 accepimus
2581 1385 2760 1458 (Joan.
2788 1401 2826 1448 I,
2869 1385 2989 1453 16);
3030 1385 3151 1438 licet
3193 1367 3387 1439 secun-

1783 1485 1910 1538 dttttt
1943 1484 2192 1537 Graecum
2239 1482 2587 1552 Evangelitun
2611 1523 2623 1545 ,
2675 1497 2742 1536 ex
2785 1479 3126 1551 plenitudine
3157 1481 3276 1548 ejus
3309 1463 3388 1533 iti—

1783 1575 2034 1646 telligere
2061 1575 2376 1629 dcb'ean'tus.

1863 1675 1988 1730 151.
2029 1676 2166 1731 Ecce
2195 1683 2252 1730 et
2287 1676 2381 1745 per
2425 1675 2641 1729 Patrem
2673 1667 2988 1729 communio
3015 1714 3028 1737 ,
3059 1681 3111 1727 et
3143 1663 3209 1727 ei:
3257 1657 3394 1727 Filio

2089 1751 2104 1822 i
2155 1787 2168 1822 :
2213 1767 2308 1822 sed
2341 1783 2446 1821 non
2495 1768 2845 1837 discrepans,
2880 1755 2973 1822 Sed
3019 1782 3123 1821 una
3152 1782 3392 1821 commu-

1797 1861 1920 1926 nio;
1956 1864 2093 1915 sicut
2133 1863 2275 1916 idem
2324 1861 2562 1916 Joannes
2594 1857 2646 1914 in
2690 1862 2922 1929 epistoia
2964 1851 3058 1914 sua
3107 1844 3279 1914 dixit:
3333 1859 3400 1912 lit

1793 1955 2190 2006 communicatio
2253 1968 2427 2006 nostra
2484 1953 2547 2005 sit
2590 1969 2703 2004 (‘ttttt
2751 1951 2938 2016 Patre,
2999 1949 3045 2005 et
3093 1937 3209 2004 cum
3252 1949 3396 2004 Filio

1793 2051 1908 2120 ejus
1935 2047 2063 2100 Jesu
2087 2045 2289 2100 Christo
2407 2045 2568 2099 Joan.
2603 2043 2756 2115 1,5“).

1869 2138 1994 2193 152.
2020 2137 2218 2205 Accipe
2241 2137 2405 2191 etiam
2431 2138 2551 2207 quia
2576 2153 2683 2191 non
2709 2138 2885 2192 solum
2907 2153 2970 2193 ex
2995 2138 3152 2192 Patre
3174 2137 3400 2202 etFilio,

1798 2239 1893 2291 sed
1926 2239 2092 2291 etiam
2123 2253 2192 2291 ex
2223 2237 2429 2306 Spiritu
2461 2247 2650 2293 sancto
2684 2253 2846 2291 unam
2881 2238 3038 2293 nobis
3066 2240 3406 2292 communio-

1801 2345 1922 2382 nem
1968 2329 2251 2398 Scriptura
2283 2328 2768 2383 commemoravit:
2806 2327 3021 2394 Gratia,
3053 2329 3259 2398 inquit,
3298 2327 3404 2381 Do-

1801 2421 1927 2474 mini
1951 2423 2110 2474 nostri
2133 2419 2165 2473 J
2173 2437 2260 2474 esu
2283 2420 2497 2485 Christi,
2523 2429 2570 2472 et
2592 2421 2815 2472 charitas
2842 2418 2958 2497 Dei,
2989 2429 3034 2472 et
3059 2420 3405 2473 communica-

1801 2517 1872 2569 tio
1892 2517 2058 2569 sancti
2085 2514 2313 2584 Spiritus
2332 2531 2447 2566 cum
2469 2500 2701 2567 omnibus
2725 2513 2860 2588 vobis
2885 2512 2962 2584 (ll
2976 2511 3096 2566 Cor.
3131 2512 3403 2576 uituli»).

1877 2608 2002 2661 155.
2031 2606 2229 2674 Qum-ro
2268 2615 2445 2659 autem
2481 2607 2531 2658 itt
2585 2622 2694 2675 quo
2743 2609 2921 2659 minor
2962 2605 3208 2660 videatur
3247 2606 3290 2659 is
3313 2621 3410 2674 per

1806 2717 1965 2772 quem
1996 2701 2200 2765 omnia,
2259 2715 2421 2770 quam
2482 2700 2527 2754 is
2567 2715 2631 2753 ex
2681 2714 2790 2769 quo
2835 2699 3052 2753 omnia?
3082 2697 3108 2735 b
3150 2699 3233 2753 An
3287 2699 3410 2767 Quia

1807 2805 2067 2864 operator
2107 2793 2414 2847 asseritttr?
2462 2791 2568 2848 Sed
2621 2801 2881 2860 Operatur
2937 2801 2992 2846 et
3039 2791 3237 2856 Pater;
3289 2792 3415 2860 quia

1809 2904 1972 2942 verus
1996 2896 2101 2951 est,
2125 2887 2217 2956 qtti
2243 2886 2410 2941 dixit:
2439 2884 2597 2939 Pater
2622 2900 2765 2940 meus
2788 2901 2952 2954 usque
2971 2886 3122 2938 modo
3149 2896 3413 2954 cperatur,

1810 2993 1856 3035 et
1885 2998 1978 3053 ego
2009 2997 2193 3048 operor
2224 2978 2408 3049 (Joan.
2445 2995 2494 3044 ν,
2535 2975 2654 3048 l7
2705 2977 2859 3032 Sicut
2888 2977 3054 3046 igitur
3085 2976 3244 3031 Pater
3289 2991 3416 3046 ope-

1815 3083 1986 3138 ratur,
2012 3081 2272 3141 0peratur
2298 3081 2352 3125 et
2379 3070 2567 3124 Filius.
2591 3069 2706 3124 Non
2736 3087 2867 3138 ergo
2891 3081 3150 3139 operator
3174 3070 3421 3123 infirmus

125 3171 370 3228 putamus,
397 3162 485 3229 qui
524 3159 730 3212 ltulttenl
763 3166 787 3193 ⁸
831 3161 906 3217 τὶς
954 3155 1277 3232 προσέδωκεν
1329 3151 1506 3230 «itif»;
1553 3152 1704 3206 \‘izles

1825 3177 1909 3222 aut
1962 3167 2081 3221 vilis
2110 3175 2235 3236 est;
2265 3167 2520 3235 quoniam
2563 3177 2820 3234 opt-ratur
2853 3177 2905 3219 et
2956 3164 3118 3220 Pater
3156 3183 3166 3220 :
3203 3174 3258 3218 et
3301 3164 3424 3217 ideo

125 3255 352 3319 quoniam
402 3255 484 3309 cui
541 3252 680 3307 nihil
711 3250 832 3303 addi
869 3263 1042 3319 potest
1074 3292 1085 3314 ,
1127 3267 1230 3302 ttott
1271 3248 1454 3317 dispar
1482 3263 1510 3300 a
1543 3247 1706 3316 pleno

129 3353 217 3398 est.
249 3339 384 3416 Ergo
413 3344 628 3401 siFilio
661 3342 832 3412 magis
857 3344 1116 3396 convenit
1147 3340 1249 3395 hoc
1281 3351 1449 3394 totum
1480 3338 1713 3406 Aposto-

128 3435 267 3490 lieutn
297 3451 474 3507 caput,
517 3435 772 3489 videmus
797 3445 848 3488 et
880 3433 947 3487 de
995 3432 1132 3487 Filio
1165 3449 1286 3487 esse
1331 3431 1664 3486 credendum
1697 3472 1710 3495 ,

129 3531 237 3596 quia
266 3548 327 3585 ex
360 3532 474 3600 ipso
504 3529 712 3591 omnia,
744 3527 887 3581 sicut
916 3526 1179 3596 scriptum
1206 3537 1322 3580 est:
1362 3526 1618 3593 Quoniam
1649 3541 1713 3579 ex

132 3621 245 3689 ipso,
273 3632 314 3676 et
340 3641 427 3692 per
454 3622 654 3692 ipsum,
686 3630 733 3673 et
761 3619 810 3672 in
843 3613 955 3688 ipso
977 3628 1095 3672 sunt
1120 3619 1312 3671 ontnia.

194 3713 306 3769 -1-18.
336 3715 462 3768 Esto
494 3721 679 3767 t-tnteu
714 3713 779 3766 de
826 3711 986 3764 Patre
1015 3709 1218 3764 dictum
1274 3709 1480 3778 pulerit.
1530 3705 1716 3776 itaque

136 3802 522 3861 meminerimus
557 3805 682 3874 qttia
716 3804 855 3857 Sicut
883 3819 945 3857 ex
982 3804 1098 3872 ipso
1144 3801 1377 3870 legimus
1407 3802 1609 3862 omnia,
1648 3797 1718 3851 ita

137 3897 277 3950 etiam
324 3913 420 3967 per
473 3899 651 3967 ipsum
697 3895 917 3947 omnia:
955 3893 1006 3946 in
1065 3887 1475 3947 universitatem
1519 3890 1720 3958 quippe

139 3989 282 4044 totius
329 3983 597 4044 creaturae
646 3977 820 4042 Patris
849 3996 902 4040 et
932 3985 1051 4039 Filii
1084 3988 1356 4057 profertur
1402 3984 1717 4038 auctoritas.

142 4089 208 4140 Ac
233 4088 350 4143 licet
376 4090 632 4158 superius
655 4086 1084 4153 omnipotentem
1115 4073 1307 4134 Filium
1333 4091 1562 4160 paterno
1595 4096 1720 4149 pro-

142 4181 422 4242 baverimus
449 4184 704 4253 exemplo
732 4224 745 4250 ,
782 4191 960 4235 tamen
992 4179 1119 4250 quia
1157 4177 1263 4230 illis
1304 4167 1572 4246 derogare
1602 4183 1720 4228 stu-

145 4276 271 4332 dium
311 4290 414 4346 est,
470 4278 827 4333 Considerent
876 4274 997 4345 quia
1031 4282 1086 4326 et
1138 4269 1284 4324 Patri
1336 4270 1621 4338 derogant.
1666 4266 1725 4322 Si

147 4375 269 4426 enitn
301 4374 544 4427 inlirmtts
581 4370 782 4436 Filius,
815 4369 938 4438 quia
971 4383 1067 4438 per
1112 4359 1282 4435 ipsum
1317 4361 1496 4416 omnia
1520 4405 1534 4427 ,
1571 4378 1726 4415 nutu-

149 4467 258 4534 quid
285 4466 526 4523 intirtnti's
556 4475 611 4522 et
639 4464 820 4529 Pater,
854 4462 978 4532 quia
1004 4473 1056 4514 et
1084 4476 1176 4529 per
1201 4442 1414 4512 Patrem
1449 4449 1673 4510 omnia?

211 4563 322 4618 “9.
351 4563 455 4617 Sed
485 4572 545 4630 ut
589 4567 886 4630 agnoscant
918 4555 1118 4608 nullam
1152 4547 1539 4606 discretionem
1590 4550 1733 4604 inter
1759 4558 1815 4618 1)

153 4652 252 4709 hac
280 4671 419 4721 esse,
449 4649 643 4709 iterum
667 4639 1059 4706 demonstrabo
1085 4644 1328 4715 erstlent
1357 4659 1499 4711 esse,
1527 4659 1593 4696 ex
1623 4657 1733 4710 quo

154 4737 358 4817 a‘ittttid,
385 4760 437 4804 et
458 4766 554 4821 per
583 4735 739 4818 quem
768 4745 971 4816 aliquid
999 4760 1012 4809 ;
1050 4753 1102 4796 et
1135 4741 1418 4796 ostendam
1446 4750 1737 4810 utrumque

155 4840 212 4894 de
254 4840 409 4897 Patre
439 4841 664 4898 lectum.
719 4839 810 4895 Sic
841 4839 982 4893 enim
1036 4835 1328 4889 habemus:
1363 4831 1565 4886 Fidelis
1600 4831 1738 4886 Deus

155 4951 233 5003 per
257 4953 396 5006 quem
421 4937 587 4991 vocati
610 4935 728 4990 estis
749 4936 801 4988 in
825 4931 1237 4987 conmmnionem
1263 4925 1518 5000 Filiiejus
1547 4928 1588 4999 (l
1612 4926 1733 4981 Cor.

222 5101 245 5127 ει
286 5091 519 5146 Deerant
556 5091 758 5147 (it-tecte
786 5104 948 5145 voces
979 5090 1030 5142 in
1063 5087 1288 5142 Amerb.
1340 5090 1393 5139 et
1427 5084 1581 5137 E’ras.
1626 5083 1738 5138 Sed

159 5159 239 5216 hic
254 5164 467 5218 ultionis
491 5166 544 5218 in
567 5166 805 5233 margine
826 5163 965 5217 hanc
981 5159 1236 5227 ascripsit
1255 5157 1696 5233 observationem
1723 5172 1740 5208 :

162 5237 232 5292 τίς
258 5227 845 5310 πραέδωῃενῴτῇ-δὶε
867 5234 1012 5285 habet
1046 5233 1188 5310 locus
1212 5229 1353 5310 apud
1379 5227 1588 5310 Esuiatn
1620 5243 1739 5307 cap.

165 5317 257 5376 XL.
298 5293 344 5358 et
374 5293 493 5358 itefit
533 5293 664 5376 a'pud
718 5304 963 5359 Paulum.
1001 5293 1298 5354 Ambrosius
1351 5311 1519 5376 tanien
1558 5293 1744 5376 legisse

166 5375 350 5452 videtur
375 5367 721 5452 προσέδωκεν,
756 5377 886 5452 sive
918 5377 1264 5452 appositique,
1307 5371 1425 5423 cuni
1450 5369 1588 5452 dicit
1610 5367 1741 5452 ,lcui

168 5447 293 5520 nihil
331 5441 452 5502 addi
483 5441 716 5518 potest;
746 5441 1080 5520 Elieam'dem
1126 5443 1392 5520 lectionem
1443 5441 1747 5493 indicabant

166 5511 548 5587 quatiat-umque
576 5522 780 5592 vestigia
806 5519 1107 5592 ﬂmmeum
1136 5511 1498 5592 alea-iculum":
1521 5529 1546 5585 ξε
1565 5528 1744 5592 (piunt.-

169 5603 312 5652 qnom
350 5579 487 5659 quod
521 5592 659 5644 nobis
698 5579 911 5642 iradidit
952 5589 1104 5641 editio
1136 5579 1348 5646 Aldina,
1384 5581 1472 5634 nec
1499 5579 1748 5659 consentit

169 5672 274 5710 cum
303 5655 370 5713 eo
404 5662 544 5730 quod
591 5663 739 5725 vertit
776 5660 987 5713 Hieron.
1016 5675 1104 5711 nec
1128 5673 1256 5730 runt
1292 5673 1348 5730 eo
1384 5655 1519 5722 quod
1555 5655 1748 5730 editum

170 5738 238 5781 est
267 5723 466 5784 nomine
487 5723 633 5786 LXX
655 5731 854 5784 Latine.
884 5731 996 5784 Noo
1024 5724 1294 5783 absimilia
1314 5727 1529 5794 quoque
1562 5723 1752 5790 legun-

175 5806 254 5854 tur
293 5801 436 5872 apud
490 5800 698 5859 Estium
744 5804 794 5856 in
853 5801 1008 5857 Rom.
1085 5815 1157 5864 tu,
1201 5797 1302 5864 '55,
1349 5794 1440 5850 ubi
1495 5794 1745 5849 additur:

1816 3263 1959 3331 quod
2019 3275 2307 3315 commune
2356 3268 2438 3314 est
2488 3258 2628 3313 Filio
2664 3276 2784 3312 cutn
2838 3259 3015 3322 Patre,
3061 3259 3142 3312 vel
3199 3268 3420 3327 prOpter

1820 3356 2037 3410 Patrem
2082 3353 2338 3410 inferiore
2365 3351 2482 3406 loco
2505 3352 2670 3420 act-ipi
2724 3366 2832 3404 non
2871 3359 3123 3419 oportet;
3180 3368 3246 3405 ne
3281 3351 3424 3405 Patri

1823 3450 2002 3518 potius
2029 3458 2077 3500 in
2107 3447 2246 3501 Filio
2273 3450 2338 3500 ab
2372 3445 2644 3500 ltzeretieis
2675 3445 2986 3514 derogetur.

1899 3539 2022 3594 151.
2051 3539 2160 3594 Nec
2203 3539 2481 3593 mediocre
2523 3537 2687 3602 illttd,
2719 3537 2858 3605 quod
2894 3538 3023 3592 alibi
3071 3538 3237 3593 etiam
3283 3539 3425 3592 idem

1822 3642 2045 3687 sanctus
2093 3631 2334 3685 Joannes
2385 3629 2451 3683 ad
2508 3629 2839 3682 refellendas
2907 3631 3124 3682 Arianae
3191 3627 3428 3696 perﬁdia:

1825 3727 2183 3795 qttmstioncs,
2217 3724 2293 3777 ait
2329 3742 2341 3776 :
2378 3723 2440 3776 Si
2465 3723 2607 3776 scitis
2632 3725 2878 3792 quoniam
2899 3726 3077 3794 justus
3108 3733 3201 3788 est,
3250 3726 3430 3776 scitote

1825 3821 2069 3890 quoniam
2103 3829 2124 3856 ε
2152 3818 2237 3886 qui
2261 3818 2387 3888 facit
2400 3817 2684 3888 justitiam,
2713 3833 2773 3869 ea
2820 3817 2929 3886 ipso
2963 3827 3116 3868 nutus
3143 3825 3212 3869 est
3246 3814 3426 3887 (Joan.

1830 3930 1890 3979 ll,
1921 3909 2048 3980 29).
2080 3910 2268 3965 Justus
2295 3921 2480 3964 autem
2517 3909 2635 3976 quis
2676 3907 2778 3961 nisi
2806 3907 3098 3973 Dominus,
3141 3909 3229 3978 qui
3273 3909 3431 3979 justi-

1833 4009 1932 4062 tias
1958 4005 2147 4060 dilexit
2185 4003 2358 4074 (Psal.
2391 4019 2446 4066 x,
2476 4002 2542 4071 8')
2566 4003 2589 4055 ’ἔ
2612 4001 2718 4056 Aut
2746 4017 2930 4070 quem,
2965 4002 3107 4056 sicut
3143 4006 3431 4071 superiora

1832 4101 2098 4167 indicant,
2136 4097 2592 4168 repromissorem
2638 4097 2762 4150 vitae
2796 4095 3060 4149 habemus
3092 4105 3341 4160 aeternio,
3392 4098 3438 4150 si

1835 4194 2032 4250 Filium
2088 4207 2194 4246 non
2251 4189 2551 4245 habemus?
2583 4188 2639 4244 Si
2687 4189 2848 4256 igitur
2905 4186 3075 4241 Filius
3127 4186 3220 4240 Dei
3274 4186 3434 4240 vitam

1836 4289 1996 4342 nobis
2027 4286 2274 4356 promisit
2303 4293 2588 4350 mternam,
2616 4292 2671 4338 et
2718 4281 2834 4349 ipse
2877 4281 3054 4350 justus
3086 4292 3187 4345 est,
3225 4296 3288 4335 ex
3322 4280 3440 4348 ipso

1840 4383 2028 4451 utique
2059 4380 2167 4434 nati
2199 4394 2411 4434 sumus.
2457 4379 2564 4431 Aut
2592 4376 2634 4430 si
2682 4391 2748 4430 ex
2780 4373 2916 4428 Filio
2961 4391 3061 4429 nos
3094 4390 3188 4445 per
3213 4375 3440 4444 gratiam

1842 4486 2001 4528 natos
2029 4481 2250 4542 negant,
2281 4487 2380 4525 nec
2402 4472 2606 4540 justum
2630 4467 2828 4522 Filium
2857 4468 3206 4523 eonlitentur.

1917 4569 2041 4623 155.
2077 4565 2282 4621 Credas
2314 4565 2480 4634 igitur
2502 4577 2725 4618 necesse
2763 4574 2843 4617 est
2877 4563 3036 4616 etiam
3082 4578 3144 4616 ex
3190 4560 3280 4614 Dei
3309 4559 3447 4614 Filio

1843 4661 2024 4718 omnia
2051 4678 2062 4721 ;
2099 4660 2224 4729 quia
2254 4660 2494 4711 omnium
2525 4657 2664 4710 sicut
2700 4656 2840 4710 Deos
2873 4655 3054 4721 Pater,
3091 4655 3160 4706 ita
3194 4665 3249 4707 et
3277 4653 3448 4707 Filius

1843 4770 1898 4814 et
1923 4767 2110 4811 auctor
2141 4765 2224 4809 est
2252 4762 2308 4807 et
2337 4760 2571 4806 creator.
2591 4750 2848 4806 Videmus
2878 4766 3008 4819 ergo
3056 4749 3271 4802 inanetn
3324 4745 3446 4802 esse

1843 4851 1984 4905 hanc
2015 4865 2120 4918 qua
2139 4847 2396 4910 stionem,
2420 4861 2542 4899 cum
2584 4851 2638 4898 et
2682 4844 2748 4898 de
2780 4843 2920 4898 Filio
2961 4843 3108 4897 credi
3133 4843 3446 4907 conveniat,

1847 4941 2104 5014 quooiam
2135 4955 2199 4992 ea:
2228 4940 2363 5008 ipso,
2397 4947 2441 4990 et
2463 4954 2552 5006 per
2581 4936 2750 5007 ipsum
2773 4976 2788 4998 ,
2813 4947 2859 4989 et
2886 4937 2935 4989 in
2962 4937 3074 5007 ipso
3101 4945 3220 4990 sunt
3252 4937 3444 4990 omnia.

1851 5078 2236 5152 Gertnaitiorem
2265 5075 2532 5152 lectionem
2559 5071 2678 5152 esse
2697 5073 3003 5152 wpoédoixsv,
3039 5077 3177 5142 quod
3199 5077 3243 5128 ei
3287 5078 3448 5148 magis

1851 5151 2084 5223 apposite
2102 5146 2419 5223 respondeat
2431 5151 2634 5200 verbum
2657 5146 3450 5223 ᾆνίέᾳποδοθήσεται.-(Σέἱξί(Ὶί1ηι

1853 5217 1975 5291 qua:
2005 5222 2108 5274 hoc
2135 5219 2186 5272 in
2225 5234 2343 5287 cap.
2369 5219 2610 5287 diSptttat
2640 5217 2898 5291 Ambros.
2924 5235 3092 5286 super
3137 5219 3453 5277 discrimine

1859 5289 2299 5362 pra'positiontnn
2329 5307 2390 5344 ea:
2419 5299 2470 5343 et
2497 5307 2607 5362 per,
2634 5291 2824 5344 iterum
2866 5289 3057 5354 fusius
3080 5292 3456 5361 disceptantur

1857 5361 1951 5418 lib.
1984 5379 2022 5416 tt
2047 5363 2113 5416 de
2152 5361 2354 5430 Spiritu
2394 5362 2477 5426 S.,
2515 5361 2605 5414 tibi
2635 5362 2771 5415 hanc
2808 5363 2978 5429 ipsam
3017 5364 3453 5431 argumentatio-

1860 5451 1983 5489 nem
2012 5451 2084 5496 ex
2105 5434 2306 5487 Basilio
2335 5433 2682 5500 desumplam
2711 5449 2830 5487 esse
2857 5433 3230 5488 ostendemus.

1933 5506 1958 5543 ι)
1995 5506 2155 5576 Pauci
2189 5517 2342 5569 ms‘s.,
2381 5505 2460 5556 An
2485 5504 2603 5576 quia
2631 5509 2928 5576 operatus,
3043 5552 3048 5557 .
3283 5554 3292 5568 ,

1937 5589 1958 5614 ο
2154 5576 2385 5653 aliquot,
2415 5573 3080 5653 qaijustiﬁcatjustitiani.
3109 5617 3119 5628 .
3151 5617 3198 5653 ..
3239 5591 3327 5653 aut
3369 5599 3460 5653 per

1861 5665 2016 5732 quain
2056 5650 2333 5732 sicut'sitp.
2369 5647 2599 5712 indicant
2622 5687 2637 5711 ,
2671 5647 3116 5717 repromissionth
3149 5652 3264 5706 vita:
3304 5647 3461 5712 habe-

1861 5717 2012 5771 ritus?
2068 5719 2158 5772 Sir
2186 5717 2360 5788 igitur,
2386 5727 2488 5772 etc.
