3932 6176
105 227 195 281 διο
1426 218 1512 271 DE
1557 216 1714 272 FIDE

1757 218 1880 272 LIB.
1931 219 1990 272 ν.
3137 228 3161 239 ”
3257 234 3360 287 630

101 344 188 398 nisi
215 340 477 395 humilitas
511 338 918 404 incarnationis,
949 345 1005 391 et
1032 333 1333 391 l'ecunditas
1358 335 1663 402 passionis?
1694 339 1745 397 Α
1770 335 1966 390 videtis
2006 335 2301 390 secundum
2352 339 2495 407 quod
2544 352 2943 396 hatrttlllcnlttm
2991 346 3359 414 Dotninussit,

99 435 158 490 Et
183 443 301 505 puto
326 433 644 502 botryonetn
680 430 800 485 idco
839 429 1044 484 dietum
1071 471 1084 492 ,
1117 427 1243 498 quia
1285 442 1353 480 ex
1385 427 1540 480 \‘inca
1574 426 1663 481 illa

100 526 331 581 translata
355 539 419 579 ex
445 521 699 594 Egypto,
730 521 832 576 hoc
862 532 976 587 est,
1004 537 1069 576 ex
1103 518 1306 574 familia
1325 518 1664 584 Judzeorutn,

102 629 121 654 ⁸
150 616 282 672 utilis
320 615 522 670 mundo
555 614 762 670 fructus
801 615 1024 670 emicuit
1057 613 1249 686 (Psal.
1302 629 1460 666 Lxxtx
1488 652 1502 677 ,
1553 611 1651 681 9).

97 709 244 766 Nemo
270 720 415 764 certe
441 708 765 780 botryonem
807 716 987 778 potest
1023 707 1089 762 ad
1121 707 1530 777 generationem
1562 720 1664 762 re-

99 804 222 860 ferre
248 802 516 858 divinam:
558 811 650 858 aut
693 803 782 873 qui
814 801 1017 868 relert,
1048 800 1194 856 aliud
1229 801 1359 855 nihil
1383 801 1664 870 relinquit,

99 897 186 953 nisi
226 906 279 952 ut
309 897 629 968 botryonem
679 895 829 951 illum
881 902 1068 950 natum
1100 909 1170 949 ex
1203 894 1315 949 vite
1354 893 1663 949 credamus.

97 992 261 1060 Itaque
287 991 506 1047 ascribit
536 989 802 1061 insipiens
835 989 1013 1054 Patri,
1057 988 1200 1060 quod
1231 987 1584 1058 reprehendit
1613 988 1664 1042 in

99 1083 240 1138 Filio.
1357 1136 1360 1138 ν
1419 1071 1426 1077 ’

159 1176 267 1230 168.
300 1175 495 1231 Verum
527 1176 572 1230 si
594 1175 705 1245 jam
744 1173 981 1231 dubitari
1025 1190 1132 1228 non
1164 1182 1344 1244 potest
1367 1172 1510 1244 quod
1544 1172 1670 1226 vitis

97 1266 358 1323 secundum
406 1267 840 1323 incarnationem
891 1267 984 1322 Dei
1017 1265 1190 1321 Filius
1214 1264 1527 1320 nominatus
1559 1265 1626 1320 sit
1651 1308 1665 1328 ,

1769 426 1984 483 locutus
2030 447 2040 480 :
2095 428 2356 496 Quoniam
2400 430 2559 487 Pater
2595 437 2763 506 major
2800 452 2878 490 me
2909 448 2982 490 cst
3026 437 3201 507 (Joan.
3247 457 3360 505 xw,

1767 522 1837 577 28
1866 523 1906 589 ).
1936 521 2070 576 Nam
2100 538 2220 577 cum
2251 523 2353 578 hoc
2382 525 2431 578 in
2456 527 2830 596 superioribus
2858 527 3079 596 dixerit,
3110 534 3367 590 continuo

1766 617 2032 686 subjecit:
2066 615 2180 688 Ego
2213 623 2326 672 sum
2357 618 2474 672 vitis
2511 636 2652 686 vera,
2691 632 2738 676 et
2785 619 2940 676 Pater
2967 640 3106 677 meus
3133 628 3365 695 agricola

1770 720 1845 764 est
1875 708 2057 782 (Joan.
2091 726 2182 774 xv,
2207 709 2231 764 1
2253 709 2292 780 );
2324 719 2382 765 ut
2409 726 2732 782 agnosceres
2758 715 3054 771 secundum
3081 718 3130 772 id
3150 719 3362 774 Patrem

1769 816 1891 857 esse
1922 801 2182 872 majorem
2214 819 2227 866 ;
2259 803 2383 872 quia
2421 803 2561 858 sicut
2584 805 2818 875 agricola
2850 807 3069 874 vitium,
3099 810 3169 864 ita
3200 812 3363 868 Pater

1771 893 2066 948 Dominicae
2107 894 2290 948 carnis
2339 903 2424 950 est
2461 896 2674 951 cultor:
2719 914 2839 969 quae
2868 909 2925 955 et
2965 903 3152 972 augeri
3194 907 3368 974 potuit

1768 1001 1865 1056 per
1886 994 2139 1053 mtatem,
2180 996 2236 1042 ct
2277 1003 2371 1058 per
2402 989 2707 1058 passionem
2753 993 2952 1058 recidi;
2995 1004 3053 1048 ut
3080 1011 3240 1052 omne
3273 998 3370 1054 htt-

1771 1095 1987 1134 tnanum
2007 1095 2178 1149 genus
2199 1080 2268 1134 ab
2294 1091 2427 1135 (BSlU
2445 1084 2786 1139 saecularium
2819 1089 2978 1140 noxio
3006 1089 3363 1160 voluptatum,

1770 1171 1980 1226 dill'usze
2010 1171 2338 1228 salutaribus
2370 1173 2606 1230 brachiis
2636 1179 2816 1233 crucis
2847 1180 3035 1234 umbra
3065 1183 3288 1239 velaret.

154 1395 172 1419 η
196 1384 437 1441 Nonnulli
486 1400 622 1441 mss.
642 1427 659 1452 ,
688 1385 830 1439 utilis
870 1383 1022 1440 tnodo
1046 1387 1258 1455 fructus
1282 1425 1296 1450 ,
1334 1382 1478 1437 haud
1511 1381 1654 1436 malo
1675 1394 1858 1437 sensu.

2150 1517 2600 1531 “*-

1221 1627 1565 1709 LIBER
1625 1625 2200 1736 QUINTUS.

477 1931 643 2004 εει
684 1928 1072 1986 PROLOGUS.

93 2068 308 2133 Quisnam
336 2069 508 2137 ﬁdelis
539 2079 588 2123 et
613 2069 838 2140 prudens
863 2066 1080 2121 servus?
1108 2063 1240 2134 Eius
1264 2079 1455 2119 merces
1474 2065 1525 2117 in
1559 2062 1656 2117 Pe—

147 2174 217 2216 tro
236 2163 509 2228 indicatur,
551 2163 672 2216 item
689 2162 844 2216 etiam
873 2160 926 2213 in
956 2157 1152 2224 Paulo,
1182 2159 1330 2228 cujus
1359 2156 1658 2210 auctoritati

145 2272 306 2324 parere
326 2255 634 2310 Ambrosius
664 2253 876 2320 cupiens
895 2251 1032 2304 hunc
1059 2249 1247 2304 librant
1260 2248 1379 2302 aliis
1393 2247 1655 2320 adjectum

145 2349 316 2414 voluit,
359 2349 447 2415 qui
476 2363 588 2404 non
615 2345 836 2416 potuerit
878 2345 933 2397 in
955 2343 1226 2413 superiore
1271 2338 1653 2409 comprehendi.

147 2439 266 2507 Quid
291 2441 342 2493 in
362 2440 456 2502 hoc
487 2439 852 2506 disputaturus
881 2436 968 2499 sit,
995 2449 1157 2503 quove
1186 2433 1405 2486 consilio
1425 2431 1449 2484 ?
1467 2428 1656 2484 Deberi

147 2533 229 2586 sibi
251 2535 443 2588 veniam
462 2574 478 2600 ,
511 2547 638 2587 cum
661 2531 725 2583 ab
746 2529 981 2583 omnibus
1007 2527 1262 2582 ministris
1289 2524 1564 2596 qurerenda
1589 2525 1656 2577 sit

146 2610 330 2679 credin
347 2625 448 2679 sibi
471 2622 710 2692 pecunia:
739 2637 916 2676 usura.
937 2618 1087 2673 Hanc
1112 2618 1208 2672 sibi
1235 2631 1450 2671 usuram
1473 2614 1654 2684 ﬁdeles

147 2717 480 2770 esse:beatum
503 2723 684 2768 autem
705 2717 839 2783 fore,
852 2713 895 2766 si
927 2710 1212 2765 mercedem
1242 2723 1450 2780 sperare
1467 2707 1562 2760 sibi
1584 2706 1652 2760 li-

144 2824 266 2880 ceat;
294 2831 346 2870 se
365 2824 538 2870 tamen
574 2819 873 2866 sanctorum
904 2808 1119 2880 prcemia
1149 2823 1253 2861 non
1299 2816 1402 2859 tam
1435 2813 1615 2876 aptare
1637 2845 1651 2869 ,

146 2924 280 2977 quam
308 2922 581 2978 plenarum
616 2903 1032 2964 immunitatem,
1059 2900 1127 2954 ad
1158 2915 1314 2968 quant
1355 2895 1654 2951 merendam

146 3013 301 3053 omnes
325 2998 592 3052 hortatur.

146 3133 187 3185 I.
224 3131 465 3198 Quisnam
491 3140 569 3187 est
605 3128 776 3200 ﬁdelis
807 3141 985 3181 servus
1014 3135 1062 3180 et
1083 3124 1332 3197 prudens,
1360 3139 1510 3194 quem
1530 3139 1653 3177 con-

89 3225 225 3280 stituit
253 3225 501 3282 Dominus
535 3240 695 3296 super
725 3221 979 3294 familiam
1005 3237 1151 3275 suam
1179 3261 1194 3286 ,
1220 3229 1274 3274 ut
1321 3219 1404 3272 det
1446 3218 1552 3272 illis
1597 3218 1651 3271 in

89 3328 280 3388 tempore
298 3321 466 3374 cibum
483 3319 510 3373 γ
537 3317 738 3373 Beatus
768 3314 858 3369 ille
883 3329 1088 3378 servus,
1117 3327 1267 3382 quem
1312 3311 1517 3365 veniens
1545 3307 1654 3363 Do-
1678 3297 1724 3360 C

89 3411 229 3465 minus
251 3414 354 3478 eius
370 3415 628 3468 invenerit
649 3410 723 3464 sic
743 3410 1012 3478 facientem
1032 3406 1246 3480 (Matth.
1269 3405 1516 3470 xxvaS,
1534 3403 1650 3475 46),

90 3501 182 3558 Non
210 3506 324 3562 vilis
349 3506 438 3562 hic
463 3518 666 3561 servus
688 3511 795 3570 est,
819 3516 1050 3572 magnus
1077 3501 1276 3573 aliquis
1305 3515 1430 3556 esse
1454 3498 1647 3554 debet:

89 3596 188 3663 quis
211 3598 277 3653 sit
295 3598 394 3654 iste
421 3596 860 3654 consideremus.

143 3690 190 3742 2.
240 3689 330 3746 Est
366 3692 562 3746 Petrus
593 3687 762 3758 ipsius
808 3684 1022 3740 Domini
1057 3683 1121 3736 ad
1158 3680 1493 3752 pascendum
1526 3693 1650 3750 gre-

89 3794 186 3848 gem
214 3779 658 3853 electusjudicio,
684 3780 774 3850 qui
806 3775 967 3833 tertio
995 3785 1234 3830 meretur
1275 3772 1466 3827 audire
1496 3789 1508 3824 :
1551 3769 1654 3822 Pa-

92 3888 156 3925 are
173 3875 421 3945 agniculos
446 3891 589 3948 meos
607 3916 621 3939 ,
652 3888 804 3944 pasce
843 3886 1005 3943 agnos
1033 3885 1172 3924 meos
1192 3908 1209 3936 ,
1241 3883 1395 3939 pasce
1424 3864 1653 3921 oviculas

93 3981 203 4022 utens
226 3967 396 4039 (Joan.
429 3985 545 4034 xxi,
581 3967 650 4022 15
691 3976 740 4022 et
769 3963 924 4035 seq.).
960 3963 1147 4032 Itaque
1193 3961 1465 4031 pascendo
1513 3960 1652 4015 bene

92 4059 191 4113 cibo
212 4061 322 4117 ﬁdei
353 4077 577 4133 gregem
601 4058 822 4125 Christi,
847 4057 1061 4127 culpam
1095 4056 1279 4126 lapsus
1301 4053 1495 4124 prioris
1522 4053 1653 4109 abo-

93 4149 216 4206 levit.
245 4153 306 4208 Et
337 4153 458 4209 ideo
509 4153 673 4208 tertio
719 4151 1045 4206 admonetur
1099 4157 1159 4202 ut
1213 4155 1433 4217 pascat,
1492 4146 1652 4202 tertio

93 4250 246 4298 utrum
289 4245 578 4300 Dominum
637 4243 870 4314 diligat,
927 4242 1330 4309 interrogatur;
1386 4247 1444 4293 ut
1490 4255 1650 4309 quem

94 4334 227 4388 tertio
253 4345 374 4391 ante
389 4351 609 4392 crucem
631 4342 943 4405 negaverat,
970 4331 1132 4387 tertio
1151 4330 1414 4386 fateretur
1431 4329 1648 4402 (Matth.

95 4440 221 4492 xm,
251 4429 316 4484 70
341 4439 386 4484 et
414 4430 576 4501 seq.).

153 4516 201 4570 ὅ.
228 4518 415 4576 Beatus
441 4531 496 4575 et
522 4519 613 4575 ille
637 4533 862 4582 servus,
917 4517 1006 4589 qui
1057 4525 1239 4587 potest
1274 4515 1486 4571 dicere:
1547 4514 1652 4569 Lac

97 4621 166 4663 vos
192 4617 378 4680 potavi,
407 4631 512 4668 non
538 4629 739 4678 escam;
764 4610 994 4666 nondum
1014 4609 1149 4664 enim
1186 4609 1467 4682 poteratis(
1483 4607 1502 4661 I
1529 4606 1647 4661 Cor.

1684 1908 1731 1967 B
1757 1915 1871 1962 net.
1913 1907 2076 1965 Jubet
2130 1923 2396 1981 praeterea
2424 1917 2618 1972 stultas
2647 1925 2980 1990 quaestiones
3029 1937 3084 1982 et
3129 1939 3361 1988 conten—

1759 1999 1940 2055 tiones
1969 2016 2094 2057 esse
2122 2004 2374 2060 vitandas
2401 2005 2589 2074 (Ibid,
2625 2011 2702 2080 9).

1829 2089 1883 2145 5.
1918 2091 2062 2160 Quid
2094 2094 2258 2164 igitur
2287 2111 2387 2151 nos
2411 2113 2637 2168 agemus
2659 2143 2674 2168 ,
2710 2105 2852 2159 inter
2901 2111 3097 2165 messis
3121 2115 3362 2184 antiqua:

1756 2197 1892 2236 nova
1919 2185 2123 2238 zizania
2156 2187 2533 2256 imprudentes
2563 2194 2766 2249 accola:
2796 2199 3137 2256 constituti?
3180 2207 3237 2259 Si
3288 2217 3365 2259 ta-

1754 2290 1998 2341 ceamus,
2023 2280 2220 2334 cedere
2251 2281 2593 2337 videbimur:
2625 2287 2670 2340 si
2700 2291 3098 2348 contendamus
3118 2338 3132 2360 ,
3165 2313 3360 2353 veren-

1757 2365 1884 2420 dum
1898 2376 2064 2423 estne
2085 2385 2184 2425 nos
2198 2374 2736 2442 quoquejudiccmur
2753 2395 2874 2433 esse
2901 2397 2959 2437 ca
2971 2385 3174 2441 rnales.
3203 2389 3322 2444 Scri
3336 2420 3352 2429 -

1759 2466 1908 2527 ptum
1943 2473 2028 2514 est
2052 2462 2199 2517 enim
2231 2463 2301 2519 de
2326 2463 2635 2535 hujusmodi
2667 2474 3082 2544 qumstionibus,
3115 2496 3237 2548 quae
3265 2499 3355 2550 ge-

1758 2563 1953 2608 nerant
1983 2555 2138 2610 lites:
2169 2557 2385 2613 Servum
2404 2569 2583 2616 autent
2621 2563 2829 2619 Domini
2857 2584 2958 2621 non
3000 2583 3198 2639 oportet
3247 2575 3356 2628 liti-

1755 2663 1898 2718 gare,
1923 2650 2012 2702 sed
2032 2660 2362 2705 mansuetum
2386 2669 2497 2708 esse
2524 2653 2593 2707 ad
2615 2671 2810 2724 omnes,
2845 2659 3133 2728 docibilem,
3159 2667 3357 2735 patien-

1756 2749 1875 2804 tem.
1903 2750 1930 2780 κ
1960 2759 2076 2797 cum
2102 2744 2355 2799 modestia
2377 2746 2641 2802 docentem
2662 2766 2745 2805 eos
2759 2752 2846 2820 qui
2861 2753 3104 2808 resistunt
3123 2755 3189 2823 (II
3212 2757 3352 2815 Tim.

1755 2851 1814 2901 tt,
1833 2837 1926 2903 25,
1957 2837 2083 2909 24):
2113 2848 2167 2894 et
2185 2839 2316 2895 alibi
2342 2859 2355 2896 :
2382 2840 2442 2896 Si
2463 2844 2577 2910 quis
2605 2847 3060 2916 contentiosusest,
3090 2867 3181 2906 nos
3204 2854 3356 2908 talem

1754 2934 2173 2989 consuetudinem
2203 2953 2306 2991 non
2329 2939 2592 3003 habemus,
2610 2959 2774 3014 neque
2797 2943 3031 3002 Ecclesia
3051 2947 3148 3003 Dei
3164 2950 3212 3022 (I
3233 2927 3354 3006 Cor.

1755 3041 1833 3090 χι,
1861 3024 1970 3098 16).
2008 3026 2192 3098 quue
2233 3029 2477 3088 scribere
2521 3034 2728 3103 aliquid
2761 3035 2787 3074 ι)
2817 3043 3103 3095 sententia:
3129 3042 3266 3110 luit,
3302 3055 3362 3099 ut

1754 3119 1874 3175 sine
1903 3122 2138 3192 strepitu
2191 3123 2372 3195 aliquo
2427 3125 2698 3193 impietati
2741 3131 3124 3189 lucreticorum
3170 3147 3353 3192 nostra

1756 3227 1854 3282 pro
1884 3213 2042 3268 nobis
2071 3215 2272 3286 scripta
2304 3218 2692 3286 respondeant.

1829 3304 1882 3359 6.
1917 3305 2077 3378 552
2107 3307 2362 3372 Quintum
2393 3309 2594 3380 itaque,
2620 3309 2924 3382 Imperator
2939 3327 3189 3389 auguste,
3209 3321 3352 3377 hunc

1757 3394 1955 3451 librum
1998 3413 2252 3468 paramus
2279 3400 2492 3455 ordiri:
2543 3418 2709 3468 nam,
2759 3416 2813 3460 et
2859 3420 3110 3476 quartum
3153 3412 3350 3470 librum

1755 3488 1997 3554 oportuit
2028 3489 2080 3542 in
2112 3489 2202 3544 illa
2233 3490 2361 3545 vitis
2389 3490 2758 3561 disputatione
2814 3498 2952 3553 liniri
2981 3517 2994 3564 ;
3028 3518 3094 3556 ne
3122 3517 3344 3559 coacer-

1755 3570 1912 3634 vasse
1932 3581 2576 3651 magislibrttmeumdem
2600 3586 2832 3653 quodam
2866 3589 3176 3647 videremur
3204 3612 3353 3664 qua:-

1753 3675 1990 3729 stionum
2025 3675 2281 3741 tumultu,
2309 3691 2469 3744 quam
2498 3675 2675 3731 fructu
2704 3679 2965 3748 spiritalis
2987 3683 3159 3740 vinea:
3174 3689 3350 3757 reple-

1753 3765 1936 3822 visse:
1969 3782 2068 3821 nec
2098 3767 2591 3823 inconsummatum
2641 3769 2764 3825 ﬁdei
2810 3773 3151 3830 vindemiam.
3184 3784 3349 3839 tantis

1753 3860 1930 3915 adhuc
1977 3860 2442 3930 superﬂuentibus
2473 3863 2931 3932 diSputationibus
2959 3869 3140 3929 decuit
3187 3875 3345 3935 dere-

1752 3953 1944 4024 linqui.

1827 4045 1880 4098 7.
1909 4044 2151 4113 cQuinto
2170 4045 2331 4116 igitur
2354 4045 2496 4102 libro
2519 4048 2774 4106 (IePatris
2804 4069 2867 4109 ac
2891 4053 3014 4110 Filii
3045 4069 3096 4112 et
3117 4059 3349 4130 Spiritus

1755 4138 1928 4193 sancti
1959 4137 2309 4207 inseparabili
2349 4138 2633 4196 divinitate
2665 4142 2983 4216 digerimus,
3013 4163 3349 4220 sequestrata

1755 4229 1971 4285 interim
2013 4227 2040 4266 ἀ
2083 4230 2328 4301 pleniore
2367 4232 2741 4305 disputatione
2776 4237 2843 4295 de
2885 4240 3090 4312 Spiritu
3134 4258 3344 4317 sancto,

1755 4323 2036 4392 provocati
2075 4324 2386 4395 magisterio
2439 4326 2780 4399 Evangelicae
2827 4331 3078 4390 lectionis
3131 4337 3346 4409 (Matth.

1755 4431 1884 4484 xxv,
1924 4416 2049 4489 15);
2084 4426 2142 4472 ut
2189 4417 2396 4473 credita
2447 4421 2606 4476 nobis
2650 4423 2890 4494 quinque
2939 4427 3062 4484 lidei
3110 4432 3339 4499 talenta,

1753 4510 1903 4578 quasi
1925 4508 2155 4578 quadam
2190 4509 2382 4565 horum
2414 4511 2655 4582 quinque
2681 4525 2828 4572 sorte
2855 4517 3138 4588 librorum,
3187 4533 3209 4558 ο
3253 4524 3351 4578 hu-

1755 4604 1929 4659 manis
1983 4602 2292 4661 feneremus
2341 4605 2662 4673 aﬂ'ectibus;
2711 4623 2780 4664 ne
2823 4612 2956 4667 forte
2982 4628 3106 4668 cum
3139 4618 3350 4673 venerit

99 4714 160 4763 Ill.
204 4704 234 4756 2
262 4706 307 4774 );
355 4708 502 4763 novit
553 4707 696 4763 enim
748 4720 884 4775 quos
937 4703 1390 4774 quemadmodum
1445 4710 1650 4772 pascat.
1679 4679 2019 4756 DDominus
2046 4741 2060 4765 ,
2104 4707 2162 4754 et
2192 4700 2462 4754 invenerit
2492 4701 2544 4754 in
2578 4710 2720 4756 terra
2766 4703 3140 4764 absconditam
3192 4727 3355 4780 pecu-

95 4790 204 4858 Quis
226 4808 462 4854 nostrum
488 4799 591 4854 hoc
613 4799 794 4854 facere
819 4796 1034 4866 potest?
1054 4796 1186 4865 Quis
1213 4805 1454 4850 nostrum
1474 4803 1656 4866 potest

95 4895 200 4940 vere
221 4885 423 4944 dicere:
459 4888 654 4944 Factus
676 4905 793 4942 sum
822 4888 1044 4957 inﬁrmis
1064 4887 1326 4956 infirmus,
1346 4899 1398 4940 ut
1423 4886 1657 4956 inﬁrmos

96 4972 373 5047 lucriﬁciam
404 4982 422 5052 (
448 4981 468 5035 l
495 4980 614 5035 Cor.
643 4998 721 5048 ιχ,
747 4979 880 5051 22)?

145 5067 187 5120 l.
219 5069 281 5124 Et
306 5081 489 5126 tamen
509 5073 598 5129 ille
627 5081 809 5128 tantus
837 5071 905 5127 ad
934 5087 1120 5127 curam
1171 5071 1354 5142 gregis
1385 5071 1592 5126 electus
1627 5087 1656 5124 a

95 5155 302 5228 Christo,
332 5164 420 5234 qui
443 5175 658 5221 sanaret
689 5165 957 5230 inlirmos,
981 5174 1199 5219 curaret
1231 5163 1520 5228 invalidos,
1541 5162 1654 5218 hie-

91 5249 288 5306 reticum
316 5268 344 5307 a
372 5258 673 5310 commisso
714 5254 818 5310 sibi
846 5255 1174 5310 ovilistatim
1206 5263 1330 5324 post
1352 5268 1514 5308 unam
1543 5269 1664 5308 cor-

89 5342 358 5410 reptionem
387 5350 613 5416 repellit
647 5347 778 5417 (Tit.
810 5364 890 5414 III,
950 5347 1074 5417 10);
1125 5362 1193 5402 ne
1224 5347 1382 5402 unius
1414 5347 1664 5402 erraticas

90 5434 186 5488 ovis
208 5437 410 5495 scabies
449 5441 698 5513 serpenti
732 5441 916 5496 ulcere
941 5448 1110 5496 totum
1138 5455 1358 5512 gregem
1397 5439 1664 5496 contami-

149 5579 168 5648 ξ’
206 5571 352 5648 ξξοιη.
379 5576 515 5648 edit.
551 5580 690 5641 sola,
725 5593 838 5632 cum
862 5579 1115 5632 modestia
1143 5577 1524 5648 corripientem.

151 5638 174 5675 δ
211 5642 328 5719 ᾡς.
357 5647 594 5718 aliqum,
619 5638 884 5704 sententia:
907 5650 1000 5704 Dei
1025 5650 1146 5719 fuit.

164 5720 182 5748 ο
220 5713 424 5774 Omnes
451 5713 589 5774 edit.
621 5735 684 5774 ac
709 5734 840 5774 mss.
866 5713 1137 5788 nonnulli,
1172 5719 1408 5791 Quinque
1429 5719 1590 5789 igitur
1619 5717 1683 5771 li-

527 5813 800 5876 Ρηιιοι.
847 5813 1016 5875 XVI.

1757 4790 1904 4845 niam
1935 4806 2115 4855 suam,
2148 4790 2292 4845 dicat
2322 4791 2453 4844 mihi
2484 4811 2497 4843 :
2529 4792 2690 4847 Serve
2719 4797 2854 4850 male
2876 4807 2920 4851 et
2949 4800 3129 4870 piger,
3159 4804 3351 4858 sciellas

1752 4883 1876 4951 quia
1905 4890 2038 4934 meto
2065 4880 2150 4933 ubi
2184 4896 2284 4934 non
2325 4883 2552 4946 semino,
2586 4893 2632 4937 et
2660 4901 2913 4959 congrego
2954 4890 3039 4944 ubi
3075 4909 3177 4946 non
3203 4912 3353 4966 spar—

1755 4975 1840 5028 si:
1887 4973 2112 5044 oportuit
2139 4988 2259 5042 ergo
2291 4982 2339 5026 te
2365 4975 2680 5030 committere
2711 4983 2980 5048 pecuniam
3010 5000 3174 5039 meam
3200 5004 3350 5042 num-

1760 5067 1998 5121 mulariis
2024 5083 2042 5132 ;
2072 5077 2130 5120 ut
2175 5067 2378 5121 veniens
2424 5085 2518 5140 ego
2557 5072 2862 5141 recepissem
2887 5078 3025 5146 quod
3064 5096 3230 5135 meum
3277 5095 3354 5138 est

1762 5160 1953 5231 (lbid.,
1976 5160 2078 5225 26,
2108 5158 2234 5230 27):
2268 5170 2363 5215 ant
2389 5163 2844 5226 quemadmodum
2871 5167 2925 5222 in
2944 5171 3053 5226 alio
3075 5171 3214 5229 libro
3242 5186 3357 5233 est:

1763 5253 1831 5308 Et
1872 5270 1988 5324 ego,
2024 5253 2228 5323 inquit,
2258 5254 2466 5309 veniens
2504 5271 2622 5310 cum
2655 5257 2830 5312 usuris
2858 5261 3034 5330 utique
3079 5268 3362 5336 exegissem

1764 5347 1910 5401 illaut
1942 5344 2098 5419 (Luc.
2135 5361 2248 5414 ιιι,
2273 5346 2393 5418 23).

1839 5439 1892 5493 8.
1926 5437 2058 5493 Date
2087 5454 2218 5508 ergo
2243 5441 2478 5508 veniam,
2509 5441 2552 5496 si
2584 5457 2720 5511 quos
2748 5443 3064 5511 prolixioris
3108 5449 3362 5522 hujusce-

1773 5575 1891 5646 bros
1908 5574 2148 5646 {melius
2171 5577 2366 5646 reliqui
2389 5592 2518 5631 mss.
2551 5585 2608 5631 ut
2628 5577 2679 5632 in
2703 5589 2983 5636 contextu.

1845 5643 1869 5681 ἀ
1909 5644 2026 5721 Non
2061 5648 2216 5721 pauci
2250 5643 2381 5721 mss.
2416 5646 2650 5721 planiore
2673 5648 3035 5721 disputatione.

1869 5726 1891 5753 ο
1928 5716 2057 5773 Mss.
2083 5717 2308 5788 aliquot,
2333 5716 2544 5772 humani
2573 5716 2857 5791 feneremus
2888 5722 3121 5790 allectus.

2890 5816 2965 5880 21
