3932 6176
519 265 627 322 655

1818 241 2065 300 SANCTI
2103 237 2429 296 AMBROSII

3719 224 3811 280 656

513 385 662 439 Deus
693 394 851 435 verus
881 385 988 441 est,
1018 383 1329 443 quaeramus
1351 382 1458 438 qua
1492 365 1736 428 ratione,
1787 377 1908 415 cum
1939 358 2111 413 solum
2142 358 2194 418 Α
2291 355 2382 410 55.
2413 349 2520 409 Sed
2551 351 2741 406 dicunt
2769 349 2944 404 solum
2976 346 3081 402 diei
3130 361 3290 416 posse
3327 343 3502 398 solem
3533 359 3548 406 ;
3578 340 3698 412 quia
3737 340 3802 394 sol

516 491 706 533 verum
739 474 902 527 Deum
937 469 1152 523 Patrem
1181 466 1381 534 legant,
1421 475 1450 514 a
1479 459 1639 514 Patre
1669 455 1862 510 Filium
1889 452 2118 523 cupiunt

516 581 792 638 separare.

585 661 677 716 ~29.
721 658 775 713 Si
803 656 991 712 dicunt
1020 653 1142 725 quia
1172 665 1336 706 verus
1358 649 1500 703 Deus
1521 646 1672 700 solus
1700 643 1859 698 Pater
1881 648 1993 704 est,
2026 653 2118 692 ne-

516 769 646 826 gare
668 767 774 806 non
819 757 1045 819 possunt
1072 746 1194 815 quia
1237 754 1291 798 ct
1323 740 1497 796 Filius
1534 738 1684 792 solus
1728 733 1873 788 Deus
1919 731 2119 785 veritas

513 856 628 914 est,
659 846 786 916 quia
817 843 1068 898 Christus
1107 838 1308 892 veritas
1335 843 1437 890 est.
1475 827 1744 899 Numquid
1770 826 1969 882 veritas
1991 837 2120 878 vero

516 943 696 996 minor
723 947 827 1004 est,
855 951 980 990 cum
1024 929 1328 988 secundum
1355 923 1782 996 appellationem
1838 916 2118 970 nominum

515 1048 678 1088 verus
720 1030 1043 1100 plerumque
1067 1042 1093 1076 a
1124 1021 1357 1077 veritate
1384 1018 1619 1080 dicatur,
1665 1013 1809 1067 sicut
1846 1007 2068 1079 sapiens
2089 1018 2120 1058 a

516 1124 780 1197 sapientia
817 1163 832 1188 ,
876 1120 1056 1190 justus
1086 1132 1115 1169 a
1143 1112 1400 1184 justitia?
1427 1110 1540 1164 Iloc
1590 1119 1690 1160 nos
1740 1104 1882 1158 inter
1904 1100 2118 1155 Patrem

516 1192 622 1276 non
651 1215 915 1273 sentimus
957 1221 1012 1268 et
1053 1209 1271 1274 Filium,
1324 1205 1448 1275 quia
1476 1210 1533 1257 et
1572 1198 1716 1255 Patri
1748 1194 1885 1250 nihil
1931 1192 2117 1255 deest,

517 1323 540 1348 ιι
591 1310 716 1382 quia
762 1309 922 1364 Pater
949 1313 1033 1359 est
1061 1316 1225 1357 verax
1261 1316 1273 1352 :
1305 1307 1360 1353 et
1398 1295 1566 1351 Filius
1594 1291 1720 1362 quia
1753 1287 1952 1343 veritas
1992 1292 2076 1339 est
2105 1322 2119 1347 ,

515 1404 744 1475 aequalis
785 1410 872 1456 est
921 1412 1072 1451 vero.

585 1498 675 1554 50.
725 1495 794 1551 Ut
831 1494 1006 1548 sciant
1037 1500 1218 1544 autem
1246 1528 1261 1554 ,
1291 1499 1412 1539 cum
1443 1481 1620 1536 solun)
1655 1478 1843 1545 legunt
1872 1513 1885 1537 ,
1919 1484 2121 1539 nequa-

514 1609 679 1665 quam
706 1604 827 1645 esse
853 1604 882 1642 a
910 1587 1071 1640 Patre
1101 1582 1295 1637 Filium
1327 1572 1727 1646 separandum,
1770 1563 2123 1622 meminerint

513 1656 569 1742 in
600 1682 882 1755 prOphetis
909 1695 939 1734 a
973 1679 1083 1733 Deo
1108 1675 1314 1729 dictum
1341 1688 1354 1723 :
1392 1668 1502 1738 Ego
1541 1663 1744 1720 extendi
1771 1661 1953 1715 (telum
1980 1656 2122 1712 solus

2221 446 2360 501 alter
2390 459 2497 499 non
2538 453 2646 497 est.
2687 441 2756 495 At
2781 451 2836 495 et
2861 439 2979 510 ipse
3014 439 3093 494 sol
3128 437 3289 492 habet
3313 435 3633 492 communia
3661 433 3806 486 multa

2220 555 2344 596 cum
2383 537 2559 593 stellis
2583 575 2597 599 .
2649 534 2791 605 quod
2851 531 3126 604 percurrit
3160 529 3357 586 cwlum
3391 525 3554 599 (Gen.
3608 541 3644 588 ι,
3676 523 3804 592 ll),

2223 630 2383 704 557
2433 626 2580 699 quod
2629 627 2885 681 aetherem
2935 624 3079 679 illius
3125 621 3475 689 caalestisque
3511 616 3808 674 substantia:

2221 732 2306 779 est
2334 765 2349 788 ,
2377 722 2522 793 quod
2553 729 2799 776 creatura
2826 729 2910 773 ρει
2936 758 2950 783 ,
2973 714 3116 787 quod
3151 719 3293 770 inter
3321 711 3511 768 omnia
3546 710 3640 766 Dei
3667 723 3806 779 opera

2221 823 2569 883 computatur
2602 855 2616 878 ,
2657 811 2803 884 quod
2857 826 2980 866 cum
3017 809 3268 864 omnibus
3307 807 3416 862 Deo
3461 805 3672 871 servit,
3703 818 3807 858 cum

2221 909 2476 965 onmibus
2507 906 2777 964 benedicit
2801 906 2972 962 Deum
2995 948 3008 972 ,
3044 918 3166 959 cum
3194 901 3452 957 omnibus
3482 899 3686 954 laudat.
3712 898 3807 952 Non

2223 1017 2354 1071 ergo
2385 1004 2535 1056 solus
2564 1000 2784 1071 pr0prie
2813 998 3044 1058 dicitur,
3097 995 3222 1066 quia
3255 1007 3356 1049 nec
3403 1008 3433 1046 a
3481 991 3698 1047 caeteris
3738 1006 3808 1045 se-

2232 1105 2456 1167 paratur
2503 1091 2676 1164 (Pcat.
2703 1106 2924 1153 chvm,
2957 1091 3034 1160 5).

2295 1187 2384 1243 54.
2421 1189 2604 1258 Itaque
2651 1201 2772 1241 cum
2805 1184 2983 1240 Patris
3033 1194 3088 1239 et
3112 1183 3235 1239 Filii
3264 1181 3616 1253 Spiritusque
3661 1180 3808 1236 sancti

2224 1280 2526 1344 divinitati,
2577 1292 2698 1350 qua:
2744 1277 2859 1332 sola
2893 1291 3000 1332 non
3049 1278 3190 1330 inter
3240 1275 3426 1330 omnia
3455 1315 3470 1340 ,
3525 1274 3623 1329 sed
3670 1288 3811 1342 super

2224 1377 2407 1434 omnia
2455 1384 2580 1441 est,
2610 1375 2758 1429 nulla
2798 1373 2974 1443 possit
3002 1379 3255 1426 creatura
3304 1368 3549 1426 conferri
3581 1411 3596 1432 .
3655 1378 3709 1424 ut
3753 1368 3811 1423 de

2225 1472 2433 1542 Spiritu
2489 1469 2706 1524 interim
2756 1464 2990 1520 assertio
3043 1471 3361 1520 reservetur
3408 1479 3422 1514 :
3471 1462 3616 1516 sicut
3675 1461 3811 1515 Pater

2225 1567 2422 1622 dicitur
2449 1565 2602 1620 solus
2623 1563 2766 1618 Deus
2789 1575 2948 1614 verus
2974 1600 2990 1626 ,
3019 1558 3105 1613 cui
3140 1557 3275 1612 nihil
3305 1559 3377 1612 sit
3398 1571 3690 1614 commune
3704 1570 3807 1610 cum

2225 1659 2476 1724 caeteris;
2507 1658 2578 1710 ita
2602 1655 2764 1710 etiam
2795 1654 2947 1708 solus
2968 1660 3053 1707 est
3079 1650 3249 1705 Filius
3272 1650 3452 1722 imago
3473 1649 3587 1706 veri
3609 1649 3719 1712 Dei,
3739 1664 3811 1702 so-

517 1777 707 1848 (Esai.
757 1787 879 1828 κων
910 1811 925 1835 ,
989 1769 1058 1822 2i
1085 1767 1124 1836 ).
1183 1765 1250 1819 Et
1319 1763 1504 1830 utique
1555 1772 1660 1811 non
1708 1751 1952 1808 extendit
2010 1749 2128 1804 sine
2159 1756 2203 1815 B
2234 1752 2317 1807 lus
2336 1751 2556 1806 dextera
2582 1747 2781 1811 Patris,
2815 1745 2968 1798 solus
2995 1743 3169 1797 virtus
3216 1743 3308 1798 Dei
3353 1751 3526 1812 atque
3546 1739 3809 1812 sapientia.

517 1843 657 1924 Pilio
685 1867 865 1920 Pater.
898 1861 1022 1932 ipse
1052 1858 1196 1914 enim
1227 1855 1396 1910 Filius
1425 1851 1512 1922 qui
1561 1846 1824 1918 sapientia
1857 1843 1951 1897 Dei
1992 1848 2078 1895 est
2104 1881 2119 1907 ,

515 1961 695 2017 dicit:
747 1954 969 2024 Quando
1021 1950 1235 2019 parabat
1296 1946 1480 2000 caelum
1510 1984 1524 2009 ,
1585 1956 1700 1994 cum
1749 1939 1862 2006 ipso
1910 1935 2121 1988 aderant

517 2053 537 2126 (
575 2053 730 2108 Prov.
760 2065 856 2105 vm
891 2090 904 2114 ,
951 2047 1020 2101 27
1048 2047 1086 2116 ).
1119 2044 1185 2097 Et
1215 2040 1416 2094 Paulos
1454 2036 1522 2090 de
1567 2032 1706 2086 Filio
1736 2030 1938 2085 dictum
2000 2039 2122 2080 esse

515 2119 842 2201 conﬁrmat:
898 2138 1060 2192 Initio
1104 2144 1293 2189 terram
1346 2140 1398 2182 tu
1449 2123 1716 2198 fundasti,
1763 2119 2048 2193 Domine,
2059 2123 2122 2201 Et

516 2255 672 2311 opera
718 2248 967 2289 manuum
992 2239 1199 2283 tuarum
1241 2231 1361 2279 sunt
1386 2220 1499 2275 cwli
1526 2215 1712 2289 (Hebr.
1745 2229 1794 2279 ι,
1847 2209 1959 2282 10).
1994 2189 2124 2266 Sive

513 2300 645 2405 ergo
679 2330 848 2386 Filius
875 2318 1072 2383 coelum
1122 2322 1286 2386 fecit,
1345 2316 1488 2370 sicut
1530 2321 1586 2368 et
1629 2305 1921 2378 Apostolus
1950 2300 2125 2359 voluit

516 2425 750 2496 intelligi
775 2464 788 2490 ,
822 2431 878 2477 et
908 2421 1022 2490 ipse
1052 2416 1242 2486 utique
1272 2427 1379 2466 non
1410 2408 1530 2462 sine
1565 2404 1725 2458 Patre
1751 2399 1948 2454 coelum
1972 2393 2122 2450 solus

516 2485 786 2583 extendit,
808 2485 945 2578 sive,
976 2520 1036 2565 ut
1062 2504 1373 2562 Proverbiis
1403 2500 1593 2564 habes,
1624 2493 1765 2549 Deus
1788 2492 1838 2544 in
1866 2485 2122 2558 sapientia

517 2580 776 2682 fundavit
808 2618 1029 2668 terram,
1079 2597 1281 2671 paravit
1343 2601 1516 2646 autem
1568 2587 1718 2640 cwlos
1764 2585 1817 2636 in
1861 2580 2120 2634 intellectu

516 2672 721 2776 (Prov.
764 2715 843 2764 ιιι,
887 2697 1037 2764 19),
1095 2689 1401 2748 ostenditur
1445 2683 1566 2753 quia
1627 2692 1728 2733 nec
1782 2677 1942 2728 Pater
1971 2672 2120 2726 solus

517 2798 638 2850 sine
667 2793 804 2848 Filio
831 2791 1004 2844 caelos
1044 2785 1171 2838 fecit
1197 2823 1212 2849 ,
1272 2793 1392 2833 nec:
1416 2775 1541 2830 sine
1595 2773 1755 2825 Patre
1809 2766 2018 2828 Filius;
2066 2771 2122 2817 et

519 2897 700 2940 tamen
748 2882 839 2950 qui
884 2878 1080 2933 malum
1119 2869 1364 2928 extendit
1391 2909 1404 2930 ,
1437 2865 1588 2920 solus
1614 2860 1834 2915 dicitur.

592 2980 682 3034 51.
721 2976 894 3044 Quam
937 2985 1069 3026 vero
1110 2967 1162 3022 id
1221 2972 1277 3019 et
1301 2963 1369 3016 de
1405 2960 1543 3014 Filio
1588 2964 1776 3026 aperte
1811 2950 2121 3020 intelligen-

517 3075 644 3128 dum
677 3069 776 3133 sit,
809 3065 953 3138 quod
991 3063 1141 3118 solus
1191 3057 1496 3130 appelletur
1521 3095 1534 3120 ,
1563 3051 1590 3090 ι)
1635 3051 1736 3106 etsi
1782 3063 2072 3118 numquam
2100 3085 2116 3112 ,

2294 1845 2385 1900 55.
2427 1843 2592 1898 Solus
2632 1854 2762 1909 ergo
2807 1837 2982 1892 Filius
3028 1835 3156 1891 facit
3200 1835 3338 1892 sicut
3367 1846 3425 1890 ct
3477 1836 3658 1900 Pater,
3705 1835 3810 1904 quia

2224 1937 2483 2006 scriptum
2511 1943 2626 1988 est:
2658 1929 2684 1968 ει
2714 1931 3060 1999 Quacumque
3086 1928 3223 1996 facio
3250 1969 3264 1994 ,
3314 1929 3426 1998 ipse
3481 1928 3604 1998 facit
3633 1926 3804 1996 (Joaa.

2225 2046 2258 2083 v
2283 2071 2298 2096 ,
2332 2029 2398 2085 16
2427 2030 2467 2098 ).
2527 2025 2662 2082 Cum
2707 2025 2854 2081 enim
2885 2038 3048 2077 unum
3081 2037 3218 2094 opus
3263 2023 3338 2078 sit
3367 2022 3551 2076 Patris
3581 2027 3634 2074 et
3675 2018 3808 2084 Filii,

2226 2122 2363 2178 bene
2390 2122 2459 2176 de
2487 2122 2646 2176 Patre
2690 2129 2743 2174 et
2774 2117 2915 2172 Filio
2956 2115 3155 2170 dicitur
3183 2115 3307 2185 quia
3335 2115 3485 2171 Deus
3517 2115 3664 2171 solus
3692 2126 3807 2180 0pc-

2225 2225 2376 2272 ratus
2405 2223 2522 2282 est;
2572 2213 2714 2269 unde
2759 2213 2921 2268 etiam
2960 2227 3087 2270 cum
3118 2221 3423 2267 creatorem
3455 2209 3682 2265 dicimus
3712 2247 3726 2271 ,
3764 2211 3807 2259 ct

2226 2309 2440 2364 Patrem
2464 2317 2518 2362 et
2541 2306 2738 2363 Filium
2756 2307 3101 2362 conﬁtemur.
3122 2304 3253 2360 Nam
3273 2303 3462 2372 utique
3483 2315 3604 2356 cum
3635 2295 3807 2353 Paulus

2224 2400 2427 2459 diceret
2459 2419 2472 2456 :
2499 2399 2603 2466 Qui
2628 2401 2905 2455 servierunt
2933 2409 3188 2455 creatura:
3215 2397 3390 2468 potius
3418 2409 3578 2466 quam
3601 2389 3808 2447 Creatori

2225 2493 2242 2561 (
2270 2492 2420 2547 Rom.
2454 2509 2489 2558 ι,
2514 2489 2623 2560 25)
2649 2509 2663 2560 ;
2721 2507 2819 2548 nec
2869 2493 3087 2548 Patrem
3136 2500 3443 2546 creatorem
3475 2484 3720 2556 negavit,
3745 2495 3802 2536 ex

2224 2602 2332 2657 quo
2373 2587 2549 2640 omnia
2594 2585 2748 2651 haec;
2781 2600 2884 2640 nec
2927 2584 3125 2640 Filium
3157 2625 3170 2649 ,
3221 2598 3315 2653 per
3360 2595 3526 2651 quem
3557 2577 3746 2633 omnia.

2295 2680 2385 2736 56.
2448 2681 2486 2736 Α
2549 2697 2656 2751 quo
2705 2680 2941 2734 alienum
2989 2680 3177 2749 utique
3229 2692 3336 2732 non
3393 2674 3648 2737 videtur,
3699 2668 3803 2740 quia

2223 2776 2486 2841 scriptum
2519 2782 2604 2828 est
2629 2791 2641 2827 :
2675 2774 2777 2840 Qui
2799 2773 2941 2828 solus
2965 2773 3115 2826 habet
3143 2769 3586 2826 immortalitatem
3612 2763 3664 2837 (I
3689 2761 3804 2816 Tim.

2223 2883 2305 2932 vr,
2337 2866 2402 2921 16
2428 2869 2468 2935 ).
2499 2865 2787 2934 Quomodo
2816 2866 2960 2920 enim
2989 2863 3461 2919 immortalitatem
3494 2876 3601 2916 non
3629 2857 3800 2918 habet,

2222 2960 2311 3031 qui
2356 2961 2518 3015 vitam
2589 2959 2751 3016 habet
2815 2959 2869 3013 in
2918 2956 3265 3028 semetipso?
3297 2955 3478 3012 Habet
3537 2953 3712 3023 utique
3758 2946 3800 3000 in

2224 3063 2457 3118 natura,
2513 3051 2677 3108 habet
2725 3052 2781 3106 in
2835 3049 3188 3115 substantia;
3234 3058 3289 3103 et
3339 3046 3513 3102 habet
3577 3058 3676 3098 non
3727 3051 3804 3110 per

518 3167 692 3223 inscio
723 3166 879 3218 Patre
907 3201 922 3224 ,
965 3153 1168 3225 aliquid
1218 3152 1411 3206 fecisse
1455 3145 1751 3208 credatur;
1783 3141 1944 3196 etiam
1993 3137 2119 3193 alibi
2146 3134 2191 3198 C
2223 3145 2447 3215 gratiam
2483 3143 2858 3214 temporalem,
2907 3141 3004 3197 sed
3034 3157 3133 3213 per
3157 3139 3550 3210 sempiternam
3580 3133 3801 3191 divinita-

518 3260 687 3315 habes
715 3299 729 3322 ,
786 3254 874 3309 ubi
915 3249 1178 3318 scriptum
1227 3254 1356 3300 est:
1409 3237 1707 3319 Extende":
1750 3234 1930 3289 caelum
1958 3231 2121 3297 solus,

517 3364 566 3408 et
609 3348 882 3405 ambulans
906 3343 1055 3414 quasi
1079 3342 1132 3394 in
1173 3339 1466 3410 pavimento
1501 3317 1654 3401 super
1677 3345 1816 3384 mare
1845 3327 1864 3398 (
1892 3325 2011 3380 Job.
2046 3341 2121 3391 lx,

517 3443 619 3514 8).
654 3439 896 3509 Namque
942 3431 1294 3504 Evangelium
1329 3427 1538 3482 Domini
1582 3423 1767 3479 docuit
1812 3435 1934 3486 nos,
1978 3417 2121 3487 quod

518 3512 587 3592 in—
607 3535 742 3591 mari
777 3547 882 3588 non
917 3531 1074 3586 Pater
1101 3570 1115 3594 ,
1166 3525 1261 3581 sed
1311 3522 1480 3577 Filius
1518 3517 1819 3574 ambulavit
1850 3557 1864 3579 ,
1909 3512 2123 3584 quando

515 3635 711 3692 Petrus
738 3627 954 3700 rogavit
983 3640 1105 3681 eum
1137 3623 1325 3678 dicens
1355 3637 1368 3672 :
1397 3616 1620 3671 Domine
1648 3656 1662 3679 ,
1681 3613 1808 3686 jube
1837 3627 1915 3665 me
1957 3609 2126 3663 renire

513 3732 584 3786 ad
613 3737 660 3784 te
708 3723 946 3794 (Matth.
1005 3733 1128 3786 xnv,
1167 3716 1284 3785 28).
1321 3711 1428 3768 Sed
1457 3710 1620 3766 etiam
1669 3704 1952 3777 prophetia
2004 3702 2122 3770 ipsa

517 3825 850 3878 documento
876 3822 962 3871 est
991 3829 1006 3878 ;
1049 3817 1271 3866 sanctus
1301 3805 1447 3861 enim
1474 3802 1574 3858 Job
1595 3800 1885 3856 adventum
1907 3792 2121 3851 Domini

516 3910 877 3986 prophetabat
910 3949 924 3974 ,
957 3903 1123 3977 (Job.
1153 3916 1232 3964 tu,
1257 3899 1370 3968 8),
1403 3896 1471 3951 de
1494 3909 1604 3966 quo
1634 3907 1763 3948 vere
1814 3889 1950 3944 dixit
1997 3885 2122 3956 quia

517 3982 769 4074 magnum
797 4007 975 4055 cetum
1021 4004 1134 4051 erat
1191 3990 1561 4047 debellaturus
1584 4028 1598 4050 ,
1647 3993 1703 4040 et
1757 3982 1958 4037 factum
1990 3987 2073 4033 est
2104 3993 2117 4029 :

517 4111 640 4151 nam
692 4092 913 4148 feralem
956 4089 1109 4144 illum
1184 4094 1363 4140 cetum
1397 4124 1411 4146 ,
1473 4092 1494 4118 ο
1545 4078 1821 4135 diabolum
1877 4073 2115 4134 scilicet,

515 4188 722 4245 ultimis
767 4182 1102 4254 temporibus
1147 4175 1443 4232 venerabili
1471 4172 1717 4243 corporis
1754 4169 1836 4225 sui
1865 4166 2119 4236 passione

515 4289 816 4355 postratum
847 4274 1079 4348 perculit
1108 4280 1162 4325 et
1191 4269 1382 4323 afﬂixit
1411 4265 1585 4338 (Esa.
1625 4278 1775 4318 xxvn
1795 4303 1810 4328 ,
1845 4262 1869 4314 1
1896 4259 1936 4330 ).

583 4376 673 4431 52.
725 4373 822 4427 Est
859 4382 989 4436 ergo
1032 4363 1180 4418 solus
1222 4371 1277 4415 et
1327 4373 1489 4413 verus
1537 4357 1682 4410 Deus
1735 4353 1942 4416 Filius;
2000 4350 2117 4404 hinc

516 4469 660 4524 enim
682 4473 737 4519 et
761 4461 899 4516 Filio
920 4453 1278 4528 praerogativa
1304 4449 1564 4504 defertur.
1602 4446 1674 4499 De
1699 4444 1850 4498 nullo
1882 4454 2115 4510 namque

2229 3248 2382 3294 tem:
2435 3238 2595 3294 habet
2648 3253 2755 3292 non
2810 3252 2881 3292 ex
2933 3236 3077 3291 dono
3125 3235 3279 3306 quasi
3332 3247 3564 3298 servus,
3614 3226 3702 3284 sed
3747 3237 3798 3278 ex

2225 3327 2594 3402 generationis
2625 3331 2955 3399 proprietate
2983 3326 3136 3398 quasi
3177 3325 3345 3381 Filius
3373 3334 3713 3382 comternus;
3756 3321 3798 3369 et

2226 3424 2391 3478 habet
2412 3423 2554 3477 sicut
2579 3422 2782 3478 Pater:
2828 3421 2977 3477 Sicut
3025 3421 3156 3475 enim
3192 3418 3350 3473 Pater
3395 3418 3552 3472 habet
3587 3416 3724 3470 vitam
3757 3411 3798 3461 iu

2225 3515 2496 3584 semetipso
2526 3556 2541 3580 ,
2573 3514 2647 3567 ita
2669 3523 2714 3568 et
2743 3512 2884 3568 Filio
2906 3511 3048 3567 dedit
3070 3513 3227 3566 vitam
3252 3510 3444 3566 habere
3469 3511 3524 3565 in
3561 3505 3796 3573 semetipso

2226 3609 2244 3678 (
2277 3608 2436 3661 Joan.
2471 3622 2527 3670 v,
2561 3606 2627 3661 16
2653 3603 2710 3675 );
2747 3605 2889 3661 sicut
2921 3605 3121 3672 habet,
3174 3604 3385 3674 inquit,
3435 3603 3515 3658 sic
3543 3599 3700 3656 dedit.
3725 3595 3797 3649 Di-

2225 3696 2406 3754 diciin
2448 3713 2610 3767 supra
2665 3696 2832 3768 (Lib.
2887 3712 2972 3764 tv,
3024 3711 3141 3766 cap.
3197 3694 3318 3766 6),
3372 3687 3793 3765 quemadmodum

2224 3790 2482 3855 dederit;
2535 3805 2602 3844 ne
2647 3799 2866 3860 putares
2915 3803 3037 3844 esse
3083 3786 3270 3856 gratia:
3336 3786 3678 3858 largitatem,
3721 3775 3795 3831 ubi

2224 3882 2590 3952 generationis
2629 3896 2887 3936 arcanum
2934 3888 3037 3935 est.
3085 3876 3221 3932 Cum
3266 3892 3396 3948 ergo
3429 3877 3570 3932 inter
3609 3873 3790 3927 Patrem

2224 3987 2278 4034 et
2321 3977 2518 4033 Filium
2550 3977 2675 4031 vita:
2725 3976 2873 4030 nulla
2917 3971 3175 4029 distantia
3203 3973 3316 4036 sit,
3366 3962 3790 4042 quemadmodum

2221 4070 2364 4140 quod
2389 4068 2850 4124 immortalitatem
2877 4068 3027 4123 solus
3052 4065 3250 4122 habeat
3279 4064 3448 4121 Pater
3469 4106 3484 4132 ,
3513 4061 3670 4118 Filius
3700 4067 3786 4110 non

2223 4165 2453 4230 habeat,
2479 4165 2736 4220 :nstimari
2766 4163 2990 4234 potest?

2292 4257 2380 4313 57.
2416 4257 2570 4314 Unde
2600 4257 2902 4328 intelligant
2927 4270 3028 4310 nec
3058 4254 3161 4310 hoc
3202 4254 3320 4310 loco
3352 4269 3382 4308 a
3415 4254 3534 4310 solo
3558 4262 3673 4305 vero
3692 4244 3783 4299 Deo

2221 4353 2380 4406 Patre
2415 4351 2609 4406 Filium
2637 4349 3034 4422 separandum;
3063 4348 3186 4418 quia
3211 4347 3446 4418 probare
3468 4361 3569 4402 non
3592 4339 3783 4414 possunt

2219 4444 2360 4514 quod
2391 4443 2544 4498 solus
2571 4453 2624 4499 et
2649 4458 2814 4498 verus
2845 4443 2988 4514 Deus
3034 4439 3201 4495 Filius
3227 4456 3334 4495 non
3385 4440 3496 4495 sit:
3527 4449 3637 4493 cum
3667 4441 3781 4501 ι)πῶ

509 4560 599 4630 qui
652 4563 866 4612 creatus
916 4559 999 4606 est
1035 4590 1048 4615 ,
1108 4544 1324 4615 proprie
1367 4539 1473 4594 dici
1527 4547 1742 4608 potest,
1794 4535 1916 4606 quia
1963 4534 2114 4588 solus
2142 4512 2407 4590 Dsertim
2450 4543 2506 4590 et
2554 4533 2643 4590 hic
2699 4542 2792 4603 aut
2851 4512 3208 4590 subéudiatur
3247 4574 3262 4599 ,
3325 4540 3385 4587 ut
3427 4531 3692 4587 diximus,
3737 4527 3782 4572 et

507 4659 611 4706 est.
637 4648 769 4703 Nam
797 4645 883 4701 cui
907 4643 1045 4696 inest
1068 4633 1428 4693 communitas
1452 4638 1736 4692 creatum,
1762 4625 2114 4697 quemadmo-

507 4743 636 4798 dum
666 4738 818 4811 quasi
866 4736 1014 4791 solus
1056 4739 1234 4801 potest
1262 4744 1290 4780 a
1343 4724 1559 4780 caeteris
1603 4721 1846 4793 separari
1873 4719 1896 4773 ‘t
1928 4719 2112 4789 Itaque

507 4835 674 4890 homo
712 4825 1050 4886 rationabilis
1093 4821 1309 4878 videtur
1341 4819 1483 4873 inter
1512 4817 1692 4872 omnia
1724 4821 1938 4869 terrena
1993 4813 2110 4866 ani-

502 4929 732 4994 mantia,
767 4925 860 4981 sed
890 4932 1076 4978 tamen
1102 4933 1207 4972 non
1238 4925 1321 4971 est
1347 4914 1498 4968 solus
1519 4910 1854 4967 rationabilis
1873 4907 2115 4974 ;-scimus

499 5022 645 5078 enim
677 5015 1016 5074 rationabilia
1045 5026 1167 5068 esse
1194 5019 1248 5064 et
1272 5006 1515 5063 caelestia
1545 5019 1708 5074 opera
1737 5001 1849 5068 Dei,
1880 4999 2107 5070 angelos

498 5124 554 5171 et
596 5109 955 5182 archangelos
997 5101 1348 5161 rationabiles
1378 5100 1719 5154 conﬁtemur.
1760 5095 1815 5150 Si
1847 5109 1979 5166 ergo
2008 5109 2103 5149 an-

495 5206 602 5276 geli
637 5201 1008 5262 rationabiles,
1043 5211 1148 5251 non
1181 5193 1364 5262 utique
1393 5191 1540 5246 solus
1570 5185 1906 5243 rationabilis
1939 5187 2102 5240 homo

495 5297 718 5354 dicitur.

564 5474 590 5502 ει
633 5461 762 5516 Mss.
811 5457 1055 5525 aliquot,
1090 5452 1212 5521 quia
1245 5446 1402 5501 Pater
1429 5453 1502 5498 est
1553 5442 1769 5507 veritas;
1811 5455 1982 5506 unus,
2015 5455 2098 5494 oe-

524 5535 679 5587 italis.

527 5548 532 5550 '
594 5548 610 5587 t
635 5551 679 5587 ε.

485 5548 589 5730 ’.ἔς
615 5551 777 5656 ιΤΙ-(ξε
805 5611 961 5662 mss.,
991 5603 1038 5648 et
1063 5609 1116 5647 se
1146 5605 1427 5660 numquam
1465 5584 1626 5641 inscio
1661 5583 1902 5647 Patrem;
1933 5595 2093 5648 unus,

552 5686 660 5727 atrc
684 5712 697 5730 .
730 5679 836 5724 etc.

552 5686 660 5727 atrc
684 5712 697 5734 ,
730 5679 836 5724 etc.

559 5723 825 5797 E'anes
871 5736 1004 5794 edit.
1040 5775 1054 5802 ,
1132 5730 1426 5796 Zabutum;
1483 5737 1539 5785 et
1598 5735 1746 5784 certe
1785 5723 1983 5797 saepius
2032 5738 2098 5781 eo

2217 4625 2497 4681 Christum
2544 4642 2730 4682 verum
2757 4625 2934 4682 solum
2987 4626 3156 4681 Deum
3183 4640 3306 4680 esse
3332 4640 3347 4679 :
3379 4636 3473 4679 aut
3498 4630 3634 4679 certe
3660 4609 3777 4669 aliud

2215 4718 2283 4773 ad
2306 4719 2643 4774 divinitatem
2669 4719 2843 4774 Patris
2867 4727 2922 4774 et
2945 4717 3093 4785 Filii,
3119 4717 3266 4773 aliud
3292 4717 3359 4772 ad
3386 4713 3778 4773 incarnationem

2215 4813 2420 4869 Christi
2468 4815 2697 4870 relatum
2763 4813 3173 4884 intelligendum
3220 4818 3338 4876 sit;
3393 4813 3515 4882 quia
3572 4821 3664 4862 non
3709 4803 3779 4853 esl

2217 4906 2455 4976 perfecta
2480 4907 2718 4978 cognitio
2743 4947 2757 4973 ,
2781 4906 2882 4961 nisi
2907 4922 3030 4976 quae
3057 4915 3113 4961 et
3132 4905 3428 4962 secundum
3458 4899 3775 4961 aeternitatem

2215 4999 2549 5071 unigenitum
2574 5002 2744 5055 Deum
2765 5015 2953 5056 verum
2974 4999 3072 5055 Dei
3094 4999 3285 5055 Filium
3308 4999 3491 5055 Jesum
3513 4993 3772 5051 Christunn

2207 5102 2263 5149 et
2301 5093 2596 5148 secundum
2645 5107 2863 5148 carnem
2910 5102 3229 5161 generatum
3280 5105 3347 5146 ex
3409 5089 3619 5160 Virgine
3659 5093 3773 5137 θοῦν

2208 5183 2412 5239 ﬁtetur.
2445 5183 2600 5252 Quod
2626 5184 2754 5239 alibi
2807 5183 2896 5238 hic
2933 5183 3050 5252 ipse
3103 5183 3446 5252 Evangelista
3485 5193 3578 5235 nos
3619 5166 3772 5229 docuit

2203 5277 2394 5334 dicens
2421 5299 2433 5335 :
2462 5277 2646 5333 Omnis
2676 5278 2890 5350 spiritus
2917 5277 3004 5348 qui
3035 5277 3310 5347 conﬁtetur
3339 5276 3516 5332 Iesum
3543 5268 3765 5327 Christum

2202 5439 2421 5522 nomine
2453 5439 2730 5522 diabolum
2761 5438 3010 5520 designat
3060 5436 3420 5522 ambrosius;
3465 5445 3634 5522 verum
3658 5423 3762 5522 ΙΙιοϐ

2201 5509 2306 5566 loci
2346 5511 2526 5564 cuncti
2577 5526 2749 5578 prope
2777 5495 2963 5576 scripti
2993 5509 3119 5563 cod.
3163 5495 3480 5576 praeferunt,
3509 5495 3760 5578 diabolum.

2335 5569 2826 5664 R°W°.E‘_ii":3°1_ilt
2860 5569 3208 5648 ρυωσκπιφὶε
3232 5579 3362 5650 facit
3405 5578 3540 5649 ipse,
3583 5570 3681 5624 hac
3724 5569 3760 5613 ει

2200 5650 2373 5708 Filius
2402 5651 2639 5706 similiter
2667 5652 2818 5722 facit.
