3948 6172
271 291 336 346 bii
1284 295 1373 352 DE
1419 296 1576 354 FIDE
1616 299 1746 360 LIB.
1792 304 1852 357 γ.

3133 301 3240 356 ϐδνζ

261 411 325 462 δίη
353 423 452 462 came
482 406 643 472 mitte.
681 410 723 461 de
753 406 828 462 Deo
871 419 945 464 est
1002 393 1065 480 (1,
1091 406 1252 464 Ῑοαη.
1297 426 1371 474 IV.
1426 410 1462 464 2
1484 411 1526 481 ).
1557 421 1612 481 Α
1636 417 1994 473 substantiam
2021 460 2035 484 ,
2084 418 2533 486 ditt'erentemque
2563 415 2857 480 deitatem,
2891 415 3030 472 duos
3062 417 3247 487 utique

295 503 350 558 38.
373 502 528 572 Denique
548 518 652 571 quam
675 517 744 556 non
765 504 966 558 alienum
1001 503 1068 558 sit
1099 506 1260 558 etiam
1288 504 1535 559 incarna-

245 596 343 651 tionis
377 596 444 650 hoc
477 595 556 649 loco
602 595 808 666 intelligere
867 605 1267 652 sacramentum
1293 638 1307 661 ,
1373 596 1535 652 docet

239 707 298 746 nos
316 691 424 760 ipsius
457 691 573 745 series
601 691 801 752 lectionis;
828 691 897 745 sic
929 691 1073 744 enim
1105 691 1274 746 habes
1301 709 1313 744 :
1351 688 1528 757 Pater,

226 785 438 848 venit/rora,
475 785 632 849 clari/ica
667 782 803 837 Filium
829 795 964 836 tuum
1011 782 1212 856 (loan.
1266 799 1394 846 xvtt,
1429 785 1450 838 1
1484 783 1527 853 >.

226 877 347 947 Utique
379 892 462 931 cum
497 885 534 932 et
571 876 702 931 horam
745 877 923 931 venisse
981 884 1378 931 commemoret
1408 917 1422 939 ,
1478 884 1533 928 et

213 970 398 1025 clariticari
428 978 560 1041 petat,
598 969 790 1040 quomodo
831 971 926 1024 nisi
993 971 1292 1025 secundum
1350 970 1532 1024 carnis

207 1067 490 1135 nssumptionem
510 1065 680 1119 locutum
705 1081 792 1119 eunt
809 1065 1053 1120 convenit
1073 1064 1370 1119 arSIitnari?
1399 1063 1529 1118 Nam

203 1171 260 1208 nec
288 1156 361 1209 ulla
389 1155 464 1209 sibi
493 1165 712 1225 temporum
737 1157 1021 1226 praescripta
1068 1167 1339 1210 momenta
1391 1156 1530 1210 divi-

207 1250 282 1302 nitas
303 1249 446 1310 liabet.
483 1263 558 1304 nec
578 1249 875 1306 clariﬁcationc
906 1251 1109 1321 indiget
1141 1251 1320 1304 lumen
1369 1261 1528 1305 aeter—

207 1357 276 1394 ntn.
317 1340 422 1411 Ergo
461 1341 499 1395 in
535 1341 624 1395 solo
647 1357 744 1397 vero
773 1344 861 1397 Deo
894 1342 1052 1396 Patre
1080 1351 1140 1396 et
1183 1340 1377 1396 Filium
1433 1342 1526 1396 Dei

208 1434 445 1488 ilomverum
473 1432 696 1488 secundum
735 1434 870 1506 558
910 1433 1212 1488 divinitatis
1268 1433 1528 1504 intelligi-

204 1542 244 1580 us
275 1526 486 1589 unitatem,
529 1536 572 1582 et
609 1527 648 1582 in
689 1526 786 1583 Jesu
830 1527 1026 1583 Christi
1061 1528 1279 1582 nomine
1312 1570 1326 1593 ,
1383 1527 1526 1598 quod

236 1617 394 1687 Virgine
414 1627 536 1673 natus
563 1618 754 1690 accepit,
781 1619 1153 1676 incarnationis
1180 1619 1526 1689 agnoscimus

203 1719 455 1765 ramentum.

1639 508 1740 578 ipsi
1768 509 1900 564 deos
1931 520 2183 564 asserunt
2215 527 2228 562 :
2259 525 2358 563 nos
2389 518 2569 564 autem
2600 523 2724 562 cum
2765 519 2822 563 et
2851 508 3065 564 Patrem
3110 524 3247 564 con-

1639 599 1894 666 ﬁtentur,
1944 611 1999 656 et
2051 600 2296 664 Filium;
2350 601 2650 656 asserendo
2684 609 2864 655 tamen
2919 603 3079 657 unius
3125 617 3249 658 esse

1635 691 1854 748 deitatis
1884 709 1990 747 non
2021 693 2159 748 duos
2204 694 2335 747 deos
2363 736 2377 759 ,
2425 693 2518 748 sed
2571 710 2734 747 unum
2780 694 2949 748 Deum
2989 694 3245 751 dicimus.

1636 787 1703 842 Et
1753 786 1852 841 hoc
1893 788 2187 842 Dominicis
2238 786 2473 855 eloquiis
2519 786 2922 856 approbamus;
2979 788 3103 856 quia
3155 786 3248 842 ubi

1632 878 1822 948 plures
1851 889 1998 941 sunt,
2046 879 2120 933 ibi
2165 889 2257 932 aut
2286 888 2494 932 natura:
2527 888 2620 931 aut
2650 878 2988 934 voluntatum
3031 890 3086 935 et
3119 895 3248 950 ope-

1635 969 1908 1024 rationum
1957 980 2040 1025 est
2077 971 2410 1026 ditTerentia.
2447 971 2771 1041 Deniquent
2811 974 2927 1027 suis
2957 972 3060 1027 sibi
3091 975 3250 1028 testi-

1636 1063 1832 1115 moniis
1894 1064 2261 1128 revincuntur,
2319 1061 2428 1116 duo
2475 1063 2726 1117 homines
2767 1063 3068 1131 dicuntur;
3120 1065 3242 1136 quia

1635 1153 1760 1210 licet
1826 1158 1982 1211 unius
2032 1168 2241 1211 natura:
2296 1158 2405 1210 sint
2454 1155 2577 1226 jure
2630 1157 2924 1223 nascendi,
2957 1167 3134 1212 tamen
3191 1169 3247 1214 et

1633 1257 1878 1318 tempore
1917 1259 1970 1304 et
2015 1251 2343 1320 cogitatione
2395 1260 2450 1305 et
2497 1265 2662 1320 Opere
2723 1260 2776 1305 et
2832 1252 2952 1306 loco
2998 1252 3240 1306 distant:

1631 1349 1687 1393 ct
1718 1340 1836 1395 ideo
1862 1356 1966 1396 non
2002 1352 2179 1410 potest
2208 1358 2344 1395 unus
2364 1349 2528 1396 homo
2555 1342 2662 1396 dici
2687 1343 2738 1396 in
2768 1342 3164 1412 signiﬁcatione
3189 1353 3246 1397 et

1633 1447 1859 1485 numero
1890 1431 2122 1486 duorum
2149 1450 2163 1498 ;
2187 1434 2311 1503 quia
2340 1435 2522 1489 unitas
2550 1449 2655 1488 non
2679 1445 2763 1490 est
2789 1477 2803 1499 ,
2833 1436 2920 1489 tibi
2950 1447 3034 1490 est
3063 1437 3244 1492 diver-

1629 1525 1764 1580 sitas
1796 1543 1808 1578 :
1843 1542 1980 1580 unus
2027 1536 2208 1581 autem
2252 1527 2394 1580 Deus
2422 1526 2621 1580 dicitur
2642 1570 2657 1593 ,
2706 1538 2761 1582 et
2793 1529 2967 1583 Patris
3000 1530 3164 1602 559
3191 1540 3244 1584 et

1629 1615 1755 1671 Filii
1779 1633 1842 1672 ac
1878 1618 2113 1688 Spiritus
2157 1621 2326 1674 sancti
2355 1619 2529 1689 gloria
2567 1630 2622 1674 et
2652 1621 2930 1690 plenitudo
2968 1624 3237 1691 signatur.

1701 1711 1791 1766 45.
1839 1713 2080 1783 Denique
2113 1721 2257 1767 tanta
2288 1715 2488 1768 veritas
2544 1715 2766 1769 unitatis
2803 1725 2924 1781 est,
2970 1726 3029 1770 ut
3071 1717 3238 1771 etiam

203 1802 249 1857 i9.
283 1803 403 1869 Quod
443 1805 480 1859 si
530 1821 626 1861 cum
669 1807 804 1861 solum
849 1824 1033 1863 verum
1096 1810 1268 1866 Deum
1318 1812 1530 1870 patrem
1565 1813 1611 1874 Β
1637 1805 1855 1876 quando
1879 1816 2069 1860 natura
2099 1807 2216 1861 sola
2238 1807 2615 1878 generationis
2645 1820 2734 1862 aut
2765 1810 2948 1864 carnis
2973 1810 3248 1879 signiﬁca-

203 1908 272 1960 mt,
311 1895 471 1951 Filium
495 1899 674 1969 cupiunt
696 1917 919 1971 separare
946 1918 960 1967 ;
992 1918 1124 1974 ergo
1150 1919 1272 1959 cum
1306 1905 1374 1960 de
1408 1907 1529 1962 Filii

209 1988 399 2042 rnatione
449 1990 638 2060 legunt:
685 1991 766 2045 Hic
798 2002 864 2048 est
911 1995 1048 2064 lapis
1091 1999 1179 2068 qui
1231 1999 1533 2070 reprobatus

218 2079 670 2150 oobimdiﬂcantibus,
691 2087 763 2155 qui
785 2091 947 2156 factus
967 2100 1039 2143 est
1071 2091 1124 2143 in
1149 2103 1305 2160 caput
1331 2096 1531 2165 anguli;

207 2171 263 2225 ira
288 2191 299 2226 :
321 2172 428 2228 Non
453 2185 514 2229 est
537 2178 660 2231 aliud
684 2197 837 2234 nomen
865 2182 958 2235 sub
986 2185 1112 2238 (σξιο
1141 2186 1319 2239 datum
1363 2189 1532 2242 homi-

204 2308 214 2330 ,
244 2269 288 2319 in
310 2285 395 2336 quo
423 2282 618 2340 oporteat
643 2284 659 2308 θ
689 2291 767 2327 nos
792 2276 951 2330 salvos
983 2279 1099 2343 ﬁeri
1129 2280 1148 2350 (
1178 2280 1289 2334 Act.
1321 2296 1370 2334 tv
1391 2323 1404 2346 ,
1441 2284 1528 2347 il,

237 2359 421 2416 Patrem
449 2363 717 2420 existinmnt
749 2367 806 2422 ab
831 2368 1207 2438 impertienda:
1249 2372 1404 2425 nobis
1444 2388 1532 2426 sa-

207 2453 437 2510 beneiicio
472 2459 804 2528 separandum.
851 2464 942 2518 At,
970 2479 1146 2533 neque
1199 2465 1317 2520 sine
1373 2466 1532 2522 Patre

246 2562 401 2618 neque
434 2549 524 2603 vita
554 2559 730 2607 aeterna
767 2553 873 2609 sine
900 2553 1062 2609 Filio.

586 2641 792 2702 CAPUT
830 2646 918 2703 Ill.

212 2742 359 2786 contra
380 2734 640 2801 urgentibus
662 2740 774 2790 Deos
799 2738 963 2791 induci
986 2741 1104 2795 ditas
1127 2757 1193 2794 ea:
1214 2744 1394 2796 unitate
1415 2747 1529 2797 sub-

207 2833 256 2880 e,
295 2821 590 2885 respondetur
626 2823 935 2886 pluralitatem
956 2840 1021 2877 ex
1060 2826 1340 2881 diversitate
1375 2832 1532 2894 potius

206 2906 225 2967 ',
248 2906 538 2970 proindeque
557 2909 602 2958 in
621 2909 742 2974 ipsos
759 2910 977 2962 recidere
999 2928 1136 2964 suam
1159 2915 1528 2969 accusationem.

205 2989 345 3041 itatem
379 2990 682 3054 multiplicem
706 2996 752 3045 in
781 3009 927 3046 causa
957 3010 1062 3048 esse
1086 3014 1174 3048 cur
1198 3000 1296 3051 duo
1318 3002 1531 3054 homines

204 3089 290 3125 imo
309 3073 422 3126 dici
448 3087 539 3126 non
565 3076 768 3138 possint;
805 3093 912 3130 cum
943 3086 1101 3130 tamen
1126 3095 1291 3133 omnes
1316 3083 1532 3136 homines

205 3159 310 3209 riter
329 3159 479 3209 homo
499 3157 733 3224 dicmttar,
759 3161 839 3211 ubi
865 3170 1053 3214 naturae
1084 3168 1240 3216 unitas
1263 3164 1525 3218 indicatur.

203 3257 234 3292 n
250 3244 325 3295 his
348 3251 581 3295 naturam
601 3258 741 3294 unam
759 3259 862 3297 esse
882 3260 900 3308 ;
925 3255 975 3298 at
996 3247 1321 3300 omnimodam
1344 3251 1394 3300 in
1417 3267 1531 3314 per-

206 3329 323 3379 vinis
361 3324 594 3377 raritatem
608 3340 627 3377 :
661 3341 693 3377 a
726 3331 876 3379 Patre
909 3328 1056 3393 igitur
1089 3344 1181 3382 non
1203 3336 1532 3396 separandum

219 3412 441 3465 maxime
456 3425 568 3462 cum
591 3411 638 3463 ei
653 3411 866 3464 debitam
881 3425 984 3463 esse
1002 3416 1333 3469 adorationem
1352 3433 1530 3485 negare

206 3505 325 3549 rant.

223 3589 492 3637 asserunt
521 3582 714 3636 Ariani
752 3600 767 3636 :
815 3582 874 3637 Si
911 3583 1085 3638 solum
1122 3601 1306 3640 verum
1363 3587 1528 3643 Deum

208 3692 286 3741 m,
313 3677 396 3731 ita
424 3684 484 3731 et
504 3675 711 3730 Filium
734 3676 939 3744 dicitis,
959 3688 1014 3733 et
1035 3679 1196 3734 unius
1217 3680 1532 3735 substantia:

207 3766 418 3821 Filium
447 3769 832 3836 contitcmini,
883 3785 988 3825 non
1015 3787 1179 3824 ututtn
1217 3773 1406 3836 Deum,
1435 3773 1529 3828 sed

204 3861 517 3926 inducitis;
551 3863 684 3931 quia
721 3865 819 3932 qui
854 3865 1015 3918 unius
1041 3866 1357 3920 substantiae
1384 3878 1532 3931 sunt,

207 3969 308 4008 ens
339 3995 357 4019 ,
393 3952 500 4008 sed
528 3953 649 4008 duo
683 3954 767 4008 dii
797 3955 1053 4010 videntur
1073 3971 1220 4021 esse,
1261 3957 1402 4010 sicut
1425 3957 1534 4012 duo

204 4055 267 4099 ut
295 4044 440 4099 dua:
470 4059 620 4100 oves
648 4087 663 4109 ,
715 4047 976 4115 pluresve
1018 4046 1273 4101 dicuntur
1303 4065 1315 4101 :
1372 4049 1534 4102 homo

209 4140 258 4192 is
294 4153 416 4192 nec
444 4137 570 4192 duo
602 4137 884 4194 homines
915 4139 1171 4193 dicuntur
1195 4181 1208 4205 ,
1265 4155 1361 4194 nec
1412 4140 1533 4194 duzn

203 4247 349 4286 mus
382 4229 578 4286 homo
609 4274 624 4293 ,
660 4243 722 4284 et
760 4248 874 4286 una
929 4235 1067 4286 ovis.

212 4326 381 4379 riani
419 4325 672 4391 dicunt,
702 4336 766 4380 et
805 4326 910 4381 hac
929 4325 1296 4394 disputatione
1321 4336 1533 4382 versuta

219 4433 470 4487 capere
541 4419 864 4473 nituntur.
935 4418 1138 4472 Tamen
1195 4419 1238 4472 si
1290 4417 1532 4490 legamus

210 4514 435 4577 vinas,
504 4513 913 4567 inveniemus
945 4513 1312 4583 pluralitatem
1363 4515 1534 4583 magis

1643 1911 1729 1952 tttr
1759 1899 2030 1963 humanae,
2065 1911 2118 1953 ct
2151 1917 2290 1955 unus
2320 1903 2483 1955 homo
2506 1901 2573 1956 de
2607 1901 2797 1956 multis
2827 1902 3061 1968 dicatur,
3102 1904 3245 1958 sicut

1641 1989 1809 2045 habes
1845 2009 1857 2043 :
1897 1990 2152 2046 Dominus
2182 1993 2308 2046 mihi
2337 1994 2571 2066 adjutor,
2605 2010 2706 2047 non
2737 1996 2920 2048 timebo
2946 1997 3072 2065 quid
3085 1995 3247 2065 faciat

1638 2085 1765 2137 mihi
1799 2085 1950 2138 homo
1982 2085 2170 2156 (I’sal.
2204 2088 2381 2153 csvttf,
2414 2088 2498 2158 6),
2530 2088 2580 2141 id
2605 2097 2709 2150 est.
2744 2105 2850 2142 non
2877 2105 2981 2143 una
3010 2105 3243 2159 persona

1639 2173 1897 2240 hominis,
1925 2176 2017 2230 sed
2051 2192 2153 2230 una
2180 2193 2330 2243 caro,
2355 2187 2411 2232 et
2444 2195 2545 2232 una
2576 2177 2844 2248 fragilitas
2872 2181 3248 2250 generationis

1639 2265 1912 2322 humanae.
1943 2269 2008 2322 Et
2033 2269 2243 2323 addidit
2277 2289 2288 2324 :
2339 2270 2541 2323 Bonum
2570 2281 2646 2324 est
2674 2287 2884 2339 sperare
2910 2273 2963 2324 in
2995 2271 3238 2338 Domino,

1635 2375 1790 2428 quam
1830 2375 2041 2428 sperare
2071 2361 2124 2412 in
2172 2361 2377 2414 homine
2410 2358 2602 2430 (Ibid.,
2652 2361 2728 2430 9).
2764 2361 2875 2414 Nec
2921 2362 3009 2415 hic
3057 2366 3246 2432 utique

1635 2452 1926 2520 Specialem
1953 2452 2252 2518 hominem,
2287 2455 2380 2508 sed
2409 2456 2719 2521 generalem
2743 2455 3118 2511 conditionem
3150 2457 3246 2512 de-

1635 2549 1888 2618 signavit.
1921 2549 2164 2618 Denique
2180 2549 2361 2602 statim
2379 2549 2609 2618 subjecit
2637 2549 2704 2604 de
2728 2551 3002 2617 pluribus:
3034 2550 3242 2606 Bonum

1635 2653 1710 2696 est
1741 2642 1998 2710 conlidere
2022 2645 2075 2696 in
2115 2641 2361 2709 Domino,
2395 2659 2549 2712 quam
2598 2644 2858 2711 conﬁdere
2899 2645 2950 2696 in
2990 2645 3247 2713 principi-

1635 2734 1728 2787 bus
1754 2734 1943 2804 (Ibid.,
1977 2735 2057 2804 9).
2083 2734 2191 2790 Sed
2224 2735 2312 2788 ubi
2367 2734 2533 2788 homo
2563 2733 2777 2800 dicitttr,
2835 2746 3039 2791 naturae
3068 2737 3242 2792 inter-

1635 2829 1805 2892 dum,
1866 2841 1925 2883 ut
1974 2845 2138 2899 supra
2185 2830 2452 2892 diximus,
2501 2831 2807 2883 communis
2862 2829 3004 2884 inter
3045 2846 3241 2884 omnes

1637 2925 1820 2977 unitas
1847 2923 2217 2993 signiﬁcatur:
2247 2923 2336 2976 ubi
2366 2923 2662 2992 principes,
2685 2923 2960 2977 variarum
2988 2924 3239 2993 quaedam

1635 3015 1940 3069 diﬂerentia
1965 3024 2295 3085 potestatum
2326 3024 2431 3068 est.

1705 3106 1798 3160 44.
1839 3105 1945 3161 Sed
1975 3107 2120 3161 inter
2149 3107 2399 3162 homines
2423 3117 2514 3161 aut
2547 3109 2600 3163 in
2631 3108 2943 3165 hominibus
2959 3109 3118 3163 unius
3140 3109 3242 3163 ali-

1559 3200 1604 3262 C
1636 3199 1790 3266 cujus
1810 3199 1886 3253 rei
1908 3199 2084 3253 unitas
2105 3208 2208 3262 est,
2233 3209 2327 3252 aut
2354 3200 2656 3267 charitatis,
2677 3212 2769 3258 aut
2793 3201 3132 3273 cupiditatis,
3153 3213 3249 3258 aut

1633 3294 1836 3359 carnis,
1855 3293 2266 3348 autdevotinnis
2285 3305 2338 3347 et
2355 3294 2508 3349 ﬁdei:
2533 3299 2807 3366 generalis
2827 3307 3007 3353 autem
3032 3299 3241 3361 unitas,

1635 3397 1690 3442 et
1717 3403 1838 3458 qute
1857 3387 1911 3441 in
1943 3403 2003 3442 se
2031 3387 2330 3443 secundum
2351 3388 2649 3444 divinitatis
2676 3391 2911 3460 gloriam
2934 3392 3248 3460 complecti-

1637 3488 1724 3533 tur
1739 3479 1941 3545 omnia,
1969 3479 2138 3533 solius
2156 3489 2238 3533 est
2267 3478 2444 3533 Patris
2473 3491 2526 3534 et
2554 3480 2673 3533 Filii
2706 3491 2760 3535 ct
2787 3481 3024 3551 Spiritus
3047 3484 3244 3537 sancti.

1708 3569 1798 3624 45.
1843 3571 1999 3626 Unde
2041 3582 2092 3624 et
2132 3571 2394 3625 Dominus
2423 3586 2547 3626 cum
2576 3571 2950 3628 diversitatem
2997 3573 3138 3628 inter
3185 3590 3246 3628 se

1639 3659 1916 3715 hominum
1947 3662 2296 3732 designaret,
2320 3661 2410 3731 qni
2443 3663 2578 3716 nihil
2612 3663 2816 3717 habent
2848 3665 2989 3716 inter
3013 3677 3072 3716 se
3101 3665 3246 3732 quod

1642 3754 1814 3821 possit
1845 3753 1911 3806 ad
1943 3754 2205 3807 unitatem
2244 3753 2536 3807 individua:
2575 3755 2896 3809 substantia:
2921 3754 3195 3824 pertinere
3232 3775 3245 3810 :

1637 3845 1705 3901 In
1735 3847 1844 3916 leqe
1869 3855 2056 3910 vestra,
2089 3847 2263 3916 inquit
2292 3887 2306 3910 ,
2339 3848 2588 3916 scriptum
2613 3857 2711 3913 est,
2753 3834 2889 3916 quod
2920 3849 3140 3901 duorum
3157 3849 3247 3902 lto-

1637 3937 1833 3991 minum
1863 3937 2213 3990 testimonium
2237 3954 2408 3990 verum
2433 3948 2504 3990 est
2528 3937 2713 4006 (Joan.
2741 3954 2854 4001 \‘lll,
2887 3940 3000 4008 17).
3029 3939 3095 3993 Et
3123 3955 3245 3996 cum

1640 4027 1990 4098 prtemisisset
2035 4044 2046 4079 :
2106 4025 2346 4080 Duorum
2375 4029 2644 4081 hominum
2683 4029 3030 4081 testimonium
3069 4046 3244 4085 verum

1637 4130 1745 4184 est;
1778 4119 1867 4173 ubi
1904 4119 2052 4172 venit
2079 4119 2145 4172 ad
2196 4135 2350 4173 suum
2391 4129 2447 4174 et
2497 4119 2676 4173 Patris
2706 4117 3103 4186 testimonium,
3134 4137 3241 4176 non

1636 4214 1806 4268 dixit:
1837 4213 2036 4268 Verum
2062 4222 2146 4268 est
2171 4213 2538 4268 testiinonium
2565 4225 2834 4278 nostrum,
2861 4214 2982 4284 quia
3006 4213 3242 4270 duorum

1637 4307 1864 4362 deorum
1900 4306 2271 4362 testimonium
2300 4318 2417 4371 est;
2444 4308 2569 4362 sed:
2608 4307 2744 4381 Ego,
2779 4307 2986 4378 inquit,
3022 4323 3136 4360 sum
3158 4310 3244 4376 qui

1637 4404 1984 4458 testimonium
2018 4406 2259 4474 perhibeo
2291 4404 2353 4459 de
2381 4421 2460 4458 nte
2486 4407 2630 4474 ipso,
2657 4415 2707 4459 et
2739 4404 3084 4460 testimonium
3113 4419 3244 4473 per-

1640 4496 1775 4549 hibet
1803 4496 1866 4549 de
1907 4513 2006 4563 me,
2052 4498 2141 4567 qui
2171 4497 2309 4551 misit
2333 4513 2446 4558 me,
2481 4495 2680 4568 Pater(
2708 4495 2872 4561 Ibid.,
2906 4494 3028 4566 18).
3061 4493 3239 4563 Supra

248 4620 408 4675 φιεε
447 4605 748 4660 diversa;
813 4605 1176 4674 discrelzeilue
1215 4606 1536 4661 substantiae
1561 4588 1616 4648 D
1641 4604 1857 4660 quoque
1880 4589 2132 4644 similiter
2154 4591 2258 4644 ait:
2287 4588 2352 4642 Et
2383 4588 2622 4662 sijudico
2651 4605 2764 4659 ego,
2791 4588 3052 4658 judicium
3073 4601 3242 4639 meum

205 4709 218 4751 t
249 4739 268 4762 ,
317 4699 703 4772 ἑτερουσία.
745 4698 932 4768 quue
963 4699 1014 4752 in
1043 4698 1352 4752 Salomonis
1385 4699 1537 4753 libris

212 4807 460 4846 essum
502 4832 521 4855 ,
566 4807 656 4845 eo
698 4791 851 4846 loco
883 4790 1092 4844 scilicet
1121 4789 1174 4844 in
1207 4805 1314 4860 quo
1362 4789 1492 4844 dicit
1522 4810 1534 4845 :

205 4901 261 4936 νη
299 4884 776 4954 impossibilia
826 4883 1147 4955 intelligere,
1193 4893 1242 4937 et
1295 4893 1538 4953 quartum

207 4991 358 5028 »δι-ο
399 4992 428 5040 ;
465 4976 764 5048 vestigia
805 4975 1002 5045 aquin
1046 4975 1263 5029 volantis
1289 5015 1305 5039 ,
1350 4987 1396 5030 et
1429 4977 1538 5029 vias

205 5079 488 5133 -etram,
507 5076 574 5120 et
592 5069 873 5122 semitas
889 5069 1034 5122 nauis
1047 5069 1356 5137 navigantis,
1373 5078 1419 5122 et
1432 5069 1540 5123 vias

254 5158 520 5231 (Prov.
585 5174 744 5214 xxx
787 5201 809 5224 ,
861 5159 1107 5230 18,19).
1139 5159 1334 5226 Utique
1361 5163 1538 5230 aquila

217 5266 427 5318 pens
474 5251 707 5306 unius
775 5267 899 5305 non
951 5261 1077 5304 sunt
1127 5251 1345 5319 generis
1381 5259 1541 5321 atque

226 5345 615 5400 lﬂerenlis
655 5344 1073 5409 diser-eumue
1105 5345 1455 5410 substantiae,
1488 5357 1543 5399 et

265 5441 566 5494 Contra
615 5453 705 5493 se
739 5440 930 5509 igitur
952 5452 1046 5491 sua
1079 5451 1200 5492 esse
1233 5438 1540 5508 intelligunt

258 5531 532 5584 ‘DOIIiiS
571 5516 1084 5599 Scripturarnm.

269 5622 504 5678 tendo
576 5623 830 5677 Patris
859 5632 916 5678 et
941 5623 1065 5678 Filii
1097 5625 1391 5681 discretam
1418 5639 1541 5678 esse

287 5735 401 5788 llCi
429 5773 452 5796 ,
489 5734 570 5786 in
616 5751 895 5788 carnem
932 5737 1150 5789 venisse.

348 5843 368 5869 ,
415 5821 543 5858 vos
586 5807 832 5858 salvos
868 5805 998 5864 ﬁeri.

1642 4697 1815 4736 verum
1845 4691 1951 4745 est,
2007 4683 2127 4751 quia
2157 4682 2298 4736 solus
2337 4697 2438 4734 non
2477 4697 2625 4744 sunt,
2661 4681 2750 4732 sed
2778 4696 2870 4751 ego
2914 4689 2963 4732 et
2995 4679 3083 4748 qui
3104 4678 3248 4732 misit

1642 4790 1720 4827 me
1751 4772 1906 4826 Pater
1931 4774 1950 4846 (
1971 4773 2136 4840 lbid.,
2170 4773 2282 4842 16).
2320 4773 2502 4843 Itaque
2531 4782 2586 4827 ct
2618 4772 2752 4826 infra
2783 4783 2838 4826 ut
2870 4786 3032 4841 supra
3063 4779 3118 4826 et
3148 4771 3249 4826 Pa-

1641 4880 1778 4924 tretn
1811 4868 2139 4938 signiﬁcavit
2169 4878 2224 4922 et
2255 4867 2477 4932 Filium,
2527 4881 2626 4921 nec
2650 4866 3014 4935 pluralitatem
3041 4865 3248 4920 admis-

1641 4963 1776 5026 cuit,
1807 4975 1908 5015 nec
1935 4960 2132 5014 divina:
2162 4960 2423 5013 unitatem
2453 4958 2774 5012 substantia:
2804 4957 3096 5024 separavit.

1718 5051 1808 5106 46.
1852 5051 2092 5106 Evidens
2123 5061 2204 5106 est
2246 5051 2410 5120 igitur
2447 5049 2572 5118 quia
2624 5049 2768 5117 quod
2804 5049 2964 5102 unius
3007 5059 3090 5104 est
3118 5049 3247 5103 sub-

1645 5147 1882 5208 stantiae,
1914 5145 2155 5214 separari
2192 5160 2296 5200 non
2330 5153 2541 5216 potest,
2584 5143 2798 5198 etiamsi
2830 5160 2938 5198 non
2970 5144 3042 5198 sit
3065 5145 3249 5212 singu-

1647 5239 1914 5301 laritatis,
1967 5237 2065 5293 sed
2096 5237 2338 5292 unitatis.
2393 5235 2840 5306 Singularitatem
2900 5237 3036 5290 hanc
3089 5235 3243 5298 dico,

1647 5347 1768 5401 qua:
1785 5329 1976 5385 Graece
2002 5336 2212 5402 μονοτὴς
2234 5329 2457 5384 dicitur.
2479 5329 2843 5395 Singularitas
2871 5326 2935 5380 ad
2963 5341 3251 5396 personam

1652 5421 1923 5493 pertinet,
1974 5422 2148 5475 unitas
2184 5422 2248 5475 ad
2282 5430 2553 5476 naturam.
2605 5419 2679 5474 Ea
2709 5435 2840 5472 vero
2868 5435 2988 5488 qute
3020 5420 3250 5472 diversee

1649 5515 1968 5570 substantiae
1997 5525 2142 5580 sunt,
2173 5529 2279 5567 non
2317 5515 2492 5568 solum
2525 5529 2718 5577 unum,
2765 5511 2857 5566 sed
2883 5512 3046 5566 etiam
3099 5511 3252 5580 plura

1649 5606 1753 5660 dici
1784 5607 1984 5671 solere,
2027 5617 2047 5641 ε
2082 5606 2203 5658 licet
2231 5604 2342 5672 jam
2377 5615 2429 5658 et
2464 5605 2786 5673 prophetico
2819 5604 3074 5656 clartterit
3103 5603 3254 5657 testi-
3311 5592 3314 5595 ’

1733 5747 1752 5773 ε
1798 5737 1926 5789 Mss.
1963 5736 2200 5804 aliquot,
2231 5737 2343 5789 licet
2376 5740 2526 5791 etiam
2553 5755 2616 5792 ea:
2645 5738 2958 5800 praphctico:
