3948 6172
503 201 608 256 665

1821 196 2065 253 S.\NC'I'I
2107 198 2424 255 AMBROSII

3657 202 3666 208 ⁷
3687 201 3783 256 664

500 321 631 373 vado
659 361 673 385 ,
721 328 767 372 et
796 321 1148 387 quodcumque
1174 319 1236 371 ab
1274 334 1333 372 eo
1363 318 1612 386 petieritis
1642 319 1694 371 in
1723 319 1928 372 nomine
1949 334 2057 372 meo
2078 360 2091 382 ,
2124 317 2170 377 A
2199 332 2304 386 que
2349 326 2403 373 et
2433 316 2646 371 Patrem
2677 359 2691 380 ,
2743 325 2799 370 ιιι
2841 315 3084 372 humano
3117 328 3214 371 usu
3272 317 3556 388 loquamur
3575 355 3589 384 ,
3620 317 3783 372 Filius

501 414 598 466 hoc
653 413 840 482 faciam
889 409 1084 479 (Joan.
1135 426 1268 474 xlv,
1320 412 1408 474 12,
1464 411 1594 480 l3).
1653 410 1708 466 Si
1754 411 1897 465 enim
1948 409 2090 480 quod

501 504 660 558 Pater
690 504 819 558 dare
863 511 1038 574 potest
1068 544 1082 566 ,
1119 502 1285 558 Filius
1335 519 1440 559 non
1497 513 1720 574 potest,
1755 504 1976 560 mentita
2011 513 2095 560 est

501 610 633 665 ergo
663 595 862 651 veritas
886 637 902 661 ,
951 607 1004 651 et
1055 613 1158 651 non
1191 606 1370 668 potest
1399 597 1580 652 facere
1625 597 1883 668 quidquid
1919 599 1970 652 in
1999 612 2094 652 no-

501 690 644 742 mine
676 687 792 758 ejus
847 689 1007 744 Pater
1047 688 1213 744 fuerit
1244 691 1580 745 obsecratus.
1623 690 1730 745 Nec
1785 691 1930 746 enim
1973 690 2094 745 ideo

497 780 631 835 dixit
666 799 677 834 :
714 781 908 848 Quibus
935 791 1169 852 paratum
1198 793 1273 838 est
1322 800 1353 836 a
1376 782 1538 838 Patre
1567 800 1675 837 meo
1700 825 1714 849 ,
1760 792 1816 837 ιιι
1861 792 2096 839 tantum-

500 873 664 927 modo
693 889 723 926 a
750 873 911 930 Patre
954 884 1208 944 poscatur
1239 895 1251 930 :
1289 891 1410 929 nam
1455 876 1633 930 omnia
1677 892 2033 946 quaecumque
2065 892 2092 930 a

501 966 660 1020 Patre
709 964 907 1020 fuerint
937 967 1207 1034 postulata
1230 1006 1245 1034 ,
1280 984 1340 1022 se
1368 966 1571 1021 donare
1620 969 1962 1023 memoravit.
1995 968 2095 1023 De-
2125 990 2128 992 ·

501 1059 662 1124 niqnc
697 1074 799 1112 non
833 1058 968 1112 dixit
997 1077 1007 1110 :
1032 1058 1425 1128 Quodcumque
1454 1073 1492 1112 a
1512 1075 1598 1114 me
1629 1059 1912 1128 petieritis,
1939 1069 1962 1095 τι
1995 1059 2095 1114 hoc

501 1152 690 1204 faciam
718 1168 732 1216 ;
760 1151 853 1204 sed
886 1167 900 1206 :
937 1149 1302 1221 Quodcumque
1329 1150 1391 1204 ab
1435 1167 1493 1205 eo
1521 1151 1768 1228 petieritis
1796 1153 1847 1204 in
1895 1153 2097 1206 nomine

501 1261 611 1297 meo
639 1286 652 1308 ,
690 1243 785 1298 hoc
812 1245 1022 1314 faciam.

1117 1339 1342 1394 CAPUT
1405 1338 1490 1393 Vl.

504 1455 806 1509 Accuratius
832 1457 1149 1526 propositam
1170 1457 1430 1510 soluturus
1453 1457 1810 1530 objectionem,
1840 1460 2098 1512 contendit

578 1558 910 1601 memoratam
941 1549 1236 1618 petitionem
1273 1589 1286 1612 ,
1334 1549 1377 1602 si
1423 1550 1577 1601 modo
1605 1549 1657 1602 in
1685 1565 1738 1602 se
1765 1549 2098 1619 impossibilis

573 1658 675 1693 non
704 1642 804 1711 fuit
831 1685 845 1707 ,
901 1641 1194 1712 possibilem
1242 1641 1404 1712 fuisse
1431 1640 1676 1707 Christo;
1726 1644 1950 1696 maxime
1985 1659 2097 1696 cum

575 1735 676 1802 ipsi
704 1750 852 1787 omne
865 1735 1131 1801 judicium
1175 1734 1332 1788 Pater
1356 1735 1555 1789 dederit
1582 1776 1596 1802 ,
1651 1737 1787 1805 quod
1835 1737 1943 1789 sine
1991 1736 2099 1789 ulla

577 1828 984 1896 imperfectionis
1034 1837 1156 1880 nota
1207 1827 1618 1897 intelligendum.
1671 1830 1906 1881 Attamen
1963 1827 2097 1881 ident

575 1920 890 1990 postulatum
944 1919 1078 1972 inter
1144 1919 1489 1987 impossibilia
1535 1921 1845 1973 censendum
1895 1919 2093 1987 probat.

578 2010 728 2074 Quod
787 2022 840 2064 ut
885 2011 1093 2064 omnino
1123 2020 1252 2065 esset
1304 2010 1581 2078 possibile,
1632 2020 1754 2065 tunc
1801 2027 2099 2082 responsum

573 2103 765 2157 Christi
796 2104 1076 2158 secundum
1128 2114 1368 2158 naturam
1415 2104 1692 2157 humanam
1740 2102 2099 2173 accipiendum

577 2196 733 2248 tradit
763 2238 777 2261 ,
803 2211 863 2248 ac
885 2196 986 2249 loci
1012 2195 1358 2262 explicatione
1385 2193 1633 2248 declarat.
1660 2191 1894 2261 Denique
1915 2193 2098 2246 iterum

575 2306 723 2340 suout
765 2288 1039 2358 conﬁrmat
1085 2287 1150 2340 de
1193 2287 1437 2340 sessionis
1483 2285 1645 2358 hujus
1690 2284 2101 2354 impossibilitate

577 2381 978 2450 responsionem.

575 2539 664 2591 68.
715 2537 910 2605 Quaero
942 2551 1085 2592 nunc
1109 2545 1290 2591 utrum
1327 2535 1590 2606 possibile
1615 2535 1817 2604 aliquid
1849 2533 2098 2589 humana:

501 2631 845 2698 conditioni,
912 2639 1002 2684 aut
1051 2631 1209 2686 alicui
1275 2637 1584 2696 creaturae,
1642 2645 1712 2684 an
1764 2629 2100 2698 impossibile

503 2731 696 2792 putent
739 2738 768 2775 a
810 2722 1060 2778 Zebedaei
1099 2723 1329 2794 coniuge
1359 2732 1414 2778 et
1461 2721 1586 2777 ﬁliis
1631 2721 1960 2792 postulatum
1988 2721 2011 2775 ’ἶ
2042 2721 2097 2777 Si

503 2816 766 2885 possibile
815 2857 828 2881 ,
885 2817 1161 2886 quomodo
1217 2818 1282 2870 ad
1337 2816 1613 2871 sinistram
1669 2830 1820 2869 suam
1893 2816 1979 2870 vel
2030 2820 2097 2872 ad

503 2908 786 2962 dexteram
837 2909 1213 2978 impertiendte
1264 2909 1526 2978 apostolis
1569 2907 1713 2963 sedis
1759 2923 1865 2962 non
1915 2907 2100 2964 habuit

507 3009 831 3071 potestatem
859 3042 874 3066 ,
902 3002 995 3070 qui
1032 3003 1214 3056 omnia
1261 3001 1389 3056 leeit
1433 3016 1553 3056 esse
1575 3043 1590 3067 ,
1625 3018 1744 3072 qua:
1775 3016 1880 3057 non
1912 3003 2100 3058 erant?

2198 406 2410 462 medius
2442 407 2729 476 reperitttr.

2271 501 2356 555 7‘2.
2385 502 2501 556 Non
2542 517 2673 573 ergo
2713 502 2972 573 possibile
3001 503 3206 557 homini
3236 502 3438 573 aliquid
3469 503 3748 574 petebatur
3770 546 3785 570 ,

2196 592 2289 647 sed
2322 593 2496 647 noluit
2549 593 2732 649 dicere
2773 593 2912 664 quod
2945 593 3193 648 homines
3223 593 3415 648 sedere
3452 609 3631 649 secum
3688 612 3785 649 nun

2198 688 2445 755 possint;
2493 685 2538 739 si
2591 686 2808 757 quidem
2843 687 3081 740 divinam
3131 702 3286 741 suam
3319 687 3551 757 gloriam
3589 689 3784 750 celari.

2198 780 2512 849 priusquam
2545 789 2853 850 resurgeret
2881 822 2896 845 ,
2929 794 3036 833 non
3069 779 3334 849 divulgari
3359 782 3630 848 Cupiebat.
3661 781 3788 836 Nam

2196 881 2252 924 et
2277 885 2434 940 supra
2460 886 2580 927 cum
2605 872 2750 927 inter
2777 871 3014 925 famulos
3034 886 3159 926 suos
3183 872 3402 944 Moysen
3429 880 3486 928 et
3510 873 3678 928 Eliam
3703 889 3790 944 ap-

2199 963 2469 1031 paruisset
2501 963 2552 1016 in
2596 963 2764 1034 gloria
2785 1004 2798 1026 ,
2833 973 3115 1018 monuerat
3144 963 3474 1033 discipulos,
3510 982 3578 1020 ne
3604 967 3686 1021 cui
3718 967 3785 1022 di-

2197 1068 2383 1112 cerent
2407 1100 2422 1123 ,
2467 1057 2609 1127 quod
2635 1056 2900 1112 vidissent
2929 1057 2948 1128 (
2979 1057 3169 1112 Matth.
3199 1074 3312 1113 xvn
3339 1099 3354 1124 ,
3389 1059 3490 1131 9).

2270 1151 2357 1204 75.
2390 1150 2576 1220 Itaque
2605 1150 2648 1204 si
2703 1150 2963 1218 possibile
3017 1165 3126 1204 non
3173 1163 3291 1206 erat
3347 1150 3658 1208 hominibus
3710 1154 3792 1207 vel

2198 1245 2469 1300 creaturis
2523 1245 2736 1300 ueteris
2786 1245 2887 1300 hoc
2943 1245 3188 1312 mereri,
3244 1261 3350 1300 non
3414 1245 3577 1300 debet
3630 1245 3794 1302 videri

2199 1339 2368 1395 Filius
2394 1339 2569 1394 minus
2593 1353 2754 1409 posse
2785 1381 2800 1402 ,
2842 1343 2967 1409 quia
3008 1355 3114 1394 non
3143 1339 3292 1394 dedit
3321 1339 3587 1406 apostolis
3610 1382 3625 1404 ,
3657 1339 3796 1411 quod

2201 1446 2301 1486 nec
2341 1431 2502 1487 Pater
2545 1432 2854 1487 hominibus
2902 1432 2986 1486 vel
3034 1430 3302 1486 creaturis
3353 1433 3573 1487 cmteris
3633 1431 3796 1486 dedit.

2203 1528 2305 1580 Aut
2352 1525 2534 1581 dicant
2581 1527 2668 1581 cui
2726 1527 2918 1580 horum
2978 1524 3191 1581 dederit
3231 1525 3414 1581 Pater.
3465 1523 3584 1579 Non
3624 1526 3801 1594 utique

2199 1617 2428 1686 angelis,
2463 1614 2533 1670 de
2561 1615 2756 1686 quibus
2783 1615 3060 1684 Scriptura
3093 1612 3225 1669 dicit
3249 1614 3374 1682 quia
3404 1627 3600 1668 omnes
3631 1613 3803 1682 angeli

2132 1715 2178 1773 B
2206 1711 2421 1764 stabant
2446 1711 2496 1763 in
2530 1709 2758 1764 circuitu
2786 1707 2933 1763 sedis
2972 1707 3176 1778 (Apoc.
3229 1722 3301 1761 vlt
3331 1746 3346 1771 ,
3392 1707 3453 1760 Η
3486 1706 3530 1778 ).
3563 1707 3805 1775 Denique

2203 1802 2421 1858 Gabriel
2452 1818 2512 1857 se
2541 1811 2687 1857 stare
2713 1801 2872 1867 dixit,
2901 1803 3042 1856 sicut
3073 1800 3273 1855 habes:
3300 1797 3414 1871 Ego
3436 1816 3552 1853 sum
3576 1798 3802 1861 Gabriel,

2201 1898 2290 1966 qui
2313 1907 2424 1950 asto
2463 1907 2582 1950 ante
2602 1895 2880 1950 Dominum
2905 1899 2922 1966 (
2946 1893 3074 1948 Luc.
3108 1911 3160 1963 t,
3192 1895 3259 1949 i9
3285 1894 3326 1964 ).

2277 1989 2364 2043 74.
2404 1990 2521 2044 Non
2547 2006 2677 2060 ergo
2705 1989 2916 2060 angelis
2941 2031 2954 2054 ,
2984 2003 3091 2043 non
3124 1986 3436 2043 senioribus
3463 1985 3558 2056 qui
3582 1985 3810 2040 adorant

2201 2083 2532 2147 sedentem;
2588 2083 2664 2137 illi
2697 2084 2841 2138 enim
2898 2096 3004 2137 non
3056 2096 3222 2151 super
3261 2079 3448 2135 sedem
3505 2079 3811 2148 majestatis

2202 2174 2428 2229 sedent:
2471 2175 2568 2229 sed
2595 2216 2609 2240 ,
2655 2184 2714 2229 ut
2764 2174 3199 2244 dixitScriptura
3227 2214 3242 2241 ,
3269 2173 3322 2227 in
3355 2172 3591 2226 circuitu
3619 2171 3807 2233 sedis;

2201 2269 2360 2324 sedes
2386 2270 2532 2324 enim
2560 2269 2681 2323 alia:
2706 2269 2895 2340 viginti
2924 2278 2982 2325 et
3004 2281 3236 2340 quatuor
3265 2276 3392 2322 sunt
3418 2309 3434 2332 ,
3468 2277 3526 2322 ut
3557 2265 3734 2322 habes
3761 2267 3810 2321 in

2203 2362 2528 2434 Apocalypsi
2569 2361 2835 2417 Joannis:
2871 2360 2939 2414 Et
2960 2377 3121 2434 supra
3161 2360 3330 2416 sedem
3376 2359 3560 2430 viginti
3587 2368 3812 2424 quatuor

2204 2457 2426 2512 seniores
2451 2457 2684 2511 sedentes
2713 2457 2732 2527 (
2754 2458 2916 2526 Apoc.
2947 2469 3026 2520 tv,
3049 2454 3084 2508 ι
3108 2454 3146 2525 ).
3179 2453 3233 2508 In
3268 2453 3566 2524 Evangelio
3594 2468 3812 2522 quoque

2204 2549 2319 2618 ipse
2358 2549 2614 2604 Dominus
2643 2548 2778 2604 dicit
2833 2565 2846 2602 :
2898 2546 3027 2601 Cum
3066 2546 3255 2601 sederit
3284 2545 3457 2600 Filius
3507 2545 3719 2600 homnis
3765 2546 3814 2598 in

2200 2643 2320 2694 sede
2345 2641 2628 2712 majestatis
2656 2655 2796 2704 sum,
2825 2639 3064 2695 sedebitis
3091 2649 3140 2694 et
3169 2640 3268 2706 ipsi
3299 2655 3456 2706 super
3491 2639 3645 2693 sedes
3689 2639 3815 2692 duo-

2203 2733 2384 2798 decim,
2404 2733 2702 2802 judicantes
2728 2733 3002 2788 duodecim
3030 2733 3191 2786 tribus
3214 2729 3384 2786 Israel
3411 2731 3430 2802 (
3453 2730 3650 2784 Matth.
3706 2746 3811 2794 xIx,

2205 2825 2274 2879 28
2298 2826 2336 2894 ).
2368 2824 2484 2880 Non
2520 2841 2650 2896 ergo
2675 2826 2822 2882 sedis
2865 2841 2977 2880 sua:
3008 2826 3145 2881 dixit
3186 2825 3447 2895 apostolis
3484 2824 3600 2878 dari
3659 2839 3815 2895 posse

2203 2917 2573 2985 consortium,
2627 2918 2722 2972 sed
2770 2918 2906 2972 alias
2937 2918 3057 2974 illas
3103 2917 3263 2974 sedes
3307 2932 3430 2973 esse
3473 2916 3808 2980 duodecim;

2203 3022 2339 3078 quas
2385 3017 2564 3064 tamen
2607 3026 2713 3064 non
2767 3025 2867 3080 pro
2920 3011 3196 3082 corporali
3225 3025 3486 3067 consessu
3520 3051 3534 3074 ,
3578 3011 3680 3067 sed
3721 3025 3811 3082 pro

503 3099 612 3150 Aut
651 3097 926 3165 quomodo
957 3111 1061 3150 non
1113 3105 1326 3167 poterat
1347 3096 1596 3165 judicare
1637 3096 1705 3152 de
1754 3098 1962 3153 meritis
2003 3096 2099 3150 bo-
2129 3100 2172 3163 C
2207 3114 2463 3156 successu
2505 3100 2766 3171 spiritalis
2804 3102 2991 3172 gratia.-
3023 3101 3294 3156 aestimare
3339 3100 3632 3156 debemus.

506 3189 712 3243 minum
742 3228 758 3251 ,
793 3189 882 3242 cui
931 3188 1088 3244 Pater
1119 3188 1267 3244 dedit
1297 3189 1742 3259 omnejudicium
1773 3191 1796 3244 ?

575 3280 664 3336 69.
697 3279 893 3335 Notum
919 3291 1004 3336 est
1044 3282 1499 3350 quemadmodum
1555 3282 1768 3338 dederit
1799 3281 1997 3356 (Joan.
2044 3300 2097 3347 v,

505 3372 616 3442 22)
651 3391 664 3427 :
697 3387 820 3428 nam
849 3375 1124 3444 quomodo
1171 3376 1326 3445 quasi
1360 3375 1608 3446 indigens
1638 3379 1850 3446 accepit
1878 3377 2051 3432 Filius
2079 3417 2095 3443 ,

503 3466 595 3536 qui
621 3465 804 3520 omnia
832 3467 1038 3521 creavit
1066 3483 1130 3522 ex
1161 3467 1332 3521 nihilo
1361 3467 1384 3521 ?
1410 3467 1648 3536 Quorum
1680 3469 1842 3539 igitur
1880 3477 2100 3525 naturas

501 3564 710 3617 fecerat
735 3602 752 3628 ,
779 3575 966 3616 eorum
991 3561 1256 3632 judicium
1287 3577 1393 3617 non
1424 3562 1701 3617 habebat?
1734 3563 1888 3618 Dedit
1918 3573 2097 3619 autem

503 3655 669 3712 Pater
717 3655 858 3710 Filio
909 3672 1072 3718 omne
1116 3656 1425 3726 judicium;
1483 3657 1551 3712 Ut
1613 3674 1825 3720 omnes,
1879 3659 2096 3729 inquit,

503 3749 840 3819 honoriﬁcent
872 3747 1088 3814 Filium,
1119 3749 1248 3803 sicut
1276 3749 1618 3819 honoriﬁcam
1647 3748 1856 3803 Patrem
1885 3751 1902 3818 (
1928 3749 2095 3818 Ibid.,

504 3842 638 3912 25).
671 3841 784 3897 Non
818 3843 983 3914 igitur
1027 3843 1264 3913 potentia
1297 3842 1418 3897 Filii
1451 3884 1464 3909 ,
1505 3842 1598 3898 sed
1643 3844 1878 3912 cognitio
1916 3853 2098 3898 nostra

505 3935 756 4004 proﬁcit:
791 3951 964 4007 neque
993 3936 1198 4007 aliquid
1229 3935 1296 3992 ad
1326 3937 1849 4010 substantiamssﬁ,
1872 3939 1988 4008 ejus
2011 3953 2100 3993 ac-

504 4029 670 4098 cedit,
704 4030 797 4086 sed
813 4031 878 4086 ad
903 4039 1142 4086 nostram
1164 4031 1472 4098 utilitatem,
1495 4032 1640 4103 quod
1661 4049 1688 4085 a
1718 4033 1876 4087 nobis
1899 4047 2100 4105 cogito.-

503 4123 706 4187 scitur;
739 4132 796 4178 ut
821 4123 1200 4194 cognoscendo
1227 4123 1325 4180 Dei
1353 4123 1573 4192 Filium,
1606 4124 1768 4179 vitam
1802 4123 2127 4181 habeamus‘

505 4224 767 4271 aeternam
810 4215 1010 4288 (Joan.
1045 4232 1178 4284 xvn,
1211 4218 1244 4270 5
1267 4217 1346 4285 ).ο

575 4310 661 4366 70.
693 4308 828 4365 Cum
855 4317 1032 4364 autem
1061 4310 1113 4364 in
1136 4309 1448 4380 cognitione
1469 4310 1591 4366 Filii
1614 4311 1711 4367 Dei
1734 4312 1908 4368 honor
1930 4313 2094 4380 illius,

503 4413 692 4460 noster
732 4413 912 4457 autem
941 4416 1048 4456 non
1081 4401 1222 4456 illius
1248 4403 1323 4456 sit
1358 4402 1634 4474 profectus
1659 4445 1675 4470 ,
1718 4405 1763 4459 si
1795 4404 1918 4474 quis
1947 4416 2096 4474 putat

2273 3193 2363 3248 75.
2413 3193 2658 3264 Denique
2728 3195 2780 3248 in
2809 3193 2950 3249 libro
3007 3192 3316 3264 Regnorum
3362 3192 3502 3247 dixit
3554 3192 3810 3248 Michteas

2203 3287 2462 3357 propheta
2487 3305 2498 3339 :
2530 3287 2653 3341 Vidi
2684 3287 2962 3342 Dominum
2990 3287 3151 3341 Deunt
3177 3286 3346 3342 Israel
3368 3286 3636 3342 sedentem
3658 3303 3810 3356 super

2203 3381 2443 3433 thronum
2468 3397 2640 3446 suum,
2664 3391 2712 3435 et
2738 3382 2904 3435 omnis
2930 3381 3117 3435 militia
3143 3382 3256 3436 ειειὶ
3283 3381 3450 3435 stabat
3477 3381 3624 3435 circa
3671 3397 3807 3446 eum,

2200 3473 2270 3526 ad
2293 3473 2554 3527 dexteram
2579 3475 2692 3542 ejus
2724 3483 2769 3528 et
2795 3475 2864 3527 ad
2893 3473 3157 3528 sinistram
3185 3474 3202 3544 (
3234 3472 3302 3528 ΙΙΙ
3335 3472 3465 3542 Reg.
3498 3488 3640 3540 xx",
3669 3473 3738 3530 I9
3767 3476 3803 3544 ).

2201 3564 2485 3632 Quomodo
2531 3565 2694 3634 igitur
2723 3565 2995 3621 stantibus
3037 3565 3244 3636 angelis
3271 3563 3338 3620 ad
3386 3565 3678 3620 dexteram
3725 3566 3805 3621 vel

2201 3656 2268 3709 ad
2292 3657 2567 3712 sinistram
2593 3658 2803 3712 Domini
2833 3657 2954 3722 Dei,
2979 3665 3160 3713 stante
3181 3657 3328 3712 omni
3358 3657 3547 3711 militia
3569 3659 3806 3723 cmlesti,

2201 3747 2463 3802 sedebunl
2492 3749 2738 3805 homines
2753 3749 2818 3804 ad
2843 3749 3122 3804 dexteram
3154 3749 3273 3816 Dei,
3299 3749 3382 3804 vel
3409 3748 3474 3803 ad
3501 3748 3804 3814 sinistram,

2202 3841 2398 3912 quibus
2455 3857 2552 3910 pro
2601 3843 2816 3896 virtutis
2868 3842 3092 3913 pra‘ntio
3131 3841 3449 3910 angelorum
3501 3841 3807 3896 similitudo

2203 3935 2541 4002 promittitur
2567 3977 2580 3999 ,
2631 3937 2773 3989 sicut
2816 3935 3076 3988 Dominus
3123 3932 3302 3988 dicit:
3355 3930 3518 3986 Eritis
3549 3933 3687 3986 sicut
3707 3949 3804 4012 ,αη-

2201 4029 2303 4097 geli
2327 4029 2379 4081 in
2405 4029 2531 4082 εοειο
2560 4028 2578 4096 (
2604 4027 2798 4083 Matth.
2855 4043 2968 4083 xxu
2993 4069 3009 4092 ,
3039 4025 3147 4098 50)
3173 4028 3196 4080 ?
3226 4027 3374 4083 Sicut
3404 4028 3578 4098 angeli
3602 4067 3619 4092 ,
3651 4028 3800 4090 dicit,

2203 4134 2312 4175 non
2347 4122 2464 4190 plus
2493 4137 2651 4191 qttam
2682 4123 2885 4192 angeli.

2275 4211 2364 4268 76.
2421 4213 2477 4269 Si
2527 4229 2658 4284 ergo
2689 4213 2822 4268 nihil
2855 4214 2973 4286 plus
3015 4214 3164 4270 dedit
3187 4214 3349 4270 Pater
3391 4229 3553 4286 quam
3587 4215 3760 4271 Filius
3786 4257 3802 4281 ,

2201 4306 2336 4360 nihil
2366 4308 2553 4376 utique
2599 4309 2777 4362 minus
2803 4308 2956 4362 dedit
3000 4307 3169 4364 Filius
3214 4323 3375 4378 quam
3425 4307 3586 4362 Pater
3620 4326 3633 4362 :
3671 4309 3802 4362 nihil

2202 4399 2368 4469 igitur
2412 4400 2593 4454 minus
2623 4399 2794 4454 Filius
2831 4410 3012 4471 potest
3050 4417 3212 4467 quam
3259 4401 3442 4456 Pater.

498 4499 621 4569 quia
655 4497 752 4552 Dei
780 4496 953 4551 virtus
981 4495 1073 4550 illo
1102 4494 1307 4550 honore
1334 4495 1640 4551 cumulatur
1674 4538 1688 4561 ,
1750 4511 1977 4554 necesse
2013 4509 2097 4555 est
2122 4487 2176 4547 D
2271 4494 2359 4547 77.
2410 4494 2599 4549 Ponite
2645 4504 2822 4549 tamen
2874 4494 3132 4566 possibile
3174 4495 3462 4566 impetraui
3492 4494 3802 4550 hominibus

495 4591 665 4647 etiam
697 4589 868 4645 Deum
898 4588 1114 4644 Patrem
1154 4587 1338 4642 credat
1367 4602 1527 4659 posse
1555 4588 1854 4654 cumulari;
1886 4592 2010 4660 quia
2041 4603 2095 4647 et

495 4683 614 4754 ipse
661 4698 756 4753 per
796 4681 1156 4752 cognitionem
1187 4689 1424 4736 nostram
1463 4679 1793 4736 clariﬁeatur
1831 4681 1970 4738 sicut
2001 4685 2094 4738 Fi-

493 4776 601 4831 lius
625 4820 638 4843 ,
668 4778 819 4844 juxta
849 4773 991 4844 quod
1020 4773 1280 4843 scriptum
1311 4783 1395 4828 est
1417 4815 1432 4837 ,
1492 4774 1708 4830 dicente
1745 4775 1882 4831 Filio
1914 4796 1926 4829 :
1978 4775 2092 4848 Ego

491 4878 542 4924 te
565 4869 850 4938 clariﬁcavi
875 4885 1028 4939 super
1065 4878 1255 4921 terram
1285 4867 1303 4937 (
1327 4866 1467 4921 Ibid.
1493 4909 1508 4932 ,
1534 4866 1625 4938 4).
1673 4867 1817 4939 Ergo
1844 4871 1887 4924 si
1918 4871 2090 4940 possi-

487 4959 604 5016 bile
630 4959 831 5032 aliquid
859 4969 980 5015 erat
1007 4959 1151 5030 quod
1179 4959 1482 5030 petebatur,
1518 4961 1570 5014 in
1603 4969 1869 5030 potestate
1909 4963 2094 5034 utique

491 5047 615 5106 Filii
670 5050 790 5106 fuit.

563 5142 652 5197 71.
685 5141 796 5197 Sed
829 5153 1008 5197 tamen
1031 5143 1342 5207 ostendant,
1377 5144 1420 5198 si
1451 5145 1711 5213 possibile
1742 5157 1970 5215 putant,
2000 5148 2092 5219 qui

480 5235 553 5290 de
575 5235 889 5290 hominibus
908 5246 1002 5290 aut
1024 5237 1237 5290 caeteris
1258 5238 1546 5301 creaturis,
1572 5247 1667 5293 aut
1685 5238 1751 5293 ad
1777 5240 2088 5306 dexteram,

483 5335 580 5382 aut
631 5329 696 5382 ad
749 5328 1024 5382 sinistram
1076 5327 1170 5382 Dei
1229 5328 1467 5393 sedeat;
1532 5330 1692 5385 Pater
1760 5334 1902 5387 enim
1953 5333 2086 5389 dicit

482 5416 628 5474 Filio
662 5437 674 5471 :
710 5419 847 5474 Sede
887 5420 954 5474 ad
979 5419 1246 5474 dexteram
1273 5435 1437 5473 meam
1469 5420 1657 5491 (Psal.
1687 5438 1774 5478 etx
1801 5465 1815 5489 ,
1851 5427 1873 5478 l
1903 5427 1943 5494 ).
1973 5424 2080 5479 lta-

483 5523 589 5576 que
620 5514 663 5565 si
695 5512 816 5581 quis
843 5512 908 5566 ad
931 5513 1208 5567 dexteram
1234 5513 1370 5567 Filio
1392 5514 1562 5580 sedet,
1590 5517 1732 5570 inter
1759 5516 1932 5585 ipsum
1973 5520 2078 5571 uti-

557 5631 580 5656 “
601 5623 736 5695 Mss.
765 5623 1012 5695 aliquot,
1047 5624 1143 5678 hoc
1168 5625 1325 5689 faciet
1351 5644 1369 5680 :
1411 5642 1574 5688 unus,
1619 5626 1713 5680 hoc
1743 5627 1922 5695 faciat.
1967 5627 2075 5685 Re-

483 5681 635 5758 liqui,
663 5708 724 5746 ae
769 5681 902 5746 edii.
946 5681 1291 5757 omttes,'ttee
1337 5713 1443 5752 non
1471 5681 1594 5752 cod.
1626 5681 1766 5752 sacr'i
1817 5681 2074 5768 quorum-

2199 4588 2360 4662 565
2389 4589 2529 4658 quod
2560 4599 2873 4658 posceretur
2901 4629 2915 4653 ,
2965 4587 3091 4659 quid
3139 4597 3224 4644 est
3252 4588 3395 4658 quod
3450 4589 3526 4642 ait
3557 4605 3570 4642 :
3606 4587 3801 4643 Sedere

2195 4693 2364 4736 autent
2403 4681 2471 4734 ad
2497 4680 2760 4736 dexteram
2807 4697 2973 4736 meam
3021 4681 3099 4735 vel
3137 4678 3213 4734 'ad
3262 4681 3525 4735 sinistram
3571 4695 3674 4732 non
3724 4688 3799 4733 est

2195 4793 2364 4830 meum
2385 4775 2508 4829 dare
2529 4773 2666 4828 vobis
2694 4771 2910 4843 (Matth.
2937 4789 3026 4838 xx,
3044 4772 3136 4844 25)
3155 4772 3178 4826 ?
3197 4771 3336 4838 Quid
3361 4781 3444 4827 est
3465 4787 3630 4826 meum
3651 4772 3676 4824 Ρ
3697 4769 3800 4826 Stt-

2197 4886 2290 4942 pra
2319 4870 2455 4923 dixit
2481 4885 2496 4922 :
2524 4865 2748 4921 Calicem
2778 4865 2984 4929 quident
3001 4881 3165 4919 meum
3190 4864 3391 4930 bibetis;
3414 4865 3549 4919 infra
3577 4865 3760 4934 posuit
3783 4881 3797 4918 :

2203 4962 2325 5018 Non
2375 4971 2448 5016 est
2478 4977 2642 5014 meum
2669 4960 2795 5014 dare
2815 4959 2958 5013 vobis
2992 4975 3012 5024 ,°
3057 4967 3116 5014 et
3142 4973 3303 5026 supra
3331 4974 3495 5012 meum
3525 4999 3540 5024 ,
3569 4967 3626 5012 et
3656 4957 3796 5012 infra

2197 5070 2364 5108 meum
2394 5052 2529 5107 dixit
2556 5094 2571 5119 ,
2609 5066 2709 5106 nec
2752 5051 3076 5106 immutavit.
3109 5049 3251 5120 Ergo
3277 5048 3564 5120 superiora
3594 5048 3796 5105 docent

2196 5154 2420 5215 prepter
2445 5143 2574 5214 quid
2601 5142 2802 5198 dixerit
2827 5157 3021 5195 meum.

2267 5239 2354 5293 78.
2432 5236 2674 5307 Rogatus
2720 5236 2866 5290 enim
2916 5251 2944 5289 a
3001 5234 3224 5290 muliere
3277 5233 3432 5304 quasi
3498 5233 3660 5289 homo
3693 5275 3709 5298 ,
3740 5243 3796 5288 ut

2193 5331 2260 5386 ad
2285 5331 2562 5386 dexteram
2588 5330 2669 5384 vel
2711 5330 2777 5384 ad
2808 5329 3084 5383 sinistram
3111 5342 3262 5382 suam
3288 5327 3432 5382 lilios
3455 5328 3575 5397 ejus
3600 5329 3793 5383 sedere

2191 5433 2467 5494 pateretur
2504 5423 2669 5486 ;quia
2721 5422 2806 5476 illa
2853 5424 3004 5491 quasi
3059 5420 3332 5475 hominem
3378 5431 3694 5487 rogaverat,
3739 5431 3793 5472 et

2193 5516 2454 5572 Dominus
2502 5515 2654 5582 quasi
2686 5514 3067 5569 tantummodo
3104 5513 3265 5567 homo
3295 5513 3364 5568 de
3391 5527 3487 5568 sua
3535 5509 3794 5584 passione

2187 5643 2418 5698 cumque
2443 5627 2760 5681 idiomatum
2789 5669 2804 5692 ,
2831 5629 2926 5684 hoc
2957 5631 3165 5697 facium.
