3948 6172
112 262 213 318 665

1480 262 1572 320 DE
1612 263 1773 322 FIDE
1811 265 1939 322 LIB.
1984 268 2047 323 γ.

3301 269 3406 328 666

103 373 382 446 respondit
417 393 430 428 :
484 373 704 430 Potestis
734 372 901 429 bibere
947 374 1157 430 calicem
1188 414 1204 441 ,
1234 390 1380 444 quem
1429 391 1526 445 ego
1570 375 1696 430 bibi-
1728 380 1781 441 Λ
1807 379 2028 451 legerim
2087 380 2373 452 Seraphim
2425 392 2567 439 stare
2591 384 2610 455 (
2636 382 2783 439 Esai.
2829 400 2920 451 vr,
2971 383 3045 456 ‘2)
3080 427 3095 450 ,
3129 385 3409 456 quomodo

101 479 242 521 tarus
264 484 381 521 sum
412 468 432 536 (
456 465 618 533 lbid.,
650 466 762 539 9.2)
789 467 813 521 ?
1166 522 1173 528 ,

164 560 250 616 79.
298 560 488 630 Itaque
525 561 650 632 quia
697 560 996 616 secundum
1054 574 1275 616 carnem
1326 559 1396 616 dc
1446 562 1699 633 passione

95 655 175 709 sui
199 654 459 725 corporis
510 654 870 725 loquebatur,
900 654 1275 709 demonstrare
1326 641 1498 709 voluit
1550 655 1695 726 quod

93 750 392 805 secundum
424 762 648 803 carnem
678 748 896 818 quidem
919 748 1217 804 subeunda:
1245 747 1512 817 passionis
1542 748 1697 804 nobis

92 841 401 911 exemplum
436 855 500 895 ac
554 839 967 895 similitudinem
997 839 1443 910 derelinqueret,
1500 855 1698 895 secun-

91 938 214 991 dum
266 935 564 990 humanam
611 944 793 989 autem
838 933 1210 990 conditionem
1256 948 1363 988 non
1406 933 1552 990 sedis
1606 949 1698 990 su-

94 1042 272 1097 perna:
302 1028 588 1083 consortia
619 1027 867 1083 donaret.
900 1027 1015 1082 Hoc
1051 1035 1138 1083 est
1167 1026 1317 1081 enim
1348 1026 1492 1097 quod
1520 1027 1692 1082 dixit:

95 1118 212 1174 Non
235 1128 311 1175 est
335 1136 541 1187 meum;
572 1120 712 1175 sicut
742 1120 871 1175 alibi
903 1136 918 1175 :
953 1118 1076 1173 Mea
1097 1119 1333 1175 doctrina
1354 1136 1456 1174 non
1479 1131 1550 1174 est
1581 1136 1695 1173 mea

95 1214 268 1284 (Joan.
299 1229 399 1280 vn,
432 1214 495 1269 16
521 1212 541 1286 )
567 1230 582 1279 ;
627 1228 733 1268 non
761 1222 847 1269 est
890 1212 1034 1269 enim
1059 1254 1076 1280 ,
1106 1212 1316 1283 inquit,
1342 1221 1368 1249 α
1396 1212 1692 1267 secundum

101 1322 319 1363 carnem
372 1322 494 1362 mea
537 1325 553 1362 :
607 1307 733 1379 quia
779 1322 900 1379 qua!
952 1307 1131 1362 divina
1180 1314 1349 1371 sunt,
1410 1321 1514 1362 non
1568 1316 1697 1361 sunt

93 1400 266 1455 carnis
286 1400 532 1471 eloquia.

158 1490 245 1547 80.
287 1489 689 1563 lndulgentiam
747 1502 929 1548 autem
989 1506 1143 1546 suam
1200 1491 1346 1547 circa
1396 1490 1693 1563 discipulos

92 1599 221 1652 quos
240 1585 493 1657 diligeret
522 1628 537 1652 ,
568 1601 732 1654 quam
780 1598 1040 1655 expresse
1089 1585 1393 1651 revelavit,
1451 1586 1693 1654 praemit-

95 1685 208 1732 tens
246 1695 260 1732 :
293 1674 524 1732 Calicem
551 1678 761 1748 quidem
813 1693 980 1731 meum
1028 1676 1247 1732 bibetis?
1304 1676 1519 1734 Etenim
1567 1680 1690 1748 quia

1805 487 2024 542 possum
2048 473 2189 543 quod
2215 473 2461 530 homines
2492 475 2558 530 ad
2577 475 2858 531 dexteram
2891 477 2977 533 vel
3031 476 3097 531 ad
3126 476 3404 533 sinistram

1803 564 1944 620 Filio
1974 565 2071 621 Dei
2119 566 2388 633 sedeant,
2434 567 2685 622 arbitrari
2715 568 2739 621 ’ἒ
2765 568 2942 640 Supra
2970 565 3268 624 Cherubim
3301 569 3409 623 Do-

1800 661 1984 715 minus
2013 660 2184 726 sedet,
2211 660 2352 717 sicut
2384 661 2552 716 habes
2579 679 2592 715 :
2625 660 2727 727 Qui
2751 662 2897 717 sedes
2930 678 3085 735 super
3110 660 3407 727 Cherubim,

1801 769 1992 822 apparo
2023 753 2041 824 (
2071 752 2217 807 Psal.
2252 768 2424 807 Lutx
2446 793 2460 816 ,
2493 751 2551 823 2)
2583 769 2598 818 ;
2647 752 2925 823 quomodo
2968 753 3200 824 apostoli
3245 767 3410 822 super

1798 840 2098 898 Cherubim
2128 843 2431 899 sedebunt?

1872 937 1961 993 86.
2018 937 2088 992 Et
2138 938 2242 993 hoc
2270 947 2449 995 tamen
2479 939 2677 1009 colligo
2703 952 2809 994 non
2850 954 2920 994 ex
2962 953 3085 994 meo
3140 937 3360 1009 ingenio
3389 976 3405 1003 ,

1797 1029 1893 1085 sed
1916 1046 1982 1085 ex
2013 1031 2311 1086 Dominicae
2340 1032 2492 1088 vocis
2516 1032 2777 1099 oraculo;
2814 1032 2929 1102 ipse
2958 1032 3104 1087 enim
3147 1032 3406 1086 Dominus

1799 1122 1853 1176 in
1883 1122 2276 1192 posterioribus
2304 1125 2581 1193 apostolos
2607 1125 3003 1179 commendans
3046 1122 3190 1179 Patri
3222 1165 3237 1189 ,
3279 1124 3354 1178 ait
3387 1139 3401 1175 :

1800 1212 1980 1281 Pater,
2009 1231 2137 1285 quos
2174 1216 2362 1270 dedisti
2389 1217 2548 1283 mihi,
2575 1217 2688 1271 uolo
2715 1227 2772 1271 ut
2796 1218 2883 1271 ubi
2916 1233 3011 1287 ego
3054 1232 3169 1270 sum
3194 1256 3210 1281 ,
3251 1225 3298 1270 et
3326 1216 3406 1270 illi

1795 1307 1899 1361 sint
1930 1323 2123 1361 mecum
2148 1307 2169 1379 (
2194 1306 2352 1362 Joan.
2414 1324 2520 1362 xvn
2547 1349 2563 1371 ,
2594 1308 2666 1362 24
2697 1308 2737 1380 ),
2787 1308 2989 1378 Utique
3032 1309 3076 1362 si
3102 1307 3407 1378 judicasset

1795 1399 1918 1468 quia
1951 1398 2189 1452 divinam
2218 1397 2406 1453 sedem
2452 1399 2614 1454 Pater
2661 1401 2975 1455 hominibus
3001 1399 3193 1463 daret,
3238 1399 3408 1455 dixis-

1797 1500 1881 1545 set
1912 1509 1925 1544 :
1977 1490 2115 1546 Volo
2147 1500 2206 1545 ut
2237 1492 2326 1545 ubi
2352 1507 2453 1560 ego
2482 1492 2673 1559 sedeo,
2706 1501 2763 1548 et
2798 1492 2875 1546 illi
2901 1492 3129 1548 sedeant
3153 1506 3402 1557 mecum;

1797 1584 1906 1640 Sed
1938 1587 2071 1652 volo,
2106 1585 2315 1656 inquit,
2344 1595 2396 1639 ut
2424 1587 2524 1640 sint
2555 1602 2780 1654 mecum,
2814 1601 2923 1641 nou
2954 1595 3013 1641 ut
3038 1584 3267 1642 sedeant
3290 1600 3401 1640 me-

1796 1692 1918 1732 cum
1951 1694 1966 1744 ;
2014 1689 2069 1733 ct
2100 1678 2186 1732 ubi
2212 1695 2336 1749 ego,
2378 1693 2483 1732 non
2513 1678 2791 1748 quomodo
2811 1693 2936 1749 ego.

95 1786 194 1826 non
224 1770 465 1827 debebat
487 1770 539 1826 id
566 1772 699 1827 dare
725 1771 867 1842 quod
893 1772 1185 1842 petierant,
1218 1769 1360 1825 aliud
1391 1774 1690 1842 proposuit;
1724 1784 1772 1843 Β
1868 1771 1959 1825 87.
2005 1772 2211 1827 Deinde
2237 1774 2485 1843 sequitur
2514 1790 2526 1825 :
2561 1770 2630 1827 Ut
2650 1772 2855 1827 videant
2886 1771 3175 1826 claritatem
3217 1787 3403 1826 meum.

96 1872 147 1919 ut
170 1864 319 1935 prius
340 1876 803 1922 commemoraret
827 1866 953 1935 quid
977 1865 1043 1919 iis
1073 1864 1360 1931 tribueret,
1388 1881 1547 1934 quam
1568 1865 1695 1936 quid

98 1968 311 2028 negaret
334 1975 363 2028 ε,
384 1973 497 2029 quo
528 1957 699 2029 magis
724 1959 1034 2029 asquitatem
1062 1958 1165 2012 sibi
1193 1958 1469 2027 petitionis
1489 1998 1504 2021 ,
1533 1972 1694 2028 quam

95 2050 319 2106 studium
354 2051 657 2108 Dominica:
686 2052 1025 2108 liberalitatis
1048 2051 1415 2123 intelligerent
1433 2051 1694 2107 defuisse.

156 2143 239 2199 8i.
286 2141 521 2199 Calicem
547 2144 793 2215 quidem,
851 2145 1025 2216 inquit
1053 2187 1069 2210 ,
1115 2162 1279 2199 meum
1324 2145 1505 2199 bibetis
1536 2186 1550 2210 ,
1594 2143 1697 2199 hoc

94 2248 189 2303 est,
227 2238 544 2309 passionem
590 2238 811 2309 quidem
840 2255 961 2310 qme
1009 2239 1190 2295 carnis
1238 2254 1374 2294 mea:
1418 2247 1535 2304 est,
1588 2253 1695 2292 non

97 2330 339 2401 negabo;
378 2329 528 2401 quod
576 2332 722 2385 enim
754 2333 1001 2387 humanae
1053 2330 1445 2400 asstnnptionis
1484 2328 1696 2395 habeo,

96 2421 309 2490 potestis
345 2422 556 2476 imitari
587 2440 600 2476 :
638 2421 839 2477 donavi
870 2423 1027 2477 vobis
1076 2422 1365 2477 victoriam
1400 2421 1695 2490 passionis,

99 2511 457 2569 bzcreditatem
517 2515 698 2570 crucis
751 2532 764 2568 :
825 2514 1016 2571 Sedere
1080 2524 1253 2568 autent
1310 2513 1380 2567 ad
1436 2513 1699 2568 dexteram

96 2621 267 2673 meum,
295 2609 374 2662 uel
405 2608 479 2661 ad
504 2608 790 2674 sinistram,
817 2623 919 2661 non
945 2617 1022 2662 est
1048 2624 1218 2663 meum
1244 2607 1372 2661 dare
1397 2605 1556 2660 vobis.
1579 2604 1697 2660 Non

98 2697 260 2753 dixit:
308 2698 425 2754 Non
488 2708 576 2755 est
622 2714 803 2754 meum
855 2699 1024 2765 dare,
1082 2700 1178 2754 sed
1212 2740 1225 2761 ,
1276 2716 1377 2754 non
1416 2709 1490 2754 est
1533 2716 1699 2753 meum

99 2790 212 2846 dare
254 2792 416 2860 vobis,
447 2783 559 2847 hoc
593 2802 677 2847 est
701 2834 717 2858 ,
749 2807 857 2847 non
884 2792 988 2848 sibi
1022 2800 1354 2863 potestatem
1376 2792 1581 2865 .deesse
1608 2806 1697 2846 as-

107 2896 284 2938 serens
306 2925 323 2948 ,
372 2883 474 2941 sed
511 2883 763 2940 meritum
796 2885 1083 2940 creaturis.

162 2976 243 3032 ετξ.
300 2978 512 3050 Accipe
568 2978 732 3033 aliter
777 2994 792 3034 :
844 2977 967 3033 Non
1021 2988 1095 3032 est
1140 2993 1310 3032 meum
1362 2978 1487 3031 dare
1537 2976 1697 3035 vobis.

107 3068 246 3138 Quod
275 3082 359 3127 est
387 3112 404 3138 ,
439 3088 551 3125 non
594 3080 669 3125 est
716 3087 885 3125 meum
910 3112 925 3135 ,
967 3072 1061 3143 qui
1088 3071 1211 3127 veni
1260 3069 1288 3108 ιι
1338 3070 1697 3128 humilitatem

1800 1865 1911 1921 Nec
1958 1866 2046 1922 hic
2091 1867 2271 1922 dixit:
2319 1867 2389 1924 Ut
2419 1867 2654 1923 habeant
2701 1867 3007 1922 claritatem
3059 1879 3235 1920 meam
3262 1907 3277 1929 ,
3311 1864 3406 1920 sed

1800 1966 1855 2009 ut
1888 1957 2090 2011 videant
2121 1974 2142 2024 ;
2181 1972 2372 2012 servus
2415 1960 2561 2011 enim
2595 1957 2739 2012 videt
2766 1999 2780 2023 ,
2832 1957 3098 2011 Dominus
3126 1955 3405 2026 possidet;

1798 2049 1940 2104 sicut
1970 2061 2025 2104 et
2055 2050 2223 2103 David
2248 2049 2433 2104 docuit
2459 2050 2649 2105 dicens
2672 2066 2690 2103 :
2721 2048 2789 2104 Ut
2810 2049 3015 2103 videam
3047 2060 3069 2086 ο
3095 2048 3406 2118 voluptatem

1801 2141 2011 2197 Domini
2044 2142 2230 2214 (Psal.
2260 2159 2386 2197 xxvi
2415 2184 2430 2208 ,
2470 2144 2504 2197 4
2528 2141 2570 2213 ).
2606 2142 2672 2198 Ει
2713 2143 2829 2212 ipse
2859 2142 3122 2196 Dominus
3144 2142 3197 2196 in
3229 2141 3410 2196 Evan-

1799 2235 1944 2305 gelio
1989 2237 2252 2291 revelavit
2301 2251 2597 2290 asserens:
2645 2235 2803 2301 Beati,
2842 2234 3027 2289 mundi
3062 2236 3252 2301 corde,
3304 2237 3409 2306 ipsi

1800 2329 1933 2382 enim
1966 2327 2129 2383 Deum
2154 2329 2392 2383 videbunt
2428 2327 2642 2398 (Matth.
2677 2344 2730 2395 γ,
2761 2328 2842 2399 8).
2877 2327 3171 2393 Videbunt,
3208 2328 3406 2399 inquit,

1803 2438 1910 2477 non
1960 2439 2126 2492 super
2150 2421 2445 2483 Cherubim
2477 2438 2601 2477 cum
2636 2423 2746 2478 Deo
2774 2422 3063 2478 sedebunt.

1872 2516 1962 2571 88.
2014 2516 2278 2571 Desinant
2324 2531 2454 2583 ergo
2505 2514 2693 2569 viliora
2736 2513 3034 2570 secundum
3062 2513 3404 2570 divinitatem

1802 2610 2075 2665 :rstimare
2122 2607 2190 2663 de
2236 2608 2327 2663 Dei
2359 2607 2517 2672 Filio,
2569 2622 2636 2662 ne
2681 2606 2875 2661 viliora
2904 2621 3119 2677 quoque
3147 2606 3215 2660 de
3246 2605 3407 2661 Patre

1802 2702 2092 2758 :eStiment.
2122 2682 2399 2767 Quienim
2450 2700 2587 2755 male
2615 2698 2913 2754 crediderit
2959 2698 3027 2753 de
3080 2697 3248 2763 Filio,
3295 2714 3405 2752 non

1802 2805 1979 2866 potest
2023 2794 2162 2850 bene
2210 2794 2414 2849 sentire
2465 2793 2531 2848 de
2586 2794 2789 2847 Patre:
2833 2790 2861 2829 ά
2908 2792 2999 2863 qui
3053 2792 3196 2846 male
3230 2791 3410 2845 credi-

1803 2891 1945 2946 derit
1992 2890 2059 2944 de
2090 2890 2296 2960 Spiritu
2325 2931 2340 2955 ,
2371 2904 2478 2943 non
2526 2897 2705 2959 potest
2737 2888 2875 2942 bene
2901 2888 3109 2941 sentire
3136 2886 3205 2941 de
3244 2884 3402 2939 Filio.

1807 2980 1907 3037 Ubi
1948 2979 2092 3036 enim
2122 2994 2225 3034 una
2279 2978 2536 3049 dignitas,
2583 2994 2686 3032 una
2717 2978 2911 3049 gloria,
2967 2991 3071 3030 una
3116 2975 3355 3029 Charitas
3388 3017 3404 3041 ,

1805 3089 1911 3128 una
1936 3073 2195 3143 majestas
2213 3082 2296 3128 cst
2322 3088 2337 3137 ;
2370 3073 2422 3126 in
2447 3087 2736 3126 commune
2761 3070 3052 3141 derogatur
3084 3110 3099 3134 ,
3144 3066 3407 3139 quidquid

101 3162 284 3220 docere
311 3182 323 3218 :
355 3182 463 3219 non
512 3174 586 3218 est
635 3180 804 3218 meum
828 3206 841 3227 ,
895 3165 985 3234 qui
1036 3165 1159 3219 veni
1218 3178 1323 3217 non
1355 3164 1655 3218 ministrari
1685 3206 1700 3231 ,
1731 3169 1777 3231 C
1811 3168 1862 3221 in
1893 3167 2075 3238 aliquo
2101 3166 2379 3238 putaveris
2405 3164 2775 3237 derogandum
2813 3163 2956 3233 :jam
2989 3164 3133 3218 enim
3163 3177 3271 3217 non
3301 3162 3409 3216 erit

100 3253 183 3308 sed
214 3255 572 3311 ministrare:
616 3271 717 3309 non
761 3264 835 3309 est
861 3255 1171 3325 meumﬁqui
1210 3254 1479 3324 justitiam
1512 3269 1695 3320 servo,

106 3359 204 3399 non
231 3348 484 3419 gratiam.

164 3441 255 3512 83..
279 3441 533 3514 Denique
562 3439 630 3495 ad
660 3440 876 3497 Patrem
903 3439 1147 3497 referens
1168 3481 1183 3507 ,
1212 3438 1425 3495 addidit
1456 3457 1469 3495 :
1505 3438 1700 3508 Quibus

106 3542 328 3598 paratum
384 3544 503 3601 est;
579 3545 637 3588 ut
683 3534 1001 3590 ostenderet
1052 3534 1264 3588 Patrem
1317 3549 1535 3605 quoque
1588 3550 1698 3590 non

105 3622 438 3690 petitionibus
465 3623 689 3681 deferre
722 3626 902 3682 solere
928 3668 943 3692 ,
974 3625 1071 3680 sed
1123 3625 1334 3681 meritis
1354 3668 1370 3693 ,
1404 3625 1528 3695 quia
1561 3627 1700 3681 Deus

106 3728 444 3781 personarum
475 3728 737 3788 acceptor
765 3732 871 3772 non
900 3727 985 3774 est
1015 3718 1153 3786 (Act.
1189 3734 1241 3783 x,
1287 3718 1357 3773 54
1381 3718 1424 3787 ).
1460 3717 1615 3773 Unde
1646 3728 1701 3772 et

108 3806 387 3878 Apostolus
406 3810 490 3865 ait
518 3826 531 3862 :
564 3809 702 3875 Quos
728 3809 1001 3881 prtesciuit,
1034 3819 1081 3863 et
1106 3808 1485 3880 praedestinavit
1514 3808 1696 3880 (Rom.

115 3914 234 3967 vui,
281 3902 436 3975 29);
494 3917 606 3957 non
655 3903 800 3957 enim
855 3912 982 3957 ante
1030 3899 1486 3973 praedestinavit,
1536 3914 1697 3968 quam

108 3996 416 4059 praesciret:
476 3994 578 4049 sed
622 4009 853 4063 quorum
909 3994 1098 4049 merita
1138 3991 1412 4062 praescivit
1440 4030 1454 4054 ,
1508 4000 1699 4044 eorum

108 4088 308 4154 pmmia
342 4088 780 4159 pratdestinavit.

166 4180 250 4235 84.
281 4180 414 4238 lure
444 4181 614 4254 igitur
642 4178 1063 4250 reprelienditur
1091 4177 1291 4234 mulier
1314 4217 1331 4241 ,
1361 4190 1482 4246 quae
1508 4184 1563 4229 et
1597 4175 1698 4228 im-

109 4272 371 4336 possibilia
393 4282 453 4329 et
484 4271 708 4341 speciali
732 4271 966 4341 quodam
987 4268 1272 4340 privilegio
1292 4267 1361 4321 ab
1381 4282 1448 4323 eo
1470 4266 1702 4321 Domino

110 4363 433 4428 postulavit,
491 4364 585 4434 qui
614 4377 677 4418 ea
728 4378 850 4432 quae
879 4361 1086 4417 sanctis
1129 4360 1392 4429 judicavit
1432 4374 1553 4414 esse
1606 4358 1698 4413 do-

124 4456 283 4509 nanda
306 4497 323 4522 ,
372 4471 486 4513 non
515 4454 733 4511 duobus
760 4455 1024 4525 apostolis
1055 4494 1071 4520 ,
1111 4453 1207 4510 sed
1255 4452 1507 4509 omnibus
1535 4453 1699 4508 disci-

1803 3259 2082 3330 plenitudo
2110 3274 2271 3328 quam
2322 3258 2606 3313 discernas
2632 3266 2685 3312 et
2719 3255 2935 3312 dividas
2962 3257 3013 3310 iu
3039 3256 3250 3324 aliquas
3274 3268 3407 3326 por-

1803 3351 1998 3408 tiones.

2409 3440 2640 3498 CAPUT
2678 3441 2792 3498 Vll.

1806 3533 2035 3610 Objectio
2066 3536 2224 3606 petita
2250 3550 2314 3589 ea:
2364 3534 2460 3588 hoc
2490 3536 2602 3588 loco
2639 3550 2656 3587 :
2702 3532 2945 3587 Dilexisti
2991 3546 3111 3599 eos,
3169 3532 3311 3586 sicut
3355 3542 3413 3587 et

1875 3642 1963 3682 me
1992 3626 2272 3694 dilexisti,
2304 3634 2359 3679 ut
2389 3625 2623 3678 diluatur
2648 3665 2663 3689 ,
2693 3625 2860 3695 primo
2890 3624 3204 3677 Arianorum
3250 3638 3413 3690 capo-

1873 3719 2073 3773 sitionis
2102 3719 2341 3783 impietas
2370 3718 2773 3781 demonstratur,
2808 3717 2994 3770 deinde
3047 3722 3411 3783 comparantur

1874 3814 2053 3865 eadem
2082 3813 2233 3865 verba
2278 3826 2395 3864 cum
2425 3809 2683 3862 similibus
2707 3849 2722 3872 ,
2756 3825 2817 3860 ac
2844 3808 3049 3859 demum
3082 3816 3220 3859 totus
3268 3805 3411 3858 locus

1875 3906 2251 3960 consideratur.
2288 3902 2427 3955 Hinc
2452 3900 2724 3955 deducitur
2755 3898 2946 3953 Christi
2973 3899 3267 3953 missionem
3297 3940 3309 3964 ,
3340 3910 3412 3952 et-

1875 3999 1920 4052 si
1961 3996 2247 4050 secundum
2298 4009 2505 4047 carnem
2542 3991 2849 4060 accipienda
2895 3999 3007 4055 est,
3048 3990 3130 4043 illi
3162 4006 3263 4045 non
3302 3992 3411 4061 olli-

1875 4106 2007 4145 cere.
2079 4089 2193 4154 Quo
2245 4086 2461 4158 probato
2496 4126 2510 4152 ,
2564 4084 2652 4154 qui
2704 4083 2795 4152 ﬁat
2850 4081 3027 4135 dicina
3086 4082 3264 4135 missio
3319 4086 3411 4137 de-

1876 4183 2141 4237 scribitur.

1877 4278 1970 4334 89.
2003 4276 2179 4350 [Alias
2219 4292 2335 4345 cap.
2368 4271 2490 4345 lll.]
2541 4270 2826 4327 Exsistunt
2870 4280 3071 4334 tamen,
3112 4267 3415 4338 Imperator

1806 4382 2037 4444 auguste
2063 4412 2077 4435 ,
2108 4370 2198 4442 qui
2254 4369 2395 4423 hanc
2435 4367 2632 4421 divina:
2664 4364 2929 4419 unitatem
2963 4361 3283 4416 substantia:
3317 4374 3412 4413 ne—

1804 4482 1935 4539 gare
1975 4467 2259 4537 cupientes
2285 4504 2299 4528 ,
2350 4470 2658 4517 extenuare
2701 4457 2952 4513 studeant
3002 4456 3176 4511 Patris
3207 4461 3262 4509 et
3290 4450 3413 4505 Filii

121 4544 246 4610 Ρ¹¹¹ίε
268 4587 284 4614 ι
311 4549 477 4604 “iam
507 4547 631 4603 είηθ
658 4548 981 4615 will“le
1014 4548 1326 4617 Precalione
1352 4588 1367 4612 ν
1401 4545 1701 4601 mmmam
1731 4550 1786 4610 Ῑ)
1809 4563 2164 4627 charitatem;
2196 4560 2321 4631 quia
2352 4559 2616 4629 scriptum
2634 4569 2718 4612 est
2748 4574 2761 4609 :
2796 4554 2863 4609 Et
2891 4554 3118 4608 dilexisti
3147 4569 3251 4617 eos,
3283 4551 3415 4605 sicut

119 4637 191 4689 sui
212 4638 459 4711 largitate
481 4640 806 4706 contulerit,
829 4640 974 4695 sicut
996 4640 1260 4710 scriptum
1277 4649 1389 4695 est:
1418 4638 1703 4692 Duodecim

113 4740 190 4781 vos
222 4733 455 4789 sedebitis
508 4750 665 4804 super
690 4733 869 4803 sedesf,
903 4732 1203 4807 judicantes
1234 4732 1507 4787 duodecim
1542 4730 1703 4785 tribus

116 4816 266 4876 Israel
292 4825 517 4894 (Matth.
550 4841 670 4891 xu,
715 4824 844 4897 28)-

178 4910 330 4988 5ω
374 4917 467 4974 85.
526 4914 672 4986 Ergo
696 4917 912 4972 etiamsi
938 4915 1201 4987 possibile
1232 4925 1483 4987 putemus
1515 4926 1703 4984 postu-

120 5002 274 5063 latum
323 5009 493 5067 fuisse
516 5051 534 5078 ,
579 5011 867 5067 calumnia:
898 5010 1049 5066 locus
1074 5025 1181 5065 non
1203 5018 1326 5074 est;
1362 5020 1544 5065 tamen
1584 5024 1706 5064 cum

184 5194 208 5224 ι
234 5188 375 5246 Edit.
405 5195 633 5250 Amerb.
673 5193 830 5249 Eras.
863 5201 918 5248 et
953 5193 1158 5248 ultima:
1187 5191 1389 5257 Paris.,
1429 5193 1711 5247 secundum

122 5268 306 5314 carnem
334 5278 532 5319 meam:
560 5264 775 5333 Optime
797 5264 927 5320 Gill.
957 5265 1116 5319 Rom.
1167 5275 1220 5318 et
1242 5279 1400 5328 mss.,
1426 5264 1711 5317 secundum

126 5339 316 5405 carnem
338 5350 450 5389 mea
466 5378 482 5401 ,
542 5350 740 5405 nempe
765 5337 1022 5390 doctrina.

151 5467 161 5477 .
188 5396 211 5434 δ
264 5403 387 5459 Mss.
410 5396 637 5477 aliquot,
667 5396 723 5461 in
741 5406 1034 5461 humilitate
1061 5404 1262 5460 docere.
1297 5444 1325 5477 ,ν
1347 5443 1360 5458 .
1400 5445 1413 5458 .
1437 5406 1525 5476 qui
1542 5406 1708 5477 justi-

127 5474 239 5522 tiam
261 5490 422 5549 seroo.
451 5474 591 5549 Nam
635 5479 862 5548 gratiam
885 5479 1127 5549 denique.
1155 5515 1169 5530 .
1204 5516 1216 5529 .
1248 5515 1261 5529 .
1295 5474 1498 5548 deferre
1518 5474 1708 5541 solere,

132 5552 223 5593 non
251 5547 458 5602 meritis.
488 5547 753 5605 Pessime.
1020 5547 1028 5549 ἡ
1178 5580 1184 5584 ·

195 5622 216 5648 τ
240 5611 351 5670 Νοη
375 5621 532 5688 pauci
565 5635 719 5675 mss..
754 5621 1067 5676 voluntatem
1102 5617 1350 5673 Domini:
1382 5618 1477 5674 sed
1512 5617 1705 5672 volun-

130 5683 280 5763 ξειεεῃ
306 5683 711 5763 εῂολυρῳιεφ
740 5692 1056 5763 frequenter
1089 5692 1144 5745 in
1177 5698 1307 5744 mss:
1339 5688 1664 5745 commutari
1690 5716 1704 5750 ο

137 5751 316 5819 Impius
339 5752 487 5814 licuit
505 5751 812 5819 adverteret

1810 4666 1857 4712 et
1885 4672 1965 4709 me
1992 4655 2221 4710 dilexisti
2249 4652 2270 4726 (
2294 4651 2452 4706 Joon.
2490 4666 2598 4704 xvu
2626 4691 2641 4715 ,
2671 4649 2743 4703 23
2771 4650 2810 4716 ).
2844 4645 2996 4713 Quod
3027 4660 3149 4699 cum
3181 4642 3369 4698 dicunt
3398 4684 3415 4709 ,

1810 4750 1900 4820 qui
1941 4747 2086 4803 aliud
2139 4756 2341 4817 agunt,
2390 4744 2493 4798 nisi
2524 4744 2665 4796 inter
2689 4740 2784 4795 Dei
2832 4738 3029 4792 Filium
3080 4745 3134 4789 et
3164 4735 3413 4789 homines

1812 4842 2172 4913 mqualitatem
2201 4837 2488 4909 quamdam
2530 4833 2955 4904 comparationis
2995 4832 3255 4886 inducunt
3284 4829 3308 4883 ?

1882 4935 1972 4990 90.
2034 4928 2303 4999 Numquid
2356 4929 2437 4981 sic
2487 4926 2633 4996 diligi
2665 4934 2893 4995 possunt
2935 4937 2964 4977 a
3005 4922 3118 4976 Deo
3169 4920 3415 4973 homines

1813 5023 2270 5101 quemadmodum
2300 5020 2495 5083 Filius,
2523 5019 2575 5073 in
2607 5033 2714 5088 quo
2735 5015 3065 5086 complacuit
3085 5012 3289 5069 Pater?
3320 5010 3416 5067 llle

1885 5186 1912 5227 ἀ
1946 5188 2051 5255 Qui
2089 5187 2224 5241 male
2261 5184 2541 5239 crediderit
2584 5184 2648 5255 de
2670 5180 2882 5255 Spiritu
2910 5220 2928 5245 ,
2952 5196 3071 5255 non
3102 5188 3283 5255 potest
3292 5180 3417 5232 bene

1813 5249 2004 5316 sentire
2024 5260 2089 5315 de
2113 5257 2270 5315 Filio.
2306 5259 2356 5311 in
2389 5270 2520 5310 mss.
2552 5249 2821 5323 plerisque
2850 5250 3212 5323 desideratur.
3242 5249 3415 5305 Ctete-

1813 5348 1935 5388 rum
1988 5330 2134 5402 quod
2187 5330 2239 5402 in
2282 5344 2345 5384 ea
2389 5320 3046 5402 relel_le_nda_objectioue
3078 5322 3416 5402 longiuscule

1814 5392 2037 5458 haeserit
2074 5401 2405 5474 (Ambrosius
2430 5441 2444 5462 ,
2480 5397 2614 5453 nihil
2645 5392 2838 5474 mirum
2871 5404 2993 5458 est;
3025 5408 3144 5447 eam
3174 5392 3416 5474 enimah

1814 5474 2038 5529 Arianis
2060 5473 2255 5542 jactari
2286 5470 2500 5525 solitam
2545 5484 2611 5523 ex
2655 5468 2721 5542 iis
2759 5466 2938 5542 discas
2968 5505 2982 5529 ,
3030 5462 3417 5542 quiut-“Basilius

1814 5545 1911 5599 lib.
1946 5560 1998 5599 Iv
2023 5586 2039 5607 ,
2060 5532 2222 5598 'cont.
2255 5542 2487 5613 Eunoni.
2515 5558 2567 5610 p.
2591 5541 2733 5613 lb'l,
2785 5534 3115 5613 Epiphanius
3145 5532 3415 5613 liter-.89,

1815 5630 1966 5671 num.
2012 5604 2119 5678 58,
2170 5623 2225 5668 et
2276 5604 2528 5684 Cyrillus'
2573 5611 2729 5666 Alex.
2782 5604 2988 5663 Assert.
3045 5606 3116 5659 26
3147 5647 3160 5670 ,
3217 5604 3420 5673 aliique

1814 5686 2036 5755 scriptis
2067 5685 2410 5739 mandarunt.
