3956 6170
529 275 629 332 στι

1877 263 2120 321 SANCTI
2162 262 2484 320 AMBROSII
3712 255 3802 313 671

526 393 603 447 ait
634 409 648 448 :
678 392 767 446 Sic
804 391 924 445 dicit
957 387 1203 442 Dominus
1223 429 1236 453 ,
1267 387 1354 457 qui
1382 384 1530 454 ﬁnxit
1564 399 1644 438 me
1672 398 1735 437 ex
1761 391 1906 436 utero
1933 396 2134 435 servum
2163 387 2212 445 Α
2239 380 2374 450 55),
2409 388 2462 434 et
2489 396 2500 431 :
2529 378 2679 432 Vado
2705 379 2774 432 ad
2797 395 2912 433 eum
2942 379 3030 450 qui
3052 379 3193 433 misit
3212 394 3294 432 me
3326 377 3538 448 (Ibid.)
3561 419 3576 445 ,
3601 376 3805 432 et:Cla-

526 483 660 546 sibi,
695 492 743 536 et
786 482 917 534 dixit
939 480 1108 533 mihi:
1157 477 1408 548 Magnum
1452 475 1542 530 tibi
1588 485 1662 530 est
1708 476 1876 528 vocari
1925 489 2142 545 puerum

529 591 718 630 meum.
753 573 890 627 Ecce
917 573 1065 642 posui
1111 573 1230 626 tein
1277 579 1640 624 testamentum
1679 569 1878 640 generis
1909 568 2051 632 mei,
2088 568 2140 621 in

525 670 690 724 lucem
738 666 996 737 gentium;
1026 674 1082 718 ut
1106 665 1194 728 sis,
1218 665 1274 718 in
1299 664 1516 717 salutem
1548 678 1708 730 usque
1747 661 1815 715 ad
1858 669 2142 715 extremum

523 768 673 813 terra:
714 755 865 830 (Esai
903 772 1023 811 XLIX
1049 798 1062 821 ,
1104 756 1137 810 6
1185 765 1230 809 et
1279 754 1434 826 seq.).
1477 753 1574 810 Cui
1611 754 1714 808 hoc
1763 754 1986 819 dicitur,
2039 752 2140 806 nisi

524 850 784 906 Christo?
817 850 910 920 qui
938 865 1060 904 cum
1091 849 1143 904 in
1179 849 1350 904 forma
1387 849 1477 902 Dei
1505 857 1682 912 esset,
1717 845 2021 900 exinanivit
2051 860 2140 910 se,

523 953 581 998 et
619 941 848 998 formam
893 943 1040 997 servi
1082 939 1505 1013 accepit(Phil.
1560 957 1628 1007 ιι,
1660 939 1748 1010 6).
1794 939 1932 1007 Quid
1979 949 2060 992 est
2087 938 2141 994 in

526 1033 623 1090 Dei
657 1037 864 1100 forma,
900 1034 1002 1088 nisi
1046 1034 1097 1088 in
1131 1034 1428 1088 divinitatis
1469 1033 1840 1102 plenitudine?
1991 1093 1995 1103 η

601 1126 725 1182 109.
764 1127 922 1182 Disce
950 1127 1113 1197 igitur
1140 1127 1268 1197 quid
1298 1128 1369 1182 sit
1398 1145 1410 1182 :
1445 1127 1700 1182 Formam
1732 1127 1877 1182 servi
1908 1126 2140 1198 accepit.

528 1217 583 1276 id
614 1227 728 1280 est,
757 1218 1153 1288 plenitudinem
1188 1219 1542 1288 perfectionis
1583 1219 1832 1274 humanae
1857 1259 1873 1284 ,
1904 1220 2144 1289 plenitu-

527 1310 710 1364 dinem
727 1310 1076 1365 obedientiae.
1098 1311 1334 1380 Ideoque
1356 1311 1488 1366 dicit
1510 1312 1560 1364 iu
1585 1312 1801 1382 psalmo
1826 1311 2140 1382 trigesimo:

528 1401 773 1455 Statuisti
815 1401 868 1453 in
915 1401 1029 1454 loco
1074 1403 1305 1468 spatioso
1343 1401 1499 1473 pedes
1539 1418 1696 1456 meos.
1751 1402 1924 1472 Super
1971 1419 2144 1456 onmes

523 1494 765 1548 inimicos
798 1510 938 1548 meos
969 1499 1136 1565 factus
1167 1511 1280 1548 sum
1309 1496 1663 1565 opprobrium.
1702 1493 1919 1550 Illustra
1959 1498 2145 1565 [aciem

529 1597 674 1641 tuam
720 1603 879 1656 super
906 1597 931 1624 ⁸
959 1605 1158 1643 servum
1188 1598 1332 1642 tuum
1364 1588 1550 1660 (Psnl.
1583 1607 1710 1657 xxx,
1743 1592 1807 1658 9,
1844 1591 1910 1646 1‘2
1937 1603 1986 1646 et
2015 1593 2144 1665 17).

529 1680 734 1735 Servus
774 1679 954 1735 dictus
993 1691 1078 1736 est
1120 1681 1314 1745 homo.
1347 1683 1400 1736 in
1445 1699 1551 1752 quo
1595 1684 1970 1740 sanctiﬁcatus
2019 1695 2142 1739 est:

2244 474 2481 542 riﬁcatus
2505 483 2581 528 est
2610 472 2784 528 Filius
2813 474 3031 528 hominis
3059 471 3231 544 (Ibid.
3253 515 3267 539 ,
3303 471 3437 542 51),
3484 471 3548 526 ad
3589 471 3807 526 incarna-

2249 569 2410 622 tionis
2449 577 2853 623 sacramentum
2905 567 3106 623 referre
3149 567 3434 623 debemus.
3478 566 3611 621 Cum
3653 575 3808 621 autem

2248 662 2477 732 legimus
2503 681 2516 717 :
2553 661 2618 716 Et
2636 660 2775 717 Deus
2801 662 3114 731 clariﬁcatus
3137 671 3211 716 est
3235 663 3388 728 ineo,
3415 671 3462 714 et
3485 659 3621 714 Deus
3642 660 3810 730 clariﬁ—

2245 758 2378 810 covit
2399 773 2512 811 cum
2534 755 2750 828 (Ibid.);
2780 757 2907 826 quid
2940 756 3009 809 ibi
3039 765 3124 810 cst
3151 753 3467 823 qumstionis
3491 793 3506 815 .
3543 752 3630 807 ubi
3661 761 3712 808 et
3739 751 3811 806 Fi-

2250 849 2350 904 lius
2393 849 2721 906 clariﬁcatur
2759 865 2786 902 a
2831 848 2989 903 Patre
3014 891 3026 913 ,
3059 857 3114 903 et
3146 847 3305 902 Pater
3332 845 3660 901 clariﬁeatur
3686 860 3712 898 a
3739 844 3812 899 Fi-

2247 941 2354 996 lio?

2320 1033 2443 1088 114.
2497 1032 2741 1103 Denique
2770 1044 2825 1087 ut
2857 1033 3016 1088 ﬁdem
3043 1031 3263 1087 unitatis
3290 1040 3345 1086 et
3375 1029 3625 1101 copulam
3658 1029 3815 1085 Trini-

2248 1126 2373 1179 tatis
2390 1126 2663 1195 aperiret,
2689 1126 2854 1181 etiam
2879 1128 2945 1180 ab
2972 1121 3178 1196 Spiritu
3201 1125 3607 1180 clariﬁcandum
3634 1140 3747 1181 esse
3767 1141 3818 1180 se

2246 1219 2419 1285 dixit,
2452 1220 2591 1273 sicut
2620 1219 2827 1275 habes:
2861 1217 2964 1273 Ille
2991 1219 3054 1274 de
3085 1235 3196 1272 meo
3220 1219 3478 1289 accipiet,
3509 1228 3558 1272 et
3589 1219 3820 1287 clari/ica-

2247 1311 2316 1364 bit
2343 1311 2650 1381 mc(Joan.
2693 1329 2818 1376 xvi,
2853 1312 2974 1380 11).
3017 1310 3292 1366 Clariﬁcat
3338 1325 3470 1382 ergo
3497 1311 3595 1365 Dei
3643 1310 3817 1364 Filium

2246 1401 2407 1454 etiam
2436 1401 2669 1471 Spiritus
2696 1413 2936 1456 sanctus.
2967 1400 3256 1468 Quomodo
3301 1400 3466 1470 igitur
3509 1402 3624 1470 ipse
3663 1401 3818 1455 dixit:

2249 1493 2425 1565 Siego
2464 1494 2816 1562 clariﬁcavero
2863 1511 2941 1548 me
2987 1495 3180 1564 ipsum,
3227 1493 3438 1548 claritas
3480 1510 3596 1548 mea
3624 1493 3821 1566 nihilum

2249 1597 2320 1641 est
2381 1585 2574 1657 (Joan.
2628 1604 2752 1651 vui,
2785 1587 2854 1644 54
2879 1589 2942 1657 )‘t
2991 1589 3130 1658 Ergo
3163 1587 3293 1641 nihil
3325 1596 3409 1642 est
3436 1587 3655 1642 claritas
3685 1586 3825 1641 Filii?

2251 1679 2584 1750 Sacrilegum
2612 1689 2694 1734 est
2724 1680 2927 1744 dicere,
2966 1679 3067 1734 nisi
3101 1677 3312 1734 referas
3337 1679 3403 1734 ad
3433 1694 3689 1744 carnem;
3719 1679 3825 1748 quia

528 1787 724 1830 servus
767 1774 966 1838 homo,
1004 1776 1056 1829 iu
1091 1791 1199 1845 quo
1244 1784 1439 1831 unctus
1465 1788 1593 1831 est:
1631 1792 1822 1832 servus
1866 1777 2061 1841 homo,
2092 1780 2142 1832 iu

2262 1788 2318 1826 ex
2345 1788 2573 1839 persona
2601 1772 2835 1827 hominis
2866 1772 3034 1826 Filius
3063 1771 3386 1842 loquebatur
3407 1812 3422 1835 ,
3444 1786 3512 1824 eo
3534 1769 3676 1841 quod
3699 1784 3827 1825 com-

528 1883 640 1942 quo
674 1869 848 1924 factus
895 1869 997 1924 sub
1041 1869 1216 1940 Lege,
1253 1868 1427 1926 factus
1477 1885 1540 1926 ex
1579 1871 1801 1940 Virgine
1845 1881 1962 1937 est;
1993 1883 2047 1926 et
2089 1883 2146 1927 ut

531 1963 861 2036 compendio
888 1965 1089 2030 dicam,
1124 1980 1321 2020 servus
1351 1965 1528 2020 dictus
1553 1975 1666 2031 est,
1701 1967 1755 2020 in
1783 1982 1891 2036 quo
1916 1975 2142 2022 matrem

536 2056 726 2121 habet,
756 2057 1175 2126 sicutscriptum
1196 2067 1282 2112 cst
1307 2075 1318 2110 :
1354 2056 1398 2110 0
1432 2056 1667 2120 Domine,
1692 2075 1784 2129 ego
1805 2075 1979 2113 servus
2002 2069 2144 2126 tuus,

534 2165 627 2220 ego
650 2165 824 2202 servus
857 2159 1003 2219 tuus,
1027 2159 1074 2204 et
1109 2150 1250 2218 ﬁlius
1290 2150 1498 2204 ancilla:
1527 2161 1629 2205 tua:
1655 2153 1672 2224 (
1701 2149 1846 2204 Psal.
1873 2167 1981 2206 cxv
2004 2195 2018 2215 ,
2045 2151 2143 2221 7);

534 2247 590 2294 et
615 2239 740 2293 alibi
779 2258 790 2292 :
825 2241 1070 2313 Afﬂictus
1101 2258 1215 2296 sum
1239 2251 1289 2295 et
1311 2242 1617 2296 humiliatus
1639 2259 1752 2295 sum
1785 2244 1939 2297 nimis
1971 2241 2143 2313 (Psal.

537 2347 722 2387 xxxvii
747 2374 760 2397 ,
785 2333 875 2403 9).

612 2424 737 2479 110.
769 2425 904 2491 Quis
935 2427 1096 2481 nimis
1119 2417 1440 2483 humiliatus
1469 2439 1584 2494 est,
1612 2429 1716 2484 nisi
1743 2426 2027 2494 Christus,
2055 2433 2147 2501 qui

538 2518 690 2572 venit
739 2527 798 2571 ut
842 2534 1033 2574 omnes
1073 2520 1336 2576 liberaret
1382 2537 1481 2594 per
1535 2523 1946 2578 obedientiam?
1999 2523 2149 2579 Sicut

537 2608 682 2663 enim
715 2625 807 2677 per
835 2610 1234 2665 inobedientiam
1262 2614 1414 2664 unius
1445 2612 1667 2666 hominis
1691 2624 1982 2682 peccatores
2026 2631 2151 2669 con-

539 2703 704 2755 stituti
734 2712 852 2755 sunt
882 2702 1126 2774 plurimi,
1150 2705 1224 2756 ita
1254 2713 1299 2756 et
1329 2721 1419 2773 per
1459 2705 1609 2758 unius
1648 2705 1988 2759 obedientiam
2019 2709 2150 2776 justi

538 2793 917 2846 constituentur
941 2795 1090 2847 multi
1118 2795 1310 2862 (Rom.
1338 2812 1392 2859 ν,
1431 2795 1550 2863 l9).
1585 2795 1714 2862 Quis
1735 2796 1958 2850 calicem
1989 2797 2147 2871 571

541 2887 840 2939 salutarem
882 2885 1067 2956 (Psal.
1109 2901 1234 2951 cxv,
1275 2887 1375 2953 15)
1420 2887 1664 2954 accepit,
1711 2886 1958 2943 Christus
2001 2891 2150 2960 priu-

543 2995 674 3049 ceps
703 2978 1080 3045 sacerdotum,
1112 2996 1178 3032 au
1218 2978 1384 3032 David
1405 3021 1420 3043 ,
1453 2980 1542 3047 qui
1581 2994 1756 3050 neque
1786 2982 2150 3038 sacerdmium

546 3074 777 3137 habuit,
832 3088 1007 3142 neque
1049 3074 1360 3140 passionem
1401 3073 1607 3128 subiit?
1650 3074 1784 3141 Quis
1825 3076 2154 3132 sacriﬁcavit

550 3167 784 3222 hostiam
819 3165 1034 3220 laudis?

617 3257 742 3318 111.
776 3257 881 3313 Sed
906 3258 950 3312 si
978 3259 1076 3312 hoc
1107 3272 1292 3326 parum
1329 3267 1444 3324 est,
1483 3261 1670 3329 accipe
1716 3261 1902 3315 aliud:
1937 3261 2150 3318 Custodi

543 3351 771 3404 animam
787 3367 947 3404 meam
964 3393 978 3417 ,
998 3351 1239 3421 quoniam
1268 3367 1360 3420 ego
1375 3362 1582 3406 sanctus
1605 3369 1720 3406 sum
1741 3353 1758 3422 (
1777 3352 1919 3407 Psal.
1938 3370 2115 3410 Lxxxv
2131 3397 2146 3424 ,

541 3443 577 3496 ξ).
597 3443 642 3514 ).
683 3441 946 3512 Numquid
972 3443 1039 3497 de
1067 3457 1126 3498 se
1158 3444 1260 3498 hoc
1282 3443 1489 3498 diceret
1517 3445 1722 3500 David?
1745 3446 1851 3501 Sed
1877 3446 1969 3501 ille
1995 3447 2146 3516 dicit,

548 3532 638 3603 qui
670 3532 744 3586 ait
772 3550 784 3585 :
818 3531 942 3587 Non
981 3533 1305 3604 derelinques
1351 3536 1580 3589 animam
1612 3553 1777 3591 meam
1822 3539 1877 3592 in
1908 3540 2143 3610 inferno,

549 3641 642 3678 nec
669 3624 817 3679 dabis
847 3637 1083 3680 sanctum
1124 3636 1271 3681 tuum
1307 3627 1482 3683 videre
1526 3633 1906 3700 corruptionem
1952 3632 1971 3704 (
2001 3630 2146 3687 Psal.

549 3733 650 3783 xv,
692 3719 812 3787 10).
853 3719 994 3772 Idem
1028 3735 1159 3789 ergo
1189 3731 1480 3792 utrumque
1507 3720 1658 3777 dicit.

625 3813 744 3865 112.
782 3812 1003 3866 Addidit
1033 3828 1198 3867 vero:
1233 3813 1447 3868 Salvum
1473 3815 1558 3884 fac
1585 3831 1781 3869 servum
1807 3816 2144 3889 tuum(Psal.

551 3921 754 3972 Lxxxv,
787 3905 889 3975 2);
927 3919 978 3961 et
1029 3905 1206 3960 infra:
1252 3906 1335 3962 Da
1383 3919 1712 3980 postestatem
1759 3927 1917 3980 puero
1957 3922 2075 3975 tuo,
2105 3921 2151 3964 et

548 3999 661 4067 ﬁlio
687 3998 894 4052 ancilla:
921 4008 1024 4054 tua:
1049 3998 1228 4070 (Ibid.
1265 4001 1330 4054 lﬁ
1350 4006 1401 4068 );
1431 4010 1485 4054 et
1513 4002 1672 4066 alibi,
1707 4001 1760 4056 id
1790 4013 1904 4067 est,
1934 4003 1988 4056 in
2019 4003 2151 4056 Eze-

550 4091 768 4145 chiele:
805 4091 870 4145 Et
918 4094 1178 4146 suscitabo
1225 4111 1383 4166 super
1430 4111 1518 4148 eos
1559 4107 1817 4164 pastorem
1860 4112 2060 4161 unum,
2106 4105 2150 4150 et

549 4191 685 4252 reget
727 4198 812 4236 eos
852 4198 1024 4237 servus
1061 4200 1202 4237 meus
1243 4183 1432 4238 David.
1467 4182 1590 4253 Ipse
1630 4195 1806 4256 pascet
1834 4203 1953 4251 eos,
1985 4197 2030 4240 et
2058 4188 2152 4241 erit

552 4291 730 4330 eorum
754 4284 976 4346 pastor:
1007 4285 1052 4328 et
1095 4292 1187 4346 ego
1219 4276 1473 4330 Dominus
1503 4293 1590 4330 ero
1627 4277 1734 4331 illis
1782 4279 1836 4330 in
1864 4276 2063 4344 Deum,
2105 4289 2152 4333 et

553 4384 732 4421 servus
766 4384 907 4421 meus
941 4367 1110 4421 David
1150 4370 1200 4421 in
1245 4371 1411 4423 medio
1439 4385 1616 4424 eorum
1645 4372 1888 4441 princeps
1919 4371 2149 4442 (Ezech.

554 4475 709 4527 sxw,
735 4460 828 4523 25,
859 4458 980 4530 24).
1001 4458 1198 4528 Utique
1219 4459 1386 4515 David
1411 4462 1520 4529 jam
1543 4461 1984 4530 defunctuserat,
2011 4463 2154 4520 ﬁlius

2252 1864 2530 1933 paratione
2558 1862 2862 1918 divinitatis
2893 1863 3041 1918 nulla
3071 1872 3157 1919 est
3185 1863 3369 1918 carnis
3393 1863 3633 1918 claritas.

2323 1952 2445 2008 “5.
2491 1953 2929 2025 Desioautigitur
2953 1955 3118 2024 impie
3146 1955 3415 2024 objicere,
3442 1955 3589 2025 quod
3622 1956 3671 2010 in
3690 1969 3823 2010 suam

2250 2045 2530 2116 perﬁdiam
2579 2055 2944 2117 retorquetur.
2983 2048 3175 2103 Dicunt
3203 2048 3348 2102 enim
3373 2067 3386 2102 :
3410 2048 3682 2119 Scriptum
3721 2060 3824 2104 est:

2253 2143 2410 2198 Nunc
2438 2143 2756 2215 clari/iectus
2780 2156 2853 2199 est
2887 2144 3055 2200 Filius
3079 2145 3300 2200 hominis
3328 2145 3527 2219 (Joan.
3564 2163 3679 2211 xm,
3707 2148 3762 2202 51
3792 2147 3824 2217 ).

2252 2235 2277 2273 ¹ι
2307 2237 2424 2291 Non
2449 2253 2586 2306 nego
2614 2238 2876 2306 scriptum
2904 2255 2916 2290 :
2941 2236 3270 2308 Clari/icatus
3299 2247 3373 2292 est
3401 2238 3580 2293 Filius
3609 2237 3829 2301 hominis;

2251 2329 2344 2383 sed
2371 2329 2588 2385 videant
2616 2330 2744 2401 quid
2773 2339 3068 2401 sequatur:
3096 2329 3166 2386 Et
3202 2330 3338 2385 Deus
3359 2332 3675 2400 clariﬁcatus
3698 2330 3828 2387 estin

2251 2440 2334 2479 eo.
2376 2425 2488 2496 Ego
2515 2426 2924 2480 excusationem
2964 2426 3139 2480 habeo
3167 2427 3235 2481 de
3266 2425 3407 2481 Filio
3451 2425 3725 2492 hominis,
3755 2425 3830 2479 ille

2252 2515 2321 2570 de
2350 2516 2507 2571 Patre
2537 2531 2644 2572 non
2663 2515 2856 2581 habet;
2881 2516 3003 2588 quia
3030 2518 3189 2573 Pater
3212 2532 3317 2572 non
3337 2518 3584 2590 suscepit
3611 2533 3825 2574 carnem.

2253 2609 2676 2665 Excusationem
2709 2609 2916 2672 habeo,
2949 2617 3006 2665 et
3031 2624 3138 2664 non
3167 2621 3327 2664 utor:
3363 2609 3456 2666 ille
3502 2625 3616 2666 non
3657 2610 3828 2672 habet.

2254 2713 2308 2757 et
2354 2702 2734 2758 calumniatur.
2765 2703 3211 2772 Autsimpliciter
3254 2718 3340 2758 me
3366 2703 3609 2774 patiatur
3654 2702 3830 2757 intelli-

2254 2811 2420 2866 gere,
2455 2803 2547 2849 aut
2578 2795 2642 2848 ad
2669 2811 2887 2850 carnem
2934 2795 3142 2873 referre
3171 2810 3294 2865 qua:
3340 2797 3523 2850 carnis
3574 2805 3715 2851 sunt.
3756 2792 3828 2847 Pi:

2257 2905 2442 2956 mens,
2470 2905 2590 2959 qua:
2623 2887 2874 2958 leguntur
2900 2889 3201 2944 secundum
3230 2903 3449 2944 carnem
3480 2887 3828 2943 divinitatem-

2255 2998 2362 3052 que
2382 3023 2397 3046 ,
2430 2980 2714 3054 distinguit
2739 3001 2752 3037 :
2784 2981 3046 3052 sacrilega
3078 2981 3394 3049 Conlundit,
3423 2992 3480 3035 et
3507 2983 3580 3035 ad
3608 2980 3831 3036 divinita—

2259 3077 2325 3129 tis
2358 3076 2648 3147 detorquet
2685 3076 2935 3146 iniuriam
2962 3117 2976 3141 ,
3008 3074 3267 3146 quidquid
3301 3074 3605 3131 secundum
3645 3072 3832 3129 humili-

2181 3170 2226 3228 (ἶ
2262 3179 2424 3225 tatem
2446 3171 2624 3226 carnis
2647 3180 2733 3226 est
2756 3170 2988 3225 dictum.

2754 3283 2916 3356 572
2968 3281 3196 3338 CAPUT
3253 3281 3348 3336 IX.

2253 3398 2480 3453 Judaico
2505 3413 2649 3452 more
2670 3399 2901 3453 ordinem
2929 3397 3194 3451 verborum
3221 3411 3238 3450 :
3269 3395 3324 3448 lu
3356 3396 3582 3450 nomine
3617 3393 3778 3450 Patris
3793 3399 3834 3444 et

2326 3489 2446 3544 Filii
2487 3501 2541 3545 et
2580 3490 2815 3560 Spiritus
2865 3488 3072 3554 sancti,
3121 3487 3516 3560 objicientibus,
3551 3496 3735 3556 prnvter
3771 3499 3835 3536 res

2325 3601 2568 3652 sponsum
2592 3584 2732 3654 quod
2771 3584 2848 3637 uir
2876 3593 3085 3637 sanctus
3112 3581 3308 3635 indicat
3348 3596 3380 3633 a
3407 3597 3463 3634 se
3495 3583 3618 3652 jam
3660 3580 3834 3637 datum,

2327 3679 2512 3749 regerit
2569 3679 2723 3732 etiam
2751 3676 2951 3731 Filium
2971 3685 3090 3730 ante
3121 3675 3332 3730 Patrem
3361 3690 3501 3743 stcpe
3526 3675 3712 3728 locari.

2332 3815 2455 3872 116.
2489 3815 2668 3888 [Alias
2701 3832 2816 3886 cap.
2854 3813 2978 3885 |V.]
3031 3811 3171 3880 Quid
3199 3810 3342 3883 quod
3371 3811 3538 3866 etiam
3589 3822 3734 3864 more
3761 3803 3837 3860 III-

2257 3907 2413 3964 daico
2443 3907 2563 3962 falsi
2605 3917 2658 3962 et
2687 3905 3028 3974 impudentes
3075 3907 3404 3974 interpretes
3449 3903 3642 3957 Ariani
3672 3899 3837 3955 verbo-

2258 4017 2376 4056 rum
2426 4008 2552 4054 sunt
2599 3999 2938 4063 divinorum,
2995 3998 3240 4052 dicentes
3293 4009 3464 4063 usque
3508 3993 3646 4049 adeo
3700 3990 3835 4045 aliam

2259 4091 2432 4146 Patris
2449 4134 2464 4159 ,
2488 4091 2648 4145 aliam
2669 4091 2822 4156 Filii,
2845 4089 3003 4144 aliam
3018 4089 3254 4160 Spiritus
3281 4087 3453 4141 sancti
3483 4101 3607 4141 esse
3630 4091 3838 4153 potesta-

2261 4197 2366 4241 tem
2390 4229 2406 4254 ,
2437 4195 2495 4241 ut
2521 4187 2782 4256 scriptum
2813 4187 2884 4240 sit
2911 4202 2924 4240 :
2950 4184 3052 4252 Ite,
3081 4183 3254 4238 docete
3273 4199 3451 4237 omnes
3474 4191 3672 4253 gentes,
3695 4175 3839 4247 bapti-

2257 4291 2431 4334 zantes
2459 4299 2545 4335 eos
2576 4281 2629 4334 in
2661 4279 2865 4334 nomine
2896 4278 3071 4332 Patris
3096 4287 3149 4332 et
3179 4275 3309 4330 Filii
3349 4285 3395 4329 et
3428 4275 3657 4343 Spiritus
3694 4267 3839 4326 sancti

2259 4370 2278 4440 (
2302 4370 2489 4426 Matth.
2517 4387 2705 4436 xxviii,
2733 4369 2828 4443 19)
2857 4387 2871 4434 ;
2896 4378 2951 4425 et
2979 4385 3046 4425 ex
3078 4369 3367 4425 verborum
3391 4366 3589 4423 ordine
3607 4363 3840 4421 differen-

2261 4461 2388 4516 tiam
2417 4462 2614 4517 divina:
2655 4463 2857 4518 faciunt
2891 4461 3222 4532 potestatis?

556 4553 730 4608 Iesse.
758 4554 834 4608 De
853 4555 1072 4609 Christo
1105 4555 1286 4624 itaque
1315 4554 1482 4622 dicit,
1517 4556 1606 4625 qui
1635 4566 1855 4626 propter
1884 4573 1983 4613 nos
2008 4558 2147 4614 ﬁlius
2177 4563 2229 4622 ])
2327 4556 2452 4611 117.
2504 4557 2616 4626 Ego
2658 4565 2839 4611 autem
2870 4557 2996 4611 licet
3026 4555 3128 4610 hoc
3161 4556 3332 4626 ipsum
3385 4553 3745 4609 testimonium
3788 4547 3833 4601 in

554 4651 762 4704 ancillm
791 4648 964 4704 factus
988 4660 1102 4713 est,
1133 4649 1432 4704 secundum
1464 4650 1694 4705 formam
1717 4650 1983 4716 hominis;
2027 4667 2148 4708 nam

555 4741 850 4796 secundum
873 4740 1110 4796 divinam
1139 4742 1549 4811 generationem
1581 4757 1686 4796 nou
1705 4751 1933 4798 matrem
1965 4743 2148 4809 habet,

557 4837 652 4889 sed
679 4836 896 4891 Patrem
926 4856 936 4890 :
969 4851 1068 4890 nec
1097 4836 1398 4904 corporalis
1425 4837 1631 4892 ventris
1663 4845 1747 4891 est
1779 4835 1986 4892 fructus
2007 4880 2022 4905 ,
2057 4837 2150 4893 sed

560 4927 892 4996 sempiterna
915 4926 1009 4982 Dei
1043 4928 1234 4982 virtus.

633 5019 755 5074 115.
799 5019 940 5090 Ergo
959 5021 1123 5076 etiam
1154 5021 1284 5076 illud
1327 5036 1447 5077 cum
1478 5022 1711 5094 legimus
1737 5024 1862 5094 quia
1890 5022 2027 5078 dixit
2050 5022 2155 5078 Do-

562 5114 773 5168 minus:
805 5111 1032 5183 Tempus
1078 5130 1243 5168 meum
1274 5116 1509 5168 nundum
1539 5116 1811 5186 impletum
1845 5125 1917 5170 est
1961 5113 2153 5189 (Joan.

562 5216 655 5266 vn,
679 5202 768 5274 8),
797 5213 853 5258 et
878 5220 890 5256 :
916 5204 1103 5258 Adhuc
1121 5205 1376 5258 modicum
1401 5205 1661 5260 vobiscum
1687 5223 1801 5259 sum
1822 5208 1839 5274 (
1861 5205 2018 5260 Joan.
2043 5221 2155 5270 xm,

637 5351 661 5378 ἰ
703 5342 827 5396 Mss.
857 5343 1094 5414 aliquot,
1126 5359 1325 5396 servum
1373 5354 1535 5397 tuum.
1590 5343 1780 5400 Servus
1823 5356 1928 5409 est,
1957 5345 2155 5413 'inquo

561 5424 746 5469 unctus
774 5425 848 5467 est
880 5430 897 5468 :
927 5431 1102 5469 servus
1134 5424 1209 5467 est
1236 5415 1289 5467 in
1327 5431 1428 5484 quo
1457 5417 1807 5484 sanctificatus
1828 5425 1900 5468 est
1929 5431 1946 5468 :
1985 5431 2157 5468 servus

560 5496 671 5558 est,
692 5487 754 5558 in
779 5502 877 5555 quo
906 5495 1108 5540 creatus
1135 5496 1205 5540 est
1228 5528 1242 5550 ,
1275 5495 1320 5539 et
1346 5495 1402 5538 ut
1427 5486 1729 5558 compendio
1759 5487 1961 5550 dicam,
1988 5495 2092 5539 etc.

635 5556 660 5594 δ
691 5556 914 5612 Veteres
940 5558 1072 5612 edit.
1101 5572 1163 5610 ac
1194 5558 1376 5622 plures
1413 5556 1549 5611 mss.
1578 5557 1839 5622 Scriptura
1867 5567 1939 5610 est
1983 5558 2117 5609 enim
2141 5601 2154 5623 ,

565 5643 668 5699 non
695 5644 822 5699 nego
845 5643 864 5681 :
895 5627 1052 5699 Nunc
1097 5628 1438 5699 clariﬁcatus_
1458 5637 1538 5699 est
1567 5625 1733 5680 Filius
1772 5627 2014 5699 hominis.
2053 5627 2158 5699 Sed

565 5695 777 5770 videant'
800 5698 930 5770 quid
969 5695 1236 5770 adjectum
1261 5700 1368 5770 sit:
1398 5697 1728 5765 Clariﬁcatus
1757 5707 1846 5770 est
1866 5695 2036 5770 Filius
2061 5696 2156 5752 ho-

568 5762 741 5817 Minis.
800 5761 1194 5819 Videant'stinm
1222 5769 1344 5834 quid
1373 5761 1636 5835 sequatur.
1672 5777 1776 5823 etc.
1808 5767 1949 5823 Edit.
1999 5761 2154 5821 Rom.

2256 4649 2632 4718 superioribus
2657 4649 2811 4702 libris
2842 4663 2941 4718 pro
2963 4649 3172 4703 unitate
3196 4649 3530 4702 asseruerim
3565 4640 3841 4714 maiestatis

2257 4755 2322 4796 ac
2345 4742 2611 4808 nominis,
2641 4750 2820 4796 tamen
2849 4743 2893 4797 si
2921 4742 3047 4796 hinc
3077 4741 3279 4798 faciunt
3305 4741 3696 4812 quiestionem,
3727 4749 3840 4807 pos-

2259 4849 2377 4888 sum
2412 4835 2736 4889 testimoniis
2765 4849 3016 4890 asserere
3044 4835 3449 4905 Scripturarum
3498 4833 3551 4888 in
3585 4829 3843 4904 plerisque

2260 4926 2395 4981 locis
2433 4928 2581 4997 prius
2629 4926 2824 4982 Filittm
2880 4928 3253 4992 nominatum,
3304 4933 3494 4994 postea
3526 4923 3736 4978 Patrem
3773 4917 3842 4970 di—

2261 5029 2430 5076 ctum.
2452 5021 2724 5091 Numquid
2749 5020 2912 5090 igitur
2927 5021 3053 5091 quia
3083 5021 3203 5075 Filii
3225 5017 3554 5089 signiﬁcatio
3575 5027 3697 5071 aute
3722 5024 3843 5082 pran-

2266 5113 2430 5168 missa
2457 5123 2572 5180 est,
2603 5113 2923 5177 verborum,
2957 5122 3016 5167 ut
3065 5112 3251 5168 Ariani
3282 5111 3501 5173 volunt,
3543 5104 3839 5181 prtejudicio

2269 5207 2430 5264 Pater
2460 5207 2732 5263 secundus
2771 5224 2799 5262 a
2829 5207 2968 5262 Filio
3011 5207 3138 5262 est?
3169 5205 3358 5270 Absit,
3403 5205 3654 5274 inquam,
3698 5194 3839 5252 absit.

2262 5361 2386 5400 cum
2430 5358 2560 5416 mss.
2611 5341 2914 5416 nonnullis,
2965 5351 3021 5396 ut
3066 5340 3119 5416 in
3150 5349 3318 5394 textu.
3351 5337 3503 5416 Licet
3531 5345 3710 5416 autem
3747 5343 3837 5416 non

2263 5415 2495 5470 absurda
2527 5416 2596 5468 sit
2620 5415 2737 5480 ejus
2765 5413 2928 5484 lectio
2947 5454 2961 5478 ,
2997 5411 3150 5467 nobis
3178 5421 3352 5464 tamen
3382 5410 3549 5484 altera
3581 5410 3741 5484 magis
3765 5415 3838 5482 ar-

2264 5487 2496 5547 rideret.
2532 5487 2575 5538 si
2625 5479 2722 5553 pro
2769 5483 2926 5537 Nunc
2955 5484 3271 5550 clariﬁcalus
3300 5492 3374 5534 est
3406 5479 3451 5532 F
3453 5481 3573 5553 ilius
3600 5479 3801 5530 hominis
3822 5508 3836 5530 ,

2265 5559 2439 5628 primo
2489 5551 2888 5628 locogpositum
2935 5562 3111 5628 esset,
3165 5553 3227 5608 Si
3272 5568 3366 5628 ego
3395 5551 3838 5628 gloriﬁcavero‘nte

2265 5621 2458 5698 ipsum,
2482 5636 2586 5681 etc.
2621 5626 2730 5679 lloc
2760 5626 2958 5696 quippe
2975 5624 3136 5680 modo
3161 5621 3476 5680 concinnior
3495 5628 3634 5676 esset
3661 5621 3836 5669 cratim

2268 5701 2352 5752 nis
2391 5706 2568 5753 textus
2601 5709 2655 5752 et
2678 5698 2865 5751 series.
