3932 6176
118 233 212 286 675

1453 243 1540 298 oe
1585 242 1744 300 FIDE
1785 220 1915 301 LIB.
1959 249 2023 303 v.

3283 266 3389 321 674

107 346 273 402 Nescit
295 347 432 402 hunc
455 348 700 405 ordinem
718 350 882 419 fides,
912 353 1083 409 nescit
1105 354 1398 411 discretum
1423 357 1598 412 Patris
1621 368 1675 414 ct
1705 361 1754 419 Λ
1779 357 1912 430 28);
1966 371 2021 415 et
2070 362 2198 417 altbi
2225 382 2236 416 :
2271 365 2382 436 Ego
2431 382 2544 420 sum
2595 369 2905 440 principium
2949 373 3092 440 quod
3117 385 3163 428 cl
3203 375 3386 446 loquor

107 439 214 494 Filii
261 439 542 496 honorem.
577 441 692 496 Non
727 442 829 514 legi
859 485 874 510 ,
908 459 1016 500 non
1057 445 1270 512 audivi,
1303 463 1402 504 nec
1439 449 1673 520 aliquem

106 532 151 587 in
194 533 298 588 Deo
340 533 519 589 inveni
564 533 808 604 gradum.
859 534 1132 607 Nusquam
1176 539 1508 608 secundum,
1548 556 1676 596 nus-

104 639 244 694 quam
275 625 489 680 tertium
521 626 688 680 Deum
722 626 825 697 legi
855 646 867 683 :
915 629 1145 698 primum
1180 631 1316 703 legi,
1353 633 1584 703 primum
1611 649 1675 690 ac

102 717 256 771 solum
291 715 467 772 audivi
499 715 661 789 (Esai
691 735 837 785 xuv,
868 718 956 789 6).

165 810 274 864 118.
309 809 362 865 Si
410 810 621 866 ordinis
650 812 922 883 exigimus
965 815 1407 884 superstitionem
1429 861 1444 884 ,
1477 835 1577 875 nec
1604 820 1670 875 ad

102 903 351 957 dexteram
373 902 554 958 Patris
582 905 777 960 sedere
805 906 975 962 Filius
1003 908 1196 975 debet,
1226 926 1327 966 nec
1351 911 1583 981 primum
1611 929 1672 970 se

101 1005 143 1050 rt
175 995 484 1065 principium
517 996 706 1053 debuit
746 997 950 1056 dicere.
993 1001 1132 1058 Male
1161 1018 1293 1074 ergo
1325 1003 1670 1076 Evangelista

101 1088 230 1156 prius
254 1104 281 1142 a
303 1087 512 1154 Verbo,
546 1105 705 1160 quam
737 1106 766 1145 a
796 1092 907 1148 Deo
927 1095 1128 1164 coepit,
1165 1095 1352 1151 dicens
1380 1115 1392 1150 :
1423 1096 1490 1152 In
1527 1101 1671 1169 prin-

100 1182 216 1250 cipio
239 1191 338 1238 erat
366 1181 618 1249 Verbum,
649 1195 698 1239 et
724 1185 952 1240 Verbum
978 1197 1087 1241 erat
1115 1190 1256 1260 apud
1285 1187 1450 1244 Deum
1472 1191 1664 1263 (Joan.

100 1288 132 1336 ι,
165 1272 452 1342 l).Eteoim
473 1274 629 1345 juxta
661 1275 881 1332 humani
911 1279 1050 1334 ritus
1072 1279 1316 1337 ordinem
1342 1324 1356 1347 ,
1387 1283 1534 1351 prius
1564 1284 1667 1339 Pa-

101 1375 215 1420 trem
243 1365 420 1422 debuit
446 1369 751 1424 nominare.
783 1370 1021 1426 Nescivit
1051 1372 1553 1443 etiam.Apostolus
1579 1391 1670 1432 or-

101 1455 256 1512 dmem
278 1498 294 1523 ,
334 1458 421 1529 qui
453 1459 531 1514 ait
558 1477 570 1512 :
611 1459 810 1516 Paulus
839 1479 1014 1518 seruus
1039 1463 1232 1519 Christi
1271 1465 1400 1519 Jesu
1418 1507 1433 1532 ,
1460 1477 1667 1523 uocatus

101 1552 334 1620 apostolus
351 1591 365 1615 ,
393 1564 692 1624 segregatus
719 1555 772 1608 in
800 1554 1134 1627 Euangelium
1160 1555 1258 1612 Dei
1288 1560 1307 1630 (
1328 1558 1481 1614 Rom.
1513 1577 1551 1627 I,
1579 1563 1602 1616 1
1625 1563 1662 1630 );

100 1653 141 1697 ct
166 1643 280 1698 alibi
306 1662 317 1696 :
347 1643 528 1700 Gratia
549 1645 764 1701 Domini
797 1651 958 1703 nostri
977 1648 1101 1704 Jesu
1127 1650 1335 1717 Christi,
1364 1663 1412 1706 et
1440 1653 1668 1708 charitas

1783 451 1929 507 t'obis
1960 453 2154 526 (Joan.
2183 473 2297 522 vnt,
2329 457 2402 514 25
2427 460 2465 527 ).
2507 459 2673 528 Quasi
2705 462 2899 531 homo,
2931 480 2959 518 a
2986 481 3046 522 se
3067 483 3174 522 non
3206 473 3384 527 venit:

1779 547 1933 614 quasi
1967 546 2060 602 Dei
2095 547 2271 605 Filius
2315 567 2423 607 non
2451 567 2518 610 ex
2552 553 2772 612 homine
2796 557 3124 630 principium
3180 562 3344 620 habet
3373 584 3386 620 :

1778 641 1873 695 sed
1904 657 2048 710 sum,
2079 643 2273 715 inquit,
2310 647 2429 717 ipse
2458 649 2770 721 principium
2801 651 2940 722 quod
2967 663 3013 708 et
3034 655 3218 724 loquor
3249 658 3389 714 vobis

1781 733 1972 802 (Joan.
2005 753 2098 805 xn,
2133 739 2284 809 46):
2318 755 2495 813 neque
2537 741 2810 812 humana,
2860 746 2954 802 sed
3003 747 3187 804 divina
3229 761 3385 820 sunt,

1774 838 1897 893 qua:
1930 826 2148 883 loeutus
2197 845 2338 886 sum.

1849 919 1970 973 122.
2005 919 2190 992 Neque
2234 927 2378 979 enim
2413 925 2494 980 fas
2539 938 2622 983 est
2659 929 2887 986 credere
2919 931 3060 1000 quod
3096 936 3381 1006 negaverit

1775 1009 1826 1064 in
1860 1027 1920 1067 se
1944 1028 2068 1069 esse
2098 1015 2434 1072 credendum
2459 1059 2474 1084 ,
2526 1035 2647 1076 cum
2697 1022 2813 1092 ipse
2843 1023 3078 1080 dixerit:
3116 1024 3184 1081 Ut
3215 1029 3382 1084 omnis

1773 1107 1860 1172 qui
1887 1107 2050 1162 credit
2070 1109 2124 1163 in
2148 1127 2246 1176 me,
2264 1111 2318 1166 in
2346 1112 2566 1169 tenebris
2586 1133 2687 1170 non
2714 1128 2916 1172 maneat
2941 1117 3121 1190 (Joan.
3147 1136 3229 1187 nt,
3255 1121 3375 1192 16);

1773 1206 1828 1252 et
1855 1199 1984 1254 alibi
2013 1217 2026 1254 :
2062 1199 2185 1255 Hatc
2209 1213 2286 1257 est
2313 1206 2449 1258 enim
2476 1207 2713 1262 voluntas
2744 1207 2919 1265 Patris
2944 1211 3042 1265 mei
3066 1213 3154 1281 qui
3180 1230 3258 1267 me
3287 1216 3386 1268 mi-

1773 1291 1838 1343 sit
1854 1333 1867 1356 ,
1903 1302 1957 1345 ut
1988 1294 2154 1347 omnis
2174 1297 2422 1366 qui-uidet
2447 1297 2644 1355 Filium
2671 1311 2718 1355 et
2748 1301 2910 1357 credit
2934 1304 2987 1358 in
3013 1321 3130 1360 eum
3156 1346 3170 1369 ,
3197 1306 3381 1363 habeat

1771 1384 1926 1437 vitam
1973 1395 2216 1440 aeternam
2265 1388 2423 1458 (Joan
2458 1407 2528 1456 vr,
2560 1392 2666 1462 40)
2699 1411 2713 1460 ;
2766 1405 2818 1450 et
2850 1395 2976 1452 alibi
3010 1415 3023 1450 :
3057 1397 3278 1454 Creditis
3326 1403 3382 1456 iu

1777 1474 1976 1544 Deum,
2009 1489 2058 1533 et
2089 1481 2142 1534 in
2174 1497 2252 1535 me
2278 1484 2474 1540 credite
2500 1483 2692 1554 (Joan.
2730 1504 2841 1556 xw,
2875 1491 2900 1545 1
2932 1491 2972 1561 ).

1845 1569 1969 1624 125.
2001 1571 2172 1627 Nemo
2200 1589 2330 1644 ergo
2362 1575 2559 1632 Filium
2606 1579 2724 1634 sine
2757 1580 2916 1638 Patre
2945 1585 3216 1655 accipiat,
3249 1588 3374 1658 quia

1772 1661 1965 1717 Filimn
1994 1664 2242 1736 legimus.
2277 1668 2452 1724 liabet
2490 1670 2706 1726 Patrem
2740 1673 2940 1742 Filius,
2975 1677 3069 1732 sed
3103 1694 3212 1733 non
3241 1688 3373 1735 tem-

103 1735 200 1803 Dei,
227 1747 268 1791 et
290 1741 680 1794 communicatio
698 1740 932 1811 Spiritus
957 1744 1120 1797 sancti
1147 1744 1213 1815 (ll
1241 1743 1359 1799 Cor.
1396 1761 1514 1808 XIII,
1549 1744 1660 1818 13).
1697 1748 1746 1810 Β
1777 1755 2016 1822 poralem
2039 1735 2068 1822 ,ί
2096 1774 2202 1813 non
2252 1775 2322 1814 ex
2375 1762 2662 1831 passione,
2716 1780 2822 1821 non
2865 1783 2928 1822 ex
2977 1771 3372 1842 conceptione,

103 1828 147 1882 Si
163 1829 428 1884 verborum
448 1847 848 1902 persequamur
865 1835 1135 1903 ordinem,
1154 1845 1178 1872 ἰ
1198 1836 1249 1891 in
1277 1838 1450 1905 primo
1463 1837 1660 1894 Filium

106 1923 252 1988 posuit
268 1963 280 1986 ,
307 1923 357 1976 in
385 1923 632 1979 secundo
651 1924 890 1981 Patrem.
916 1927 1024 1982 Sed
1046 1927 1337 1983 verborum
1363 1929 1498 1984 ordo
1515 1945 1662 2000 saepe

106 2022 336 2080 mutatur;
383 2026 436 2070 et
482 2015 612 2071 ideo
643 2033 747 2078 non
779 2017 950 2074 debes
993 2020 1078 2075 vel
1121 2020 1188 2075 de
1224 2020 1448 2088 ordine,
1481 2023 1563 2078 vel
1593 2023 1662 2080 de

105 2107 244 2174 gradu
283 2107 420 2164 Patri
471 2111 586 2166 Deo
631 2119 686 2165 et
732 2111 872 2167 Filio
909 2113 1027 2182 ejus
1060 2113 1240 2171 facere
1266 2117 1619 2186 qumstionem
1642 2161 1657 2186 ,

103 2211 204 2252 cum
227 2201 506 2257 secundum
535 2203 884 2260 divinitatem
912 2205 1110 2262 divisio
1138 2207 1284 2262 nulla
1317 2209 1385 2263 sit
1414 2210 1657 2264 unitatis.

688 2317 918 2374 CAPUT
947 2318 1014 2374 X.

105 2424 290 2482 .lrianos
313 2429 378 2482 ad
407 2430 629 2499 gentiles
653 2428 827 2499 palam
858 2431 1097 2498 transire,
1133 2431 1256 2485 dum
1295 2432 1542 2512 objiciunt
1568 2429 1681 2512 illa.

160 2519 326 2572 verba:
350 2519 450 2586 Qui
494 2521 545 2574 in
580 2535 669 2575 me
699 2519 888 2588 credit,
922 2537 1028 2576 non
1076 2522 1128 2576 in
1165 2538 1253 2577 me
1300 2506 1654 2586 credit,i'étc.

171 2607 307 2665 Verus
327 2611 419 2665 loci
440 2593 622 2668 sensus
643 2613 957 2684 explicatur,
985 2623 1031 2666 et
1061 2630 1121 2666 ne
1147 2613 1382 2668 credatur
1405 2613 1659 2670 Dominus

169 2713 371 2760 nostram
396 2708 446 2760 in
476 2708 648 2778 ipsum
679 2706 834 2775 ﬁdem
864 2706 1188 2776 prohibuisse
1207 2749 1220 2773 ,
1249 2708 1381 2762 alias
1409 2719 1466 2762 ut
1491 2707 1652 2775 Deus,

159 2798 270 2853 alios
311 2810 362 2854 ut
403 2801 555 2856 homo
599 2802 802 2855 locutus
829 2801 1130 2856 ostenditur.
1158 2801 1286 2857 Mox
1324 2805 1478 2857 variis
1519 2806 1659 2876 ejus-

158 2891 255 2946 dem
279 2894 395 2962 ﬁdei
421 2894 692 2963 effectibus
720 2897 939 2967 prolatis
965 2897 1018 2949 in
1064 2897 1285 2950 medium
1312 2939 1327 2964 ,
1361 2899 1494 2952 alios
1531 2915 1656 2967 quo-

153 2989 516 3052 queuonnullos
567 2990 708 3044 locos
738 2989 912 3044 eodem
955 2990 1105 3045 modo
1147 2992 1422 3047 sunteudos
1449 2991 1645 3061 probat.

1768 1864 1874 1905 non
1905 1867 1969 1906 ex
1998 1854 2191 1922 gratia.
2223 1855 2645 1914 Generationem
2694 1860 2832 1932 legi,
2862 1878 2967 1917 non
3020 1863 3122 1936 legi
3172 1880 3374 1923 conce-

1766 1943 2025 2011 ptionem.
2075 1946 2141 2000 Et
2186 1947 2351 2002 Pater
2395 1948 2558 2016 dicit,
2592 1952 2749 2022 genui
2789 1953 2980 2026 (Psal.
3013 1972 3069 2023 ιι,
3104 1957 3203 2026 7);
3265 1975 3374 2015 non

1765 2033 1926 2101 dicit,
1959 2037 2138 2091 creavi
2166 2056 2178 2091 :
2212 2046 2268 2093 et
2297 2039 2470 2095 Filius
2513 2057 2619 2096 non
2668 2053 2972 2101 creatorem
3006 2063 3164 2104 suum
3202 2051 3371 2107 Deutn

1763 2127 2064 2181 secundum
2099 2131 2455 2186 mternitatem
2479 2132 2681 2189 divina:
2703 2138 3105 2206 generationis,
3138 2140 3232 2197 sed
3271 2142 3371 2197 Pa-

1766 2225 1902 2272 trem
1928 2220 2192 2274 nominat.
2563 2276 2576 2284 ,

1836 2309 1961 2365 124.
2003 2311 2076 2367 Se
2113 2328 2331 2384 quoque
2359 2332 2505 2373 nunc
2533 2334 2600 2374 ex
2632 2335 2861 2389 persona
2904 2323 3177 2394 hominis,
3220 2343 3365 2386 nunc

1763 2401 1816 2456 in
1848 2403 1944 2458 Dei
1977 2405 2262 2474 majestate
2303 2408 2617 2478 signiﬁcat:
2649 2427 2794 2468 nunc
2843 2415 3108 2473 unitatem
3139 2419 3241 2474 sibi
3283 2421 3367 2476 di-

1762 2497 2002 2552 vinitatis
2024 2515 2147 2553 cum
2173 2500 2284 2555 Deo
2309 2501 2468 2558 Patre
2499 2504 2808 2573 vindicans,
2842 2524 2986 2565 nunc
3016 2494 3363 2582 fragilitatem

1762 2588 2014 2644 humana:
2045 2592 2227 2647 carnis
2257 2607 2574 2650 assumens:
2607 2614 2748 2654 nunc
2773 2600 3078 2658 doctrinam
3111 2620 3264 2661 suam
3298 2623 3362 2664 se

1763 2697 1868 2737 non
1899 2683 2102 2740 habere
2120 2727 2134 2750 ,
2163 2701 2308 2742 nunc
2325 2687 2658 2746 voluntatem
2683 2706 2834 2747 suam
2860 2709 2920 2749 se
2947 2710 3055 2749 non
3081 2711 3362 2767 quaerere:

1761 2789 1904 2829 nunc
1933 2777 2305 2833 testimonium
2351 2795 2507 2836 suum
2544 2797 2730 2838 verum
2770 2801 2876 2840 non
2901 2802 3025 2843 esse
3046 2829 3060 2854 ,
3093 2804 3237 2846 nunc
3268 2807 3363 2847 ve-

1759 2882 1875 2922 rum
1911 2884 2034 2925 esse
2079 2870 2416 2940 significans.
2467 2873 2600 2930 Nam
2649 2877 2763 2946 ipse
2807 2877 2937 2933 dixit
2967 2898 2979 2932 :
3015 2880 3076 2936 Si
3105 2897 3197 2952 ego
3229 2885 3369 2938 testi-

1758 2961 1986 3014 monium
2017 2963 2256 3031 perhibeo
2288 2963 2351 3018 de
2381 2981 2459 3019 me
2493 2967 2628 3036 ipso,
2663 2970 3013 3025 testimonium
3057 2989 3228 3028 meum
3258 2992 3363 3030 uou

1755 3063 1828 3107 cst
1850 3070 2019 3108 verum
2040 3054 2237 3127 (Joau.
2260 3072 2314 3123 v,
2343 3059 2407 3112 51
2436 3055 2475 3127 ).
2512 3059 2578 3114 Et
2610 3061 2725 3130 ipse
2753 3062 2803 3116 in
2824 3065 3221 3134 posterioribus
3245 3070 3354 3124 ait:

157 3124 260 3180 “9.
290 3127 367 3184 Διὶ
389 3140 700 3185 extremum
735 3138 792 3184 ιιι
821 3129 1152 3186 christianos
1179 3145 1240 3186 se
1262 3146 1366 3185 non
1400 3146 1521 3186 esse
1542 3146 1653 3186 ma-
1681 3130 1726 3191 C
1757 3145 1826 3199 Et
1865 3148 1910 3201 εἰ
1939 3164 2030 3220 ego
2052 3124 2404 3205 testimonium
2434 3124 2676 3222 perhibeo
2705 3153 2769 3210 de
2794 3172 2875 3212 me
2898 3198 2913 3224 ,
2966 3173 3138 3214 verum
3181 3169 3254 3215 eu
3285 3169 3362 3215 ιε-

100 3214 349 3287 nifestent,
380 3233 588 3294 negant
623 3222 676 3276 in
704 3221 978 3278 Christum
1028 3238 1148 3279 esse
1177 3223 1540 3288 credendum,
1571 3224 1653 3278 di-

98 3318 253 3364 centes
275 3312 533 3382 scriptum
560 3328 684 3369 esse
709 3331 722 3367 :
752 3314 855 3382 Qui
884 3316 937 3369 iu
962 3331 1040 3368 me
1060 3315 1259 3381 credit,
1289 3333 1390 3370 non
1417 3316 1576 3370 credit
1598 3317 1652 3371 iu

100 3413 186 3465 me,
215 3404 292 3458 sed
318 3406 367 3460 in
393 3423 502 3462 eum
540 3408 626 3477 qui
667 3423 748 3461 me
786 3409 918 3461 misit
965 3406 1153 3479 (Joan.
1187 3424 1283 3476 xu,
1338 3407 1469 3478 44).
1504 3409 1651 3464 Hauc

101 3507 178 3564 ego
205 3503 570 3570 exspectabam
605 3502 1008 3558 confessionem
1028 3545 1042 3568 ,
1073 3504 1200 3574 quid
1223 3519 1309 3559 me
1326 3504 1648 3576 quibusdam

101 3586 373 3660 ambagibus
399 3593 720 3651 ludebatis?
760 3595 1010 3652 Sciebam
1056 3597 1186 3651 mihi
1218 3592 1502 3653 adversum
1519 3612 1650 3667 gen-

103 3678 201 3735 tiles
214 3698 322 3741 esse
345 3688 754 3744 contentionem
783 3706 794 3741 :
829 3689 988 3760 573
1016 3688 1110 3744 sed
1138 3689 1213 3743 illi
1235 3698 1645 3752 convertuntur,

100 3783 176 3826 vos
199 3789 292 3831 non
321 3779 719 3836 convertimini.
750 3779 834 3834 Illi
865 3781 910 3834 si
938 3779 1191 3846 credant,
1223 3781 1430 3836 salvum
1456 3791 1538 3836 est
1563 3797 1643 3836 sa-

99 3873 391 3924 cramentum
433 3890 445 3923 :
479 3886 581 3925 vos
621 3870 937 3941 perdidistis
977 3880 1292 3944 acceptum;
1323 3883 1379 3928 et
1411 3887 1511 3928 nec
1538 3887 1650 3926 coe-

102 3962 223 4021 ptum
253 3959 502 4032 fortasse,
537 3963 634 4020 sed
677 3966 881 4020 ﬁctum.

157 4049 260 4108 120.
299 4055 565 4128 Scriptum
615 4067 724 4124 est,
780 4059 1073 4130 inquiunt:
1105 4059 1206 4125 Qui
1242 4060 1296 4114 in
1339 4076 1418 4113 me
1442 4060 1642 4124 credit,

102 4155 179 4195 mm
204 4146 249 4198 iu
274 4164 347 4204 me
364 4153 560 4222 credit,
587 4154 677 4208 sed
706 4156 758 4208 in
785 4170 898 4209 eum
918 4155 1007 4224 qui
1038 4171 1116 4208 me
1142 4154 1300 4208 ntisit.
1330 4153 1437 4210 Sed
1465 4153 1646 4209 videte

99 4235 202 4300 ‘luid
227 4253 494 4312 sequatur,
529 4253 584 4302 et
609 4246 790 4302 videte
839 4246 918 4303 sic
962 4245 1418 4317 quemadmodum
1455 4261 1516 4302 se
1550 4245 1642 4302 Dei

101 4322 237 4386 Filius
257 4335 364 4390 vult
390 4337 592 4405 videri;
626 4339 874 4410 sequitur
898 4340 1078 4395 enim:
1112 4339 1180 4393 Et
1219 4339 1306 4408 qui
1346 4339 1477 4395 videt
1525 4355 1604 4393 me
1627 4379 1641 4404 ,

103 4420 205 4477 ridet
242 4443 344 4483 eum
383 4434 470 4503 qui
499 4451 579 4488 me
625 4435 763 4488 misit
815 4432 1012 4504 (Joan.
1041 4450 1132 4500 xtl,
1169 4433 1316 4503 45),
1368 4432 1470 4489 hoc
1522 4441 1642 4501 est,

1756 3239 2051 3294 stimonium
2077 3258 2243 3296 meum
2275 3241 2477 3314 (Joan.
2509 3261 2624 3311 vni,
2662 3245 2783 3317 14).

1829 3331 1953 3385 125.
1997 3332 2280 3400 Quomodo
2306 3334 2472 3406 igitur
2497 3353 2602 3392 non
2635 3348 2720 3394 est
2750 3355 2936 3396 verum
2980 3345 3355 3404 testimonium

1757 3433 1938 3491 tuum,
1975 3425 2201 3482 Domine
2230 3427 2392 3495 Jesu,
2425 3430 2510 3484 cui
2539 3431 2632 3500 qui
2659 3432 2914 3500 credidit,
2951 3435 3002 3490 in
3034 3453 3200 3494 cruce
3231 3439 3360 3496 licet

1755 3517 1986 3586 positus,
2017 3528 2072 3573 et
2102 3519 2241 3575 inter
2271 3521 2510 3578 confessi
2547 3524 2772 3580 sceleris
2794 3527 3058 3597 supplicia
3087 3532 3357 3588 constitu-

1757 3619 1872 3675 tus,
1921 3612 2115 3665 merita
2141 3611 2369 3666 latronis
2398 3614 2578 3678 exuit,
2614 3617 2834 3684 prmmia
2869 3619 3177 3675 innocentis
3207 3636 3356 3679 eme-

1754 3703 1862 3761 ruit
1893 3703 2063 3767 (Luc.
2110 3720 2265 3770 χχιιι,
2307 3706 2372 3759 41
2414 3716 2462 3760 et
2501 3705 2681 3777 seq.)?

1826 3795 1948 3850 126.
1995 3795 2259 3866 Deceptus
2287 3805 2525 3868 estergo
2565 3797 2798 3865 Paulus,
2843 3801 2932 3868 qui
2981 3801 3101 3859 ideo
3143 3805 3353 3875 recepit

1752 3887 1973 3952 oculos,
2025 3886 2148 3956 quia
2201 3887 2471 3952 credidit,
2523 3904 2662 3961 quos
2718 3893 3013 3962 amiserat,
3065 3905 3354 3968 antequam

1751 3978 2002 4033 crederet
2033 3977 2187 4049 (Act.
2237 3995 2312 4043 Ix,
2353 3980 2505 4052 18)?

1825 4070 1947 4125 127.
1995 4070 2283 4127 Erravitne
2309 4072 2474 4128 etiam
2505 4073 2666 4129 Jesus
2691 4074 2839 4132 Nave
2859 4119 2873 4142 ,
2904 4081 2994 4149 qui
3026 4079 3219 4138 ducem
3251 4085 3354 4140 mi-

1752 4163 1884 4218 litire
1929 4163 2169 4219 caelestis
2206 4165 2473 4236 agnovit?
2517 4167 2624 4222 Sed
2673 4178 3028 4241 posteaquam
3077 4174 3350 4244 credidit,

1750 4253 1914 4329 574
1953 4256 2135 4310 statim
2165 4255 2330 4324 vicit,
2363 4257 2558 4330 dignus
2603 4260 2696 4330 qui
2745 4259 2874 4317 ﬁdei
2925 4263 3118 4334 prmlio
3163 4266 3354 4321 trium--

1748 4349 1960 4420 pharet.
1999 4349 2236 4421 Denique
2267 4367 2372 4406 non
2406 4361 2600 4408 aeratas
2631 4353 2776 4409 acies
2812 4358 2865 4411 in
2897 4356 3037 4412 bella
3069 4357 3347 4429 produxit,

1749 4457 1849 4497 nec
1877 4442 2078 4510 ariete,
2107 4444 2432 4514 caeterisque
2463 4454 2858 4503 tormentorum
2903 4448 3168 4505 machinis
3188 4491 3204 4516 ,
3250 4451 3349 4506 sed

103 4516 197 4580 quia
222 4520 364 4580 Pater
386 4526 598 4584 videtur
641 4528 693 4582 in
725 4527 882 4582 Filio.
915 4527 1180 4597 Exposuit
1210 4528 1371 4599 igitur
1411 4528 1464 4583 id
1493 4528 1636 4598 quod
1663 4519 1716 4579 D
1746 4533 1995 4588 tubarum
2027 4544 2234 4603 septem
2265 4536 2688 4593 sacerdotalinm
2722 4554 2888 4605 sono,
2920 4555 3200 4598 murorum
3253 4541 3350 4597 lto-

101 4615 198 4662 aule
221 4617 494 4685 prmmisit,
521 4619 647 4690 quia
680 4619 770 4674 ille
801 4618 978 4674 credit
1005 4620 1056 4674 in
1088 4619 1318 4685 Filium,
1350 4620 1443 4690 qui
1473 4621 1645 4676 conﬁ-

105 4699 218 4752 tetur
241 4712 289 4758 et
311 4705 540 4765 Patrem.
575 4709 706 4765 Nam
734 4710 826 4781 qui
853 4709 1049 4765 Filium
1080 4711 1281 4777 nescit,
1313 4726 1413 4767 nec
1427 4711 1638 4767 Patrem

103 4790 245 4855 ηονῖῑς
283 4801 451 4856 omnis
477 4801 618 4858 enim
667 4803 760 4873 qui
809 4813 970 4874 negat
1013 4802 1236 4871 Filium,
1283 4819 1384 4860 nec
1422 4804 1636 4861 Patrem

101 4875 266 4944 habet:
290 4894 373 4962 qui
399 4897 684 4954 conﬁtetur
708 4896 906 4953 Filiutn
937 4939 952 4966 ,
982 4909 1037 4955 et
1066 4899 1263 4955 Filium
1289 4941 1304 4968 ,
1330 4909 1385 4957 et
1421 4901 1636 4958 Patrem

100 4968 251 5034 habet.

157 5070 260 5127 121.
287 5077 419 5146 Quid
444 5096 524 5142 est
547 5103 678 5160 ergo
705 5105 716 5141 :
756 5086 881 5142 Non
911 5088 1068 5142 credit
1106 5089 1160 5143 in
1190 5091 1310 5145 me?
1346 5089 1466 5146 Non
1499 5091 1551 5146 in
1586 5089 1638 5146 id

99 5161 216 5225 quod
240 5175 570 5240 corporaliter
593 5179 840 5248 cernitis,
878 5195 987 5234 non
1014 5181 1068 5234 in
1098 5179 1370 5236 hominem
1405 5191 1637 5236 tantum-

100 5252 262 5322 modo,
291 5277 440 5331 quem
485 5271 716 5328 videtis:
751 5287 859 5328 non
909 5274 1052 5328 enim
1086 5273 1138 5328 in
1189 5273 1460 5330 hominem
1515 5285 1635 5331 tan-

103 5343 335 5437 tummodo
373 5359 696 5418 credendum
744 5365 1010 5430 asseruit,
1049 5366 1143 5420 sed
1175 5375 1231 5421 ut
1273 5366 1469 5422 credas
1509 5369 1634 5437 quia

101 5425 231 5530 Jesns
267 5440 496 5507 Chrisms
522 5453 640 5525 ipse
665 5464 750 5511 est
779 5456 872 5513 Dei
901 5425 1071 5512 Filius
1097 5468 1153 5512 et
1186 5458 1371 5515 homo.
1406 5425 1634 5530 Propter

101 5527 219 5588 Quod
247 5545 294 5588 et
321 5547 592 5616 utrumque
617 5547 728 5602 ait:
759 5547 803 5602 Α
830 5551 1025 5618 meipso
1055 5567 1158 5605 non
1186 5552 1298 5604 ueni
1326 5527 1629 5622 (Joandut,

163 5645 188 5743 ἰ
343 5660 600 5748 nonnulli,
623 5662 689 5748 in.
699 5663 951 5748 principio
976 5662 1192 5748 Ιξὶίὶιυη·
1435 5745 1443 5748 _

214 5711 325 5774 M58.
367 5711 943 5804 nonnulliplla
976 5711 1364 5804 destiti-uomat,
1397 5745 1502 5793 etc.
1545 5738 1642 5794 Mi-

1743 4624 1948 4679 stilium
1981 4634 2134 4696 septa
2167 4626 2444 4697 deposuit.
2476 4627 2556 4684 Ita
2603 4630 2806 4686 bellum
2853 4632 3090 4690 immane
3116 4635 3352 4692 confecit

1746 4717 1891 4773 tuba:
1921 4718 2175 4789 clangor,
2204 4727 2262 4775 et
2291 4721 2463 4776 infula
2493 4723 2797 4781 sacerdotis
2838 4724 3039 4796 (Josue
3064 4726 3180 4798 vr).

1820 4810 1941 4865 128.
1989 4809 2134 4866 Vidit
2162 4812 2265 4868 hoc
2293 4814 2588 4883 meretrix,
2621 4825 2676 4871 et
2719 4833 2839 4888 qua:
2882 4819 2934 4873 in
2969 4820 3182 4876 excidio
3209 4822 3344 4877 civi-

1746 4902 1870 4956 tatis
1899 4903 2136 4958 remedia
2181 4903 2499 4974 desperaret
2520 4907 2747 4975 salutis,
2791 4911 2913 4980 quia
2947 4913 3084 4968 fides
3124 4915 3344 4985 vicerat,

1745 4996 1896 5066 signa
1948 4994 2073 5051 ﬁdei
2103 5006 2266 5067 atque
2295 4998 2491 5053 vexilla
2523 5000 2823 5060 Dominicae
2867 5004 3137 5076 passionis
3179 5011 3345 5066 attol-

1745 5085 1897 5153 lens,
1929 5101 2150 5142 coccum
2181 5087 2234 5144 in
2267 5086 2504 5144 fenestra
2534 5089 2756 5162 ligavit;
2789 5104 2848 5150 nt
2886 5099 3098 5168 species
3137 5102 3349 5158 cruoris

1745 5177 1956 5248 mystici
2002 5194 2123 5249 qua:
2171 5179 2309 5236 foret
2337 5181 2599 5237 mundum
2643 5183 3032 5256 redemptura,
3087 5201 3342 5249 vernaret

1743 5269 1949 5342 (Josue
1977 5272 2078 5344 ιι).
2114 5272 2142 5311 ι’
2170 5273 2245 5329 Ita
2281 5275 2414 5333 foris
2445 5277 2574 5335 Jesu
2603 5294 2800 5336 nomen
2833 5280 2931 5336 fuit
2968 5285 3345 5353 proeliantibus

1741 5363 1808 5419 ad
1842 5366 2126 5421 victoriam
2148 5407 2164 5434 ,
2195 5367 2338 5424 intus
2367 5371 2578 5441 Species
2621 5372 2918 5429 Dominiczn
2950 5379 3217 5445 passionis
3246 5398 3345 5454 pe-

1741 5457 2106 5516 riclitantibus
2135 5462 2200 5517 ad
2233 5464 2486 5520 salutem.
2513 5465 2668 5522 Unde
2687 5468 2812 5538 quia
2844 5468 3121 5528 intellexit
3145 5473 3337 5534 Raltab

1740 5554 1966 5609 caeleste
1999 5557 2350 5627 mysterium,
2377 5557 2508 5614 dicit
2547 5558 2811 5616 Dominus
2854 5561 2906 5617 in
2949 5563 3158 5633 psalmo
3184 5608 3197 5621 .
3232 5567 3349 5627 Me-

1735 5684 1836 5725 nus
1866 5671 2132 5742 apposite.
