3932 6176
153 244 256 300 677

148 441 324 517 (Eccl.
361 453 456 507 itu,
489 439 603 517 11),
635 435 730 500 sed
766 443 856 500 Dei
892 441 1062 499 Filius
1094 460 1198 501 non
1231 444 1516 525 adducitur
1545 435 1594 498 in
1622 445 1768 514 judi-

146 539 329 605 cium;
356 539 481 608 quia
509 539 630 608 ipse
648 535 855 607 judicat
877 558 890 593 :
915 553 1021 593 non
1043 546 1434 609 ergocreatura
1458 539 1547 594 Dei
1572 525 1764 594 Filius.

220 630 352 687 145.
399 630 688 684 Postremo
735 640 791 684 nt
834 619 1096 684 unitatem
1148 619 1449 700 intelligas,
1477 630 1544 685 de
1577 631 1768 686 nvibus

147 719 339 778 dicens
385 715 642 778 salvator
680 741 691 772 :
727 721 926 778 Nullus
948 765 963 789 ,
995 724 1201 794 inquit,
1236 725 1373 794 rapit
1402 740 1490 779 eas
1521 714 1584 778 de
1613 741 1766 777 manu

149 834 282 871 mea.
317 814 478 870 Pater
497 814 633 882 quod
657 811 794 870 dedit
821 816 967 882 milii,
986 818 1154 886 majus
1178 817 1410 871 omnibus
1435 829 1528 882 est,
1553 827 1598 871 et
1620 833 1766 871 nemo

149 917 313 980 potest
336 927 519 978 rapere
546 909 608 964 de
648 926 802 964 ntanu
834 903 1009 966 Patris
1036 912 1154 964 mei.
1200 907 1311 982 Ego
1344 921 1389 965 et
1424 909 1581 965 Pater
1611 927 1766 963 unum

147 1021 325 1058 sumus
357 993 539 1066 (Joan.
571 1019 627 1069 χ,
661 999 756 1071 29,
785 1002 900 1074 50).

224 1097 350 1151 ιιι.
389 1097 482 1154 Sic
513 1097 747 1153 vivilicat
769 1093 957 1165 Filius,
985 1091 1250 1153 utPater:
1285 1097 1433 1153 Sicut
1458 1099 1594 1152 enim
1613 1085 1766 1151 Pater

143 1190 365 1242 suscitat
411 1199 642 1243 mortuos
682 1198 728 1242 et
773 1189 1036 1259 viviﬁcat;
1077 1190 1149 1243 sic
1181 1199 1226 1243 et
1265 1177 1440 1245 Filius
1477 1206 1603 1261 quos
1639 1189 1766 1255 vult,

146 1283 378 1351 uiuiﬁcat
407 1279 588 1352 (Joan.
621 1299 676 1346 v,
704 1279 818 1354 2t).
870 1283 959 1339 Sic
990 1286 1217 1338 suscitat
1247 1277 1438 1349 Filius,
1471 1292 1529 1338 ut
1560 1283 1718 1338 Pater
1750 1301 1762 1337 :

145 1375 227 1430 sic
276 1385 570 1429 conservat
612 1375 823 1443 Filius,
865 1388 924 1430 ut
969 1373 1148 1431 Pater.
1200 1377 1299 1444 Qui
1335 1392 1438 1430 non
1474 1376 1645 1445 impar
1684 1384 1768 1430 est

145 1467 346 1536 gratia,
384 1465 656 1536 quomodo
690 1468 863 1539 impar
891 1478 972 1524 est
1003 1467 1316 1538 potestate?
1347 1461 1437 1523 Sic
1466 1469 1628 1522 etiam
1659 1482 1764 1522 non

147 1559 333 1628 perdit
365 1557 561 1625 Filius,
591 1571 646 1614 ut
670 1557 849 1616 Pater.
881 1561 950 1616 Et
974 1561 1096 1616 ideo
1120 1577 1186 1616 ne
1209 1561 1329 1632 quis
1358 1559 1438 1616 vel
1470 1562 1606 1616 duos
1633 1562 1764 1616 deos

148 1653 429 1716 crederet,
452 1654 534 1710 vel
559 1647 944 1710 discretionem
971 1656 1250 1725 potestatis
1274 1654 1576 1719 induceret,
1599 1671 1760 1709 unum

1506 238 1625 310 ,ne
1661 235 1825 294 stoc
1868 237 1998 293 ι.ιιι.
2043 229 2109 292 v.

221 353 348 407 142.
395 351 574 409 Omne
617 367 751 436 opus
789 367 943 406 suum
972 351 1208 407 adducet
1251 353 1391 408 Deus
1427 354 1476 406 in
1501 352 1762 436 judicium
1795 359 1844 419 Α

3363 231 3467 286 678

1947 351 2063 406 14$.
2097 349 2401 420 Sequamur
2432 349 2836 419 Scripturarnm
2853 347 3120 404 ordinem.
3153 347 3246 402 lllc
3275 347 3366 416 qui
3383 363 3472 401 vc-

1871 443 1971 507 nit,
2004 459 2227 513 regnum
2266 443 2375 497 Deo
2405 443 2545 496 Patri
2582 441 2757 496 tradet
2785 459 2796 495 :
2830 450 2884 496 et
2911 457 3033 496 cum
3067 440 3346 494 tradiderit
3382 457 3466 494 te-

1869 550 2056 606 gnum,
2086 516 2211 591 tunc
2238 544 2292 591 et
2316 535 2432 605 ipse
2463 534 2742 606 subjectus
2765 535 2869 589 erit
2890 534 2960 599 ei,
2983 533 3072 602 qui
3105 532 3209 587 sibi
3238 531 3472 602 subjecit

1869 611 2081 693 omnia;
2118 615 2175 683 ut
2199 612 2271 684 sit
2304 625 2442 683 Dens
2474 627 2652 682 munia
2687 637 2738 682 ct
2772 629 2822 681 in
2853 626 3102 681 omnibus
3138 625 3180 698 (Ι
3224 624 3344 679 Cor.
3377 641 3466 692 xv,

1869 719 1960 784 2i,
1989 719 2106 789 28).
2135 719 2188 774 Si
2215 728 2271 772 ut
2303 719 2474 775 Filius
2506 719 2740 774 hominis
2773 733 2995 787 regnum
3024 717 3232 785 accepit
3263 716 3354 770 Dei
3385 715 3473 770 Fi-

1868 813 2012 878 lius;
2043 824 2097 867 ut
2124 814 2292 870 Filius
2321 815 2504 883 utique
2537 795 2775 868 hominis
2803 813 2961 866 etiam
2990 811 3148 882 577
3176 811 3470 865 traditurus

1869 915 1972 976 est,
2001 914 2027 941 ⁸
2052 906 2193 975 quod
2219 906 2430 976 accepit
2456 924 2467 958 :
2497 907 2541 960 si
2568 915 2625 960 ut
2651 887 2823 959 Filius
2850 903 3088 958 hominis
3121 903 3308 968 tradit,
3341 918 3470 973 ergo

1870 1007 1924 1052 et
1955 1006 2012 1052 ut
2055 999 2226 1054 Filius
2259 998 2494 1054 hominis
2525 997 2944 1068 subjectionem,
2981 998 3164 1065 utique
3207 1011 3301 1066 per
3340 1012 3474 1050 con-

1869 1090 2131 1147 ditionem
2163 1093 2366 1158 carnis,
2401 1075 2508 1147 non
2539 1107 2634 1161 per
2665 1091 3002 1161 majesmtem
3034 1089 3354 1156 divinitatis,
3383 1105 3472 1160 ag-

1870 1184 2066 1238 noscit.

1945 1263 2070 1329 149.
2107 1261 2175 1328 Et
2199 1284 2254 1329 tu
2286 1276 2350 1330 ad
2377 1275 2765 1332 contumeliam
2795 1274 3013 1344 ohjicis,
3042 1274 3183 1344 quod
3212 1275 3260 1328 ei
3291 1272 3472 1343 subje-

1869 1367 2005 1420 cerit
2032 1367 2212 1423 omnia
2257 1367 2437 1434 Dens;
2481 1383 2602 1422 cum
2633 1366 2821 1422 audias
2868 1367 3010 1436 quod
3043 1382 3266 1437 regnum
3301 1354 3474 1421 Filius

1866 1458 2105 1515 hominis
2137 1461 2247 1516 Deo
2280 1462 2478 1526 tradat,
2514 1472 2565 1517 el
2595 1472 2653 1516 ut
2683 1462 2736 1516 in
2759 1460 3130 1530 superioribus
3150 1461 3386 1514 diximus
3412 1461 3474 1515 li-

1867 1539 1998 1616 bris,
2037 1553 2230 1624 legeris
2264 1572 2275 1607 :
2313 1554 2482 1609 Nemo
2512 1557 2646 1608 venit
2685 1557 2752 1608 ad
2791 1571 2892 1620 me,
2923 1557 3022 1608 nisi
3059 1555 3215 1608 I’atir
3255 1567 3477 1609 alti-atre-

1865 1648 1932 1700 rit
1959 1664 2097 1713 eum,
2120 1657 2169 1702 et
2189 1664 2283 1720 ego
2300 1650 2614 1704 resuscitabo
2635 1665 2753 1703 eum
2778 1649 2834 1702 in
2865 1649 3138 1702 novissimo
3165 1648 3250 1702 die
3273 1648 3388 1720 (tib.
3415 1665 3474 1712 ιι,

149 1763 213 1804 se
240 1761 367 1803 esse
407 1763 529 1803 cum
570 1745 730 1803 Patre
771 1748 936 1802 dixit.
989 1745 1042 1803 ld
1087 1748 1543 1819 quemadmodum
1589 1756 1764 1816 potest
1793 1745 1840 1804 B
1868 1758 1984 1812 cap.
2016 1741 2112 1810 4)?
2134 1742 2189 1798 Si
2221 1743 2456 1797 litteram
2489 1759 2804 1813 sequamur,
2839 1742 2962 1797 vide
2990 1742 3161 1812 magis
3190 1751 3352 1811 atque
3383 1733 3477 1796 ad-

150 1840 339 1896 dicere
362 1839 651 1895 creatura?
698 1841 812 1897 Non
834 1857 966 1913 ergo
993 1853 1240 1897 creatura
1272 1843 1360 1896 Dei
1392 1843 1559 1897 Filius
1586 1850 1689 1897 est.

223 1932 354 1988 1-15.
398 1929 519 1989 Non
560 1935 700 1990 idem
742 1944 828 1989 est
867 1950 1091 2007 regnare
1134 1947 1190 1990 et
1233 1937 1439 1991 servire
1472 1953 1483 1988 :
1518 1921 1766 1990 Christus

153 2033 340 2082 autem
366 2035 421 2082 et
448 2029 538 2082 rei:
574 2039 656 2083 est
685 2038 737 2085 et
763 2025 906 2082 titius
944 2029 1088 2099 regis
1123 2048 1134 2082 :
1172 2044 1277 2082 non
1311 2042 1442 2098 ergo
1471 2041 1662 2082 servus
1684 2036 1767 2081 est

151 2118 249 2174 Dei
277 2117 473 2174 Filius.
505 2119 696 2175 Omnis
738 2131 921 2175 autem
951 2131 1201 2175 creatura
1249 2122 1457 2184 servit;
1513 2119 1608 2174 sed
1657 2133 1762 2172 non

150 2213 326 2267 servit
352 2210 450 2266 Dei
486 2209 676 2277 Filius,
725 2213 816 2280 qui
846 2229 913 2268 ex
948 2214 1121 2268 servis
1153 2203 1414 2287 tilios'Dei
1447 2211 1577 2267 facit
1608 2228 1620 2263 :
1657 2226 1764 2263 non

150 2319 292 2376 ergo
319 2315 571 2361 creatura
600 2301 693 2360 Dei
726 2303 920 2361 Filius.

773 2397 1002 2454 CAPUT
1042 2391 1160 2452 XII.

156 2490 448 2559 Superiora
480 2490 750 2560 con/irruat
772 2505 837 2545 ea:
865 2489 1114 2560 parabota
1143 2487 1316 2543 divitis
1342 2489 1411 2542 ad
1437 2488 1766 2558 qnwrendum

231 2582 332 2637 sibi
357 2600 574 2656 regnum
613 2585 987 2654 proﬁciscentis
1007 2603 1026 2651 ;
1055 2585 1372 2654 ostenditque
1407 2600 1523 2638 cum
1557 2599 1766 2654 regnum

235 2675 411 2730 tradat
442 2676 592 2730 Patri
621 2668 670 2731 F
675 2678 792 2732 ilius
813 2719 829 2745 ,
860 2677 931 2731 ad
965 2679 1329 2734 contumeliam
1367 2694 1469 2731 non
1512 2677 1766 2748 accipien-

231 2771 380 2837 dum,
405 2772 448 2824 si
479 2772 653 2826 omnia
682 2772 800 2826 huic
826 2772 1077 2845 subjicere
1107 2771 1264 2850 Pater
1295 2773 1516 2827 dicatur.
1545 2771 1657 2827 Nos
1684 2774 1769 2827 ltie

233 2880 345 2916 esse
396 2862 588 2918 Christi
629 2881 871 2936 regnum,
915 2877 964 2920 et
1002 2868 1056 2921 in
1094 2865 1288 2922 Christi
1327 2882 1527 2938 regno;
1568 2866 1768 2934 futuros

234 2952 517 3023 aliquando
556 2957 609 3010 in
648 2973 804 3032 regno
848 2955 985 3022 Dei,
1032 2958 1119 3012 ubi
1162 2969 1342 3028 regnat
1375 2975 1438 3012 ex
1481 2974 1626 3026 azquo
1664 2968 1771 3012 tota

237 3046 494 3103 Trinitas.

1871 1848 2022 1891 verte
2068 1839 2328 1893 unitatem
2375 1837 2812 1893 honoriﬁcentia:
2872 1855 2883 1889 :
2941 1847 2996 1891 et
3041 1835 3201 1891 Pater
3244 1836 3478 1905 subjecit

1870 1931 2040 1995 Filio,
2070 1940 2127 1986 et
2155 1930 2322 1987 Filius
2354 1932 2495 1986 Patri
2527 1932 2710 1986 tradit.
2736 1931 2832 1985 Dic
2855 1930 2982 2001 quid
3013 1931 3085 1984 sit
3111 1930 3343 2000 amplius
3367 1938 3476 1984 tra-

1871 2024 2023 2090 here,
2052 2039 2121 2078 an
2151 2027 2515 2081 resuscitare?
2556 2026 2746 2080 Nonne
2792 2025 3090 2080 secundum
3142 2033 3349 2079 morem
3381 2025 3479 2078 ho-

1871 2119 2079 2172 mlnunt
2113 2119 2474 2173 ministerium
2503 2120 2790 2184 trahentis,
2821 2127 3066 2188 potestas
3097 2125 3180 2172 est
3211 2120 3477 2173 suscitan-

1871 2211 1979 2267 tisl
2003 2211 2109 2269 Sed
2134 2223 2188 2268 et
2210 2207 2381 2269 Filius
2404 2215 2470 2269 ad
2501 2209 2716 2271 Patrem
2737 2214 2926 2280 trahit,
2952 2203 3258 2270 ctPaterad
3282 2213 3475 2270 Filium

1874 2307 2039 2364 trahit
2073 2327 2085 2363 :
2121 2320 2175 2365 et
2203 2299 2376 2364 Filius
2416 2312 2664 2373 suscitat,
2699 2320 2754 2364 et
2783 2309 2944 2364 Pater
2987 2312 3238 2364 suscitat.
3277 2309 3478 2366 Faces-

1871 2399 1997 2456 sant
2023 2388 2309 2473 sacrilega:
2331 2411 2643 2457 commenta
2670 2401 3042 2466 discretionis,
3065 2401 3157 2456 ubi
3181 2403 3360 2457 unitas
3386 2417 3483 2473 po-

1874 2495 2082 2549 testatis
2108 2504 2213 2551 est.

1945 2587 2066 2642 150.
2103 2585 2128 2624 ι)
2158 2586 2361 2641 Tradat
2408 2585 2571 2655 igitur
2604 2585 2753 2640 Patri
2800 2601 3026 2656 regnum
3057 2598 3217 2640 suum
3259 2585 3481 2640 Filius?

1871 2679 1990 2734 Non
2021 2680 2234 2750 deperlt
2272 2679 2497 2734 Christo
2528 2693 2757 2750 regnum
2790 2680 2932 2750 quod
2969 2681 3153 2742 tradit,
3183 2680 3280 2736 sed
3316 2681 3480 2750 proti-

1871 2774 1965 2828 cit.
1995 2773 2106 2828 Nos
2134 2789 2326 2828 sumus
2364 2789 2614 2845 regnum,
2647 2774 2774 2845 quia
2806 2775 2961 2829 nobis
2987 2776 3188 2831 dictum
3217 2787 3302 2830 est
3339 2793 3351 2830 :
3382 2776 3484 2830 Re-

1871 2881 2032 2935 gnum
2060 2863 2169 2919 Des"
2189 2867 2324 2919 intra
2353 2882 2442 2920 uos
2471 2877 2545 2920 est
2577 2865 2728 2938 (Luc.
2765 2877 2899 2934 xvn,
2929 2865 3046 2937 21).
3085 2868 3149 2922 Et
3178 2883 3366 2922 sumus
3395 2884 3483 2923 re-

1872 2975 2039 3028 gnum
2063 2959 2263 3014 Christi
2289 2970 2440 3025 ante;
2467 2971 2656 3029 postea
2684 2959 2895 3024 Patris;
2922 2961 3046 3029 quia
3064 2961 3326 3031 scriptum
3354 2970 3439 3016 est
3471 2981 3484 3016 :

1879 3052 2046 3107 Nemo
2087 3053 2219 3106 uenit
2267 3053 2334 3106 ad
2365 3053 2634 3120 Patrem,
2661 3055 2764 3108 nisi
2801 3070 2891 3124 per
2929 3069 3008 3107 me
3038 3052 3216 3123 (Joan.
3254 3071 3368 3120 xlv,
3403 3057 3484 3127 6).

240 3139 365 3196 146.
401 3141 588 3196 Divinc
616 3144 796 3212 ita-mc
823 3143 966 3197 illam
995 3144 1303 3213 paraliolam
1329 3143 1534 3198 induxit
1561 3143 1770 3211 divitis,
1802 3136 1847 3198 C
1885 3145 2055 3197 cCum
2076 3144 2129 3198 in
2149 3145 2234 3198 via
2257 3160 2399 3212 sum,
2419 3145 2619 3200 Christi
2640 3162 2796 3212 sum;
2820 3162 2942 3201 cum
2969 3162 3290 3216 pervenero,
3315 3149 3489 3202 Patris

159 3237 257 3307 qui
290 3237 344 3292 in
379 3238 654 3307 regionem
704 3238 1050 3308 longinquam
1096 3238 1368 3307 proiectus
1411 3247 1497 3292 est
1525 3237 1774 3306 accipere

160 3345 398 3400 regnum
426 3339 475 3384 et
500 3331 701 3385 reverti
727 3329 880 3402 (an.
907 3347 1022 3396 xu,
1056 3331 1168 3399 12),
1197 3347 1254 3385 se
1278 3332 1450 3400 ipsum
1475 3331 1771 3387 secundum

162 3421 536 3476 substantiam
592 3420 896 3478 divinitatis
946 3424 1507 3492 incorporationisque
1561 3421 1772 3479 descri-

164 3515 328 3568 bens.
373 3512 496 3583 Ipse
522 3516 666 3568 enim
701 3514 856 3569 dives
884 3514 1183 3570 secundum
1217 3515 1606 3584 plenitudinem
1639 3514 1776 3568 divi-

163 3608 360 3662 nitatis
385 3648 400 3671 ,
432 3606 524 3677 qui
556 3623 653 3678 pro
685 3608 839 3662 nobis
873 3624 1076 3678 pauper
1104 3608 1280 3663 factus
1311 3617 1428 3671 est,
1477 3623 1598 3662 cum
1623 3606 1776 3663 dives

163 3709 322 3756 esset
367 3710 422 3754 et
467 3716 558 3755 rex
611 3708 879 3766 attentus,
911 3711 964 3756 et
1005 3713 1209 3756 aeterno
1252 3716 1378 3772 rege
1407 3702 1724 3770 progenitus
1760 3717 1774 3753 :

166 3808 407 3864 peregre
437 3791 711 3863 protectus
738 3794 1033 3849 secundum
1060 3795 1303 3863 corporis
1333 3792 1733 3862 susceptionem
1761 3807 1776 3856 ;

165 3887 299 3956 quia
325 3886 690 3942 viashominis
711 3896 981 3959 tamquam
1005 3889 1107 3943 iter
1122 3889 1398 3960 ingressus
1417 3887 1556 3941 alien
1567 3901 1778 3952 um,ve-

167 3977 256 4032 nit
283 3979 342 4032 in
370 3976 518 4032 hunc
535 3979 820 4046 mundum,
838 3989 1135 4050 utregnuin
1160 3980 1262 4036 sibi
1285 3988 1497 4048 pararet
1515 3993 1579 4033 ex
1600 3978 1778 4033 nobis.

247 4071 377 4125 117.
418 4072 573 4126 Venit
610 4089 738 4145 ergo
764 4073 922 4129 Jesus
955 4075 1004 4128 in
1040 4075 1178 4129 hanc
1211 4083 1412 4128 terram
1439 4088 1666 4143 regnum
1693 4089 1783 4126 ac-

168 4162 366 4232 cipere
401 4163 472 4218 de
515 4166 692 4230 nobis,
731 4166 930 4236 quibus
959 4167 1075 4222 ait:
1117 4166 1346 4237 Regnum
1387 4165 1484 4220 Dei
1511 4166 1650 4218 intra
1694 4181 1784 4219 vos

172 4265 250 4308 est
280 4256 438 4326 (Luc.
475 4273 610 4324 χιιι,
639 4257 756 4329 21).
799 4258 914 4314 Hoc
943 4269 1028 4314 est
1076 4273 1304 4330 regnum
1345 4258 1488 4328 quod
1537 4256 1786 4312 Christus

174 4355 419 4425 accepit,
451 4354 553 4408 hoc
583 4360 688 4417 est,
719 4351 864 4422 quod
896 4352 1039 4406 Patri
1070 4352 1315 4406 tradidit.
1349 4350 1480 4406 Nam
1511 4351 1786 4420 quomodo

178 4462 414 4517 regnum
446 4443 678 4512 accepit,
703 4445 792 4514 qui
821 4452 938 4499 erat
966 4459 1061 4498 rex
1089 4444 1493 4513 sempiternus?
1530 4443 1677 4498 Venit
1703 4460 1785 4498 er-

1879 3252 2000 3290 snm
2029 3237 2158 3291 :sed
2185 3237 2382 3307 ubique
2401 3244 2499 3308 per
2512 3238 2813 3304 Christum,
2831 3251 2884 3294 et
2903 3239 3101 3309 ubique
3120 3242 3221 3294 sub
3240 3239 3482 3294 Christe.

1955 3328 2080 3383 151.
2116 3328 2326 3384 Bonum
2358 3339 2442 3384 est
2472 3331 2522 3384 in
2556 3346 2727 3401 regno
2756 3330 2960 3385 Christi
2993 3345 3134 3396 esse,
3161 3343 3220 3385 ut
3241 3331 3490 3386 Chrisms

1883 3421 2170 3477 nobiscum
2209 3425 2298 3487 sit,
2341 3423 2480 3478 sicut
2510 3425 2629 3493 ipse
2655 3425 2727 3479 ait
2764 3445 2776 3476 :
2812 3424 2944 3478 Ecce
2971 3441 3062 3493 ego
3088 3425 3349 3480 uobiscum
3378 3443 3488 3480 sum

1881 3524 2041 3584 usque
2070 3519 2141 3568 ad
2159 3518 2660 3572 consummationem
2691 3517 2870 3571 mundi
2896 3517 3111 3587 (Matth.
3148 3535 3336 3584 xxvtn,
3369 3518 3486 3588 ‘20).

1882 3607 1989 3663 Sed
2019 3609 2216 3664 melius
2255 3618 2340 3663 est
2377 3623 2499 3663 esse
2541 3625 2662 3663 cum
2711 3607 2973 3663 Christo:
3010 3609 3237 3662 Dissolvi
3273 3611 3408 3662 enim
3443 3619 3492 3664 et

1883 3718 1998 3756 cum
2029 3701 2236 3756 Christo
2264 3717 2372 3756 esse
2399 3701 2561 3755 multo
2588 3702 2773 3755 melius
2803 3701 2972 3771 (Phil.
3006 3716 3041 3764 ι,
3070 3700 3188 3770 95).
3218 3699 3243 3735 ιι
3271 3700 3405 3753 Cum
3438 3703 3489 3754 in

1885 3795 1989 3848 hoc
2019 3795 2220 3849 mundo
2258 3794 2361 3850 sub
2392 3803 2616 3864 peccato
2657 3810 2866 3860 sntnus,
2898 3792 3150 3848 Christus
3203 3793 3491 3848 nobiscum

1885 3895 2000 3945 est:
2047 3895 2105 3938 ut
2151 3900 2248 3953 per
2292 3885 2454 3940 unius
2503 3885 2872 3939 obedientiam
2909 3884 3043 3953 justi
3095 3887 3495 3940 constituantur

1887 3982 2040 4037 multi
2089 3981 2268 4052 (Rom.
2316 3977 2515 4051 v,19).
2568 3981 2636 4035 Et
2678 3982 2722 4034 si
2775 3987 3058 4050 peccatum
3093 3980 3255 4051 hujus
3301 3981 3491 4038 mundi

1889 4089 2140 4141 evasero,
2187 4074 2442 4144 incipiam
2481 4089 2604 4129 esse
2646 4089 2769 4128 cum
2802 4073 3045 4128 Christo.
3095 4075 3334 4145 Denique
3366 4077 3439 4130 ait
3475 4095 3490 4131 :

1896 4167 2114 4222 Veniam
2141 4167 2350 4232 iterum,
2376 4178 2425 4223 et
2452 4181 2714 4223 assumant
2741 4182 2827 4221 vos
2847 4167 2915 4222 ad
2943 4183 3020 4221 me
3049 4165 3227 4239 (Joan.
3261 4183 3375 4234 xiv,
3402 4168 3491 4239 '5);

1891 4273 1946 4316 et
1969 4260 2104 4316 intra
2131 4277 2141 4314 :
2173 4259 2304 4315 Volo
2326 4271 2379 4315 ut
2402 4261 2488 4316 ubi
2515 4277 2611 4332 ego
2626 4275 2762 4329 sum,
2787 4269 2836 4316 et
2856 4261 3061 4321 istisint
3085 4277 3282 4315 nierum
3304 4259 3487 4331 (Joan.

1892 4368 2025 4417 xvn,
2051 4351 2168 4424 2-1).
3397 4342 3403 4354 ’

1967 4445 2091 4500 152.
2132 4445 2279 4517 Ergo
2317 4453 2459 4502 nunc
2490 4446 2594 4502 sub
2625 4459 2794 4518 regno
2821 4448 3022 4503 Christi
3065 4462 3273 4514 sumus,
3313 4458 3336 4485 θ
3365 4447 3494 4503 dum

177 4559 246 4614 go
279 4539 330 4594 F
332 4541 456 4594 ilius
487 4538 710 4592 luminis
749 4537 984 4608 accipere
1013 4552 1250 4610 regnum,
1280 4545 1328 4591 et
1357 4537 1558 4592 reveni.
1588 4537 1788 4592 Nolue-
1812 4530 1868 4591 D
1894 4539 1947 4593 in
1978 4551 2208 4608 corpore
2229 4554 2536 4605 versamur,
2566 4551 2621 4595 et
2649 4541 2889 4596 nondum
2920 4542 3090 4595 forma
3112 4543 3363 4596 exuimur
3383 4555 3498 4596 ser-

181 4641 310 4686 runt
341 4645 468 4686 eum
506 4630 785 4693 suscipere
821 4627 1018 4694 Judaei,
1057 4627 1126 4682 de
1156 4628 1354 4698 quibus
1401 4628 1516 4683 ait:
1567 4627 1660 4682 liti
1701 4630 1790 4700 qui

185 4725 466 4779 notuerunt
495 4738 574 4776 ius
601 4737 822 4791 regnare
851 4735 1008 4790 super
1051 4736 1126 4786 se,
1159 4720 1403 4775 adducite
1445 4730 1492 4775 et
1522 4721 1794 4790 interﬁcite

185 4833 272 4872 eos
302 4815 462 4888 (Luc.
486 4831 600 4881 xu,
623 4814 742 4885 27).

266 4990 290 5017 α
333 4975 407 5032 tta
453 4978 565 5031 vet.
600 4977 730 5032 edit.
766 4991 832 5033 ac
870 4978 1052 5046 plures
1094 4989 1226 5033 mss.
1277 4979 1379 5032 nisi
1411 4977 1553 5048 quod
1585 4980 1791 5035 eaedem

191 5051 322 5108 edit.
349 5061 453 5103 nec
477 5049 628 5119 pauci
660 5055 790 5102 mss.
817 5049 1020 5102 habent
1044 5048 1132 5103 hic
1163 5059 1218 5104 et
1249 5057 1431 5119 supra,
1457 5051 1590 5104 sicut
1621 5049 1669 5103 Ε
1673 5051 1795 5105 ilius

194 5123 418 5176 [taurinis
445 5116 580 5174 :‘trlri
605 5133 704 5174 nos
725 5133 788 5174 ex
821 5119 1124 5189 panni-ibus
1153 5116 1516 5184 restituimus,
1547 5122 1593 5174 si
1614 5134 1668 5175 ut
1698 5120 1797 5175 Fi-

194 5194 334 5257 lius;
377 5201 431 5244 et
477 5191 692 5259 quidam
745 5189 1015 5259 virgulam
1064 5191 1355 5261 prccliguttt
1400 5192 1566 5246 verbo
1613 5193 1794 5258 tradit,

192 5279 357 5333 quam
388 5262 479 5314 alii
511 5265 636 5328 ιιιιςι
663 5262 819 5315 tradit
850 5278 969 5332 ergo
996 5262 1279 5328 rejicinnt;
1313 5263 1550 5332 denique
1572 5269 1798 5319 senten-

197 5337 326 5388 tiam
360 5333 507 5406 edit._
517 5333 778 5406 claudunt
805 5333 974 5406 verbo
998 5342 1310 5406 agnosceret,
1339 5333 1428 5406 ubi
1451 5336 1680 5406 agnoscit
1701 5335 1796 5389 ha-

198 5405 360 5458 betur
393 5405 446 5456 in
476 5403 636 5456 dictis
665 5417 796 5458 mss.
826 5399 960 5457 Tres
992 5399 1170 5458 autem
1201 5403 1288 5456 alii
1314 5403 1461 5466 οῦδ..
1485 5399 1628 5466 'quod
1652 5422 1800 5460 acce-

201 5479 276 5543 ρὶι
296 5477 426 5529 sicut
458 5471 631 5546 Bitias
662 5475 902 5528 hominis.
932 5473 1254 5546 Traditier‘go
1281 5481 1328 5529 et
1351 5473 1450 5530 Del
1471 5472 1521 5526 F
1525 5476 1665 5546 ilius.
1697 5473 1806 5529 "o-

202 5549 354 5599 minis
380 5544 824 5613 susceptionem...
854 5557 1093 5616 agnosce.
1119 5544 1304 5616 Nenue
1334 5553 1461 5601 vero
1488 5546 1555 5600 ah
1579 5545 1662 5602 his
1691 5547 1802 5603 dis-

205 5616 343 5672 sidet
376 5617 512 5672 edit.
542 5616 698 5686 ljutn.
734 5617 833 5686 nlsi
868 5615 1014 5681 (ιιιοὰ
1046 5618 1115 5669 ita
1156 5615 1456 5686 distinguit,
1496 5620 1632 5686 quod
1663 5635 1809 5672 acce-

211 5687 288 5758 pit
321 5690 496 5743 :sicut
541 5683 712 5740 Filius
758 5685 979 5740 hominis
1021 5697 1144 5758 ergo
1189 5683 1349 5740 tradit
1392 5698 1438 5741 et
1485 5683 1583 5742 Dei
1609 5687 1803 5744 Filius.

217 5752 456 5813 Hominis
483 5769 602 5814 vero
628 5759 996 5828 susceptionem
1028 5752 1267 5828 utique...
1298 5773 1534 5828 agnosce.

1901 4631 1980 4694 vi,
2027 4641 2189 4700 quam
2237 4630 2329 4686 ille
2356 4646 2479 4686 cum
2529 4647 2591 4687 se
2633 4632 3048 4699 exinanivisset,
3089 4636 3340 4703 accepit:
3374 4649 3493 4688 cum

1897 4737 2030 4778 vero
2051 4723 2284 4792 gloriam
2310 4723 2429 4793 ejus
2448 4724 2761 4790 viderimus,
2787 4741 2946 4795 quam
2975 4726 3160 4780 habuit
3183 4727 3495 4798 priusquam

1905 4817 2144 4873 ntundus
2166 4824 2332 4884 esset,
2365 4818 2572 4874 erimus
2604 4821 2658 4872 in
2704 4835 2874 4889 regno
2901 4820 3021 4888 Dei,
3054 4821 3106 4874 in
3138 4837 3246 4891 quo
3272 4823 3502 4893 patriar-

1972 4979 1999 5016 δ
2041 4978 2198 5052 Dom.
2227 4977 2507 5052 ed_i_t.icum
2535 4979 2724 5049 paucis
2749 4979 3117 5052 nt'ss.,Tradit
3135 4983 3362 5052 igitur...
3392 4985 3505 5040 Nec

1899 5050 2116 5118 deperit.
2151 5059 2258 5103 etc.
2285 5049 2476 5104 Melius
2499 5057 2679 5103 autem
2714 5063 2822 5105 vet.
2857 5051 2990 5106 edit.
3024 5049 3307 5110 cum—mss.
3335 5059 3506 5113 nmlto

1900 5117 2167 5192 pluribus,
2201 5117 2417 5184 Tradat,
2468 5129 2575 5174 etc.
2621 5119 2818 5176 lterum
2854 5125 2985 5176 vero
3021 5123 3108 5178 ubi
3148 5140 3340 5181 on'ines
3369 5129 3504 5184 edit.

1899 5191 1964 5246 ac
1996 5191 2180 5266 plures
2209 5208 2367 5256 mss.,
2396 5207 2511 5266 curn
2534 5193 2590 5266 in
2618 5193 2701 5246 via
2739 5209 2892 5258 sum;
2936 5195 2990 5248 in
3027 5196 3152 5252 aliis
3180 5198 3502 5266 quibitsdam

1903 5279 2033 5317 mss.
2071 5262 2287 5331 legitur,
2319 5279 2431 5316 cum
2462 5263 2514 5316 in
2545 5265 2646 5317 vita
2667 5281 2801 5317 sunt.

1982 5347 2001 5404 (ς
2045 5333 2174 5404 libs.
2200 5334 2427 5404 aliquot,
2458 5332 2592 5388 Dum
2616 5337 2666 5388 in
2692 5336 2796 5389 vita
2827 5352 2963 5390 sum.

1978 5401 2004 5441 δ
2045 5403 2246 5460 Omnes
2269 5401 2426 5470 edit",
2461 5423 2574 5484 cum
2603 5407 2654 5460 in
2687 5408 2850 5484 Ιιοσ..ζ
2882 5409 3085 5484 simus;
3118 5425 3232 5479 post
3259 5429 3379 5484 quae
3413 5431 3510 5470 no-

1911 5485 2021 5530 talo
2082 5487 2298 5545 puncto,
2347 5492 2408 5530 ea
2454 5477 2617 5531 verba
2666 5478 2936 5547 supetiori
2973 5477 3510 5542 sententiae-suime-

1908 5556 2059 5602 clunt
2093 5565 2104 5600 :
2141 5563 2271 5602 mss.
2297 5563 2427 5604 vero
2453 5547 2715 5604 exhibent
2743 5564 2861 5604 eam
2879 5549 3168 5610 lectionem
3195 5573 3316 5626 qua:
3341 5567 3425 5614 est
3457 5563 3509 5614 in

1910 5628 2082 5675 textu.

1987 5700 2009 5726 ο
2039 5689 2164 5744 Mss.
2193 5689 2420 5769 aliquot,
2443 5690 2826 5770 dunriu'Operc
2852 5707 3114 5770 cei-saritur
3135 5708 3182 5752 et
3207 5700 3362 5770 facta,
3387 5700 3520 5758 dum

1913 5765 2133 5831 [orntum
2163 5762 2420 5831 sequimur
2449 5761 2599 5815 servi.
2628 5760 2749 5819 Non
2774 5763 2908 5819 satis
2936 5771 3082 5836 apte.
