3932 6176
116 221 194 277 681
1419 225 1508 283 DE
1553 229 1658 285 FID

1779 232 1873 287 ΑΒ.
1922 229 1984 287 V.

3251 221 3357 297 082

106 351 228 393 nunc
254 349 348 390 non
376 343 454 390 est
479 334 758 407 subjectus
796 336 909 392 Deo
937 335 1079 392 Patri
1112 339 1305 396 Filius.
1337 343 1393 397 ln
1425 360 1531 413 quo
1555 344 1652 415 igi—
1679 355 1723 408 A
1756 349 2082 416 conﬁteatur,
2111 351 2230 418 quia
2253 349 2504 406 Dominus
2525 351 2680 406 Jesus
2705 354 2758 406 in
2775 355 2944 424 gloria
2961 363 3032 410 est
3063 357 3161 414 Dei
3190 358 3366 415 Patris

107 438 180 484 tur
197 426 368 483 Filium
409 427 706 499 subjectum
751 427 867 484 fore
892 429 1073 485 dicitis
1088 435 1111 483 ‘t
1139 431 1194 487 Si
1223 432 1278 487 in
1331 434 1646 503 divinitate;

106 534 188 575 nec
215 518 504 575 inobediens
545 529 661 584 est,
694 522 822 591 quia
861 537 967 577 non
1003 533 1088 578 est
1114 539 1142 576 a
1201 524 1361 581 Patre
1408 529 1648 584 discors:

106 631 189 671 nec
213 615 482 684 subjectus,
510 617 634 687 quia
656 633 763 672 non
799 625 880 672 est
902 633 1116 686 servus,
1164 621 1259 676 sed
1305 624 1500 679 unicus
1530 640 1653 693 pro-

104 711 203 780 prio
226 708 354 764 Patri
381 708 564 764 Filius.
595 709 833 781 Denique
862 726 984 765 cum
1032 712 1229 767 etclam
1259 724 1507 780 crearet,
1544 725 1653 772 ter-

105 820 199 858 ram
229 803 486 870 conderet,
533 814 587 858 et
625 812 954 876 potestatem
983 807 1275 862 exercebat
1330 817 1386 864 et
1416 808 1652 864 charita-

105 908 209 954 tem.
230 897 368 953 Nulla
397 899 554 970 igitur
597 899 818 955 servilis
866 899 920 956 in
949 900 1154 957 Christi
1196 903 1478 961 divinitate
1527 907 1653 962 sub-

99 991 257 1062 jectio.
281 992 334 1048 Si
359 1003 533 1049 autem
557 994 704 1049 nulla
734 994 1025 1066 subjectio,
1049 997 1297 1052 voluntas
1324 999 1496 1054 libera
1512 1009 1614 1055 est.

162 1082 265 1140 165.
307 1084 450 1154 Quod
472 1085 516 1141 si
545 1101 665 1141 eam
693 1086 1091 1157 subjectionem
1119 1097 1307 1160 putant
1355 1090 1499 1156 Filii,
1529 1093 1653 1162 quia

102 1193 201 1234 cum
226 1178 332 1250 ejus
356 1179 632 1235 voluntate
663 1181 848 1236 omnia
879 1181 1042 1238 faciat
1072 1184 1248 1248 Pater,
1295 1184 1507 1240 discant
1551 1185 1655 1242 hoc

103 1273 251 1343 ipsum
277 1287 389 1328 esse
416 1272 714 1328 individua:
755 1275 1044 1344 potestatis
1073 1285 1488 1346 argumentum;
1530 1281 1652 1348 quia

105 1368 252 1422 unitas
275 1367 554 1423 voluntatis
584 1380 698 1434 est,
753 1385 872 1440 quas
903 1386 1010 1427 non
1052 1373 1223 1443 erepit
1265 1388 1329 1428 ex
1386 1386 1652 1444 tempore,

103 1461 177 1517 sed
203 1471 308 1516 erat
330 1478 560 1532 semper.
588 1461 692 1518 Ubi
720 1471 902 1520 autem
933 1466 1113 1520 unitas
1162 1475 1419 1537 perpetua
1464 1469 1656 1523 volun-

103 1555 233 1618 tatis,
259 1570 354 1608 non
385 1554 568 1625 utique
609 1556 926 1626 temporalis
955 1557 1311 1627 subjectionis
1343 1557 1651 1615 inﬁrmitas.

104 1645 148 1700 Si
165 1647 290 1701 enim
319 1662 409 1718 per
429 1657 681 1703 naturam
723 1647 1106 1718 subjiceretur,
1137 1665 1352 1721 semper
1379 1651 1656 1722 subjectus

1757 438 1982 509 (Philip.
2021 456 2078 506 ll,
2115 440 2218 508 10,
2247 441 2360 512 11).
2389 443 2516 498 Ideo
2553 454 2733 499 autent
2788 455 2913 500 ante
2962 447 3202 517 subjecta
3253 467 3362 506 non

1757 545 1912 588 erant
1956 533 2168 598 omnia,
2200 535 2324 604 quia
2367 535 2608 591 nondum
2661 548 2987 608 receperant
3035 541 3360 610 sapientiam

1757 627 1850 682 Dei
1876 667 1890 691 ,
1923 638 1944 665 ο
1974 627 2212 682 nondum
2241 627 2422 684 habile
2447 629 2641 700 jugum
2667 629 2830 686 Verbi
2881 632 3081 687 mentis
3129 634 3359 704 quadam

1756 720 1974 775 cervice
2022 721 2333 790 portabant.
2371 721 2632 789 Quotquot
2663 733 2862 789 autem,
2906 725 3047 779 sicut
3099 726 3361 796 scriptum

1757 821 1874 876 est,
1926 822 2222 885 receperunt
2251 829 2400 878 eum,
2447 815 2592 869 dedit
2629 816 2701 870 eis
2754 826 3054 885 potestatem
3081 817 3219 886 ﬁlios
3263 817 3362 872 Dei

1757 903 1871 972 fieri
1897 897 2077 972 (Joan.
2107 919 2146 969 ι,
2176 902 2286 974 il).

1829 997 1952 1054 169.
1995 998 2148 1054 Dicet
2174 999 2404 1070 aliquis:
2438 1000 2580 1072 Ergo
2617 1002 2726 1071 jam
2756 1003 3034 1071 subjectus
3065 1014 3172 1073 est,
3197 1004 3360 1061 Citri-

1758 1095 1904 1153 stus;
1944 1089 2067 1159 quia
2117 1089 2332 1160 plurimi
2363 1091 2755 1146 crediderunt?
2806 1094 3062 1161 Minime;
3094 1097 3221 1165 quia
3252 1113 3359 1152 non

1760 1183 1812 1235 in
1845 1183 2028 1251 paucis
2058 1190 2144 1237 est
2169 1183 2371 1239 Christi
2399 1185 2700 1254 subjectio,
2724 1187 2820 1242 sed
2847 1188 2898 1242 in
2932 1189 3208 1243 omnibus.
3239 1190 3364 1245 Sic-

1759 1285 1819 1328 ut
1861 1276 2006 1329 euim
2037 1277 2084 1331 si
2109 1277 2158 1330 in
2204 1292 2291 1332 me
2315 1278 2666 1349 concupiscat
2718 1279 2894 1336 adlmc
2931 1297 3060 1336 caro
3099 1281 3364 1338 adversus

1760 1365 2007 1434 spiritum
2031 1407 2046 1428 .
2078 1369 2302 1437 spiritus
2327 1379 2508 1424 autem
2531 1370 2795 1425 adversus
2846 1388 3088 1438 carnem,
3134 1390 3239 1428 non
3284 1377 3364 1429 vi-

1759 1456 1893 1512 deor
1922 1473 2042 1513 esse
2066 1458 2370 1528 subjectus,
2398 1462 2500 1515 etsi
2535 1477 2602 1516 ex
2631 1473 2784 1531 parte
2832 1464 2931 1518 sim
2962 1465 3211 1520 subditus
3245 1484 3257 1519 :
3293 1467 3366 1521 ita

1761 1551 1887 1621 quia
1917 1553 2093 1607 omnis
2123 1552 2365 1608 Ecclesia
2397 1569 2564 1608 unum
2595 1569 2792 1627 corpus
2819 1566 2902 1610 est
2928 1554 3154 1623 Christi,
3177 1574 3368 1627 quam-

1759 1642 1850 1698 diu
1879 1659 2049 1715 genns
2075 1645 2333 1701 dissentit
2380 1646 2674 1701 humanum
2694 1689 2708 1714 ,
2746 1647 3017 1703 Christum
3051 1650 3365 1706 dividimus.

105 1747 346 1794 maneret:
374 1754 499 1795 cum
524 1755 657 1795 vero
685 1739 1055 1811 subjiciendus
1080 1741 1358 1797 dicaturin
1392 1753 1655 1812 tempore,
1687 1738 1736 1798 B
1761 1735 2009 1792 Nondum
2039 1753 2171 1809 ergo
2201 1738 2480 1808 subjectus
2507 1749 2591 1795 est
2619 1738 2890 1807 Christus,
2920 1742 3076 1811 cujus
3110 1757 3220 1798 non
3243 1755 3370 1800 sunt

105 1828 484 1900 dispensationis
515 1847 646 1903 ergo
700 1843 967 1902 suscepta:
990 1873 1006 1899 ,
1037 1847 1144 1888 non
1202 1843 1478 1904 perpetua:
1508 1835 1659 1890 iuiir-

104 1924 271 1980 mitatis
292 1925 392 1982 erit
410 1926 506 1982 illa
542 1926 840 1996 subjectio;
875 1928 1112 1984 maxime
1148 1943 1274 1984 cum
1326 1930 1657 2000 sempiterna

104 2018 178 2073 Dei
209 2020 366 2076 virtus
389 2037 501 2078 non
531 2023 705 2094 possit
752 2031 953 2078 statum
1003 2031 1213 2080 mutare
1244 2039 1340 2095 pro
1387 2034 1654 2097 tempore,

103 2127 180 2167 nec
207 2113 304 2170 Deo
327 2114 468 2170 Patri
522 2132 591 2172 ex
647 2117 1001 2187 temporejus
1046 2117 1331 2189 poteSIatis
1383 2119 1650 2175 accidere.

102 2203 206 2259 Nam
227 2207 265 2261 si
293 2206 448 2264 Filius
472 2209 770 2280 aliquando
807 2210 1120 2276 mutabitur,
1153 2221 1210 2266 ut
1254 2211 1552 2267 secundum
1576 2212 1657 2267 di-

104 2301 338 2358 vinitatem
368 2305 726 2377 subjiciatur:
759 2320 889 2376 ergo
931 2315 987 2362 et
1011 2306 1154 2362 Deus
1192 2306 1374 2372 Pater,
1419 2307 1463 2361 si
1496 2307 1659 2380 580

100 2393 345 2464 aliquando
367 2397 484 2468 plus
519 2398 742 2468 poterit,
776 2405 837 2453 ut
864 2398 1168 2468 subjectum
1199 2397 1493 2453 secundum
1521 2399 1658 2454 divi-

98 2486 285 2544 nitatem
308 2489 501 2548 habeat
540 2491 772 2557 Filium,
823 2505 968 2546 nunc
999 2491 1218 2546 interim
1265 2491 1444 2546 minus
1495 2505 1657 2561 posse

97 2585 354 2641 secundum
372 2585 885 2656 interpretationem
909 2595 1148 2642 vestram
1177 2600 1402 2642 necesse
1415 2596 1496 2641 est
1511 2587 1656 2641 aesti-

97 2683 262 2732 metur.

154 2769 260 2824 166.
304 2771 436 2841 Quid
491 2781 680 2828 autem
745 2772 921 2843 culpa:
963 2772 1290 2828 commeruit
1339 2771 1540 2840 Filius,
1599 2780 1656 2827 ut

97 2874 250 2931 postea
275 2869 571 2924 secundum
598 2867 946 2922 divinitatem
969 2866 1161 2936 subjici
1179 2881 1339 2936 posse
1364 2865 1656 2922 credatur?

95 2955 322 3030 Numquid
346 2973 371 3001 λ
409 2961 723 3021 secundum
764 2975 984 3017 carnem
1031 2959 1100 3015 ad
1146 2951 1453 3016 dexteram.
1480 2959 1656 3014 Patris

96 3049 256 3106 sedere
275 3055 579 3126 prmripuit,
599 3062 674 3119 et,
703 3052 881 3108 invito
903 3052 1083 3119 Patre,
1110 3052 1210 3107 sibi
1241 3052 1657 3123 prrerogativam

1759 1827 1937 1884 adhuc
1964 1831 2207 1885 membra
2241 1829 2507 1900 subjecta.
2541 1830 2680 1886 Cum
2727 1841 2908 1886 autem
2942 1832 3211 1889 fuerimus
3257 1852 3366 1892 non

1762 1921 1928 1976 multa
1959 1922 2199 1978 metnbra
2219 1963 2234 1987 ,
2264 1921 2359 1978 sed
2387 1937 2528 1978 unus
2551 1923 2776 1992 spiritus
2804 1940 2818 1979 :
2850 1935 2975 1980 tunc
3006 1935 3060 1980 et
3091 1926 3209 1995 ipse
3239 1925 3368 1981 sub-

1755 2018 1936 2086 jectus
1962 2016 2096 2080 erit;
2127 2025 2186 2070 ut
2207 2030 2302 2086 per
2334 2016 2503 2086 ipsius
2533 2016 2926 2086 subjectionem
2953 2018 3020 2072 sit
3035 2017 3172 2072 Deus
3194 2018 3368 2072 omnia

1759 2107 1880 2160 etin
1907 2106 2162 2160 omnibus.

1835 2197 1958 2253 170.
1999 2198 2348 2254 Sicutautem
2381 2199 2622 2253 nondum
2653 2199 2932 2268 subjectus
2961 2209 3047 2256 est
3084 2199 3363 2270 Christus,

1762 2291 1834 2345 ita
1873 2289 2113 2344 nondum
2156 2289 2455 2358 perlectum
2494 2300 2578 2344 est
2619 2305 2758 2357 Opus
2789 2289 3000 2356 Patris;
3049 2294 3172 2361 quia
3227 2292 3368 2348 dixit

1761 2381 1930 2438 Filius
1952 2382 2046 2437 Dei
2075 2397 2092 2436 :
2122 2380 2176 2434 Μ
2186 2397 2276 2436 eus
2298 2382 2440 2436 cibus
2465 2391 2534 2436 est
2559 2391 2613 2435 ut
2643 2382 2836 2450 faciam
2868 2384 3028 2454 581
3057 2383 3367 2438 uoluntatem

1762 2475 1939 2530 Patris
1963 2477 2062 2530 mei
2092 2474 2177 2544 qui
2206 2491 2284 2528 me
2313 2475 2474 2540 misit,
2509 2485 2557 2528 et
2578 2475 2845 2544 perﬁciant
2877 2492 3009 2541 opus
3058 2477 3192 2546 ejus.
3226 2476 3366 2544 Quid

1760 2569 1924 2641 igitur
1944 2568 2261 2639 quaestionis
2290 2574 2397 2634 est,
2427 2567 2552 2637 quia
2584 2567 2637 2620 in
2663 2583 2749 2622 mo
2779 2569 2884 2622 erit
2908 2567 3026 2622 Filii
3070 2567 3366 2638 subjectio,

1759 2665 1814 2721 in
1839 2678 1947 2735 quo
1968 2660 2344 2732 imperfectum
2375 2669 2460 2716 est
2479 2674 2617 2731 opus
2646 2660 2858 2726 Patris;
2896 2661 3021 2731 quia
3083 2677 3192 2716 non
3245 2677 3364 2717 sunt

1694 2764 1699 2769 '
1759 2757 1876 2827 ipse
1912 2755 2226 2826 perlectus?
2277 2755 2416 2824 Ergo
2471 2753 2563 2823 qui
2615 2752 2996 2822 imperfectum
3043 2768 3180 2823 opus
3227 2752 3369 2808 facio

1760 2850 1958 2916 Patris,
1994 2849 2112 2918 ipse
2141 2846 2338 2902 Filium
2373 2845 2516 2900 iacio
2565 2860 2687 2900 csse
2736 2845 3087 2914 subjectum?
3117 2843 3222 2901 Sed
3257 2861 3365 2900 non

1760 2953 1846 3000 est
1883 2942 2076 3013 injuria
2103 2942 2229 3006 ista,
2259 2939 2354 2996 sed
2383 2939 2579 3010 gratia;
2600 2941 2724 3010 quia
2757 2939 2810 2994 in
2841 2955 2908 2995 eo
2955 2940 3102 3010 quod
3144 2940 3370 3010 subjici-

1762 3055 1907 3103 mur,
1939 3045 2124 3092 uoster
2154 3035 2361 3104 utique,
2385 3049 2494 3089 non
2519 3033 2823 3088 divinitatis
2846 3043 2926 3089 est
2954 3035 3262 3104 proiectus;
3311 3044 3372 3088 ut

97 3136 280 3198 Paterni
321 3145 440 3201 solii
470 3143 813 3201 vindicavit?
861 3143 969 3200 Sed
998 3144 1114 3213 ipse
1161 3145 1269 3198 ait:
1305 3142 1496 3197 Omnia
1547 3159 1661 3213 quae
1686 3130 1731 3193 Ο
1764 3131 2121 3200 subjiCiamlﬂ'
2142 3129 2294 3200 Ιιεεί,
2318 3129 2674 3198 subiiciamur
2693 3129 2908 3199 Βτῦῑίίεο
2928 3129 3195 3197 Ωυοιὶίθῐη
3216 3137 3366 3193 amet

97 3231 260 3296 placita
283 3247 394 3291 sunt
419 3239 487 3306 ei,
529 3237 670 3308 facio
700 3253 901 3308 semper
927 3230 1112 3309 (Joan.
1145 3253 1261 3303 νιιι,
1293 3235 1409 3307 29).
1445 3237 1587 3308 Ergo
1614 3237 1660 3292 si

97 3322 140 3376 in
165 3328 392 3385 omnibus
438 3329 598 3386 Patri
644 3330 951 3400 complacet
981 3330 1173 3398 Filius,
1213 3345 1312 3386 cur
1340 3330 1660 3402 subjicietur

96 3416 167 3486 Qui
188 3428 300 3478 ante
318 3423 604 3494 subjectus
631 3437 738 3478 non
765 3424 914 3478 erat?

154 3511 262 3566 i67.
308 3515 605 3573 Videamus
631 3515 817 3586 itaque
853 3530 922 3570 ne
951 3528 1057 3570 non
1087 3514 1391 3570 divinitatis
1421 3515 1534 3581 illa,
1563 3514 1660 3572 sed

96 3610 254 3658 nostra
282 3605 370 3662 ﬁat
407 3609 460 3664 in
484 3607 697 3665 Christi
719 3608 916 3662 timore
946 3606 1235 3677 subjectio,
1268 3607 1423 3678 plena
1451 3608 1660 3678 gratias,

97 3708 140 3751 et
165 3700 307 3769 plena
347 3705 624 3776 mysterii.
672 3704 861 3776 Itaque
901 3720 1090 3761 rursus
1136 3705 1451 3776 Apostolica
1498 3707 1663 3762 verba

97 3792 380 3859 pendamus.
425 3795 567 3854 Cum
594 3807 766 3852 autem
818 3797 1049 3863 subiecta
1069 3839 1083 3863 ,
1136 3798 1333 3868 inquit,
1364 3799 1445 3852 illi
1472 3799 1666 3866 [uerint

97 3888 261 3956 omnia,
290 3899 408 3946 tunc
434 3904 480 3948 et
508 3894 627 3963 ipse
669 3893 928 3965 subjectus
973 3893 1072 3946 erit
1098 3893 1165 3959 ei,
1189 3894 1278 3963 qui
1304 3893 1400 3947 sibi
1451 3892 1666 3961 subjecit

101 3982 280 4051 omnia;
308 3996 363 4040 ut
387 3988 454 4042 sit
479 3985 631 4041 Deus
653 3987 845 4055 .omnia
870 3995 915 4040 et
960 3987 1017 4041 in
1043 3987 1299 4041 omnibus.
1343 3987 1484 4057 Ergo
1539 3987 1666 4056 quid

97 4070 243 4130 dicis?
268 4077 416 4136 Nunc
445 4078 697 4149 subjecta
739 4094 846 4134 non
876 4089 1005 4134 sunt
1053 4079 1104 4134 ei
1143 4078 1362 4132 omnia?
1402 4093 1511 4132 non
1540 4077 1669 4132 sub-

93 4160 205 4231 jecti
230 4181 532 4229 sanctorum
565 4171 754 4228 chori?
785 4188 890 4226 non
923 4171 1139 4242 Augeii,
1172 4169 1264 4240 qui
1291 4168 1344 4224 in
1379 4170 1536 4224 terris
1569 4184 1666 4239 po-

99 4255 188 4313 Silo
224 4263 609 4321 ministrabant
638 4262 853 4333 (Matth.
885 4279 959 4330 tv,
989 4260 1120 4334 ll)?
1168 4275 1277 4317 non
1322 4260 1668 4331 Archangeli,

102 4348 356 4416 quietiam
396 4356 465 4411 ad
510 4355 738 4411 Mariam
783 4354 1050 4410 adventus
1079 4352 1341 4409 Dominici
1385 4352 1669 4422 pramuntii

105 4439 424 4501 mittebantur
460 4446 620 4518 (Luc.
651 4461 692 4514 ι,
717 4444 848 4516 26)?
879 4460 986 4502 non
1034 4445 1213 4501 omnis
1252 4445 1441 4499 militia
1473 4445 1672 4500 coales-

1763 3228 1905 3283 sicut
1955 3225 2072 3295 ipse
2112 3222 2250 3278 dixit
2272 3221 2598 3292 Apostolus,
2627 3219 2896 3290 sapientia
2935 3222 3118 3276 carnis
3150 3221 3371 3275 inimica

1763 3329 1884 3375 erat
1909 3319 1964 3373 in
1989 3317 2182 3381 Deum;
2212 3313 2338 3384 Legi
2357 3315 2491 3368 enim
2521 3329 2624 3368 non
2654 3323 2762 3366 erat
2793 3313 3000 3367 subdita
3041 3313 3222 3387 (Rom.
3251 3329 3369 3379 VIII,

1765 3411 1822 3486 7)
1851 3431 1864 3468 :
1893 3426 2038 3468 nunc
2075 3417 2255 3466 autem
2282 3406 2394 3478 jam
2427 3422 2527 3478 per
2569 3406 2776 3462 Christi
2807 3416 2892 3463 est
2917 3406 3136 3463 subdita
3161 3407 3370 3476 passio-

1765 3521 1911 3563 nem.

2346 3590 2578 3647 CAPUT
2632 3587 2774 3643 XIV.

1769 3733 2104 3804 Prosequitur
2155 3739 2371 3800 coeptam
2417 3725 2813 3796 difﬁcultatem,
2866 3732 2916 3776 et
2950 3723 3214 3777 Christum
3266 3741 3370 3778 non

1838 3826 1939 3879 nisi
1965 3822 2248 3878 secundum
2291 3833 2500 3872 carnem
2537 3815 2826 3886 subjectum
2855 3814 3042 3868 docet:
3083 3815 3174 3868 sed
3199 3816 3370 3885 ipsum

1840 3917 1964 3970 dum
1989 3929 2144 3967 carne
2163 3910 2528 3984 subjiceretur,
2553 3906 2835 3978 praebuisse
2864 3915 3033 3960 tamen
3055 3906 3206 3975 signa
3231 3908 3371 3962 diui-

1841 4008 2037 4064 uitatis.
2075 4004 2386 4074 Repugnare
2426 4010 2484 4053 ut
2531 3995 2814 4053 secundum
2862 4003 2994 4050 hanc
3016 3997 3324 4068 subjiciatur
3354 4018 3372 4054 :

1845 4101 2218 4157 humanitatem
2245 4113 2363 4151 uero
2394 4111 2547 4165 quam
2571 4091 2838 4159 adoptavit
2860 4133 2874 4157 ,
2903 4091 2977 4144 ita
3008 4093 3060 4145 in
3089 4092 3234 4147 nobis
3254 4095 3376 4148 sub-

1843 4197 2003 4250 ditam
2025 4209 2153 4260 esse,
2179 4207 2278 4260 quo
2299 4198 2447 4261 pacto
2477 4187 2531 4241 in
2558 4184 2734 4240 cadent
2757 4185 2868 4255 ejus
2889 4183 3210 4238 humanitate
3232 4187 3378 4240 exal—

1846 4300 1985 4344 tatur
2024 4296 2073 4341 et
2112 4293 2307 4340 nostra.
2340 4282 2574 4352 Denique
2621 4279 2829 4350 quando
2861 4281 3042 4351 futura
3082 4279 3149 4334 sit
3199 4279 3378 4334 eadem

1844 4382 1939 4436 illa
1966 4378 2157 4436 Christi
2185 4375 2458 4450 subjectio,
2490 4373 2800 4445 explicatur.

107 4531 190 4588 tis?
216 4554 313 4594 non
334 4514 635 4598 Cherubim
657 4514 1030 4611 cista—raptum,
1049 4555 1154 4595 non
1178 4540 1384 4595 Throni
1410 4549 1466 4596 et
1493 4539 1658 4596 Domi-

1848 4524 1972 4580 171.
2006 4522 2075 4578 Et
2095 4529 2277 4576 tamen
2307 4533 2378 4574 ne
2406 4515 2527 4587 quis
2571 4514 2934 4571 calumnietur
2955 4556 2970 4582 ,
3019 4514 3203 4570 videte
3249 4515 3380 4584 quid

106 4626 321 4684 nationes
347 4639 403 4687 et
434 4633 770 4698 Potestates,
799 4607 922 4702 qua:
962 4607 1290 4688 venerantur
1318 4641 1375 4687 et
1416 4632 1675 4688 laudant?
1776 4617 2036 4677 (ὶὶνίηίιυδ
2088 4615 2360 4687 inspirans
2409 4611 2689 4714 _Sf3“il’l“m
2719 4608 3108 4714 ,1)ιξλῐιείιξὶεξῐῆξςΔ
3143 4607 3385 4714 οειεξιάίι

168 4715 273 4774 168.
311 4721 598 4790 Quomodo
647 4739 779 4795 ergo
819 4701 1075 4793 subjecta
1121 4724 1319 4779 erunt?
1374 4723 1466 4780 Sic
1491 4725 1677 4794 utique
1779 4714 1923 4770 enim
1948 4711 2104 4768 ηοῧῖε
2124 4709 2180 4764 in
2345 4705 2624 4808 subiectus
2653 4703 2759 4808 Ῡξίι
2788 4703 2902 4808 θεῖς)
2931 4701 3210 4808 ῼΫτίδίυεν

105 4815 536 4875 quemadmodum
591 4794 724 4888 ipse
749 4816 1013 4873 Dominus
1065 4816 1202 4872 dixit
1234 4835 1247 4870 :
1284 4816 1474 4872 Tollite
1493 4821 1680 4890 jugum
1783 4808 1943 4863 docet
1972 4805 2026 4859 in
2052 4817 2159 4874 quo
2186 4797 2565 4902 δίωξξηίνθτδε
2593 4796 2907 4902 διξὶήίξεειῖίξ·
2941 4794 3176 4902 ξδίξῗριξθ
3221 4794 3382 4902 dicit“

107 4913 249 4957 meum
279 4924 430 4979 super
482 4925 586 4964 vos.
604 4887 822 4980 (Matth.
857 4924 933 4976 ιι,
960 4907 1074 4980 29);
1105 4923 1211 4963 non
1261 4908 1403 4964 enim
1433 4887 1684 4964 indomiti
1783 4901 1940 4956 Nunc
1961 4908 2131 4952 autem
2146 4912 2248 4994 non
2265 4892 2496 4947 videmus
2517 4892 2695 4994 qmniq
2705 4891 2750 4943 ei
2771 4889 2998 4994 subjecta
3013 4888 3204 4994 (Hebr.
3229 4887 3384 4994 tt,8).

99 4988 265 5062 iugum
297 5009 538 5068 portant,
569 5002 664 5056 sed
709 4999 942 5056 humiles
987 5009 1150 5070 atque
1174 4999 1465 5055 mansueti.
1498 4999 1526 5038 δ
1556 4999 1686 5054 Haec
1787 4993 1919 5049 Nam
1948 4989 2110 5062 paulo
2135 4987 2315 5042 minus
2336 4999 2498 5087 quam
2526 4983 2765 5053 Angelos
2793 4983 3394 5088 minqratuniviuimus

104 5091 179 5136 est
206 5087 356 5154 plane
404 5107 510 5148 nec
561 5093 690 5163 ipsis
745 5091 1061 5148 hominibus
1110 5091 1270 5160 vilis,
1313 5091 1408 5147 sed
1450 5092 1685 5164 gloriosa
1789 5087 1974 5144 Iesum
2033 5087 2254 5153 propter
2306 5075 2618 5148 passionem
2676 5074 2888 5128 ῐηοΐιίε·
2917 5073 3171 5129 Ostendit
3210 5075 3394 5144 ίιειίιυθ

104 5176 381 5249 subjectio;
403 5195 461 5238 ut
492 5187 549 5239 in
578 5188 785 5242 nomine
809 5186 941 5242 Jesu
973 5203 1123 5242 ontne
1147 5203 1282 5258 genu
1310 5198 1559 5241 curvetur
1587 5201 1689 5241 cte-
1789 5180 2057 5236 minorem
2101 5177 2300 5229 factum
2341 5172 2398 5226 in
2435 5169 2618 5225 carnis
2646 5168 3018 5238 susceptione.
3049 5167 3189 5236 Quid
3234 5168 3399 5238 igitur

109 5265 312 5341 leslium,
336 5286 380 5330 et
404 5279 748 5346 terrestrium,
781 5288 828 5335 et
857 5280 1217 5349 infernarum:
1241 5288 1290 5334 et
1323 5279 1489 5333 omnis
1511 5278 1690 5348 lingua
1794 5270 2022 5344 impedit
2049 5267 2181 5339 quin
2210 5266 2375 5322 etiam
2405 5262 2805 5333 subjectionem
2852 5261 2904 5315 in
2947 5261 3128 5317 carnis
3174 5275 3400 5332 suscep-

1834 5423 1909 5464 τω
1940 5422 2000 5462 se
2031 5401 2360 5471 ferunt,Nec
2385 5409 2460 5456 est
2482 5401 2638 5471 plane
2665 5398 2880 5470 angelis,
2911 5416 3004 5454 nec
3032 5399 3162 5470 ipsis
3180 5400 3403 5456 homini-

1834 5497 1916 5546 us,
1943 5488 2050 5534 etc.

173 5413 195 5440 α
231 5407 429 5481 Omnes
450 5412 614 5478 edit.,
640 5414 920 5469 secundum
947 5413 1290 5478 divinitatem;
1311 5429 1501 5469 omnes
1531 5427 1690 5481 mss.,

110 5480 369 5532 secundum
397 5499 627 5559 carnem.
670 5484 1080 5559 Consequentcr
1115 5493 1318 5559 autem
1351 5485 1510 5559 Rom.
1558 5485 1694 5559 edit.
1800 5480 2050 5559 bus,_etc.
2521 5543 2534 5559 ,
2872 5540 2976 5559 γη
3017 5542 3060 5559 Η
3310 5543 3322 5556 ,
3370 5546 3382 5558 .

111 5559 222 5600 cum
271 5553 453 5619 paucis
485 5569 646 5621 mss.,
676 5565 731 5610 ut
761 5540 920 5611 ἱηυὶἱο
950 5557 1228 5611 Patre.....
1273 5556 1580 5625 uindicaret,
1605 5555 1698 5611 ubi
1878 5540 2477 5625 c'l‘iortnullirrissqnon
2499 5540 2888 5624 άοηιαὺίιίλαθο
2907 5540 3084 5610 νενων
3103 5543 3414 5610 εῐοοῖωίηί⁶

111 5616 313 5694 caetera:
339 5639 402 5678 ac
428 5625 622 5694 plures
635 5616 780 5683 'mss.
810 5637 870 5682 ut
901 5629 952 5682 in
976 5636 1150 5683 textu.
1565 5616 1578 5625 ’
1803 5637 1895 5679 me
1925 5622 2068 5678 male
2088 5663 2102 5686 ,
2141 5619 2189 5674 si
2220 5616 2470 5671 domabili
2506 5630 2630 5671 cum
2657 5616 2867 5682 cervice,
2913 5629 3022 5670 non
3071 5626 3253 5674 autem
3288 5632 3414 5676 cum

115 5756 126 5766 _
179 5685 205 5724 δ
241 5689 314 5746 ita
335 5685 468 5769 mss.
495 5696 680 5769 plures
705 5707 762 5752 et
807 5703 1068 5768 potiores,
1091 5698 1198 5753 nisi
1223 5698 1368 5768 quod
1395 5713 1496 5769 pro
1524 5699 1700 5769 plane,
1801 5697 1936 5768 jugo
1969 5685 2340 5750 conStruatur.

117 5765 165 5812 in
193 5765 463 5822 nonnullis
493 5767 690 5837 legitur
707 5765 888 5839 plena:
907 5770 1104 5841 reliqui
1131 5765 1263 5826 vero
1282 5779 1338 5826 et
1361 5765 1492 5827 edit.
1512 5765 1708 5826 omnes

562 5820 1104 5926 ἓζσὲιὶᾇέζξῇἷῖ
1289 5820 1337 5826 ’⁷
1365 5820 1491 5827 ”“”
2224 5820 2229 5823 ’
2744 5847 2822 5907 22
