3932 6176
92 231 198 286 οεθ

1452 233 1541 289 DE
1581 233 1740 291 FIDE
1778 234 1907 292 LIB.
1950 237 2015 292 ν.

3280 241 3386 298 690

89 346 412 416 gubernator
443 350 608 413 quota
649 341 828 413 vigilia
862 343 1126 413 procedat
1156 354 1178 380 α
1207 345 1494 414 Arcturus,
1519 349 1681 420 587
1711 351 1764 410 Α
1789 351 1890 418 ria,
1909 361 1967 406 ut
1995 362 2182 408 nostro
2205 367 2306 408 usu
2334 354 2542 425 loquar,
2560 356 2682 410 vilia
2707 365 2762 411 ct
2781 357 2973 428 exigua
2999 359 3241 423 nescire;
3266 375 3387 415 nam

87 440 268 512 quales
299 448 456 494 ortus
497 438 746 508 exploret
767 437 1018 503 Orionis;
1050 455 1157 493 non
1195 448 1377 496 tamen
1403 439 1433 478 δ
1458 441 1682 512 colliga-

88 533 253 588 tiones
276 529 662 602 Vergiliarum,
697 539 1130 602 creterarumque
1152 533 1433 588 stellarum
1464 544 1558 588 aut
1587 551 1680 588 nu-

85 639 282 680 merum
298 625 476 690 novit,
499 632 590 678 aut
611 624 853 690 nomina,
875 624 1015 678 sicut
1038 625 1152 689 ille,
1171 625 1272 690 Qui
1292 635 1527 680 numerat
1547 627 1683 681 mul-

86 719 341 775 titudinem
366 719 664 781 stellarum,
697 727 745 772 et
777 717 1010 772 omnibus
1031 717 1112 772 Itis
1136 720 1347 772 nomina
1375 729 1519 774 vocat
1547 719 1565 791 (
1581 720 1678 785 Ps.

86 829 247 875 chvt,
271 812 344 883 4)
387 828 404 866 :
435 827 599 882 quem
640 811 826 882 utique
855 826 962 866 non
996 810 1132 865 fallit
1160 813 1344 882 operis
1373 813 1454 866 sui
1483 812 1674 866 virtus.

149 907 266 962 197.
307 904 599 974 Quomodo
647 904 792 959 enim
837 904 1003 958 vultis
1036 903 1152 959 [nec
1198 903 1394 959 fecisse
1445 904 1538 958 Dei
1589 903 1679 958 Fi-

87 997 243 1051 lium?
285 996 562 1068 Numquid
613 997 770 1067 quasi
805 1007 826 1033 °
860 995 1119 1050 annulum
1148 1037 1163 1061 ,
1217 996 1309 1064 qui
1357 1011 1461 1050 non
1511 996 1678 1050 sentit

85 1089 211 1159 quod
241 1090 546 1160 exprimit?
572 1089 678 1145 Sed
706 1088 890 1143 omnia
916 1085 941 1124 ά
975 1088 1028 1142 ἱη
1061 1089 1327 1158 sapientia
1359 1089 1522 1143 Pater
1550 1087 1677 1143 fecit

86 1187 250 1259 (Psal.
279 1203 395 1253 cm,
425 1185 556 1258 24),
591 1185 642 1240 id
675 1193 780 1251 est,
807 1183 992 1239 omnia
1034 1199 1130 1254 per
1174 1183 1370 1238 Filium
1404 1182 1553 1247 fecit,
1583 1185 1674 1252 qui

86 1290 157 1334 est
178 1280 342 1334 virtus
384 1279 484 1334 Dei
533 1287 588 1334 et
630 1277 896 1348 sapientia
922 1276 973 1348 (I
1003 1275 1123 1330 Cor.
1148 1291 1187 1341 ι,
1216 1273 1320 1345 24)
1350 1293 1363 1328 :
1392 1274 1673 1345 sapientia:

86 1384 244 1430 autem
285 1372 339 1429 id
380 1372 675 1436 convenit,
704 1381 762 1426 ut
795 1386 1020 1427 suorum
1072 1385 1298 1439 operum
1343 1379 1399 1424 et
1444 1370 1672 1425 virtutes

86 1469 212 1523 norit
238 1475 289 1522 et
317 1481 538 1522 causas.
571 1465 643 1520 Et
670 1464 793 1520 ideo
837 1481 944 1519 non
980 1465 1152 1534 potuit
1179 1474 1398 1519 creator
1425 1464 1668 1518 omnium

89 1561 314 1630 ignorare
345 1559 494 1631 quod
527 1559 676 1624 fecit,
708 1558 920 1613 nescire
949 1557 1093 1629 quod
1139 1558 1256 1628 ipse
1281 1557 1540 1613 donavit:
1573 1572 1670 1612 no-

87 1655 150 1708 vit
176 1669 296 1725 ergo
328 1654 474 1709 diem
506 1667 668 1724 quem
696 1652 844 1708 fecit.

1789 457 1912 496 cum
1945 445 2202 513 potentiae
2223 445 2293 500 sit
2317 447 2457 501 scire
2481 463 2602 518 qute
2629 447 2863 502 maxima
2895 458 3044 513 sunt,
3074 449 3388 519 despexisse

1788 535 1957 605 magis
2002 536 2215 592 videtur
2265 537 2553 608 degeneris
2601 540 2784 610 operis
2814 539 3100 594 vilitatem.
3149 540 3392 598 Fastidio

1786 628 1947 697 igitur
1978 630 2262 686 absolutus
2308 642 2424 699 est,
2468 647 2573 687 non
2607 643 2878 703 potestate
2900 634 3198 691 fraudatus.

1856 722 1982 776 201.
2022 724 2175 791 Quod
2226 724 2273 778 si
2317 741 2570 796 magnum
2621 737 2675 783 et
2719 744 2992 783 summum
3051 730 3387 786 arbitrantur

1782 815 1922 870 scire
1945 815 2137 886 judicii
2170 817 2336 884 diem,
2370 818 2554 874 dicant
2582 820 2710 890 quid
2741 822 2853 876 Deo
2884 821 3047 877 Patre
3083 823 3260 893 majus
3289 833 3384 879 ant

1782 909 1978 963 melius
2010 910 2099 964 sit.
2143 911 2358 967 Patrem
2416 913 2580 984 igitur
2609 914 2779 969 Deum
2822 914 2993 981 novit,
3029 924 3087 969 ut
3119 917 3234 987 ipse
3270 917 3383 972 ait:

1781 999 1952 1054 Nemo
1983 1004 2120 1056 novit
2161 1003 2372 1058 Patrem
2402 1005 2502 1059 nisi
2530 1004 2724 1067 Filius,
2767 1017 2814 1061 et
2850 1009 2932 1061 cui
2956 1009 3173 1062 voluerit
3213 1006 3385 1064 Filius

1778 1095 2003 1150 revelare
2033 1095 2262 1168 (Matth.
2307 1114 2382 1164 xi,
2412 1097 2543 1170 27).
2577 1099 2792 1155 Patrem
2813 1143 2826 1164 ,
2861 1101 3100 1171 inquam,
3133 1100 3280 1157 novit
3330 1110 3386 1157 et

1779 1188 1920 1244 diem
1968 1191 2176 1245 nescit?
2223 1192 2314 1248 Sic
2365 1209 2493 1264 ergo
2543 1194 2766 1250 creditis
2813 1196 2978 1268 588
3005 1197 3131 1266 quia
3159 1195 3378 1252 Patrem

1777 1283 2002 1347 revelat,
2033 1292 2089 1337 et
2127 1283 2269 1340 diem
2302 1300 2410 1340 non
2443 1294 2620 1356 potest
2645 1287 2923 1343 revelare?

1846 1375 1972 1430 202.
2016 1375 2222 1432 Deinde
2245 1380 2370 1449 quia
2396 1380 2598 1448 gradus
2621 1381 2884 1450 quosdam
2938 1381 3152 1449 facitis;
3191 1393 3247 1437 nt
3277 1383 3379 1437 Pa-

1775 1476 1915 1523 trem
1946 1469 2124 1536 Filio,
2167 1471 2365 1526 Filium
2408 1472 2633 1540 Spiritui
2678 1474 3010 1544 pra-feratis;
3051 1474 3215 1529 dicite
3247 1475 3376 1529 mihi

1775 1569 1956 1616 utrum
1999 1562 2235 1633 Spiritus
2279 1573 2502 1619 sanctus
2552 1566 2770 1620 noverit
2806 1565 2991 1635 judicii
3025 1566 3202 1631 diem;
3243 1567 3376 1620 nihil

1773 1655 1918 1710 enim
1950 1655 2019 1711 de
2040 1671 2105 1711 co
2141 1657 2402 1725 scriptum
2429 1666 2512 1711 est
2540 1656 2642 1712 hoc
2673 1658 2814 1712 loco.
2849 1658 3066 1725 Negatis
3103 1657 3376 1729 profecto.

147 1744 260 1802 198.
283 1745 388 1802 Sed
419 1745 588 1811 dicis,
613 1745 739 1815 quia
771 1754 1094 1815 praesentem
1125 1744 1298 1810 novit,
1331 1744 1505 1798 nescit
1532 1743 1672 1798 futu-
1703 1743 1750 1802 B
1775 1748 1917 1817 Quid
1943 1749 1987 1802 si
2017 1747 2191 1804 doceo
2215 1749 2357 1820 quod
2390 1749 2637 1805 noverit?
2668 1749 2891 1805 Lectum
2921 1760 3005 1804 est
3043 1751 3188 1804 enim
3216 1770 3230 1804 :
3266 1749 3382 1803 Νο-

90 1856 209 1894 rum.
235 1841 381 1895 Licet
410 1841 600 1909 inepta
627 1839 695 1893 sit
731 1838 1052 1908 propositio,
1082 1846 1262 1892 tamen
1287 1846 1346 1891 ut
1376 1837 1445 1892 de
1477 1836 1667 1906 Scrip-

93 1935 210 1990 turis
233 1933 562 1990 satisfaciam
591 1931 706 1996 tibi,
737 1930 886 1986 disce
908 1931 1033 2001 quia
1062 1945 1169 1986 non
1192 1931 1364 1984 solum
1395 1930 1666 2000 praeterita

90 2027 214 2094 fecit,
245 2027 335 2082 sed
360 2025 531 2082 etiam
563 2039 683 2097 quae
711 2024 888 2078 futura
918 2032 1063 2087 sunt,
1094 2022 1233 2077 sicut
1258 2021 1518 2093 scriptum
1543 2029 1627 2076 est
1652 2043 1665 2073 :

94 2119 177 2185 Qui
197 2121 307 2189 fecit
331 2134 446 2189 qua:
471 2117 766 2172 adventura
785 2124 903 2170 sunt
927 2115 1108 2186 (Esai.
1135 2130 1264 2181 xm,
1291 2112 1414 2184 11).
1445 2113 1511 2168 Et
1535 2113 1665 2168 alibi

88 2214 151 2266 ait
175 2213 438 2283 Scriptura
469 2230 481 2266 :
515 2209 622 2264 Per
643 2227 789 2279 quem
826 2219 871 2262 et
893 2212 1029 2280 facta
1053 2207 1398 2270 suntstccula,
1423 2205 1666 2275 splendor

89 2316 150 2358 est
172 2307 354 2375 gloriae,
381 2313 426 2359 et
457 2306 733 2359 character
755 2301 1058 2357 substantia:
1083 2302 1194 2372 eius
1220 2298 1406 2370 (Hebr.
1437 2295 1478 2364 t,
1503 2298 1556 2361 2,
1583 2298 1662 2368 5).

90 2396 268 2451 Scecula
289 2398 430 2452 enim
455 2405 514 2452 et
543 2395 816 2466 praeterita
845 2402 900 2449 et
921 2392 1205 2465 prmsentia
1236 2400 1291 2446 et
1319 2391 1492 2444 futura
1515 2397 1660 2443 sunt.

88 2487 340 2554 Quomodo
364 2504 497 2560 ergo
537 2486 678 2542 facta
704 2495 829 2540 sunt
856 2499 974 2555 quae
1004 2483 1181 2538 futura
1211 2491 1366 2547 sunt;
1409 2481 1508 2535 nisi
1539 2481 1661 2549 quia

89 2582 362 2650 nperatoria
393 2582 576 2635 virtus
601 2588 656 2634 et
687 2578 912 2633 scientia
937 2573 1354 2645 comprehendit
1377 2587 1662 2628 numerum

89 2674 298 2728 ouminm
323 2673 654 2729 saeculorum
672 2671 694 2724 ?
712 2671 860 2726 Sicut
882 2672 1027 2725 enim
1053 2676 1210 2721 vocat
1228 2681 1348 2736 quze
1377 2680 1482 2720 nou
1511 2674 1661 2729 sunt,

87 2775 325 2837 tamquam
355 2783 475 2839 quae
506 2773 641 2821 sunt
679 2764 873 2835 (Rom.
904 2779 978 2828 tv,
1013 2760 1115 2833 17)
1143 2780 1156 2816 :
1190 2761 1269 2815 sic
1306 2769 1360 2814 et
1391 2759 1520 2814 fecit
1543 2773 1662 2826 qua:

88 2858 238 2914 futura
261 2871 401 2929 sunt,
433 2872 720 2931 tamquam
749 2875 866 2928 qua:
893 2859 1037 2923 sint;
1066 2866 1088 2892 θ
1117 2857 1240 2926 quia
1271 2871 1376 2908 non
1399 2853 1663 2924 contingit

91 2962 257 3010 utnon
286 2956 412 3022 sint,
459 2954 565 3010 sed
615 2952 929 3009 necessario
975 2958 1103 3005 sunt
1133 2949 1347 3014 futura,
1393 2964 1512 3018 quae
1538 2962 1662 3003 esse

91 3050 335 3120 praecepit.
367 3051 509 3120 Ergo
541 3047 633 3118 qni
664 3046 789 3102 fecit
817 3061 936 3116 quae
967 3043 1144 3098 futura
1183 3050 1331 3106 sunt,
1366 3058 1431 3097 eo
1457 3055 1660 3112 genere

93 3157 182 3210 quo
204 3155 317 3199 sunt
343 3144 525 3199 futura
553 3139 829 3212 cognovit.

151 3235 260 3292 l99.
299 3237 356 3293 Si
386 3238 490 3293 hoc
545 3235 614 3290 de
653 3233 904 3301 saeculis,
955 3232 1126 3287 multo
1172 3230 1344 3300 magis
1372 3230 1442 3284 de
1467 3229 1658 3300 judicii

91 3329 384 3386 credendum
432 3339 524 3385 est
561 3328 682 3393 die;
716 3342 782 3381 eo
812 3326 952 3397 quod
999 3325 1363 3394 cognitionem
1403 3323 1522 3392 ejus
1567 3322 1659 3375 ha-

92 3418 193 3475 heat
215 3422 303 3479 Dei
326 3423 496 3478 Filius
534 3431 804 3492 tamquam
835 3435 862 3472 a
891 3433 950 3474 se
973 3418 1083 3488 jam
1117 3417 1304 3483 factm;
1336 3416 1458 3486 quia
1489 3415 1661 3485 scrip-

92 3519 183 3566 tum
211 3527 288 3570 est
323 3535 337 3570 :
369 3515 728 3586 Dispositione
768 3523 857 3566 tua
897 3511 915 3549 ί
949 3511 1263 3582 permanebit
1314 3510 1422 3564 dies
1463 3513 1480 3577 (
1508 3508 1657 3562 Psal.

93 3616 254 3670 cxvnt,
289 3606 417 3676 01).
462 3605 580 3662 Nec
622 3604 796 3659 solum
842 3611 1124 3675 permanet
1168 3601 1337 3666 dixit,
1371 3600 1465 3655 sed
1494 3601 1657 3656 etiam

93 3701 404 3765 permanebit;
434 3711 491 3755 ut
541 3699 659 3770 ejus
681 3698 1040 3768 dispositione
1081 3712 1200 3767 quae
1237 3705 1464 3751 ventura
1509 3703 1655 3762 sunt,

93 3789 442 3858 gnbernentnr.
474 3794 614 3862 Quae
644 3792 911 3862 disposuit
964 3806 1094 3860 ergo
1116 3833 1130 3856 ,
1175 3806 1280 3845 non
1312 3789 1510 3844 novit?
1556 3789 1660 3856 Qui

94 3883 307 3951 plantavit
351 3905 552 3953 aurem,
591 3903 692 3941 non
734 3885 949 3940 audiet?
976 3885 1064 3957 qui
1082 3885 1233 3954 ﬁnxit
1264 3883 1507 3948 oculum,
1557 3899 1657 3937 non

96 3975 345 4030 considerat
374 3976 563 4049 (Psal.
598 3993 746 4042 xcnl,
780 3975 882 4048 9)?

149 4066 258 4123 200.
297 4070 592 4127 Videamus
619 4080 797 4126 tamen
837 4088 902 4125 ne
933 4069 1062 4141 quid
1095 4069 1232 4123 forte
1265 4082 1516 4137 magnum
1564 4067 1654 4131 sit,

95 4158 210 4223 quod
237 4174 533 4219 creatorem
561 4177 717 4217 suum
766 4163 1002 4230 potuerit
1028 4159 1340 4230 praeterire;
1384 4170 1437 4214 et
1479 4168 1656 4213 tamen

97 4247 266 4319 eligant
297 4263 470 4309 utrum
503 4255 662 4324 quasi
713 4268 970 4324 magnum
1000 4250 1202 4320 aliquid
1234 4261 1287 4305 et
1313 4251 1658 4321 praestantius

98 4349 254 4406 putent
278 4360 394 4402 esse
420 4362 586 4418 quam
619 4355 814 4400 etetera
848 4363 860 4398 :
887 4361 954 4398 an
1000 4342 1151 4413 quasi
1185 4342 1466 4397 minimum
1495 4351 1658 4412 atque

101 4431 362 4502 abiectum?
382 4439 437 4496 Si
467 4440 753 4495 minimum
775 4447 937 4509 atque
961 4437 1256 4508 abjectum,
1273 4451 1381 4491 non
1399 4444 1484 4491 est
1517 4436 1659 4506 inju.

159 4621 179 4649 ι
204 4615 447 4674 Arcturus
469 4662 484 4684 ,
517 4620 607 4691 qui
646 4629 701 4674 et
738 4619 938 4691 Bootes
974 4625 1034 4691 et
1075 4615 1446 4691 Arctophylax
1492 4629 1656 4691 voca-
1679 4624 1734 4684 1)

102 4688 191 4764 lttr,
230 4687 566 4746 constellatio
596 4687 1038 4764 septentrionalis
1060 4728 1075 4752 ,
1113 4690 1342 4764 primum
1373 4696 1536 4756 atque
1567 4687 1653 4764 n|-_

105 4759 261 4831 lituum
292 4777 482 4817 nomen
515 4765 640 4816 hinc
668 4763 898 4831 adeptus
928 4767 1034 4821 est,
1063 4759 1387 4831 quodretro
1415 4769 1468 4811 et
1498 4759 1654 4831 quasi

102 4825 154 4904 {id
178 4832 389 4904 caudam
424 4833 574 4888 Ursae
613 4825 822 4904 positus
858 4832 926 4885 sit
950 4871 965 4896 ,
998 4829 1453 4904 quemadmodum
1487 4825 1654 4882 etiam

104 4893 487 4974 bootesdicitur
525 4893 669 4974 quod
702 4903 854 4972 sequi
890 4893 960 4956 ac
993 4893 1183 4974 regere
1219 4901 1516 4969 plaustrum
1547 4914 1657 4954 ete-

104 4965 218 5041 leste
245 4973 500 5029 videatur.
530 4965 696 5030 Orion
728 4991 756 5028 a
786 4965 1140 5028 multitudine
1167 4965 1430 5041 aquarum
1460 4985 1657 5025 nomen

103 5036 321 5115 obtinuit,
357 5046 496 5115 quod
530 5047 738 5101 oriatur
786 5044 1006 5099 hiemali
1041 5036 1309 5113 tempore,
1351 5049 1406 5096 et
1447 5042 1660 5115 pluvias

105 5111 523 5186 fPlltpestalésque
558 5119 706 5172 ciere
745 5115 1112 5170 existimetur.
1151 5111 1434 5168 Postremo
1468 5111 1655 5186 Vergi—

105 5175 177 5256 liae
203 5175 234 5232 'a
279 5175 476 5241 Latinis
514 5189 715 5243 idcirco
740 5232 754 5255 ,
803 5187 944 5256 quod
988 5201 1118 5239 vere
1157 5194 1336 5256 ortum
1368 5198 1535 5256 suum
1561 5175 1656 5236 lia-

107 5246 277 5322 licunt,
318 5257 532 5314 fuerunt
564 5246 884 5322 nominatae;
917 5258 1059 5312 sicut
1087 5267 1142 5310 et
1173 5272 1199 5307 a
1238 5255 1444 5311 Graecis
1483 5253 1657 5308 Pleia-

107 5317 207 5385 (Ῐθεο
234 5317 365 5388 Quod
399 5329 578 5398 plures
613 5331 774 5384 simul
805 5317 1134 5398 appareant;
1168 5326 1312 5381 unde
1335 5324 1657 5398 Ambrosius

111 5401 271 5472 uoster
291 5395 524 5472 nominat
547 5395 927 5472 colligationes2
952 5401 1088 5472 sive,
1118 5410 1170 5451 ut
1197 5398 1250 5451 in
1271 5413 1402 5451 mss.
1429 5395 1656 5464 quibus-
1707 5457 1710 5460 ,

109 5456 439 5542 ἀθψμεῑωτ,
473 5456 849 5542 σοιιεῃὶιῖιὶοηέε
887 5456 1256 5542 Vergiliarum.

169 5531 193 5569 δ
217 5531 548 5613 Paucimss,
581 5531 959 5612 collegiationes
991 5531 1365 5613 Vergiliarum.

175 5607 483 5689 fﬁnpuinm
506 5607 881 5689 signatorium
910 5607 1148 5682 intellig'e
1177 5654 1190 5677 ,
1223 5612 1315 5683 qui
1346 5626 1662 5682 expressam

118 5671 696 5754 δίψει-ἐμὴννειίιῖψιίίι
725 5685 1039 5752 imaginem.
1084 5671 1112 5682 ”
1151 5726 1153 5728 -

180 5739 201 5780 τι
229 5741 346 5805 Mai.
381 5739 613 5824 aliquot;
640 5761 690 5808 in
732 5739 980 5823 sapicntin
1015 5753 1252 5822 perfecit,
1285 5749 1338 5801 id
1371 5763 1463 5812 est.
1494 5761 1598 5808 etr:

1770 1839 1848 1894 bis
1869 1849 2041 1894 autem
2070 1842 2311 1896 reuelauit
2337 1841 2481 1897 Deus
2509 1859 2600 1911 per
2630 1842 2884 1913 Spiritum
2925 1859 3112 1908 suum;
3141 1842 3376 1912 Spiritus

1769 1934 1902 1988 enim
1937 1937 2107 1989 omnia
2146 1947 2425 2001 scrutatur,
2459 1937 2617 1990 etiam
2652 1937 2758 1990 alta
2788 1935 2885 1992 Dei
2922 1935 2979 2007 (l
3007 1934 3128 1991 Cor.
3159 1952 3218 1999 ll.
3247 1936 3370 2006 10).

1769 2026 1962 2097 Utique
1987 2029 2112 2098 quia
2159 2029 2264 2083 alta
2311 2029 2406 2084 Dei
2449 2038 2762 2096 scrutatur,
2803 2044 2925 2085 cum
2967 2029 3114 2084 Deus
3159 2030 3373 2083 noverit

1764 2117 1954 2188 judicii
1985 2119 2153 2184 diem,
2179 2120 2341 2175 etiam
2372 2120 2607 2189 Spiritus
2634 2121 2801 2174 novit.
2831 2119 2990 2188 Novit
3019 2121 3162 2174 enim
3191 2121 3372 2174 omnia

1769 2227 1889 2282 qua:
1920 2211 2064 2266 Deus
2107 2212 2295 2272 novit.
2345 2213 2484 2267 sicut
2513 2213 2807 2282 Apostolus
2849 2212 3090 2266 declarat
3135 2212 3367 2266 dicens:

1771 2304 1899 2370 Quis
1925 2306 2059 2360 enim
2088 2307 2182 2359 scit
2207 2305 2472 2360 hominum
2497 2322 2612 2372 qua?
2631 2315 2748 2360 sunt
2784 2306 3032 2370 hominis,
3074 2306 3172 2358 nisi
3209 2306 3371 2376 spiri-

1769 2406 1851 2450 tus
1876 2397 2098 2451 hominis
2117 2399 2276 2467 quiin
2307 2399 2419 2468 ipso
2441 2399 2553 2452 est?
2586 2397 2678 2452 Sic
2709 2407 2757 2451 et
2791 2413 2907 2467 quae
2928 2396 3024 2451 Dei
3047 2407 3184 2462 sunt,
3221 2413 3368 2450 nemo

1769 2491 2024 2560 cognovit,
2059 2490 2159 2543 nisi
2189 2490 2421 2561 Spiritus
2451 2488 2551 2544 Dei
2581 2488 2779 2561 (Ibid.,
2812 2487 2932 2559 11).
2964 2487 3155 2543 Videte
3179 2489 3362 2558 igitur,

1771 2593 1795 2630 8
1826 2600 1894 2637 ne
1921 2594 2014 2637 aut
2041 2584 2287 2654 negando
2307 2584 2567 2653 Spiritum
2601 2592 2849 2638 sanctum
2879 2585 3042 2647 scire,
3073 2583 3281 2653 negetis
3315 2592 3369 2636 et

1768 2674 1983 2730 Patrem
2014 2675 2192 2741 scire;
2226 2677 2349 2746 quia
2379 2691 2500 2746 qua:
2536 2675 2630 2730 Dei
2683 2685 2839 2740 sunt,
2888 2675 3148 2744 cognovit
3189 2683 3242 2728 et
3270 2673 3364 2728 Dei

1766 2769 2000 2840 Spiritus
2026 2787 2039 2824 :
2068 2786 2187 2840 qua:
2217 2780 2398 2825 autem
2423 2785 2527 2824 non
2553 2770 2803 2840 cognovit
2845 2769 3080 2839 Spiritus
3103 2769 3225 2834 Dci,
3257 2769 3364 2822 uti.

1765 2878 1873 2933 que
1900 2863 1997 2917 Dei
2033 2877 2138 2918 non
2167 2872 2292 2918 sunt
2320 2881 2332 2916 :
2363 2873 2450 2916 aut
2495 2862 2807 2917 confitendo
2838 2862 2960 2933 quia
3005 2861 3240 2931 Spiritus
3273 2861 3366 2914 Dei

1767 2956 1948 3019 novit,
1993 2955 2136 3023 quod
2181 2953 2393 3025 negatis
2439 2955 2637 3009 Filium
2680 2955 2854 3020 scire,
2899 2965 3089 3008 contra
3125 2961 3360 3008 vestram

1765 3049 2124 3104 assertionem
2169 3049 2432 3120 Spiritum
2467 3049 2606 3103 Filio
2646 3049 2970 3119 prteferatis.
3005 3047 3208 3103 Verum
3254 3064 3360 3102 non

1687 3121 1732 3181 (ἶ
1765 3143 1942 3198 solum
1970 3143 2236 3212 sacrilega
2261 3142 2386 3210 ista,
2419 3143 2513 3197 sed
2537 3144 2698 3198 etiam
2733 3144 2912 3213 inepta
2944 3141 3234 3197 dubitatio.

1835 3237 1959 3292 203.
1991 3237 2140 3290 Nunc
2162 3235 2572 3292 consideremus
2594 3237 2790 3305 quibus
2813 3235 2989 3290 modis
3010 3236 3235 3291 scientia
3252 3235 3365 3290 col-

1763 3328 1985 3400 ligatur,
2032 3337 2086 3384 et
2110 3330 2465 3384 ostendamus
2507 3329 2682 3396 ipsum
2733 3328 2926 3382 Filium
2955 3328 3360 3383 demonstrasse

1762 3421 1906 3492 quod
1931 3430 1986 3476 et
2013 3421 2155 3476 diem
2180 3421 2364 3476 sciret.
2388 3420 2542 3488 Quod
2561 3423 2705 3476 enim
2730 3420 2950 3487 scimus,
2977 3432 3069 3474 aut
3089 3430 3358 3489 tempore,

1762 3523 1854 3566 aut
1901 3512 2043 3579 loco,
2088 3521 2181 3566 aut
2210 3514 2398 3582 signis,
2429 3521 2522 3566 aut
2555 3513 2804 3581 personis
2840 3511 3182 3566 declaramus
3208 3551 3223 3576 ,
3268 3521 3362 3566 ant

1763 3605 1976 3661 ordine.
2007 3605 2292 3673 Quomodo
2331 3605 2494 3674 igitur
2517 3605 2747 3658 nescivit
2769 3604 2957 3673 judicii
2987 3603 3151 3667 diem,
3183 3604 3272 3672 qui
3305 3613 3359 3656 et

1763 3699 1952 3753 horam
1976 3696 2187 3766 judicii,
2212 3706 2266 3751 et
2287 3696 2489 3758 locum,
2512 3704 2567 3749 et
2590 3695 2741 3764 signa
2768 3693 3041 3762 expressit
3067 3702 3122 3746 et
3146 3706 3360 3746 causas.

1832 3792 1959 3845 204.
1994 3791 2235 3858 Denique
2265 3791 2344 3842 sic
2382 3789 2583 3842 habes:
2619 3787 2684 3840 In
2716 3787 2810 3840 illa
2841 3789 2970 3841 hora
2995 3787 3083 3855 qui
3121 3786 3276 3856 fuerit
3305 3785 3356 3838 in

1764 3891 1914 3950 tecto,
1952 3897 2054 3935 non
2098 3881 2371 3934 descendat
2407 3881 2586 3933 tollere
2613 3897 2735 3933 vasa
2765 3880 2828 3933 de
2862 3882 3014 3932 domo
3039 3894 3169 3945 sua;
3198 3888 3246 3932 et
3271 3881 3359 3948 qui

1760 3977 1815 4029 in
1844 3991 1998 4045 agro,
2046 3973 2284 4028 similiter
2311 3989 2412 4026 non
2462 3973 2641 4026 redeat
2685 3981 2822 4024 retro
2853 3970 2871 4043 (
2890 3969 3016 4024 Luc.
3052 3986 3194 4037 xvn,
3227 3971 3356 4043 51).

1761 4067 2016 4136 Eousque
2046 4065 2209 4134 igitur
2247 4062 2555 4117 futurorum
2589 4070 2747 4116 norat
2791 4057 3172 4130 periculorum
3194 4078 3357 4118 even-

1763 4167 1871 4226 tus,
1907 4165 1966 4213 ut
1986 4158 2150 4213 etiam
2186 4157 2437 4228 praesidia
2469 4155 2904 4226 periclitantibus
2930 4154 3356 4211 demonstraret.

1832 4251 1959 4308 205.
1991 4253 2072 4306 An
2107 4259 2319 4322 p0tcrat
2342 4251 2608 4306 Dominus
2631 4249 2776 4304 diem
2807 4249 3078 4320 ignorare,
3109 4249 3200 4319 qui
3243 4250 3358 4319 ipse

1761 4346 1830 4402 de
1859 4361 1918 4400 se
1957 4343 2095 4400 dixit
2137 4345 2263 4415 quia
2295 4344 2467 4400 Filius
2506 4343 2742 4400 hominis
2769 4341 2796 4379 ιι
2827 4343 3090 4398 Dominus
3120 4352 3202 4397 est
3229 4342 3357 4398 sab-

1761 4439 1874 4495 bati
1903 4436 2129 4511 (Matth.
2159 4453 2257 4505 xu,
2287 4437 2395 4506 8)?

1837 4627 1860 4690 ξ
1891 4617 2046 4673 Colb.
2080 4634 2241 4681 unus.
2275 4635 2377 4673 non
2420 4620 2542 4690 quia
2582 4619 2854 4689 contigerit
2883 4629 2940 4673 ut
2975 4622 3088 4690 jam
3117 4621 3238 4686 sint,
3271 4622 3360 4674 sed

1761 4689 1906 4759 quia;
1940 4691 2161 4746 minime
2193 4691 2354 4745 male.

1839 4759 1858 4798 τ
1895 4761 2053 4816 Rom.
2083 4761 2216 4816 edit.
2249 4762 2388 4826 sola,
2420 4771 2687 4830 permanet
2716 4759 2849 4814 dies.
2887 4759 3000 4815 Nec
3042 4761 3210 4814 solum
3242 4780 3364 4830 per—

1762 4842 1953 4894 manet,
2005 4832 2095 4886 sed
2140 4833 2294 4886 etiam
2323 4833 2638 4898 permanebit
2681 4832 2849 4897 (dixit
2894 4831 3359 4888 autem:Perma-

1765 4912 1869 4967 net,
1893 4903 2014 4971 quia
2038 4901 2299 4975 prophetis
2329 4903 2479 4975 etiam
2507 4903 2686 4969 futura
2708 4913 2894 4975 priesto
2922 4903 3119 4975 suntin
3147 4903 3364 4975 spiritu)

1764 4982 1822 5026 ut
1851 4975 1982 5042 ejus,
2009 4971 2116 5027 etc.
2138 4971 2258 5027 Sed
2290 4972 2634 5026 manifestum
2668 4981 2752 5026 est
2783 4973 3093 5040 hujusmodi
3123 4971 3365 5043 interpol-

1766 5044 1968 5097 latione
2019 5043 2442 5097 Ambrosianum
2494 5046 2766 5109 corrumpi
2819 5045 3168 5111 sententiam,
3207 5060 3272 5100 ac
3301 5046 3360 5101 S.

1762 5114 2053 5169 Doctorem
2095 5114 2408 5186 scripsisse,
2435 5113 2751 5184 permanebit
2778 5115 2924 5180 dies;
2946 5117 3192 5186 quamvis
3219 5117 3364 5186 ipse~

1764 5192 1878 5240 met
1921 5187 1972 5239 in
2018 5185 2154 5256 psal.
2208 5199 2373 5239 cxvm
2415 5199 2761 5240 communem
2811 5197 3030 5240 secutus
3061 5184 3366 5243 fuerit'lec-

1765 5256 1991 5311 tionem.

1841 5336 1866 5374 8
1897 5327 1972 5381 Ita
2003 5341 2133 5381 mss.
2168 5327 2353 5396 plures
2381 5342 2446 5382 ac
2475 5326 2853 5397 probatiores:
2884 5327 2975 5381 alii
2997 5342 3133 5397 vero
3159 5338 3364 5384 etcum

1768 5400 1848 5453 eis
1865 5397 1984 5468 Gil].
2015 5413 2078 5452 ac
2098 5397 2433 5461 Rom.edit.,
2451 5396 2516 5453 ne
2539 5399 2777 5468 negando
2908 5408 2956 5450 et
2979 5396 3190 5453 Patrem
3212 5401 3364 5455 scire.

1774 5469 1902 5541 Qua:
1931 5467 2028 5523 Dei
2055 5479 2269 5523 sunt....
2302 5469 2396 5524 Dei
2413 5487 2539 5541 Anon
2573 5467 2711 5523 sunt.
2741 5467 3046 5538 Conﬁtendo
3068 5472 3225 5541 igitur
3251 5487 3366 5540 qua

1771 5539 2095 5613 Spiritum...
2118 5541 2373 5613 Spiritum
2395 5539 2538 5594 Filio
2573 5541 2848 5613 prtefertis.
2881 5541 3056 5596 Minus
3076 5539 3363 5613 concinne.

1770 5611 1940 5667 Porro
1966 5613 2105 5682 apud
2137 5611 2357 5666 Amerb.
2387 5620 2441 5666 et
2469 5611 2623 5666 Eras.
2655 5612 2845 5665 lacuna
2879 5620 2963 5666 est
2989 5614 3056 5667 ab
3083 5612 3240 5668 initio
3266 5613 3368 5668 htt-

1769 5684 1857 5754 jus
1899 5700 2048 5754 num.
2083 5699 2254 5753 usque
2282 5685 2346 5736 ad
2380 5684 2557 5754 locum
2587 5683 2655 5737 de
2684 5697 2792 5754 quo
2822 5685 3051 5754 agimus.
3358 5733 3364 5752 ς

1849 5751 1872 5788 ιε
1905 5751 1981 5808 Ne
2009 5753 2094 5808 cui
2121 5751 2366 5809 videntur
2392 5751 2682 5810 obscurum
2704 5751 3198 5824 quod‘Ambroslus
3223 5755 3366 5813 diem
