3932 6176
497 235 602 294 695

1808 233 2057 291 SANCTI
2096 234 2426 291 AMBROSII

3693 231 3811 288 696

489 354 636 408 riora
665 353 901 417 redeam,
928 353 1016 422 qui
1061 351 1436 422 pr0posuerim
1477 352 1742 422 scriptum
1780 352 1908 420 quia
1945 351 2105 406 Pater
2132 356 2184 414 Α
2210 353 2284 406 ris
2315 369 2326 404 :
2361 351 2539 406 minus
2569 352 2712 416 dico,
2739 361 2795 407 et
2824 354 2911 423 pie
2941 362 3147 409 astruo.
3177 353 3441 407 Minorem
3467 352 3623 416 dicis,
3645 360 3698 406 et
3713 368 3808 408 su-

492 447 634 502 dixit
663 465 674 500 :
707 446 952 500 Fortasse
981 446 1343 500 reverebantur
1367 443 1415 496 F
1421 444 1570 499 ilium
1601 462 1768 499 meum
1799 445 1952 516 (Luc.
2004 461 2096 513 xx,

494 539 587 608 15)
607 557 620 605 ;
640 538 780 608 quod
815 539 1003 608 utique
1059 537 1178 593 ideo
1218 537 1458 592 arbitror
1485 538 1754 605 positum;
1784 546 1842 591 ut
1868 537 1994 608 quia
2024 536 2094 592 de

487 630 801 685 hominibus
857 630 1178 701 loquebatur
1229 630 1428 697 Pater,
1479 631 1714 686 humano
1762 631 1971 686 locutus
2013 631 2097 685 vi-

488 723 684 778 deatur
710 722 907 778 all‘eetu
941 741 954 777 :
987 724 1156 778 multo
1198 724 1368 794 magis
1399 726 1636 780 arbitror
1652 725 1778 795 quia
1804 725 1975 780 Filius
2001 724 2096 795 qui

495 833 618 872 cum
650 817 965 873 hominibus
995 824 1350 873 conversatus
1377 827 1481 884 est,
1515 829 1568 873 et
1589 818 1863 873 hominem
1891 820 2018 888 egit,
2045 827 2100 872 et

489 926 708 969 carnem
731 913 989 981 suscepit,
1011 921 1251 966 nostrum
1279 911 1832 980 assumpsitafl'eetum
1851 928 1865 976 ;
1882 919 1940 964 ut
1968 923 2098 964 nos-

494 1015 576 1060 tra
604 1007 943 1076 ignoratione
975 1003 1187 1059 nescire
1213 1018 1273 1058 se
1307 1003 1555 1069 diceret,
1585 1018 1694 1058 non
1743 1004 1865 1072 quia
1897 1001 2096 1073 aliquid

489 1100 606 1169 ipse
639 1097 895 1154 nesciret.
931 1096 1064 1150 Nam
1085 1095 1184 1150 etsi
1218 1093 1380 1148 homo
1407 1093 1463 1148 in
1491 1095 1718 1149 veritate
1738 1093 1984 1163 corporis
2013 1093 2095 1146 vi-

489 1191 749 1256 debatur;
774 1198 892 1245 erat
923 1198 1100 1244 tamen
1124 1188 1250 1253 vita,
1282 1196 1401 1242 erat
1428 1188 1542 1254 lux,
1593 1197 1648 1242 et
1686 1188 1857 1241 virtus
1912 1185 2092 1241 exibat

495 1283 565 1338 de
594 1298 682 1347 co,
707 1297 826 1352 qua:
856 1281 1077 1334 vulnera
1109 1279 1416 1334 sauciorum
1443 1279 1748 1347 majestatis
1769 1292 1885 1333 sua:
1911 1287 2092 1332 aucto-

487 1375 652 1429 ritate
679 1371 1079 1444 sanabat(Luc.
1116 1387 1185 1434 vi,
1223 1372 1337 1433 l9).

559 1466 686 1521 225.
734 1465 1029 1520 Advertitis
1062 1479 1195 1532 ergo
1221 1463 1579 1533 quiestionem
1631 1464 1783 1519 vobis
1815 1478 1938 1518 esse
1962 1463 2090 1518 sub-

489 1561 687 1626 latam,
726 1575 846 1613 cum
883 1568 939 1613 ct
978 1558 1101 1612 Filii
1156 1557 1362 1611 dictum
1407 1557 1473 1612 ad
1504 1558 1904 1626 susceptionem
1950 1558 2083 1612 inte-

489 1669 605 1724 grcc
628 1651 963 1707 conditionis
986 1649 1255 1705 referatur
1281 1650 1553 1716 humanm,
1587 1659 1642 1704 et
1670 1651 1738 1704 de
1771 1650 1930 1704 Patre
1970 1649 2090 1705 ideo

481 1745 744 1813 scriptum
777 1744 869 1808 sit,
908 1752 965 1796 ut
992 1742 1074 1796 vel
1093 1742 1172 1796 sic
1187 1741 1503 1795 calumniari
1535 1741 1670 1796 Filio
1699 1741 1980 1796 desinatis.

562 1835 692 1889 224.
732 1833 879 1888 Nihil
907 1849 1035 1903 ergo
1060 1832 1168 1902 fuit,
1186 1832 1330 1902 quod
1371 1833 1700 1901 ignoraverit
1746 1833 1843 1887 Dei
1888 1833 2088 1898 Filius;

493 1927 625 1980 nihil
649 1927 791 1980 enim
819 1925 920 1979 fuit
950 1924 1092 1994 quod
1123 1925 1454 1996 iguoraverit
1490 1925 1671 1980 Pater.
1701 1925 1856 1991 Quod
1885 1925 1932 1979 si
1957 1924 2090 1980 nihil

493 2019 745 2074 ctFllius
797 2017 1091 2089 ignoravit,
1141 2024 1201 2071 ut
1233 2017 1343 2087 jam
1391 2017 1802 2085 concludamus,
1827 2017 2012 2072 dicant
2037 2018 2089 2072 in

491 2129 599 2184 quo
627 2129 751 2169 eum
780 2113 1044 2167 minorem
1073 2111 1240 2166 velint
1269 2111 1460 2167 videri.
1481 2111 1535 2168 Si
1569 2113 1835 2167 minorem
1867 2127 2091 2182 genera-

484 2207 563 2260 vit
594 2205 734 2261 Deus
789 2203 1011 2269 Filium,
1058 2203 1238 2257 minus
1268 2202 1524 2268 contulit;
1557 2203 1600 2258 si
1633 2204 1809 2258 minus
1839 2203 2088 2269 contulit,

483 2308 577 2354 aut
595 2299 773 2354 mimis
798 2297 989 2362 voluit,
1017 2305 1110 2350 aut
1128 2296 1310 2351 minus
1333 2296 1512 2366 potuit
1543 2313 1555 2350 :
1590 2296 1685 2352 sed
1711 2311 1811 2352 nec
1833 2296 2087 2351 infirmus

482 2409 583 2449 nec
634 2392 844 2447 invidus
886 2391 1074 2457 Pater;
1125 2389 1249 2459 quia
1280 2403 1384 2443 nec
1407 2389 1660 2444 voluntas
1690 2379 2078 2454 ante-Filium,

481 2502 583 2543 nec
614 2495 851 2555 potestas
882 2503 894 2540 :
926 2487 978 2540 in
1007 2499 1113 2555 quo
1139 2485 1285 2540 enim
1331 2483 1529 2548 minor,
1579 2483 1669 2552 qui
1701 2483 1878 2538 omnia
1926 2482 2090 2538 habet

480 2596 603 2650 qum
650 2581 811 2634 Pater
858 2579 1022 2633 habet
1051 2577 1233 2650 (Joan.
1291 2591 1402 2640 xvr,
1433 2575 1565 2645 15)?
1602 2575 1734 2630 Nam
1765 2584 1821 2630 et
1851 2575 2033 2628 omnia
2056 2589 2088 2628 a

479 2673 640 2729 Patre
681 2672 800 2741 iure
852 2670 1224 2741 generationis
1272 2668 1509 2736 accepit,
1557 2676 1610 2722 et
1649 2675 1819 2720 totum
1871 2666 2085 2722 Patrem

484 2766 658 2835 gloria
683 2779 794 2818 sua:
821 2763 1122 2832 majestatis
1145 2761 1437 2830 expressit.

551 2855 678 2909 225.
722 2855 994 2923 Scriptum
1023 2863 1130 2918 est,
1157 2852 1405 2921 inquiunt
1435 2867 1447 2902 :
1485 2849 1742 2914 Quoniam
1771 2849 1930 2904 Pater
1976 2869 2086 2906 ma-

469 2953 566 3022 jor
590 2964 668 3001 me
691 2956 764 3000 est
789 2943 969 3019 (Joan.
985 2961 1098 3009 xrv,
1124 2943 1242 3014 28).
1267 2941 1373 2997 Sed
1395 2943 1656 3012 scriptum
1679 2952 1763 2997 est
1779 2960 1791 2996 :
1810 2941 1932 2997 Non
1945 2945 2085 3015 rapi-

477 3057 598 3094 nam
616 3039 894 3092 arbitratus
924 3048 996 3092 est
1023 3055 1077 3092 se
1103 3054 1209 3092 esse
1237 3037 1487 3107 aqualem
1517 3036 1625 3091 Deo
1654 3037 1885 3109 (Philip.
1916 3054 1973 3106 ιι,
2002 3039 2080 3110 6).

2207 460 2300 514 pra
2325 446 2544 516 angelos
2566 446 2845 502 confiteris
2877 466 2890 502 :
2920 461 3024 518 ego
3049 446 3312 502 minorem
3340 446 3552 518 angelis
3572 446 3711 511 dico,
3746 457 3806 501 et

2206 554 2312 592 non
2341 539 2572 610 derogo;
2598 541 2722 611 quia
2757 556 2865 597 non
2888 541 3223 596 divinitatem
3249 555 3439 612 arguo,
3470 538 3569 596 sed
3599 540 3807 594 miscri-

2203 628 2444 684 cordiam
2469 629 2730 700 przedico.

2811 722 3043 782 CAPUT
3079 723 3223 781 XIX.

2203 837 2486 893 Conversus
2514 839 2583 893 ad
2606 838 2774 896 Deum
2795 837 3004 895 Patrem
3031 840 3126 895 Vir
3149 849 3380 906 sanctus,
3404 855 3500 894 cur
3525 837 3574 892 F
3575 839 3718 893 ilium
3742 856 3806 894 eo

2271 936 2519 989 utiliorem
2546 953 2648 990 non
2674 945 2890 1002 statuat,
2917 936 3126 1004 exponit
3155 952 3174 990 :
3204 945 3312 990 tum
3338 935 3683 988 asseritsuum
3701 951 3804 989 non

2263 1045 2370 1084 esse
2402 1039 2455 1083 ut
2481 1030 2723 1084 metiatur
2756 1029 2853 1085 Dei
2881 1028 3079 1084 Filium
3103 1045 3123 1095 ,'
3149 1046 3262 1083 cum
3297 1029 3480 1100 angelo
3504 1028 3672 1082 metiri
3693 1038 3807 1082 ton-

2270 1132 2379 1176 tum
2421 1122 2714 1177 Jerusalem
2742 1125 2918 1177 datum
2941 1124 3121 1193 fuerit,
3149 1124 3307 1201 immo
3336 1132 3384 1176 et
3433 1124 3571 1192 forte
3601 1119 3806 1176 Christo

2270 1224 2324 1268 ut
2354 1214 2550 1267 homini
2581 1230 2599 1268 :
2624 1214 2716 1268 sed
2755 1215 2941 1268 Arium
2992 1214 3207 1270 Satanae
3259 1213 3568 1267 imitatorem
3598 1229 3651 1267 se
3677 1229 3805 1284 pra--

2270 1308 2459 1362 (misse.
2490 1307 2700 1362 Temere
2717 1308 2875 1379 igitur
2890 1309 2952 1363 de
2966 1309 3138 1362 divina
3161 1309 3493 1379 generatione
3515 1307 3804 1378 disputari;

2269 1417 2385 1454 cum
2416 1411 2615 1455 tantum
2639 1403 2878 1456 humana:
2902 1404 3105 1472 signum
3142 1419 3233 1473 per
3277 1401 3493 1456 Esaiam
3522 1403 3588 1456 sit
3617 1417 3805 1471 prapo—

2266 1494 2452 1558 situm;
2477 1510 2565 1547 nec
2588 1495 2768 1549 debeat
2791 1495 3108 1567 comparatio
3136 1495 3252 1564 ﬁeri
3278 1495 3328 1548 in
3353 1495 3560 1549 divinis.
3595 1493 3804 1548 Postre-

2267 1602 2349 1638 mo
2388 1595 2634 1655 quantum
2655 1587 2908 1660 fugienda
2955 1588 3021 1641 sit
3049 1587 3161 1641 Arii
3183 1587 3504 1658 arrogantia,
3543 1587 3802 1641 variorum

2269 1680 2563 1749 Scriptura:
2591 1683 2941 1754 exemplorum
2965 1682 3291 1751 oppositione
3335 1681 3674 1737 demonstrat.

2124 1747 2172 1805 B

2268 1826 2393 1882 228.
2437 1826 2518 1881 Ad
2559 1835 2611 1883 te
2641 1843 2803 1892 nunc,
2835 1828 3182 1898 omnipotens
3227 1829 3411 1896 Pater,
3453 1843 3576 1883 cum
3631 1828 3804 1900 lacry-

2198 1918 2299 1972 mis
2349 1919 2511 1974 verba
2543 1930 2823 1975 converto.
2855 1921 2968 1991 Ego
3018 1930 3070 1975 te
3096 1920 3312 1992 quidem
3346 1920 3800 1986 iuaccessibilem,

2198 2011 2832 2082 incomprehensibilem,
2882 2015 3312 2070 inmstimabilem
3371 2024 3624 2085 prompte
3651 2015 3805 2070 dixe-

2196 2106 2296 2160 rim
2326 2124 2337 2157 :
2363 2105 2456 2161 sed
2491 2105 2687 2162 Filium
2723 2116 2872 2162 tuum
2907 2108 3173 2163 minorem
3229 2123 3338 2163 nou
3369 2109 3543 2164 ausim
3593 2109 3802 2163 dicere.

2195 2199 2326 2254 Nam
2380 2215 2502 2254 cum
2545 2200 2700 2255 illum
2743 2201 3095 2272 splendorem
3142 2203 3355 2274 gloriae,
3419 2214 3471 2258 et
3510 2204 3802 2274 imaginem

2193 2295 2512 2350 substantiae
2538 2305 2646 2351 tua:
2669 2296 2897 2367 legerim
2933 2297 3118 2370 (Hebr.
3153 2314 3190 2361 t,
3221 2298 3280 2367 5)
3309 2315 3323 2364 ;
3348 2313 3543 2354 vereor
3592 2313 3660 2354 ne
3703 2299 3805 2352 mi-

2195 2403 2387 2445 norem
2421 2389 2706 2461 imaginem
2739 2399 2845 2445 tuaa
2865 2390 3098 2446 dicendo
3135 2391 3477 2458 substantizc,
3530 2392 3802 2447 minorem

2193 2481 2552 2537 substantiam
2578 2493 2723 2538 tuam
2745 2483 2926 2539 dicere
2948 2483 3159 2549 videar,
3186 2485 3343 2554 cujus
3389 2486 3570 2554 imago
3600 2485 3671 2540 sit
3713 2484 3802 2540 Fi-

2193 2574 2317 2642 lius,
2341 2590 2464 2629 cum
2495 2575 2773 2645 plenitudo
2803 2584 2909 2631 tuae
2922 2577 3228 2632 divinitatis
3255 2578 3438 2632 omnis
3461 2577 3514 2632 in
3538 2577 3681 2633 Filio
3705 2579 3799 2633 sit.

2189 2667 2520 2725 Immensum
2547 2679 2600 2726 te
2625 2671 2928 2742 Filiumquc
2959 2681 3108 2726 tuum
3141 2681 3196 2727 et
3225 2672 3488 2743 Spiritum
3522 2683 3796 2741 sanctum,

2192 2761 2767 2832 incircumscriptum,
2849 2764 3324 2831 intestimabilem,
3375 2764 3801 2820 inenarrabilcm

2190 2855 2293 2926 legi
2317 2856 2652 2925 frequenter,
2682 2856 2846 2913 credo
2874 2858 3129 2914 libenter.
3151 2859 3218 2914 Et
3240 2858 3366 2914 ideo
3392 2859 3670 2916 aestimare
3687 2875 3800 2916 non

2197 2962 2442 3018 possum,
2475 2957 2535 3002 ut
2559 2949 2875 3005 examinare
2918 2951 3139 3021 possim.

2263 3043 2392 3099 229.
2437 3044 2566 3099 Esto
2590 3054 2797 3112 tamen,
2828 3046 3022 3116 spiritu
3049 3060 3294 3118 ausuque
3343 3047 3640 3103 temerario
3682 3063 3801 3104 me-

480 3131 756 3201 Scriptum
789 3129 1040 3199 estquod
1075 3137 1364 3199 propterea
1423 3129 1679 3184 volebant
1729 3130 1880 3185 illum
1909 3130 2079 3186 Judaei
2111 3127 2156 3190 C
2187 3135 2277 3190 tiri
2325 3146 2376 3190 te
2431 3136 2622 3203 velim;
2661 3137 2824 3202 unde,
2871 3153 3078 3206 quaeso,
3116 3149 3166 3195 te
3197 3141 3432 3196 metiar?
3469 3141 3795 3198 Funiculum

476 3222 757 3286 occidere,
781 3221 905 3292 quia
928 3220 1124 3275 Filium
1147 3236 1207 3276 se
1236 3221 1453 3277 dicebat
1474 3222 1596 3288 Dei,
1620 3223 1880 3292 :equalem
1913 3238 1972 3278 se
2003 3224 2079 3278 fa-

476 3316 630 3373 ciens
658 3315 770 3369 Dco
795 3313 976 3385 (Joan.
1007 3331 1058 3380 ν,
1088 3313 1199 3385 18).
1228 3315 1501 3385 Scriptqu
1534 3324 1618 3370 est
1649 3332 1663 3369 :
1692 3315 1807 3388 Ego
1842 3326 1888 3371 et
1919 3315 2079 3372 Pater

473 3423 632 3461 unum
658 3423 835 3476 sumus
864 3406 1042 3477 (Joan.
1070 3424 1126 3474 x,
1151 3407 1262 3477 50).
1297 3407 1474 3464 Unum
1516 3409 1723 3479 legunt,
1757 3410 1920 3464 multa
1970 3425 2074 3466 non

474 3502 684 3571 legunt.
718 3498 989 3570 Numquid
1021 3515 1152 3570 ergo
1183 3509 1237 3555 et
1260 3502 1438 3556 minor
1462 3510 1516 3556 et
1543 3503 1768 3572 :equalis
1797 3518 1892 3574 per
1918 3513 2077 3558 natu-

474 3608 593 3649 ram
617 3594 868 3650 eamdem
902 3601 1081 3662 potest
1127 3595 1288 3649 esse?
1330 3593 1438 3650 Sed
1465 3594 1610 3649 aliud
1641 3595 1706 3649 ad
1735 3595 2074 3653 divinitatem

473 3685 730 3753 refertur,
766 3685 911 3740 aliud
942 3685 1009 3739 ad
1040 3699 1284 3741 carnem.

541 3785 669 3841 226.
713 3783 978 3839 Minorem
1011 3783 1242 3838 dicunt:
1285 3798 1472 3854 quaero
1522 3786 1644 3854 quis
1703 3799 1926 3840 mensus
1977 3785 2070 3850 sit,

472 3878 596 3948 quis
621 3886 731 3931 tam
763 3876 984 3930 exaltati
1007 3875 1210 3942 cordis,
1229 3875 1317 3946 qui
1339 3876 1487 3931 velut
1514 3885 1640 3932 ante
1661 3877 1896 3931 tribunal
1919 3892 2075 3932 suum

471 3969 691 4024 Patrem
725 3969 890 4022 Deum
933 3976 987 4022 et
1006 3967 1203 4022 Filium
1231 3969 1557 4034 constituat;
1593 3977 1651 4023 ut
1671 3969 1737 4024 de
1761 3969 2076 4039 prmlatione

471 4059 779 4130 dijudicet?
809 4061 930 4114 Non
954 4069 1028 4114 est
1045 4053 1330 4115 exaltatum
1368 4078 1459 4115 cor
1476 4077 1666 4125 meum,
1698 4078 1859 4131 neque
1904 4062 1959 4115 in
1987 4076 2078 4115 va-

471 4171 595 4210 num
624 4155 746 4209 elati
769 4165 888 4209 sunt
914 4156 1055 4210 oculi
1081 4157 1200 4219 mei,
1224 4155 1390 4210 David
1422 4155 1557 4210 dicit
1599 4153 1774 4225 (Psal.
1805 4171 1968 4220 cxxx,
1996 4153 2070 4224 1).

469 4248 586 4304 Rex
617 4248 782 4304 David
811 4249 1056 4304 exaltare
1101 4263 1196 4303 cor
1252 4249 1451 4304 metuit
1491 4249 1544 4303 in
1586 4248 1754 4303 rebus
1795 4248 2070 4314 humanis,

467 4355 571 4396 nos
615 4339 917 4395 exaltamus
945 4337 1209 4392 adversus
1251 4339 1432 4394 divina
1459 4347 1690 4393 secreta.
1743 4339 1876 4406 Quis
1908 4341 2074 4410 igitur

460 4431 672 4502 judicat
691 4432 759 4487 de
789 4431 881 4486 Dei
910 4430 1085 4484 Filio?
1112 4429 1342 4494 Throni,
1394 4430 1823 4492 Dominationes,
1856 4431 2068 4500 Angeli,

2182 3227 2635 3297 agrimensorium
2683 3230 2818 3285 vidit
2863 3231 3123 3302 propheta
3163 3230 3384 3305 (Ezeclt.
3433 3251 3527 3300 xL,
3574 3235 3655 3307 ὅ),
3681 3252 3796 3307 quo

2185 3321 2508 3376 metiebatur
2553 3324 2780 3394 angelus
2846 3325 3169 3382 Jerusalem.
3220 3327 3544 3383 Metiebatur
3609 3340 3794 3387 tamen

2181 3413 2428 3484 angelus,
2484 3431 2594 3469 non
2651 3417 2871 3471 Arius:
2921 3419 3245 3474 metiebatur
3292 3420 3621 3490 Jerusalem,
3681 3438 3790 3479 non

2185 3505 2371 3560 Deum.
2426 3505 2495 3561 Et
2539 3505 2775 3564 fortasse
2827 3524 2927 3565 nec
2976 3496 3277 3566 Jerusalem
3339 3513 3517 3568 metiri
3576 3524 3790 3584 poterat

2183 3597 2440 3667 angelus;
2468 3599 2554 3653 vir
2576 3598 2717 3655 enim
2744 3612 2879 3657 erat.
2917 3601 3160 3674 Denique
3203 3604 3281 3659 sic
3306 3603 3476 3660 habes
3503 3625 3516 3659 :
3546 3605 3611 3660 Et
3659 3608 3790 3665 alle-

2180 3693 2290 3746 vavi
2318 3694 2518 3762 oculos,
2551 3703 2601 3749 et
2625 3695 2728 3750 vidi
2752 3713 2769 3750 :
2798 3706 2846 3750 et
2884 3713 2998 3752 ecce
3039 3698 3138 3763 vir,
3160 3706 3210 3752 et
3232 3699 3286 3752 in
3313 3715 3470 3754 manu
3500 3704 3613 3774 ejus
3641 3705 3783 3774 [uiii-

2179 3789 2328 3842 culus
2367 3789 2773 3860 agrimensorius
2801 3789 3019 3861 (Ibid.).
3055 3791 3150 3846 Vir
3180 3801 3297 3847 erat
3322 3795 3448 3864 quia
3477 3805 3638 3866 typus
3661 3811 3772 3853 sus-

2180 3881 2414 3951 cipiendi
2434 3886 2682 3954 corporis
2709 3884 3107 3940 dcclarabatur.
3154 3884 3251 3941 Vir
3279 3897 3397 3942 erat
3427 3887 3545 3951 ille,
3577 3889 3648 3946 de
3677 3906 3782 3962 quo

2181 3985 2261 4031 est
2283 3976 2486 4032 dictum
2515 3996 2527 4030 :
2559 3977 2686 4032 Post
2715 3995 2795 4032 me
2816 3981 2950 4033 venit
2980 3981 3077 4044 vir,
3107 3981 3258 4045 cujus
3298 3997 3404 4035 non
3450 3999 3567 4037 sum
3597 3985 3779 4056 dignus

2178 4068 2374 4124 solvere
2431 4072 2708 4143 corrigiam
2758 4071 3092 4127 calceamenti
3157 4075 3270 4145 ejus
3326 4072 3506 4145 (Joan.
3561 4091 3616 4143 ι,
3651 4077 3774 4144 27).

2180 4161 2325 4234 Ergo
2356 4161 2604 4218 Christus
2651 4163 2702 4218 in
2750 4171 2877 4236 typo
2911 4163 3210 4220 Jerusalem
3263 4164 3512 4231 metitur,
3567 4167 3776 4222 “Arius

2179 4255 2369 4310 Deum.

2247 4346 2372 4403 230.
2417 4348 2483 4402 Et
2499 4347 2728 4403 Satanas
2753 4347 3099 4418 transfigurat
3145 4363 3207 4404 se
3235 4350 3287 4404 in
3315 4350 3568 4422 angelum
3606 4351 3768 4415 lueis;

2177 4439 2308 4508 quid
2370 4441 2564 4495 mirum
2614 4441 2659 4495 si
2709 4440 2872 4496 Arius
2919 4456 3075 4496 suum
3124 4441 3368 4499 imitatur
3391 4454 3769 4508 auctorem,ut

465 4522 930 4580 Potestates?Sed
949 4523 1278 4578 famulantur
1299 4523 1460 4596 593
1487 4533 1538 4578 et
1558 4522 2067 4580 serviuntArclian-
2092 4523 2146 4583 1)
2173 4542 2396 4602 usurpet
2442 4532 2629 4588 illicita
2660 4533 2727 4603 (ll
2778 4534 2892 4590 Cor.
2951 4551 3027 4601 χι,
3057 4535 3201 4606 M)?
3257 4537 3407 4594 Licet
3433 4539 3577 4610 quod
3618 4540 3769 4595 Pater

465 4618 595 4688 geli,
623 4617 717 4672 sed
746 4615 1055 4671 ministrant
1081 4613 1374 4671 Cherubim
1400 4625 1455 4670 et
1485 4615 1796 4683 Seraphim,
1829 4616 1923 4671 sed
1957 4617 2072 4672 lau-

470 4709 624 4764 dant.
669 4698 801 4777 Quis
842 4707 1004 4778 igitur
1049 4705 1254 4776 judicat
1283 4705 1351 4760 de
1387 4707 1480 4761 Dei
1532 4707 1693 4771 Filio,
1721 4723 1844 4762 cum
1879 4709 2070 4777 legerit

466 4801 596 4870 quia
628 4803 743 4871 ipse
780 4800 944 4855 Pater
969 4794 1199 4854 noverit
1236 4798 1456 4866 Filium,
1509 4800 1873 4869 uonjudicet;
1901 4800 2068 4856 Nemo

461 4895 599 4949 enim
639 4895 779 4948 novit
809 4893 1032 4959 Filium,
1063 4894 1162 4948 nisi
1192 4892 1350 4948 Pater
1378 4893 1598 4966 (Matth.
1622 4909 1699 4958 ιι,
1727 4892 1845 4965 27).
1885 4893 2064 4960 Novit,

460 4986 658 5056 inquit,
691 5001 798 5041 non
822 4987 1046 5056 jndieat.
1082 4986 1243 5042 Aliud
1267 4997 1350 5042 est
1400 5002 1581 5051 nosse,
1612 4988 1756 5042 aliud
1784 4988 2053 5057 judicare.

461 5077 640 5136 liabet
687 5078 852 5133 Pater
877 5080 928 5132 in
962 5094 1022 5134 se
1072 5078 1388 5145 scientiam,
1443 5078 1616 5133 Filius
1655 5093 1815 5148 supra
1849 5095 1908 5134 se
1948 5095 2055 5135 non

461 5168 630 5224 habet
678 5177 1026 5238 potestatem.
1070 5168 1138 5223 Et
1179 5184 1371 5223 rursus
1400 5187 1412 5221 :
1441 5167 1608 5223 Nemo
1654 5170 1792 5222 novit
1820 5168 2054 5237 Patrem,

459 5260 559 5314 nisi
588 5259 796 5326 Filius;
827 5270 882 5315 ct
921 5262 1038 5332 ipse
1077 5260 1228 5315 novit
1272 5259 1512 5325 Patrem,
1563 5262 1704 5316 sicut
1729 5275 1852 5316 eum
1900 5261 2061 5318 Pater

461 5356 633 5411 novit.

529 5447 658 5503 227.
699 5447 805 5502 Sed
845 5446 981 5503 dicis
1010 5449 1135 5518 quia
1165 5449 1432 5505 minorem
1470 5465 1530 5506 se
1578 5449 1913 5522 dixit(Joan.
1944 5469 2058 5519 xiv,

456 5540 552 5610 28)
587 5558 598 5594 :
623 5539 760 5596 dixit
781 5548 837 5595 et
862 5539 1114 5610 lapidem.
1141 5542 1268 5598 Plus
1296 5543 1455 5608 dicis,
1481 5552 1537 5598 et
1565 5543 1728 5612 impie
1756 5544 2059 5600 calumnia-

527 5689 552 5716 ⁸
596 5670 896 5740 Vet.edit.,
938 5679 1059 5734 Non
1110 5681 1263 5734 Arius
1313 5681 1512 5746 Deum;
1547 5681 1706 5734 Rom.
1754 5689 1877 5743 cum
1909 5698 2043 5744 mss.

446 5747 656 5819 aliquot
693 5750 912 5803 sustulit
939 5752 1300 5819 negationem,
1334 5751 1478 5820 quod
1506 5748 1559 5806 et
1578 5750 1874 5820 sequimur.
1905 5751 2052 5812 Non-

2172 4641 2303 4681 suus
2328 4626 2580 4684 diabolus
2600 4645 2696 4700 per
2722 4630 3076 4699 semetipsum
3110 4645 3216 4686 non
3255 4631 3404 4698 fecit,
3455 4633 3764 4688 intolerabi-

2173 4719 2314 4776 liore
2336 4721 2500 4794 594
2539 4725 2638 4778 iste
2667 4723 2952 4793 sacrilegio
2999 4724 3307 4780 divinorum
3350 4726 3457 4782 sibi
3488 4728 3764 4783 scientiam

2172 4822 2530 4879 secretorum,
2555 4824 2612 4869 et
2633 4830 2886 4885 superum
2913 4817 3280 4885 generationis
3325 4833 3524 4874 arcana
3567 4836 3766 4891 prmsu-

2173 4915 2322 4971 mat;
2371 4905 2621 4962 diabolus
2660 4908 2808 4963 enim
2857 4923 3046 4964 verum
3097 4907 3193 4964 Dei
3230 4909 3427 4966 Filium
3477 4913 3757 4977 fatebatur,

2172 4998 2336 5054 Arius
2363 5008 2546 5070 negat.

2231 5090 2356 5147 251.
2382 5091 2438 5148 Si
2458 5108 2587 5164 ergo
2617 5092 2794 5150 metiri
2814 5104 2889 5160 te,
2909 5095 3254 5166 omnipotens
3283 5097 3462 5164 Pater,
3484 5113 3588 5154 non
3603 5114 3756 5171 quea,

2164 5197 2465 5254 possumne
2487 5185 2604 5240 sine
2632 5185 2917 5256 sacrilegio
2947 5186 3015 5241 de
3044 5197 3147 5241 tum
3191 5191 3560 5258 generationis
3587 5190 3754 5261 dispu-

2167 5283 2282 5329 tare
2311 5277 2559 5331 secreto?
2592 5277 2895 5332 Possumne
2918 5277 3099 5334 dicere
3125 5279 3268 5348 quod
3309 5280 3515 5352 aliquid
3545 5283 3683 5338 inter
3708 5290 3754 5335 te

2169 5377 2223 5424 et
2248 5367 2440 5423 Filium
2481 5379 2627 5424 tuum
2662 5372 2780 5441 plus
2831 5372 3076 5428 minustte
3119 5372 3218 5439 sit;
3267 5389 3392 5429 cum
3425 5377 3549 5446 ipse
3576 5380 3662 5449 qui
3692 5392 3750 5432 ex

2170 5472 2221 5518 te
2265 5473 2418 5519 natus
2457 5477 2560 5531 est,
2589 5465 2797 5522 dixerit
2833 5485 2844 5522 :
2873 5467 3065 5522 Omnia
3095 5484 3208 5536 qua:
3243 5469 3404 5524 Pater
3433 5472 3585 5528 liabet
3639 5485 3742 5526 mea

2166 5567 2283 5610 sunt
2307 5556 2488 5625 (Joan.
2523 5575 2633 5625 xw,
2661 5560 2788 5632 15)?
2813 5562 2946 5631 Quis
2968 5577 3055 5618 me
3083 5564 3622 5636 constituitjudiccm
3667 5575 3749 5621 aut

2155 5678 2292 5768 nulli
2321 5702 2499 5750 tamen
2524 5688 2612 5751 alii
2641 5709 2773 5752 mss.
2806 5698 3154 5768 nega-tionem
3187 5697 3410 5766 habent,
3443 5700 3540 5759 sed
3571 5689 3742 5762 vacent

2162 5764 2331 5820 Deum
2359 5780 2465 5822 non
2495 5778 2817 5838 agnoscunt,
2849 5764 2987 5824 haud
3013 5766 3155 5824 malo
3185 5781 3368 5825 sensu.
