3932 6176
97 256 196 310 697
910 247 1001 304 DE
1041 247 1308 304 SPIRITU
1353 247 1622 304 SANCTO
1662 248 1842 304 LIBRI
1887 249 2088 305 TllES.
2132 247 2528 306 ADMONITIO.
3287 247 3395 304 698

87 369 366 422 divisorem
397 364 471 421 de
528 365 688 420 rebus
743 361 1038 419 humanis?
1080 362 1195 418 Hoc
1249 362 1420 418 Filius
1445 363 1597 430 dicit,
1629 371 1684 420 et
1710 376 1762 435 Α
1792 374 2042 434 peratum
2089 365 2141 420 in
2175 366 2484 422 ministerio
2522 364 2763 421 declinat
2821 365 3142 436 obsequium
3179 383 3191 418 :
3225 367 3394 423 Arius

88 462 343 517 nosinter
364 459 584 514 Patrem
611 466 664 513 et
692 456 887 511 Filium
914 455 1241 512 divisionem
1284 455 1442 510 nobis
1464 455 1684 525 etjutli—
1788 468 2066 514 scrutatur
2122 458 2284 514 etiam
2342 459 2449 514 alta
2503 459 2634 516 Dei?
2676 457 2786 514 Sed
2830 473 2938 512 non
2967 457 3126 513 Arius
3151 458 3390 531 Spiritus

83 557 214 611 cium
241 552 628 610 vindicamus?
652 552 799 606 Bona
829 551 1000 622 pietas
1037 551 1273 606 arbitros
1293 549 1490 620 refugit
1515 551 1679 604 etiam
1785 559 2048 607 sanctus:
2080 551 2176 606 sed
2205 552 2337 607 Ario
2362 560 2418 606 et
2446 551 2757 607 hominibus
2786 549 2990 606 dictum
3026 560 3112 606 est
3141 569 3156 608 :
3184 550 3389 607 Altiora
3428 607 3438 617 ,

83 648 130 702 in
157 647 422 701 divisione
450 643 788 716 patrimonii.
815 641 928 698 Nos
949 657 1080 713 ergo
1127 643 1331 697 erimus
1356 642 1570 706 arbitri,
1619 652 1681 695 ut
1787 661 1836 700 re
1858 662 1920 699 ne
1935 645 2205 716 quazsieris
2231 643 2404 715 (Eccl.
2434 661 2519 713 ιιι,
2547 644 2667 717 22).

81 741 211 796 inter
235 748 288 795 te
309 747 364 794 et
395 737 776 794 Filiumtuum
811 745 837 771 ει
873 735 1129 790 increata:
1176 733 1516 804 majestatem
1549 731 1680 788 sub-
1873 735 2004 790 256.
2046 735 2263 805 Moyses
2311 734 2518 790 vultum
2574 735 2789 790 Domini
2839 734 3158 806 prohibetur
3204 734 3393 792 videre

81 833 281 886 stantia:
307 828 668 886 dividamus?
1334 868 1340 875 .
1783 829 1983 903 (Exod.
2011 844 2204 894 χχχιιι,
2257 828 2350 899 25)
2385 845 2398 883 :
2429 829 2596 886 Arius
2625 829 2825 885 meruit
2853 828 3040 885 videre
3095 837 3391 885 secretum.

140 925 260 982 232.
300 924 628 989 Generatio,
683 921 895 992 inquit,
949 925 1092 990 hac,
1147 921 1410 994 generatio
1459 939 1675 992 nequam
1781 921 1994 995 Moyses
2021 931 2076 977 et
2105 923 2288 978 Aaron
2339 923 2393 978 in
2443 922 2823 978 sacerdotibus
2875 922 3020 993 ejus,
3048 921 3265 994 Moyses
3295 925 3388 993 qui

79 1033 187 1076 est:
215 1023 423 1091 signum
471 1021 679 1090 quaerit,
727 1029 775 1074 et
817 1021 1025 1091 signum
1077 1034 1181 1072 non
1221 1019 1430 1073 dabitur
1460 1019 1528 1084 ei,
1575 1019 1677 1073 nisi
1779 1031 1902 1073 cum
1933 1017 2166 1072 Domino
2190 1026 2418 1088 apparet
2445 1018 2498 1072 in
2521 1018 2724 1089 gloria;
2755 1017 2969 1088 Moyses
2997 1017 3237 1088 ergoille
3264 1031 3393 1087 pos-

78 1115 264 1186 siguum
288 1110 444 1167 Iona:
501 1113 769 1182 praplteta:
794 1109 946 1183 (Luc.
976 1126 1054 1177 xt,
1079 1109 1197 1183 29).
1231 1112 1454 1181 Signum
1485 1111 1675 1181 utique
1781 1113 1978 1168 teriora
2002 1113 2374 1169 tantummodo
2404 1113 2500 1168 Dei
2527 1114 2580 1168 in
2604 1122 2736 1188 typo
2777 1113 2914 1168 vidit
2947 1133 2962 1170 :
2995 1113 3158 1168 Arius
3209 1122 3385 1169 totum

79 1207 224 1260 datur
252 1220 360 1261 non
393 1205 721 1268 divinitatis,
754 1204 848 1260 sed
890 1205 1305 1260 incarnationis.
1338 1205 1580 1274 Denique
1604 1205 1675 1260 de
1781 1202 1952 1257 Deum
1977 1201 2139 1258 -lacie
2192 1203 2259 1258 ad
2309 1205 2500 1260 faciem
2547 1203 2980 1276 comprehendit.
3033 1204 3140 1260 Sed
3193 1221 3342 1260 nemo
3365 1247 3383 1270 ,

87 1299 450 1354 incarnatione
482 1298 730 1354 dicturus
758 1298 875 1353 ait:
912 1296 1040 1353 Pete
1060 1297 1152 1352 tibi
1176 1300 1402 1370 signum.
1437 1298 1506 1352 Et
1548 1312 1672 1353 cum
1779 1296 1984 1366 inquit,
2027 1298 2201 1354 videre
2250 1308 2413 1366 potest
2461 1301 2647 1370 faciem
2675 1313 2864 1368 meam,
2916 1311 2964 1356 et
3008 1301 3129 1355 vivit
3178 1300 3380 1370 (Exod.

81 1393 159 1448 ille
186 1393 461 1448 dixisset:
499 1390 625 1446 Non
665 1401 857 1458 petam,
905 1407 1066 1462 neque
1111 1390 1313 1444 tentabo
1363 1389 1668 1455 Dominum,
1776 1407 1973 1458 χχχιιι,
2001 1392 2128 1463 20).

81 1501 385 1557 responsum
411 1494 501 1541 est
534 1501 548 1538 :
577 1483 710 1538 Ecce
736 1484 882 1555 virgo
903 1484 957 1537 in
986 1493 1131 1536 utero
1153 1482 1668 1554 accipiet(l£sai.vu,
1844 1483 1972 1540 257.
2016 1486 2216 1542 Paulus
2243 1489 2406 1544 etiam
2438 1489 2507 1544 de
2536 1488 2890 1546 inferioribus
2917 1490 3061 1546 dicit
3086 1507 3099 1544 :
3127 1489 3212 1545 Ex
3239 1500 3390 1562 parte

81 1579 131 1634 ll
157 1588 200 1632 et
226 1595 328 1647 seq.
363 1578 405 1647 ).
433 1577 584 1648 Ergo
611 1581 828 1647 signqu
856 1574 1157 1630 divinitatis
1189 1576 1375 1630 videre
1401 1591 1507 1630 non
1542 1589 1667 1645 pos-
1773 1579 2128 1648 cognoscimus
2154 1588 2200 1633 et
2223 1595 2286 1634 ex
2306 1589 2453 1650 parte
2473 1581 2629 1636 etiam
2654 1581 3024 1653 praphetamus
3042 1581 3086 1654 (l
3107 1579 3228 1636 Cor.
3258 1577 3383 1646 χιιι,

83 1688 268 1736 sumus,
284 1687 608 1729 mensuram
627 1669 1062 1742 quaerimusz
1091 1670 1295 1725 misero
1321 1670 1480 1734 mihi,
1499 1669 1667 1739 impie
1773 1668 1850 1740 9).
1870 1668 2034 1724 Arius
2060 1669 2194 1725 dicit
2219 1688 2232 1725 :
2260 1669 2346 1725 Ex
2370 1679 2482 1726 toto
2505 1671 2696 1738 Deum,
2719 1687 2825 1727 non
2855 1686 2922 1727 ex
2950 1682 3104 1742 parte
3126 1671 3378 1742 cognovi.

81 1766 326 1822 discutere
348 1765 811 1835 audemus,quem
832 1764 996 1835 digne
1026 1779 1220 1834 rogare
1242 1779 1349 1818 non
1368 1763 1666 1833 possimus?
1695 1763 1745 1823 B
1774 1760 2005 1817 interior
2032 1778 2164 1834 ergo
2190 1763 2412 1830 Paulus,
2437 1779 2596 1834 quam
2625 1765 2826 1830 Arius;
2867 1772 2924 1820 et
2970 1778 3070 1820 vas
3095 1763 3380 1820 electionis

136 1857 251 1914 255.
291 1856 317 1896 δ
349 1857 612 1913 Viderint
668 1868 848 1912 tamen
901 1855 1029 1927 quid
1054 1856 1252 1911 I‘aciant
1297 1857 1482 1911 Ariani
1514 1874 1526 1909 :
1559 1872 1662 1927 ego
1770 1869 1837 1910 ex
1862 1865 2012 1925 parte
2031 1856 2156 1921 scit,
2185 1870 2281 1910 vas
2303 1854 2626 1925 perditionis
2650 1865 2821 1912 totum
2836 1856 2978 1912 scit:
3010 1855 3156 1923 Scio,
3181 1856 3380 1927 inquit,

85 1960 146 2017 te,
183 1951 354 2017 Pater,
397 1951 443 2005 si
477 1949 744 2020 majorem
776 1949 1033 2004 omnibus
1061 1948 1274 2013 dixero,
1318 1949 1578 2020 injuriose
1610 1955 1663 2004 te
1770 1952 2236 2017 Itominem,sivein
2255 1967 2492 2022 corpore,
2517 1951 2678 2024 595
2691 1953 2795 2008 sive
2815 1962 2963 2007 extra
2983 1967 3171 2022 corpus
3184 1952 3378 2019 nescio,

82 2046 170 2101 tuis
189 2046 438 2116 operibus
466 2045 782 2115 comparavi
809 2063 823 2098 :
852 2045 897 2100 si
926 2043 1185 2113 majorem
1210 2044 1374 2110 Filio,
1423 2053 1477 2098 ut
1499 2043 1661 2098 Arius
1769 2044 1910 2100 Deus
1936 2047 2054 2111 scit,
2086 2045 2334 2115 quoniam
2362 2055 2544 2115 raptus
2565 2056 2636 2100 est
2657 2047 2710 2100 in
2739 2045 3065 2114 paradisum,
3101 2054 3148 2100 et
3186 2045 3383 2100 audivit

81 2136 268 2204 asserit,
297 2137 463 2206 impie
485 2135 754 2205 judicavi.
784 2135 861 2190 De
884 2144 936 2190 te
965 2134 1118 2204 prior
1146 2138 1252 2190 erit
1294 2135 1382 2189 illa
1437 2143 1659 2191 senten-
1769 2143 1920 2197 verba
1970 2140 2256 2208 ineffabilia
2285 2140 2350 2212 (ll
2378 2140 2501 2196 Cor.
2554 2157 2651 2209 χιι,
2703 2141 2758 2206 4,
2792 2142 2874 2211 5).
2929 2140 3132 2196 Paulus
3192 2150 3383 2210 raptus

81 2229 160 2294 tia,
185 2245 299 2286 nam
327 2246 508 2303 neque
561 2231 672 2287 ulla
726 2231 840 2286 ﬁeri
887 2241 1064 2301 potest
1104 2230 1205 2284 nisi
1257 2246 1324 2284 ex
1375 2245 1664 2300 compara-
1768 2250 1942 2306 usque
1969 2233 2034 2290 ad
2067 2235 2290 2289 tertium
2350 2235 2573 2300 coelum,
2607 2249 2667 2288 se
2699 2236 2876 2305 ipsum
2921 2219 3188 2288 nescivit:
3219 2233 3384 2288 Arius

81 2320 204 2377 tione
243 2324 490 2392 praelatio
514 2366 530 2392 ,
586 2339 762 2394 neque
813 2323 1062 2393 prwferri
1112 2322 1426 2392 quisquam,
1464 2323 1566 2378 nisi
1591 2323 1660 2377 dc
1766 2329 1822 2384 in
1846 2337 2091 2383 stercore
2118 2326 2395 2380 volutatus
2426 2326 2592 2380 Deum
2627 2325 2806 2380 scivit.
2841 2322 3294 2380 Paulus'dicitde
3320 2339 3382 2380 se

79 2427 168 2481 quo
195 2414 334 2483 prius
362 2414 526 2472 fuerit
548 2416 874 2486 judicatum.
1768 2422 1886 2490 ipso
1913 2437 1932 2472 ς
1968 2418 2108 2473 Deus
2137 2420 2273 2484 scit;
2307 2419 2469 2473 Arius
2497 2419 2565 2473 de
2593 2419 2706 2474 Deo
2732 2417 2864 2473 dicit
2890 2435 2902 2470 :
2939 2416 3052 2487 Ego
3081 2416 3229 2472 novi.

135 2504 246 2558 254.
285 2505 478 2562 Jurare
512 2507 677 2562 nobis
704 2523 802 2579 per
832 2509 1030 2564 caelum
1062 2521 1168 2561 non
1201 2507 1327 2562 licet
1355 2505 1572 2578 (Matth.
1599 2524 1651 2574 v,
1835 2513 1965 2570 258.
2007 2511 2112 2568 Sed
2142 2528 2249 2566 non
2285 2512 2448 2567 Arius
2498 2521 2686 2582 raptus
2738 2512 2790 2565 in
2845 2509 3070 2575 caelum,
3127 2511 3378 2581 quamvis

73 2597 139 2665 '5),
165 2608 184 2634 ο
209 2599 444 2668 judicare
475 2601 557 2656 de
587 2600 701 2655 Deo
726 2601 890 2656 licet:
922 2600 1018 2656 sed
1051 2600 1190 2656 Filio
1241 2609 1334 2656 tuo
1363 2600 1466 2656 soli
1509 2601 1655 2671 judi-
1765 2605 1929 2678 596
1964 2619 2088 2659 eum
2117 2613 2337 2658 secutus
2363 2604 2456 2671 sit,
2486 2604 2577 2672 qui
2623 2603 2924 2674 jactatione
2953 2601 3252 2658 damnabili
3295 2602 3378 2659 di-

73 2691 193 2745 cium
217 2693 278 2749 de
299 2695 572 2751 omnibus
592 2694 864 2750 detulisti.
1031 2683 1033 2685 ’
1765 2700 1888 2752 vina
1913 2704 2302 2768 gprzesumcret
2323 2737 2337 2761 ,
2386 2695 2579 2750 dicens
2614 2712 2626 2750 :
2659 2693 2866 2749 Ponam
2918 2694 3161 2749 thronum
3203 2712 3375 2749 meum

130 2785 242 2841 235.
279 2786 530 2845 Joannes
557 2803 778 2844 carnem
805 2789 1018 2845 Domini
1049 2788 1326 2858 baptizare
1354 2789 1653 2858 metuebat,
1764 2806 1920 2859 super
1950 2789 2130 2853 nubes,
2164 2796 2212 2842 et
2241 2804 2329 2842 ero
2374 2787 2564 2841 similis
2589 2785 2858 2840 Altissimo
2881 2784 3057 2858 (Esai.
3085 2801 3198 2851 xw,
3235 2785 3326 2858 H)
3359 2803 3373 2850 ;

73 2874 278 2934 Joannes
301 2880 639 2951 prohibebat
677 2879 866 2935 dicens
901 2879 1106 2953 :Egoa
1131 2891 1176 2934 te
1197 2881 1354 2936 debeo
1381 2880 1656 2952 baptizari,
1763 2883 1902 2938 sicut
1951 2881 2097 2937 enim
2143 2879 2232 2935 ille
2270 2877 2448 2934 dixit:
2486 2878 2593 2934 Ero
2634 2879 2819 2933 similis
2870 2879 3177 2934 Altissimo:
3209 2879 3288 2935 sic
3318 2888 3376 2934 ct

75 2979 111 3021 et
129 2981 174 3024 tu
197 2975 327 3028 venis
350 2975 418 3028 ad
446 2971 778 3045 me(il!attlt.
828 2989 908 3039 ιιι,
945 2973 1073 3043 ll);
1129 2985 1184 3028 et
1224 2988 1325 3044 ego
1363 2972 1640 3030 ChriSIum
1720 3013 1730 3020 .
1764 2973 1929 3030 Arius
1978 2973 2302 3028 altissimum
2328 2971 2424 3026 Dei
2446 2971 2644 3026 Filium
2669 2970 2750 3024 sui
2773 2969 3003 3024 similem
3038 2970 3150 3024 vult
3183 2969 3376 3024 videri:

74 3061 245 3131 judicio
270 3082 385 3122 meo
413 3066 694 3124 subdam?
1763 3083 1926 3139 quem
1955 3083 2064 3122 non
2097 3067 2150 3122 in
2179 3065 2482 3124 divinitatis
2503 3075 2725 3121 mtcrnte
2745 3063 3030 3134 majestate
3051 3072 3370 3133 veneratur,

133 3154 241 3212 235.
277 3155 303 3195 ιι
343 3157 571 3230 Moyses
602 3166 831 3214 excusat
885 3159 1278 3229 sacerdotium,
1332 3159 1524 3215 Petrus
1551 3159 1653 3215 im-
1684 3159 1731 3222 (ἶ
1764 3160 1861 3217 sed
1892 3177 1959 3217 ex
1991 3161 2175 3217 carnis
2197 3161 2510 3218 inﬁrmitate
2538 3159 2783 3216 metitur.

139 3350 158 3419 ξ
193 3343 307 3419 μῦς.
331 3347 570 3416 aliquot,
605 3346 845 3400 inereata:
867 3347 1148 3416 majestatis
1170 3347 1529 3402 substantiam.
1824 3344 1851 3384 ἀ
1893 3346 2020 3402 Vet.
2049 3348 2211 3415 edit.,
2245 3347 2453 3419 Moyses
2491 3356 2739 3412 excusat;
2765 3346 2926 3402 Rom.
2959 3345 3122 3419 edit.,
3181 3361 3236 3400 se.
3280 3362 3369 3400 ex-

140 3411 162 3488 ξ)
195 3415 260 3470 lta
286 3411 436 3474 llom.
461 3434 596 3473 cum
622 3428 780 3488 parte
826 3411 956 3474 mss:
999 3430 1108 3472 vel.
1134 3429 1315 3473 autem
1348 3421 1480 3473 edit.
1523 3434 1646 3473 cum
1753 3430 1920 3484 eusat,
1956 3419 2168 3482 Petrus,
2196 3411 2495 3483 etc.;'mss.
2524 3427 2708 3474 autem
2729 3411 3015 3482 nonnulli,
3069 3417 3276 3487 Moyses
3318 3433 3372 3470 se

81 3483 179 3561 aliis
205 3488 317 3542 eod.
358 3483 640 3561 scriptis,
670 3487 854 3542 l’idero
905 3498 1194 3549 tamen.....
1217 3533 1231 3556 ,
1283 3491 1348 3544 de
1398 3501 1447 3544 te
1501 3495 1645 3560 prius
1753 3501 1963 3546 excusat
1981 3492 2291 3555 sacerdotio,
2316 3488 2529 3553 Petrus,
2554 3501 2702 3554 etc.;
2731 3490 3004 3561 pluresac
3033 3483 3281 3561 potiores
3311 3498 3372 3542 nt

82 3555 178 3620 "ll.
201 3569 298 3613 ειοι
471 3555 484 3561 ’
1220 3555 1224 3556 ν
1502 3555 1511 3560 ⁷
1753 3577 1857 3617 nos
1885 3562 1939 3616 in
1984 3572 2158 3617 textu.
2209 3561 2347 3616 lulra
2395 3575 2528 3614 vero
2559 3561 2649 3614 ubi
2678 3555 2874 3614 oiitnes
2901 3555 3047 3614 edit.
3071 3575 3135 3613 ac
3184 3559 3370 3628 plures

141 3638 159 3664 ε
193 3629 380 3686 Omnes
436 3631 604 3695 edit.,
629 3633 874 3704 judicare
911 3634 976 3686 de
1005 3632 1103 3686 Dei
1138 3631 1318 3688 Filio:
1350 3649 1483 3690 mss.
1517 3648 1649 3689 con-
1755 3647 1890 3688 mss.
1914 3633 2174 3688 exhibent
2200 3633 2255 3704 in
2301 3632 2610 3696 ministerio,
2640 3630 2864 3701 quidam
2891 3630 2984 3684 alii
3010 3631 3134 3685 cod.
3170 3629 3367 3698 pra-fe-

83 3704 149 3750 Ira
177 3715 329 3772 prope
359 3705 424 3760 ad
454 3701 652 3768 unum,
667 3705 912 3774 judicare
954 3705 1018 3758 de
1049 3704 1177 3759 Deo.
1759 3715 1910 3771 runt,
1935 3709 1989 3760 in
2018 3701 2282 3775 mysterio.

96 3873 3331 3904 MM

327 4051 446 4133 ΙΝ
529 4046 950 4131 LIBROS
1026 4042 1188 4129 DE
1267 4043 1751 4128 SPIRITU
1830 4039 2296 4125 SANCTO
2378 4037 3101 4122 ADMONITIO.

1473 4226 1657 4238 —I.

1662 4225 1944 4239 ﬂ

143 4367 408 4428 Gratianus
438 4373 740 4444 Augustus,
772 4385 892 4425 cum
924 4359 1126 4441 primos
1159 4366 1297 4422 duos
1326 4365 1498 4421 libros
1527 4368 1590 4421 de
1618 4364 1754 4420 Fide
1780 4365 1850 4420 ab
1883 4364 2172 4421 Ambrosio
2197 4379 2296 4437 per
2329 4364 2539 4422 litteras
2569 4373 2776 4436 peteret
2795 4405 2808 4431 ,
2840 4378 2965 4420 eum
2998 4360 3162 4418 etiam
3183 4401 3198 4426 ,
3228 4370 3288 4415 ut
3315 4361 3367 4415 in

88 4457 432 4521 Admonitioue
480 4465 549 4520 ad
592 4463 723 4520 illud
766 4463 915 4534 Opus
949 4460 1363 4517 observavimus
1405 4461 1423 4529 (
1457 4459 1597 4529 Sup.
1638 4477 1764 4530 pag.
1798 4459 1905 4516 439
1932 4458 1989 4530 ),
2029 4469 2353 4531 rogaverat,
2401 4477 2470 4515 ne
2507 4459 2578 4514 de
2616 4458 2850 4528 Spiritus
2891 4457 3060 4513 sancti
3092 4455 3380 4511 divinitate

90 4561 568 4615 commentationem
597 4573 815 4630 quoque
843 4556 1089 4612 scribere
1115 4565 1456 4626 gravaretur.
1491 4555 1622 4610 Tam
1655 4555 1756 4626 piae
1780 4552 2016 4610 Ctesaris
2047 4555 2314 4610 voluntati
2343 4570 2548 4609 morem
2577 4570 2684 4608 non
2708 4569 2908 4624 gerere
2934 4559 3122 4606 sancto
3148 4547 3375 4604 Przesuli

92 4658 176 4701 non
195 4649 404 4720 licebat;
444 4669 657 4709 moram
711 4661 918 4707 tantum
960 4650 1329 4720 postulaverat
1373 4648 1588 4721 (Epist.
1635 4649 1703 4702 ad
1747 4646 2039 4717 Gratiam),
2091 4659 2151 4703 ut
2181 4649 2508 4704 destinatam
2551 4647 2978 4716 disputationem
3015 4641 3187 4713 magis
3228 4641 3375 4695 serio

92 4738 419 4801 meditaretur.
471 4747 620 4801 Illam
669 4745 832 4817 igitur
871 4745 925 4800 in
956 4753 1067 4798 tres
1113 4742 1282 4798 libros
1332 4741 1428 4798 abs
1471 4757 1530 4798 se
1578 4741 1806 4798 divisam
1832 4783 1848 4810 ,
1883 4757 2138 4812 suprema
2168 4758 2331 4796 manu
2361 4741 2613 4812 imposita
2637 4782 2652 4808 ,
2686 4738 3085 4810 quamprimum
3119 4735 3265 4790 misit
3306 4734 3374 4789 ad

89 4825 456 4900 imperatorem.

150 4922 307 4982 Primo
349 4932 488 4988 libro
535 4933 818 5004 praemittit
863 4930 1145 4988 exordium
1194 4929 1458 5000 (Prolog.
1501 4947 1555 4984 η.
1603 4930 1628 4984 1
1678 4937 1727 4984 et
1767 4944 1875 4998 seq.
1911 4927 1930 4996 )
1973 4942 2081 4997 quo
2129 4926 2445 4981 Gedeonem
2477 4940 2586 4978 non
2620 4933 2829 4978 tantum
2869 4921 3070 4978 Christi
3105 4923 3328 4992 liguram
3355 4963 3373 4990 ,

91 5014 286 5078 liberato
305 5040 399 5081 suo
430 5029 648 5101 populo,
682 5044 793 5098 prae
821 5042 882 5082 se
906 5027 1126 5092 tulisse,
1160 5040 1349 5079 verum
1381 5024 1546 5079 etiam
1589 5022 1790 5093 ingenti
1825 5021 1918 5074 illo
1955 5019 2204 5090 prodigio
2235 5019 2378 5073 roris
2409 5017 2572 5072 modo
2611 5017 2663 5070 in
2692 5017 2891 5082 vellus,
2917 5015 3080 5070 modo
3107 5015 3160 5070 in
3189 5029 3370 5070 aream

89 5111 373 5187 decidentis,
397 5121 715 5178 eﬂ’nsionem
763 5121 936 5176 sancti
967 5117 1205 5189 Spiritus
1246 5131 1276 5171 a
1315 5115 1517 5172 Judzeis
1561 5115 1626 5169 ad
1673 5113 2016 5169 Christianos
2043 5109 2372 5183 quandoque
2413 5109 2846 5164 transferendam
2875 5150 2890 5173 ,
2933 5117 2985 5163 et
3018 5109 3172 5178 cujus
3201 5123 3368 5178 opera

93 5204 349 5264 novissime
391 5220 472 5265 tot
519 5211 800 5267 hominum
860 5208 1026 5265 millia
1076 5209 1127 5262 in
1183 5207 1444 5263 Ecclesiae
1497 5207 1764 5277 gremium
1805 5205 2043 5260 revocati
2090 5213 2311 5268 essent,
2345 5202 2687 5272 expressisse
2738 5201 2962 5272 pulchre
3019 5203 3363 5258 demonstrat

92 5292 270 5364 (Ibid,
292 5319 429 5360 num.
464 5305 514 5371 5,
549 5305 676 5377 l7).
712 5305 849 5360 Hinc
886 5311 1264 5374 argumentum
1304 5315 1464 5355 suum
1499 5312 1826 5369 aggressus,
1869 5311 2033 5366 supra
2063 5296 2406 5351 conditarum
2438 5307 2620 5351 rerum
2640 5294 2913 5360 ordinem,
2942 5308 3006 5348 ac
3036 5309 3164 5349 vere
3196 5293 3368 5350 Deum

93 5401 196 5445 esse
221 5393 470 5465 Spiritum
496 5410 739 5456 sanctum
770 5400 966 5470 probat
991 5399 1142 5470 (Cap.
1167 5399 1221 5463 1,
1263 5396 1320 5469 5)
1346 5412 1413 5452 ex
1437 5410 1504 5450 eo
1525 5395 1890 5466 potissimum,
1921 5394 2066 5465 quod
2089 5395 2141 5450 in
2169 5395 2464 5466 Evangelio
2485 5403 2744 5467 peccatum
2765 5394 2821 5448 in
2849 5392 3108 5464 Spiritum
3141 5402 3376 5462 negatur

96 5480 141 5534 in
162 5481 252 5540 hoe
278 5488 516 5548 futurove
533 5495 738 5550 saeculo
768 5493 1172 5549 remittendum.
1204 5490 1638 5546 Additeumdem
1669 5490 1721 5544 in
1750 5488 1923 5545 sacris
1950 5487 2235 5544 codicibus
2252 5489 2517 5559 appellari
2545 5489 2640 5544 Dei
2666 5487 2953 5558 Spiritum,
2990 5487 3227 5542 locutum
3255 5499 3378 5541 esse

98 5583 179 5638 Per
199 5579 477 5649 prophetas
503 5596 666 5655 atque
698 5585 976 5655 apostolos
1000 5626 1014 5650 ,
1048 5584 1424 5652 inllnitamque
1455 5582 1625 5652 ipsius
1658 5581 1955 5637 bonitatem
1989 5582 2142 5652 juxta
2178 5583 2229 5636 in
2257 5582 2690 5638 sanctiﬁcatione
2718 5593 3091 5638 creaturarum
3133 5582 3376 5636 iuttotese

97 5675 236 5760 (ξθτθ,
269 5685 327 5726 ac
366 5674 418 5729 in
450 5680 528 5734 sui
569 5677 835 5756 eﬂusione
871 5689 969 5748 per
997 5692 1189 5752 omnes
1230 5677 1378 5731 locos
1419 5685 1582 5745 atque
1614 5676 1863 5731 homines
1896 5677 2059 5732 simul
2097 5676 2302 5756 didita,
2328 5677 2794 5744 immensitatem,
2835 5676 3373 5744 immutabilitatem,

102 5759 425 5822 mlcrnitatem
460 5763 713 5836 (Cum,
741 5765 865 5838 t0).
907 5764 973 5824 Et
1013 5765 1115 5825 hoc
1161 5762 1376 5839 m'ysticl
1413 5763 1706 5836 unguenti.
1745 5765 1815 5822 de
1841 5776 1950 5837 quo
2003 5763 2279 5837 Scrlptu'ra
2321 5761 2592 5838 loquitur,
2635 5764 2974 5839 esposltlone
3014 5765 3378 5830 conﬁrmato»
