3932 6176
508 271 619 329 ’1ῧό

1873 265 2120 324 SANCTI
2161 264 2480 322 AMBROSII
3708 259 3802 314 704

514 410 2742 471 mm
2749 409 2939 418 .—__
2950 404 3784 457 ﬂ

2149 448 3349 463 c—n——————-—-..—————o-

891 601 1922 766 SANCTI
2097 595 3516 779 AMBROSH,

1646 917 2227 1002 MEDIOLANENSIS
2283 915 2660 1013 EPISCOPI,

1145 1125 1418 1274 DE
1511 1125 2293 1277 SPIRITU
2390 1119 3211 1269 SANCTO

1769 1399 2076 1470 LIBRI
2151 1396 2431 1470 TBES
2465 1384 2524 1484 ³,

1295 1591 1452 1672 AD
1528 1585 2253 1672 GRATIANUM
2333 1577 3042 1665 AUGUSTUM.

1619 1766 2660 1799 -Ξξ--Ξ

1715 1889 2063 2012 LIBER
2135 1885 2621 1970 PRIMUS.

1961 2072 2364 2093 ﬂ

1020 2203 1184 2276 599
1221 2196 1606 2258 PROLOGUS.

512 2344 582 2401 In
609 2344 865 2399 Gedeonis
901 2341 1151 2396 electione
1173 2335 1464 2393 Dominica:
1492 2331 1865 2392 incarnationis
1893 2331 2114 2402 ﬁguram

585 2439 786 2508 fuisse:
825 2436 879 2490 in
922 2432 1056 2488 turdi
1108 2431 1366 2502 sacrificio
1409 2438 1743 2502 peccatorum
1793 2440 1882 2495 per
1921 2421 2114 2478 Christi

585 2546 774 2599 corpus
818 2525 1194 2598 capiendorum
1221 2540 1239 2577 :
1272 2524 1324 2577 in
1355 2522 1530 2588 vituli,
1560 2523 1899 2592 profanorum
1946 2530 2116 2568 sacro-

582 2639 697 2678 rum
723 2621 1092 2676 abolendorum
1114 2634 1132 2671 :
1162 2618 1216 2670 in
1243 2617 1480 2671 trecentis
1514 2615 1730 2682 denique
1758 2610 2005 2664 militibus
2032 2609 2116 2677 {u-

585 2726 716 2769 turte
743 2729 833 2783 per
860 2727 1065 2765 crucem
1103 2708 1495 2777 redemptionis.
1536 2704 1688 2771 Quod
1725 2703 1879 2771 plura
1910 2701 2116 2769 petierit

584 2806 734 2875 signa
764 2804 901 2858 idem
921 2801 1154 2866 Gedeon,
1178 2799 1406 2870 mysterii
1432 2798 1625 2868 fuisse;
1646 2812 1735 2866 per
1757 2793 1958 2848 uelleris
1981 2792 2115 2845 enim

583 2900 864 2954 siccitatem
893 2914 956 2951 ac
993 2895 1439 2966 madefactionem,
1481 2891 1786 2946 Judazorum
1835 2889 2115 2959 inﬁdelita-

582 3001 703 3053 tem.
728 2991 1054 3063 gentiumque
1076 2988 1395 3041 vocationem
1429 2984 1754 3055 signiﬁcatus
1777 3001 1796 3038 .·
1827 3000 1916 3054 per
1942 2999 2112 3038 rorem

582 3093 752 3138 autem
798 3081 932 3150 pelui
973 3088 1238 3148 exceptum
1267 3079 1453 3147 pedum
1482 3077 1835 3148 apostolorum
1887 3076 2113 3131 ablutio-

585 3189 719 3228 nem.
764 3171 878 3226 Hac
913 3171 1010 3226 sibi
1043 3170 1227 3241 pedum
1259 3168 1502 3223 mundari
1531 3169 1705 3222 sordes
1731 3176 1846 3221 orat
1888 3166 2111 3220 Ambro-

586 3266 720 3331 sius,
762 3265 1018 3334 simulque
1063 3261 1252 3318 Christi
1291 3263 1650 3332 benignitatem
1693 3262 1894 3316 laudat.
1945 3262 2112 3327 Quam

584 3361 712 3414 utile
748 3361 814 3414 sit
842 3361 976 3414 hanc
998 3359 1190 3414 imitari
1212 3359 1230 3411 .'
1263 3356 1516 3411 Eamdem
1543 3372 1728 3426 aquam
1766 3372 1797 3408 a
1837 3354 1934 3408 Dei
1969 3352 2112 3407 Filio

585 3453 794 3506 missam
815 3453 869 3506 in
901 3452 1020 3507 orbe
1054 3451 1312 3506 mirabiles
1346 3451 1702 3505 conversiones
1743 3449 1995 3520 operari:
2021 3447 2110 3501 sed

582 3547 646 3600 ab
672 3546 778 3600 alio
823 3546 952 3599 mitti
999 3561 1100 3599 non
1144 3561 1316 3615 posse,
1374 3559 1492 3598 cum
1539 3543 1606 3597 sit
1647 3541 1835 3608 effusio
1881 3541 2110 3610 Spiritus

582 3637 795 3704 Sancti,
822 3638 910 3708 qui
937 3637 1121 3691 aliena:
1147 3636 1386 3708 potestati
1414 3651 1517 3690 non
1546 3634 1842 3707 subjicitur.

585 3774 636 3827 1.
680 3772 964 3828 Hierobaal
994 3787 1117 3828 cum
1148 3772 1250 3827 sub
1279 3771 1496 3838 arbore,
1523 3780 1581 3824 ut
1621 3769 1853 3840 legimus
1900 3768 2108 3842 (Judic.

510 3882 596 3934 vt,
621 3867 734 3937 ll),
766 3866 1178 3937 quercu,tritici
1210 3879 1444 3920 messem
1477 3864 1627 3934 virga
1669 3863 1925 3930 crederet,
1954 3879 2113 3919 acce-

509 3958 588 4029 pit
614 3959 919 4026 oraculum,
951 3967 1062 4014 uta
1093 3965 1360 4029 potestate
1385 3956 1812 4026 alienigenarum
1857 3957 1910 4011 in
1947 3957 2114 4012 liber-

509 4057 676 4106 tatem
706 4049 803 4106 Dei
848 4052 1109 4122 populum
1159 4051 1484 4108 vindicaret.
1529 4049 1640 4106 Nec
1688 4051 1886 4105 mirum
1937 4050 1982 4104 si
2030 4061 2114 4106 est

505 4141 713 4199 electus
741 4142 808 4198 ad
839 4145 1066 4214 gratiam
1086 4186 1102 4210 ,
1131 4159 1255 4200 cum
1285 4145 1387 4199 sub
1423 4144 1614 4198 umbra
1644 4143 1756 4212 jam
1793 4153 1906 4198 tum
1939 4158 2111 4198 sacra:

507 4237 688 4291 crucis
713 4244 770 4292 et
815 4235 1143 4291 venerabilis
1188 4238 1472 4306 sapientia:
1505 4235 1890 4306 praedestinato
1932 4237 2112 4292 incar-

505 4325 746 4383 nationis
785 4327 980 4382 l'utura:
1011 4328 1272 4398 mysterio
1296 4327 1652 4393 constitutus,
1682 4326 1882 4384 feracis
1909 4329 2111 4398 segetis

506 4419 788 4476 sensibilia
815 4419 884 4474 de
931 4419 1173 4475 latibulis
1213 4418 1484 4474 frumenta
1516 4419 1860 4489 produceret,
1890 4420 2112 4476 electio-

507 4527 742 4583 netnque
785 4520 1098 4566 sanctorum
1129 4527 1174 4567 .a
1223 4512 1590 4582 purgamentis
1618 4512 1796 4566 inanis
1824 4513 1994 4582 palea:
2021 4529 2110 4570 se-

431 4670 436 4676 .
505 4614 858 4678 questraret:
892 4604 918 4642 δ
947 4606 1038 4676 qui
1087 4614 1360 4676 tamquam
1394 4605 1544 4677 virga
1571 4604 1816 4660 veritatis
1859 4607 2106 4674 exerciti,

505 4699 780 4772 superﬂua
809 4700 1012 4754 veteris
1044 4699 1280 4754 hominis
1303 4713 1424 4754 cum
1453 4699 1572 4769 ejus
1601 4698 1810 4754 actibus
1835 4698 2112 4770 deponen-

507 4803 614 4862 tes,
643 4794 798 4865 quasi
833 4794 886 4848 in
921 4793 1201 4857 torculari,
1233 4793 1306 4848 ita
1339 4792 1392 4847 in
1416 4791 1656 4847 Ecclesia
1679 4802 2109 4863 congregantur;

514 4884 761 4941 Ecclesia
792 4886 936 4941 enim
968 4886 1208 4940 torcular
1231 4893 1316 4940 est
1343 4883 1506 4940 fontis
1537 4884 1723 4940 :cterni
1742 4926 1757 4948 ,
1787 4885 1838 4938 in
1865 4900 1969 4956 qua
1997 4899 2112 4940 cuc-

506 4977 660 5033 lestis
685 4978 811 5033 vitis
837 4977 1046 5034 fructus
1073 4977 1335 5034 exundat.

577 5073 633 5126 2.
677 5083 700 5111 ε
749 5073 868 5141 Quo
913 5083 1090 5129 motus
1137 5074 1360 5128 oraculo
1405 5072 1654 5139 Gedeon,
1697 5088 1818 5128 cum
1867 5072 2110 5128 audisset

505 5163 652 5236 quod
675 5164 1055 5222 deﬁcientibus
1086 5166 1213 5221 Iicct
1238 5165 1559 5236 populorum
1602 5166 1864 5232 millibus,
1899 5165 1953 5220 in
1998 5181 2107 5219 uno

506 5259 626 5314 viro
669 5259 930 5314 Dominus
961 5260 1174 5331 plebem
1204 5274 1356 5314 suam
1389 5261 1456 5314 ab
1490 5260 1738 5316 hostibus
1767 5260 1932 5331 600
1963 5259 2102 5314 libe-

578 5426 603 5454 ⁸
642 5416 842 5487 Scripti
869 5433 1014 5473 anno
1035 5418 1160 5474 381.

2145 2191 2192 2247 A
2224 2196 2366 2242 rarct
2397 2185 2593 2261 (Ibid.,
2633 2187 2756 2255 M);
2806 2187 3002 2243 obtulit
3031 2187 3244 2242 haedum
3295 2201 3618 2258 caprarum,
3667 2184 3805 2254 cujus

2219 2295 2463 2348 carnem,
2497 2281 2798 2336 secundum
2834 2291 3162 2352 praeceptum
3191 2281 3393 2351 angeli.
3431 2289 3490 2335 et
3519 2291 3703 2351 azyma
3728 2290 3806 2329 su-

2219 2389 2314 2444 pra
2342 2382 2547 2445 petram
2583 2373 2759 2444 posuit
2785 2372 2811 2410 d
2855 2383 2910 2429 et
2945 2387 3008 2428 ea
3043 2373 3168 2441 jure
3198 2371 3435 2442 perfudit
3463 2389 3478 2425 :
3512 2385 3633 2443 quae
3659 2367 3801 2424 simul

2220 2474 2276 2520 ut
2302 2467 2467 2534 virgae
2495 2466 2964 2536 cacumine,quam
2990 2465 3210 2535 gerebat
3237 2463 3496 2534 angelus,
3534 2462 3627 2516 Dei
3650 2459 3805 2514 conti-

2217 2557 2314 2626 git,
2339 2557 2407 2612 de
2439 2567 2586 2627 petra
2620 2557 2758 2627 ignis
2780 2558 2987 2625 erupit;
3015 2566 3176 2623 atque
3205 2555 3277 2608 ita
3307 2553 3646 2608 sacriﬁcium
3677 2547 3800 2621 quod

2219 2649 2566 2715 offerebatur,
2599 2650 2943 2720 absumptum
2973 2660 3058 2704 est
3086 2647 3252 2720 (Ibid.
3276 2690 3290 2714 ,
3335 2648 3402 2704 i9
3434 2658 3484 2702 et
3510 2648 3666 2717 seq.).
3697 2643 3800 2710 Quo

2219 2741 2419 2795 indicio
2449 2741 2782 2797 declaratum
2825 2739 3040 2796 videtur
3081 2739 3226 2811 quod
3285 2750 3442 2810 petra
3493 2740 3586 2794 illa
3633 2747 3797 2809 typum

2218 2833 2467 2890 habuerit
2493 2836 2737 2906 corporis
2759 2833 2996 2899 Christi;
3029 2835 3156 2905 quia
3189 2833 3459 2904 scriptum
3505 2840 3591 2887 est
3625 2849 3639 2886 :
3671 2830 3799 2884 Bibe-

2217 2927 2337 2982 bant
2366 2930 2430 2982 de
2463 2929 2790 2999 consequenti
2829 2945 2912 2982 eos
2941 2939 3107 2998 petra,
3135 2937 3282 3000 petra
3308 2936 3486 2982 autem
3513 2936 3619 2981 erat
3645 2925 3799 2979 Chris-

2217 3033 2299 3077 tus
2331 3021 2373 3094 (Ι
2403 3020 2523 3077 Cor.
2568 3038 2622 3087 κ,
2673 3021 2756 3092 4).
2785 3021 2937 3089 Quod
2969 3021 3156 3091 utique
3202 3035 3309 3075 non
3349 3019 3417 3074 ad
3478 3019 3796 3075 divinitatem

2216 3116 2356 3184 ejus,
2403 3115 2500 3170 sed
2547 3115 2614 3169 ad
2661 3131 2882 3170 carnem
2935 3116 3165 3170 relatum
3216 3123 3320 3181 est,
3353 3130 3484 3184 quae
3525 3111 3798 3169 sitientium

2217 3210 2385 3266 corda
2413 3211 2734 3281 populorum
2765 3211 2990 3282 perenni
3037 3211 3155 3266 rivo
3199 3210 3282 3266 sui
3329 3209 3615 3281 sanguinis
3658 3207 3796 3262 inun-

2216 3301 2383 3356 davit.

2289 3397 2343 3451 5.
2384 3395 2503 3451 Jam
2538 3405 2666 3452 tunc
2715 3397 2878 3467 igitur
2927 3399 2980 3453 in
3033 3397 3294 3468 mysterio
3322 3396 3657 3452 declaratum
3702 3402 3790 3456 est,

2216 3493 2342 3562 quia
2375 3491 2637 3548 Dominus
2663 3492 2823 3548 Jesns
2853 3494 2906 3548 in
2939 3507 3106 3548 carne
3143 3507 3239 3546 sua
3281 3491 3452 3545 totius
3481 3490 3660 3546 mundi
3691 3499 3792 3556 pec-

2146 3583 2192 3642 B
2219 3592 2336 3640 cata
2366 3583 2658 3639 cruciﬁxus
2701 3584 2992 3640 aboleret:
3034 3599 3133 3639 uec
3175 3583 3353 3638 solum
3398 3582 3601 3638 delicta
3648 3581 3792 3634 iacto-

2219 3692 2362 3740 rum,
2394 3676 2489 3730 scd
2537 3677 2698 3732 etiam
2747 3676 3076 3746 cupiditates
3105 3677 3436 3732 animorum.
3487 3674 3625 3730 Caro
3667 3671 3788 3726 enim

2219 3769 2360 3824 hazdi
2391 3769 2458 3824 ad
2487 3769 2700 3838 culpam
2735 3769 2859 3824 facti
2893 3768 3161 3835 refertur;
3183 3769 3271 3838 jus
3301 3767 3367 3822 ad
3402 3767 3682 3823 illecebras
3714 3775 3789 3815 cu-

2221 3864 2528 3932 piditatum,
2558 3865 2695 3918 sicut
2726 3865 2985 3934 seriptum
3009 3874 3093 3919 est
3118 3881 3132 3917 :
3165 3862 3302 3931 Quia
3332 3862 3626 3932 concupivit
3648 3871 3788 3928 popu-

2219 3957 2300 4010 lus
2326 3957 2659 4028 cupiditatem
2701 3957 2978 4027 pessimam
3000 3999 3014 4021 ,
3054 3966 3101 4011 et
3143 3956 3391 4011 dixerunt
3421 3973 3437 4010 :
3472 3955 3599 4022 Quis
3627 3966 3708 4006 nos
3730 3949 3786 4001 ci-

2216 4052 2350 4106 babit
2376 4069 2528 4107 carne
2550 4050 2740 4123 (Num.
2777 4067 2860 4117 χι,
2891 4050 2984 4122 4)?
3010 4049 3164 4119 Quod
3194 4051 3354 4121 igitur
3379 4047 3622 4104 extendit
3644 4055 3783 4112 ange-

2217 4145 2302 4200 lus
2329 4147 2558 4214 virgam,
2593 4155 2648 4200 et
2698 4145 2872 4216 tetigit
2921 4154 3162 4214 petram,
3195 4141 3264 4198 de
3310 4157 3415 4212 qna
3468 4140 3601 4213 ignis
3643 4131 3782 4192 exivit

2217 4236 2417 4309 (Judic.
2443 4254 2494 4292 vn
2514 4278 2530 4303 ,
2561 4239 2653 4310 21)
2680 4254 2694 4303 ;
2739 4237 2983 4293 ostendit
3023 4236 3166 4307 quod
3195 4251 3324 4290 caro
3354 4235 3568 4291 Domini
3607 4227 3780 4300 Spiritu

2215 4330 2427 4400 repleta
2467 4329 2677 4395 divino,
2707 4337 2930 4400 peccata
2970 4329 3151 4384 omnia
3191 4327 3444 4382 humanae
3493 4317 3782 4382 conditionis

2213 4429 2491 4478 exureret.
2521 4421 2677 4476 Unde
2704 4430 2758 4476 et
2792 4421 3054 4475 Dominus
3088 4420 3165 4474 ait
3197 4436 3211 4473 :
3247 4418 3434 4492 Ignem
3465 4417 3574 4474 veni
3611 4413 3779 4468 mittere

2211 4517 2267 4569 in
2289 4525 2476 4570 terram
2509 4513 2662 4584 (Luc.
2691 4529 2801 4579 xtl,
2838 4514 2954 4584 ιθ).

2283 4609 2338 4662 4.
2383 4608 2632 4664 Advertit
2660 4609 2820 4678 igitur
2864 4608 2947 4662 vir
2990 4607 3186 4662 doctus
3235 4615 3292 4661 et
3330 4617 3602 4677 prtesagus
3635 4591 3775 4654 futuri

2214 4717 2446 4772 superna
2482 4699 2775 4772 mysteria;
2813 4709 2867 4754 et
2888 4699 3013 4753 ideo
3041 4697 3342 4754 secundum
3364 4697 3578 4754 oracula
3601 4686 3774 4748 occidit

2216 4796 2440 4850 vitulum
2488 4811 2518 4849 a
2562 4804 2714 4864 patre
2755 4809 2854 4848 suo
2885 4793 3044 4849 idolis
3070 4793 3409 4864 deputatum,
3438 4805 3492 4849 et
3538 4793 3642 4861 ipsc
3667 4795 3776 4851 SEP‘

2216 4900 2434 4944 lennem
2458 4888 2622 4942 alium
2645 4888 2870 4942 vitulum
2892 4887 3188 4942 immolavit
3222 4888 3333 4944 Deo
3365 4888 3562 4958 (ludio.
3587 4898 3654 4949 vt,
3675 4875 3770 4945 25)-

2138 4962 2183 5025 Ο
2213 4981 2332 5050 Quo
2375 4982 2516 5036 facto
2561 4979 3003 5036 manifestissime
3052 4979 3317 5036 revelavit
3358 4990 3480 5050 post
3515 4977 3770 5033 adventum

2217 5076 2432 5131 Domini
2460 5077 2639 5131 omnia
2664 5075 2982 5145 gentilitatis
3004 5063 3268 5129 abolenda
3293 5073 3575 5137 sacriﬁcia,
3598 5065 3768 5123 solum-

2210 5184 2318 5240 que
2367 5169 2696 5224 sacrilieium
2749 5169 2857 5222 Deo
2911 5167 3207 5222 Domiuieze
3261 5167 3526 5237 passionis
3566 5173 3656 5233 pro
3696 5167 3766 5209 re-

2209 5262 2522 5334 demptione
2563 5263 2747 5334 populi
2798 5261 3182 5318 deferendum.
3222 5260 3438 5316 Etenim
3469 5255 3652 5314 vitulus
3691 5244 3764 5302 ille

2203 5421 2388 5474 doctus
2416 5420 2663 5485 oraculo;
2696 5430 2752 5474 et
2785 5435 2919 5476 sane
2946 5420 3086 5476 infra
3112 5419 3334 5475 Gedeon
3363 5417 3672 5485 nominatur,
3701 5404 3760 5481 υξτ

576 5487 605 5528 b
645 5489 736 5544 Sic
762 5484 954 5563 omnes
983 5490 1115 5563 edit.
1152 5503 1370 5563 aemss.
1405 5492 1505 5547 nisi
1536 5491 1678 5561 quod
1707 5491 1973 5563 inipaueis
2003 5492 2102 5560 pro
2206 5491 2411 5555 doctus,
2434 5502 2494 5545 ut
2520 5484 2683 5544 etiam
2708 5494 2848 5561 apud
2870 5492 3158 5563 Origenem
3183 5492 3332 5547 hom.
3357 5491 3410 5546 in
3433 5484 3759 5545 eumdem.”

501 5563 592 5632 qui
619 5571 901 5626 tamquam,
933 5561 1149 5632 legitur,
1185 5561 1248 5616 lt't
1275 5571 1574 5633 tamquam;
1602 5572 1658 5616 et
1678 5563 1730 5616 in
1764 5562 1919 5617 Rom.
1963 5563 2097 5616 edit.

503 5645 606 5701 pro
627 5634 772 5703 uirga
797 5633 1050 5703 veritatis,
1077 5633 1376 5703 repositum
1398 5645 1502 5697 est,
1531 5634 1675 5703 uirga
1699 5633 1916 5686 uirtutis.

579 5712 616 5767 ομ
671 5701 828 5767 Rom.
865 5699 1025 5765 edlt.,
1074 5699 1374 5757 Commotus
1417 5699 1665 5767 oraculo;
1706 5714 1814 5758 vet.
1863 5713 1918 5757 et
1962 5719 2093 5758 mss.

501 5754 932 5840 longeplurlml,
961 5754 1276 5834 ato'mozu.‘
1305 5754 1814 5845 a‘r'..'..'z;',-"'.idmii
1834 5754 1946 5838 alii.
1962 5754 2096 5840 at.

2204 5563 2454 5617 eruditus.

2276 5631 2304 5668 ά
2344 5634 2475 5687 Mss.
2504 5631 2731 5705 aliquot,
2759 5645 2832 5705 et_
2853 5652 3013 5705 super
3058 5643 3170 5689 eam
3213 5638 3308 5704 jus
3344 5627 3560 5699 eludit;
3607 5616 3754 5678 Albin.

2204 5719 2376 5768 unus.-
2407 5714 2454 5757 et
2484 5719 2544 5756 ea
2579 5704 2728 5757 thure
2758 5703 2961 5768 efudit.
