3932 6176
562 260 663 317 711
1903 240 2148 301 SANCTI
2184 233 2512 296 AMBROSII
3745 223 3832 279 'll't

565 370 741 426 Deum
773 381 880 422 non
912 361 1071 431 vidit,
1101 362 1196 433 qui
1225 365 1505 418 scrutatur
1533 356 1698 412 etiam
1727 353 1834 410 alta
1862 352 2007 408 Dei?
2033 366 2160 421 quo-
2193 353 2246 414 Α
2270 347 2389 403 sine
2436 344 2622 416 regula
2669 341 2917 400 veritatis
2957 339 3094 396 ﬁdes
3140 347 3309 395 stare.
3348 335 3488 392 Nam
3536 334 3627 404 qui
3667 347 3831 402 negate

564 462 729 517 modo
745 460 911 514 Deum
927 471 1032 511 non
1049 427 1304 524 vidit,qui
1328 450 1582 524 cognovit
1597 463 1718 519 qua:
1730 447 1826 502 Dei
1843 453 1969 500 sunt
1987 443 2029 514 (l
2045 441 2167 497 Cor.
2271 436 2505 509 coeperit
2549 437 2811 492 unitatem
2842 433 3128 506 potestatis
3153 431 3208 487 in
3235 432 3400 488 Patre
3426 440 3484 486 et
3507 428 3641 485 Filio
3665 438 3714 484 et
3735 427 3833 496 Spi-

565 570 627 622 n,
661 552 748 618 1ο)
768 551 792 605 ?
815 547 1091 620 quomodo
1309 518 1481 601 Deum
1517 518 1626 599 non
1654 540 1811 608 vidit,
1843 539 1936 610 qui
1963 551 2030 592 ex
2060 537 2172 590 Deo
2273 533 2381 587 ritu
2407 538 2594 586 sancto
2615 573 2630 597 ,
2661 544 2768 584 non
2796 536 2977 599 potest
3015 527 3203 597 utique
3234 523 3304 579 ibi
3331 564 3346 589 ,
3380 522 3474 578 ubi
3506 521 3652 576 nulla
3674 518 3834 574 divisio

562 611 687 701 est?
712 611 854 714 Ergo
884 656 1010 696 cum
1041 640 1115 695 ita
1129 611 1486 710 vpositum‘sit
1509 636 1634 707 quia
1669 631 1837 688 Deum
1869 646 2015 686 nemo
2046 627 2172 682 vidit
2271 627 2364 690 sit,
2399 623 2562 680 [idem
2595 622 2828 694 probare
2856 620 3109 676 divisam.
3135 618 3278 688 Ergo
3299 614 3421 687 quia
3449 614 3664 685 pietatis
3688 611 3835 667 unitas

566 751 834 808 umquam,
864 733 1004 789 vidit
1031 704 1214 788 autem
1256 704 1531 802 Spiritus;
1555 729 1741 798 utique
1785 733 2048 796 exceptus
2087 731 2174 779 est
2273 725 2361 772 est
2398 716 2536 772 bene
2580 714 2808 771 credere
2831 755 2846 781 ,
2879 712 3044 770 etiam
3075 709 3261 765 unitas
3291 706 3593 778 impietatis
3620 713 3700 761 est
3724 704 3835 759 male

563 830 825 903 Spiritus.
846 831 1025 900 Super
1055 827 1243 884 omnia
1273 826 1438 897 igitur
1463 822 1681 896 est,qni
1711 832 1795 879 est
1819 830 2080 892 exceptus
2105 833 2174 875 ex
2275 809 2523 865 credere.
2552 888 2553 891 η

566 892 844 980 omnibus.
926 892 944 900 I
1294 892 1319 897 ⁷
1606 892 1622 896 ﬁ
2347 904 2438 959 51.
2493 902 2676 974 Itaque
2725 902 2816 973 qui
2865 907 3056 970 putant
3121 896 3383 968 Spiritum
3439 901 3686 950 sanctum
3728 892 3838 946 inter

2271 997 2437 1070 607
2467 997 2650 1052 omnia
2703 995 2910 1050 debere
2951 992 3274 1057 numerari,
3324 990 3454 1060 quia
3486 988 3664 1043 omnia
3688 987 3842 1058 legunt

2277 1090 2418 1146 facta
2449 1104 2547 1160 per
2577 1087 2772 1144 Filium
2798 1128 2814 1154 ,
2863 1085 3028 1142 etiam
3062 1084 3262 1138 Filium
3305 1083 3498 1152 utique
3529 1081 3665 1135 inter
3690 1079 3837 1132 omnia

2277 1180 2750 1238 annumerandum
2780 1187 2996 1252 putant,
3035 1178 3160 1249 quia
3185 1177 3374 1247 legunt
3404 1192 3418 1229 :
3445 1173 3528 1228 Ex
3558 1172 3662 1228 Deo
3699 1172 3842 1225 omnia

648 1333 750 1374 non
771 1317 858 1372 sit.
896 1267 1146 1386 Namque
1183 1267 2173 1384 ali-ds-“perinde—pro—liaretur"Filius,
2278 1276 2347 1348 (Π
2391 1276 2510 1332 cu"
2547 1273 2767 1386 1’48)
2819 1273 3255 1386 Eéf'?c‘i_‘_lf"}e:
3514 1267 3842 1386 Et???"

648 1358 858 1374 ...,..-...
896 1358 1140 1386 ........,...,
1183 1358 1318 1369 .......,
1359 1358 1570 1384 μνη.--
1612 1358 1904 1382 νηηηη-
1962 1358 1983 1361 _
2161 1358 2173 1371 ,

647 1415 804 1470 immo
832 1414 990 1467 etiam
1022 1410 1186 1466 Pater
1215 1409 1573 1465 numerandus
1615 1408 1748 1462 inter
1777 1405 1972 1461 omnia.
2027 1401 2180 1470 Quod
2278 1379 2574 1470 {eccmum
2602 1373 2671 1425 ab
2699 1367 2989 1433 omnibust
3015 1365 3108 1436 qui
3141 1381 3169 1419 ³
3196 1362 3468 1420 crealuris
3491 1359 3746 1470 fmnibus
3770 1358 3842 1461 lim

647 1451 722 1565 es}
753 1507 988 1577 eiusdem
1012 1451 1312 1575 imp;eta;i‘:
1347 1451 1434 1465 vn.
1457 1451 1573 1463 "ww
1615 1451 1629 1461 ν
1675 1451 1734 1462 ’ν
1778 1451 1839 1460 Π.
1881 1451 1972 1461 "w'
2030 1451 2175 1470 ‘vnw
2445 1481 2553 1521 non
2580 1470 2906 1527 secernunt;
2938 1461 3194 1531 quoniam
3226 1458 3368 1513 sicut
3395 1471 3464 1512 CX
3491 1455 3648 1510 Patre
3675 1451 3844 1516 omnia,

2282 1560 2348 1577 ο.-
2393 1559 2540 1577 -.μμ
2583 1573 2675 1577 ﬂ-“
2702 1557 2896 1577 πεπυ---
2946 1553 3121 1577 -..,ξ..
3183 1551 3209 1577 ι.
3243 1551 3357 1577 IL...
3393 1553 3568 1577 τηρ-...-
3597 1547 3646 1577 ς..
3673 1545 3842 1577 eam...

2282 1560 2358 1614 ita
2383 1559 2546 1615 etiam
2583 1573 2677 1628 per
2701 1557 2900 1613 Filium
2941 1553 3148 1611 omnia.
3183 1551 3209 1590 δ
3243 1551 3358 1606 Hoc
3393 1553 3571 1622 ipsum
3597 1547 3648 1603 in
3673 1545 3844 1616 Spiritu

647 1670 739 1724 ‘27.
786 1667 1046 1732 Videtur,
1075 1671 1265 1720 sancte
1313 1662 1634 1732 imperator,
1666 1657 1830 1729 plena
1875 1654 2015 1710 ratio
2056 1668 2179 1710 esse
2283 1650 2589 1721 praevidens
2615 1648 2932 1720 Apostolus,
2960 1646 3099 1702 dixit
3122 1662 3136 1699 :
3159 1661 3228 1700 ne
3261 1644 3406 1699 inter
3434 1641 3612 1696 omnia
3637 1639 3847 1711 posuisse

579 1761 824 1835 pietatis,
857 1758 954 1814 sed
986 1729 1169 1828 impiis
1217 1770 1324 1810 non
1358 1729 1598 1808 videtur.
1633 1749 1877 1819 Denique
1904 1745 2032 1818 quid
2061 1762 2180 1802 mo-
2206 1742 2257 1804 B
2284 1741 2480 1797 Filium
2526 1741 2612 1797 vel
2645 1741 2823 1810 impiis
2869 1737 3177 1800 videretur,
3212 1736 3302 1806 qui
3351 1733 3640 1790 audierant
3675 1729 3843 1786 dixisse

576 1827 781 1913 iiantur
821 1827 1073 1908 adverte.
1119 1849 1311 1906 Solent
1349 1846 1495 1903 enim
1531 1843 1716 1899 dicere
1761 1839 2008 1898 hmretici
2042 1838 2178 1895 ideo
2284 1835 2477 1891 Filium
2510 1853 2523 1888 :
2556 1833 2716 1890 Pater
2757 1833 2897 1903 quod
2930 1843 2952 1871 ο
2983 1831 3124 1885 dedit
3152 1831 3317 1898 mihi,
3350 1832 3531 1903 majus
3559 1827 3770 1882 omnibus
3791 1833 3845 1878 est

577 1950 723 2006 inter
758 1946 938 2002 omnia
978 1942 1241 2015 Spiritum
1289 1951 1538 1996 sanctum
1577 1951 1700 1993 esse
1737 1931 2132 1990 numerandum
2158 1973 2175 1999 ,
2281 1927 2462 1999 (Joan.
2490 1944 2547 1995 ι,
2573 1925 2687 1998 29).

575 2040 703 2112 quia
733 2039 995 2109 scriptum
1037 2044 1123 2092 est
1175 2035 1244 2091 de
1295 2033 1390 2089 Dei
1437 2031 1576 2087 Filio
1608 2049 1621 2086 :
1653 2030 1844 2085 Omnia
1887 2045 1979 2098 per
2007 2029 2176 2098 ipsum

574 2139 718 2207 facta
743 2141 862 2187 sunt
891 2129 1072 2204 (Joan.
1107 2143 1145 2194 l,
1169 2127 1249 2200 5).

1203 1012 1431 1070 CAPUT
1477 1012 1544 1068 ll.

570 1132 836 1204 Spiritum
857 1138 1093 1192 sanctum
1122 1143 1230 1183 esse
1255 1127 1391 1181 inter
1419 1125 1595 1180 omnia
1616 1140 1718 1178 non
1739 1121 1951 1195 probari
1977 1136 2040 1175 ea:
2067 1119 2175 1174 illis

644 1224 812 1280 verbis
834 1239 853 1278 :
875 1221 1073 1278 Omnia
1114 1237 1212 1292 per
1252 1221 1428 1291 ipsum
1477 1219 1613 1274 facta
1662 1227 1829 1284 sunt;
1860 1233 1978 1271 cum
2007 1217 2177 1287 factus

2900 2015 3130 2074 CAPUT
3170 2017 3258 2072 lll.

2283 2133 2423 2198 Quod
2445 2131 2701 2198 Apostolus
2711 2131 2897 2187 rtirerit
2915 2144 2979 2185 ea:
2999 2135 3154 2183 Patre
3169 2144 3256 2195 per
3278 2129 3468 2181 Filium
3490 2126 3647 2180 onun'a
3671 2137 3774 2184 esse,
3799 2120 3843 2172 ab

644 2228 736 2284 28.
778 2224 952 2292 Quam
981 2221 1123 2277 male
1145 2229 1172 2258 α
1189 2217 1545 2276 confunditur
1565 2215 1730 2282 actio,
1756 2229 1876 2285 qua:
1898 2228 2006 2268 non
2031 2219 2178 2268 tenet

574 2319 891 2386 veritatem,
917 2325 973 2373 et
1000 2321 1336 2386 praepostero
1364 2310 1559 2367 ordine
1589 2305 1912 2364 assertionis
1941 2303 2177 2360 involvi-

570 2419 693 2476 tur!
726 2415 842 2471 Hoc
866 2412 1012 2470 enim
1046 2419 1176 2466 tunc
1202 2408 1427 2473 valeret,
1461 2414 1522 2460 ut
1548 2405 1690 2460 inter
1716 2401 1898 2457 omnia
1929 2399 2176 2454 dicerent

567 2529 692 2572 esse
716 2512 978 2584 Spiritum
1001 2517 1272 2572 sanctum,
1298 2505 1343 2561 si
1369 2505 1565 2558 tactum
1591 2500 1904 2571 probarent.
1929 2495 2176 2564 Namque

573 2608 755 2666 omnia
805 2621 900 2676 per
949 2602 1148 2658 Filium
1197 2599 1480 2669 Scriptura
1525 2594 1656 2650 dicit
1697 2607 1843 2659 esse,
1873 2605 1994 2660 quae
2034 2589 2173 2645 facta

573 2708 703 2756 sunt
728 2715 743 2752 :
768 2712 890 2753 cum
920 2703 1102 2750 autem
1129 2693 1305 2747 factus
1336 2704 1442 2744 non
1463 2686 1727 2742 doceatur
1753 2682 1992 2753 Spiritus
2017 2693 2177 2734 sanc-

570 2803 700 2859 tus;
741 2791 932 2858 utique
958 2803 1059 2844 nec
1089 2787 1232 2841 inter
1269 2781 1453 2839 omnia
1484 2777 1700 2850 probari
1733 2785 1934 2846 potest,
1962 2773 2053 2843 qui
2082 2786 2175 2827 ne-

569 2900 677 2956 que
708 2881 882 2936 lactus
912 2888 998 2935 est
1025 2879 1167 2934 sicut
1190 2878 1375 2931 omnia
1400 2914 1416 2938 ,
1447 2885 1547 2926 nec
1574 2877 1816 2926 creatus.
1849 2865 1978 2922 Mihi
2009 2865 2175 2936 igitur

571 2975 641 3030 ad
657 2983 949 3044 utrumque
963 2970 1069 3026 hoc
1081 2967 1297 3037 proiicit
1322 2962 1716 3028 testimonium,
1733 2969 1792 3016 ut
1803 2966 1860 3016 et
1880 2973 2042 3030 super
2057 2973 2173 3011 om-

569 3068 660 3122 nia
685 3065 946 3136 probetur
967 3077 1114 3128 esse,
1141 3057 1263 3129 quia
1292 3055 1468 3111 factus
1489 3069 1598 3110 non
1631 3060 1748 3117 est;
1772 3062 1829 3108 et
1853 3051 1981 3122 quia
2009 3064 2171 3120 super

571 3158 756 3214 omnia
781 3164 887 3219 est,
919 3168 1027 3210 non
1057 3150 1308 3207 videatur
1336 3148 1512 3204 factus
1541 3161 1665 3203 esse
1709 3163 1724 3202 :
1767 3159 1870 3202 nec
1919 3143 2065 3199 inter
2109 3158 2173 3198 ea
2201 3123 2248 3188 (ἶ

571 3264 698 3321 qua:
727 3255 858 3303 sunt
886 3245 1050 3308 facta,
1085 3240 1471 3299 numerandus.

641 3341 738 3396 29.
776 3338 933 3408 Quod
964 3339 1010 3394 si
1040 3336 1162 3407 quis
1182 3377 1198 3404 ,
1230 3335 1357 3406 quia
1389 3333 1571 3388 omnia
1614 3331 1756 3387 facta
1803 3343 1904 3400 per
1930 3327 2172 3384 Verbum

575 3432 924 3505 Evangelista
970 3429 1176 3503 posuit,
1209 3442 1319 3484 non
1365 3425 1567 3496 excipit
1615 3423 1878 3495 Spiritum
1925 3431 2173 3477 sanctum

2343 2231 2505 2271 eorum
2529 2216 2768 2270 consortio
2785 2214 3029 2282 Spiritum
3045 2229 3140 2268 non
3157 2214 3382 2276 secludi;
3401 2227 3513 2267 own
3533 2226 3639 2279 qua:
3655 2211 3714 2261 ad
3732 2221 3846 2260 unum

2341 2302 2621 2368 referuntur
2643 2313 2902 2364 personam
2919 2337 2933 2361 ,
2960 2296 3074 2351 aliis
3099 2311 3284 2364 quoque
3319 2296 3662 2349 attribuantur.
3683 2290 3758 2344 Sic
3777 2291 3844 2340 ba-

2340 2386 2509 2453 ptizati
2530 2385 2582 2438 in
2612 2385 2800 2438 nomine
2829 2381 3013 2436 Christi
3035 2382 3182 2435 simul
3213 2382 3266 2433 in
3286 2382 3463 2435 Patris
3487 2395 3546 2433 ac
3567 2378 3763 2444 Spiritus
3781 2389 3847 2426 no-

2338 2470 2467 2522 mine
2490 2476 2740 2521 censentur
2760 2465 2989 2531 baptizati
3010 2479 3028 2528 ,°
3053 2466 3095 2518 si
3117 2474 3277 2516 tamen
3298 2464 3452 2516 simul
3475 2463 3639 2516 intres
3659 2471 3848 2526 personas

2344 2552 2646 2605 crediderint
2680 2564 2691 2600 :
2723 2563 2863 2601 secus
2893 2554 3079 2613 autem,
3119 2547 3282 2600 nullus
3314 2548 3413 2600 erit
3450 2545 3718 2612 baptismus.
3752 2544 3846 2593 Hcce

2339 2638 2486 2690 etiam
2507 2635 2742 2701 baptismo
2760 2633 2811 2686 in
2829 2633 3046 2699 Spiritus
3063 2633 3222 2685 sancti
3235 2634 3595 2699 nuncupatione
3614 2627 3846 2683 convenire.

2343 2723 2402 2774 Si
2423 2728 2586 2774 autem
2608 2722 2666 2772 ob
2686 2719 2908 2771 eumdem
2929 2718 3088 2771 locum
3113 2715 3331 2781 Spiritus
3356 2719 3421 2770 ab
3443 2716 3557 2770 aliis
3579 2712 3777 2781 personis
3789 2723 3847 2762 se-

2339 2811 2617 2871 pararetur,
2632 2802 2796 2869 utique
2817 2803 3006 2855 obalios
3027 2802 3152 2855 locos
3185 2811 3323 2855 Pater
3342 2801 3478 2855 Filio
3501 2799 3734 2854 diceretur
3745 2807 3846 2863 post-

2343 2891 2611 2956 ponendus.
2636 2888 2710 2940 Ab
2746 2886 2933 2953 angelis
2970 2886 3151 2938 Filium
3188 2885 3426 2951 adorari,
3469 2900 3562 2938 non
3597 2900 3628 2936 a
3660 2883 3843 2951 Spiritu;

2337 2975 2463 3026 hunc
2486 2972 2613 3024 enim
2633 2979 2800 3024 testem
2821 2969 2928 3036 eius
2945 2983 3066 3032 esse,
3089 2985 3185 3022 non
3206 2969 3503 3022 "sinistrum.
3527 2972 3643 3021 Cum
3663 2965 3845 3020 cantibus

2342 3057 2645 3124 anteponitur
2671 3056 2829 3109 Filius
2846 3097 2860 3120 ,
2883 3055 3252 3121 intelligendum
3282 3057 3347 3106 de
3370 3054 3630 3108 creaturis.
3662 3051 3844 3119 Dignita-

2341 3151 2438 3196 tem
2458 3141 2613 3194 sancti
2637 3139 2849 3204 Spiritus
2870 3153 2903 3190 a
2925 3138 3112 3205 peccati
3134 3138 3184 3190 in
3205 3153 3317 3190 eum
3337 3137 3547 3192 admissi
3574 3131 3842 3189 irremissibi-

2341 3227 2476 3280 litate
2498 3223 2714 3292 probari.
2751 3225 2893 3276 Unde
2914 3225 2976 3277 sit
3004 3220 3095 3275 illa
3115 3221 3525 3276 irremissibilitas
3543 3237 3563 3288 ;
3580 3229 3625 3274 et
3644 3217 3843 3288 quomoda

2341 3322 2464 3360 unus
2487 3305 2720 3372 Spiritus.

2349 3422 2437 3477 52.
2458 3420 2563 3477 Sed
2582 3420 2816 3476 fortasse
2829 3419 3030 3490 aliquis
3045 3419 3214 3484 dicat,
3231 3433 3337 3489 qua
3360 3421 3576 3476 ratione
3586 3434 3699 3476 cum
3717 3415 3838 3472 dixe-

2276 3516 2351 3571 rit
2389 3515 2478 3570 hic
2509 3529 2572 3569 ex
2603 3514 2766 3569 Patre
2793 3513 3000 3580 omnia,
3029 3523 3085 3569 et
3111 3527 3207 3583 per
3235 3512 3438 3570 Filium
3476 3513 3654 3570 omnia
3683 3511 3721 3582 (l
3743 3508 3835 3561 Cor.

2275 3624 2387 3675 vni,
2421 3608 2519 3679 6),
2545 3607 2614 3664 de
2638 3607 2845 3678 Spiritu
2897 3617 3090 3663 sancto
3131 3608 3395 3674 tacuerit;
3429 3617 3486 3664 et
3529 3608 3648 3664 hinc
3692 3603 3837 3674 cupiat

2279 3701 2655 3775 praeiudicium
2702 3716 3044 3772 comparare.
3089 3701 3244 3771 Quod
3288 3703 3334 3757 si
3389 3705 3568 3776 pergit
3607 3701 3835 3759 malitiose

2277 3795 2662 3866 interpretari,
2695 3810 2858 3864 quam
2907 3793 3095 3849 multis
3140 3793 3384 3851 inveniet
3437 3796 3571 3852 locis
3614 3791 3834 3865 praedica-

2279 3899 2388 3944 tam
2435 3889 2608 3945 sancti
2655 3886 2896 3958 Spiritus
2948 3894 3310 3958 potestatem,
3361 3887 3419 3943 in
3467 3887 3658 3958 quibus
3692 3884 3760 3938 vel
3784 3879 3833 3933 dc

2279 3981 2441 4037 Patre
2474 3981 2562 4037 vel
2602 3979 2670 4035 de
2697 3979 2839 4035 Filio
2882 3978 3024 4035 nihil
3063 3977 3344 4049 Scriptura
3386 3979 3734 4052 expresserit,
3760 3968 3830 4026 sed

2277 4072 2685 4143 intelligendum
2718 4072 3035 4143 reliquerit!

575 3527 932 3598 (quamquam
960 3521 1016 3576 in
1046 3519 1259 3576 Joanne
1287 3518 1503 3573 locutus
1533 3515 1768 3586 Spiritus
1817 3512 1913 3568 Dei
1939 3553 1954 3578 ,
1986 3510 2175 3567 Omnia

573 3636 668 3690 per
696 3620 869 3690 ipsum
892 3617 1035 3689 facta
1053 3623 1193 3680 sunt,
1220 3611 1449 3677 dixerit,
1476 3623 1584 3665 non
1604 3608 1786 3663 omnia
1814 3605 1940 3661 facti
1961 3619 2169 3669 sumus;

569 3729 696 3771 cum
729 3711 914 3783 utique
943 3709 1094 3780 loqui
1125 3708 1181 3764 in
1210 3705 1572 3776 Evangelistis
1599 3701 1867 3774 Spiritum
1916 3699 2010 3755 Dei
2056 3699 2173 3768 ipse

573 3808 842 3865 Dominus
885 3802 1190 3861 ostenderit
1215 3842 1230 3867 ,
1258 3801 1448 3856 dicens
1475 3796 1696 3872 (Matth.
1728 3810 1821 3851 xvi
1839 3836 1854 3861 ,
1881 3793 1977 3866 20)
2005 3810 2019 3847 :
2046 3790 2173 3847 Non

570 3903 710 3958 enim
752 3915 842 3955 vos
883 3897 1031 3954 eritis
1060 3897 1344 3967 loquentes,
1376 3892 1465 3947 sed
1505 3891 1737 3962 Spiritus
1779 3887 1959 3942 Patris
1997 3885 2170 3952 vestri,

569 3992 658 4064 qui
711 3990 937 4061 loquitur
983 3991 1038 4044 in
1075 3986 1276 4059 vobis);
1309 3993 1492 4041 tamen
1525 3983 1572 4038 si
1599 3983 1722 4054 quis
1749 4020 1766 4048 ,
1795 3989 1851 4036 ut
1894 3978 2029 4045 dixi,
2069 3977 2173 4035 hoc

568 4085 695 4141 loco
725 4099 833 4139 non
862 4083 1066 4154 excipit
1086 4079 1351 4152 Spiritum
1377 4084 1624 4133 sanctum
1645 4116 1659 4141 ,
1687 4073 1785 4130 sed
1817 4075 1959 4129 inter
1988 4071 2170 4154 omnia

571 4187 858 4245 numerat;
891 4150 1002 4234 nec
1036 4175 1111 4232 ibi
1133 4150 1279 4244 ergo
1312 4170 1517 4241 excipit
1545 4169 1639 4224 Dei
1665 4166 2001 4234 Filium,ubi
2027 4150 2171 4234 Apol
2344 4165 2416 4221 40
2441 4164 2492 4220 ά.
2534 4163 2808 4235 Numquid
2840 4179 2976 4235 ergo
3001 4179 3125 4220 cum
3157 4165 3332 4235 gratia
3349 4163 3584 4236 Spiritus
3614 4155 3830 4232 praedica-

565 4272 741 4328 stolus
779 4270 915 4327 dixit
947 4287 960 4322 :
992 4265 1159 4321 Nobis
1200 4273 1371 4318 tamen
1414 4277 1549 4315 unus
1589 4252 1734 4314 Deus
1765 4258 1927 4312 Pater
1970 4272 2033 4311 ex
2069 4272 2170 4325 quo
2279 4267 2385 4326 tur,
2419 4257 2514 4313 Dei
2557 4257 2736 4314 Patris
2779 4264 2874 4312 aut
2917 4257 3184 4329 unigeniti
3231 4257 3354 4313 Filii
3402 4253 3715 4329 denegatur?
3736 4247 3828 4304 Non

565 4366 767 4432 omnia,
791 4373 838 4419 et
879 4377 972 4416 nos
1016 4374 1108 4431 per
1137 4357 1288 4411 illum
1316 4354 1362 4426 (l
1392 4353 1513 4408 Cor.
1546 4367 1665 4417 vm,
1695 4350 1774 4420 6).
1807 4348 1916 4405 Sed
1949 4357 2010 4404 ut
2035 4347 2173 4402 sciat
2276 4353 2374 4420 ita,
2419 4353 2544 4423 quia
2571 4352 2714 4407 είευι
2741 4351 2902 4407 pater
2929 4351 2982 4406 in
3016 4350 3156 4406 Filio
3185 4361 3240 4406 ει
3270 4351 3446 4408 Filius
3465 4352 3516 4407 in
3543 4351 3706 4409 pum,
3729 4353 3747 4377 ρ
3773 4344 3826 4394 ιω

565 4459 697 4530 quia
741 4457 883 4511 inter
926 4451 1108 4509 omnia
1156 4463 1264 4504 non
1312 4456 1394 4503 est
1442 4444 1644 4508 Filius,
1673 4443 1821 4512 legat
1848 4440 2163 4511 sequentia;
2204 4519 2242 4530 _
2273 4444 2438 4499 etiam
2478 4443 2680 4515 diffusa
2724 4452 2834 4510 est,
2886 4441 3341 4513 inquit,charitas
3389 4443 3486 4500 Dei
3533 4443 3581 4496 in
3629 4432 3826 4492 cordibus

564 4565 694 4608 nam
731 4562 856 4604 cum
893 4543 1030 4602 dicit
1061 4561 1075 4599 :
1107 4541 1175 4596 Et
1206 4557 1338 4596 unus
1367 4538 1622 4594 Dominus
1664 4534 1851 4601 Jesus,
1890 4551 1982 4605 per
2023 4549 2172 4602 quem
2195 4519 2251 4580 D
2276 4537 2466 4592 nostris
2511 4552 2600 4608 per
2647 4535 2907 4606 Spiritum
2943 4545 3178 4590 sanctum
3200 4577 3214 4602 ,
3265 4536 3354 4606 qui
3411 4537 3562 4590 datus
3603 4542 3670 4587 est
3709 4523 3826 4580 nobis

565 4644 744 4702 omnia
768 4637 1095 4714 (lbid.);ab
1115 4634 1370 4692 omnibus
1392 4631 1579 4703 utique
1605 4628 1807 4700 excipit
1829 4627 1928 4684 Dei
1946 4625 2170 4695 Filium,
2274 4629 2455 4701 (Rom.
2486 4645 2542 4697 v,
2573 4629 2653 4700 5).
2703 4629 2772 4684 Ει
2819 4628 2962 4685 sicut
3013 4628 3108 4700 qui
3150 4629 3493 4686 benedicitur
3533 4629 3581 4683 in
3625 4620 3823 4680 Christo,

564 4736 659 4808 qui
690 4731 907 4805 excepit
935 4739 992 4787 et
1019 4730 1259 4785 Patrem.
2269 4723 2436 4795 608
2462 4721 2801 4778 benedicitur
2845 4722 2898 4776 in
2933 4722 3155 4777 nomine
3195 4721 3396 4790 Patris,
3426 4732 3481 4778 et
3500 4717 3614 4775 Filii
3650 4721 3698 4772 et
3729 4708 3826 4778 Spi-

635 4828 729 4886 30.
782 4803 1042 4898 Eiusdem
1090 4831 1270 4878 autem
1319 4817 1613 4891 impietatis
1642 4823 1728 4872 est
1754 4814 1842 4871 vel
1871 4814 2051 4882 Patri,
2081 4813 2166 4898 vel
2266 4820 2408 4871 ritus
2434 4814 2785 4887 sanctiiiquia
2836 4830 3004 4870 ιιιιυιη
3050 4829 3282 4882 nomen.
3312 4824 3552 4886 potestas
3580 4824 3693 4873 una.
3722 4803 3738 4842 ί
3765 4803 3822 4857 ila

562 4921 730 4990 Filio,
753 4893 847 4978 vei
877 4917 1105 4990 Spiritui
1135 4923 1327 4972 sancto
1350 4914 1638 4983 derogare.
1668 4909 1788 4966 Non
1815 4911 1962 4965 enim
1990 4893 2167 4964 credﬁ
2267 4909 2432 4964 etiam
2459 4908 2550 4963 ubi
2573 4907 2823 4977 operatio
2849 4907 3030 4978 aliqua
3053 4906 3260 4974 divina,
3284 4918 3377 4963 aut
3409 4894 3820 4971 Patris,autFilii.

558 5014 619 5070 in
649 4985 864 5069 Patrem
891 4985 1027 5082 ,-qui
1053 5025 1162 5065 non
1205 5007 1386 5065 credit
1413 5006 1466 5062 in
1498 5005 1698 5060 Filium
1737 5021 1752 5061 :
1777 5018 1880 5059 nec
1903 5001 2078 5058 credit
2109 5001 2159 5054 in
2268 5010 2362 5058 aut
2388 5001 2626 5073 Spiritus
2651 5000 2985 5073 designatur,
3022 5017 3128 5056 non
3173 5002 3347 5057 solum
3375 5001 3442 5057 ad
3469 5005 3695 5055 sanctum
3723 4985 3818 5058 Spi-

559 5107 659 5165 Dei
688 5107 883 5164 Filium
903 5147 919 5173 ,
950 5105 1045 5176 qui
1074 5118 1182 5160 non
1211 5100 1387 5159 credit
1426 5099 1481 5156 in
1527 5097 1792 5169 Spiritum
1821 5115 1834 5153 :
1859 5111 1958 5152 nec
1985 5102 2168 5167 potest
2273 5094 2464 5162 ritum,
2493 5093 2590 5150 sed
2617 5094 2783 5151 etiam
2809 5094 2878 5149 ad
2905 5093 3123 5151 Patrem
3153 5094 3390 5151 refertur
3421 5103 3475 5150 et
3497 5091 3677 5148 Filium
3699 5126 3713 5154 ,
3742 5090 3819 5135 nec

2340 5229 2373 5312 (ξ
2395 5229 2454 5285 In
2492 5230 2747 5314 editione
2782 5229 3224 5286 Benedictiniana
3247 5301 3260 5314 .
3281 5229 3362 5287 sic
3406 5229 3587 5314 mutila
3617 5217 3814 5298 procedit

2267 5301 2461 5364 series,
2492 5301 2579 5356 bis
2605 5313 2839 5371 quatuor
2870 5316 3126 5358 numeros
3154 5301 3432 5358 amittens.
3463 5301 3590 5357 Eon.

2341 5382 2364 5409 θ
2393 5360 2550 5454 .M'ss.
2572 5360 2803 5454 aliquot,
2836 5375 2910 5427 ita
2937 5373 3105 5454 etiam
3117 5373 3172 5428 in
3197 5374 3404 5446 Spiritu
3432 5381 3619 5454 sancto:
3643 5360 3812 5454 05/7355

2262 5452 2358 5524 est,
2387 5442 2573 5524 inquit,
2607 5439 2836 5524 clt'aritas
2866 5459 2885 5500 :
2913 5444 3108 5524 reliqui
3136 5453 3191 5501 et
3217 5439 3409 5524 omnes
3435 5439 3692 5524 edit..hoc
3729 5441 3810 5513 uno

2259 5503 2495 5638 gigans:
2520 5503 2750 5583 distant,
2791 5516 2935 5586 quod
2959 5515 3015 5570 in
3036 5503 3154 5582 bis,
3187 5517 3412 5573 verbum
3451 5513 3606 5583 inquit
3635 5521 3725 5565 non
3747 5503 3809 5556 in-

2259 5599 2495 5640 venitur.

2297 5655 2669 5783 ιίἓαλέδῗιὲοη
2701 5658 2883 5728 Ρθυοῖ,
2914 5660 2990 5714 ita
3018 5661 3176 5718 etiam
3227 5661 3482 5731 operatio,
3511 5655 3591 5710 ubi
3615 5639 3802 5722 operatio

2261 5741 2459 5798 altqua,
2492 5741 2598 5784 etc.

632 5259 660 5286 ει
699 5246 857 5302 Eras.
889 5253 944 5300 et
973 5256 1095 5313 seq.
1117 5239 1252 5313 edit.
1275 5238 1328 5292 in
1351 5234 1618 5313 margine,
1641 5233 1978 5313 confunditur
2001 5231 2152 5286 ratio.

556 5319 667 5377 Sed
716 5316 851 5373 nihil
891 5304 1210 5382 vctat'quin
1259 5308 1396 5362 actio
1422 5304 1770 5382 retineatur,
1814 5313 1872 5358 ut
1915 5304 2005 5358 hic
2049 5317 2156 5357 non

550 5405 714 5474 secus
738 5403 804 5445 ac
830 5400 979 5457 saape
1012 5377 1142 5440 alibi
1177 5395 1244 5437 ea
1271 5393 1376 5434 vox
1421 5377 1565 5432 idem
1608 5377 1680 5430 sit
1722 5384 1886 5444 atque
1931 5388 2158 5430 accusa-

553 5471 653 5574 uol;
693 5531 894 5588 Omnes
920 5527 1053 5584 edit.
1084 5534 1142 5582 et
1168 5521 1403 5596 quidam
1429 5533 1588 5586 mss.,
1623 5515 1742 5596 Hoc
1774 5515 1952 5596 ipsum
1990 5529 2152 5596 supra

546 5586 802 5661 evidenter
831 5586 1132 5673 Apostolus,
1163 5586 1272 5652 e'tc.
1300 5592 1406 5650 Alii
1434 5605 1564 5647 vero
1596 5586 1789 5657 majori
1835 5586 2063 5641 numero
2092 5593 2149 5641 et

546 5670 962 5730 auctoritate'ut
988 5683 1087 5724 nos
1119 5670 1171 5722 in
1204 5674 1375 5722 textu.

628 5755 650 5783 ε
691 5744 818 5800 ltlss.
851 5742 1078 5811 aliquot,
1102 5737 1242 5809 quod
1263 5735 1450 5792 dedisti
1475 5732 1624 5788 mihi.
