3932 6176
570 246 677 304 ⁸215

1932 248 2181 307 SANCTI
2214 248 2545 307 AMBROSII
3758 251 3840 307 715

567 380 697 422 nem
728 377 1051 436 sequamur;
1099 363 1225 434 quia
1257 364 1349 433 qui
1385 377 1556 421 unum
1587 362 1823 432 dixerit,
1853 363 2176 422 Trinitatem
2204 379 2257 437 Α
2280 365 2365 422 lus
2385 373 2595 429 nostra,
2628 370 2688 418 ut
2712 360 3125 435 praedicaretur,
3153 362 3399 435 accepit:
3428 363 3620 434 utique
3637 370 3689 417 et
3705 362 3840 419 Pater

571 458 831 530 signavit.
862 457 917 514 Si
948 455 1227 514 Christum
1258 455 1444 526 dicas,
1476 466 1532 514 et
1562 457 1732 514 Deum
1761 457 1979 514 Patrem
2009 473 2039 511 a
2069 473 2176 528 quo

572 559 772 607 unctus
793 559 877 606 est
916 549 1121 618 Filius,
1150 559 1207 607 et
1232 550 1411 623 ipsum
1442 550 1533 620 qui
1558 561 1755 607 unctus
1792 560 1909 615 est,
1950 550 2172 618 Filium,

568 654 625 704 et
670 645 934 715 Spiritum
963 655 1213 703 sanctum
1260 661 1373 714 quo
1423 657 1620 701 unctus
1670 655 1794 711 est,
1850 644 2169 716 designasti.

572 738 850 811 Scriptum
893 747 980 795 est
1007 738 1153 796 enim
1184 757 1196 792 :
1237 737 1399 793 Hunc
1424 736 1605 794 Iesum
1631 755 1664 792 a
1702 736 1997 803 Nasareth,
2027 751 2175 806 quem

568 836 722 890 unxit
757 834 898 889 Deus
935 833 1140 904 Spiritu
1177 844 1353 917 sanpto
1384 832 1521 905 (Aet.
1555 849 1609 897 κ,
1636 832 1750 901 5S).
1779 832 1847 886 Et
1872 835 1918 885 si
1960 831 2173 885 Patrem

566 926 751 994 dicas,
785 937 840 982 et
868 925 1066 981 Filium
1099 926 1219 997 ejus
1261 936 1317 981 et
1351 924 1616 996 Spiritum
1658 923 1773 980 oris
1807 924 1925 994 ejus
1968 922 2175 993 pariter

584 1020 854 1085 ndicasti;
891 1018 936 1074 si
970 1029 1154 1075 tamen
1200 1019 1253 1074 id
1301 1019 1463 1074 etiam
1506 1017 1673 1074 corde
1712 1015 2172 1089 comprehendas.

566 1112 638 1168 Et
665 1114 711 1167 si
739 1111 1008 1181 Spiritum
1038 1111 1193 1167 dicas
1213 1150 1228 1176 ,
1260 1120 1316 1167 et
1350 1111 1520 1167 Deum
1551 1109 1769 1165 Patrem
1792 1150 1808 1175 ,
1839 1124 1872 1163 a
1898 1124 2007 1180 quo
2046 1124 2174 1178 pro-

564 1206 716 1261 cedit
745 1204 985 1275 Spiritus
1015 1221 1030 1259 :
1060 1213 1117 1260 et
1137 1202 1360 1270 Filium,
1386 1204 1510 1274 quia
1539 1202 1669 1258 Filii
1693 1217 1915 1273 quoque
1942 1210 2027 1257 est
2054 1199 2176 1271 Spi-

567 1303 709 1355 ritus
728 1340 743 1367 ,
793 1298 1145 1369 nuncupasti.

636 1393 728 1449 15.
776 1391 931 1449 Unde
957 1402 1012 1448 et
1041 1391 1237 1447 rationi
1276 1390 1569 1461 copuletur
1594 1387 1898 1444 austeritas
1918 1429 1933 1454 ,
1970 1389 2024 1441 in
2053 1384 2177 1455 Spi-

567 1487 678 1543 ritu
705 1500 925 1558 qqune
951 1494 1107 1540 recte
1133 1498 1234 1539 nos
1263 1484 1528 1553 baptizari
1562 1497 1725 1553 posse
1769 1480 2054 1549 Scriptura
2095 1478 2177 1532 in—

566 1579 734 1645 dicat,
766 1577 984 1633 dicente
1013 1577 1245 1631 Domino
1270 1592 1283 1628 :
1327 1574 1431 1630 Vos
1456 1583 1625 1629 autem
1650 1569 2098 1643 {baptizabimint'
2123 1571 2177 1624 in

566 1668 773 1737 Spiritu
791 1676 967 1723 sancto
990 1667 1131 1739 (Act.
1156 1682 1198 1734 ι,
1226 1665 1303 1738 5).
1334 1667 1401 1721 Et
1421 1665 1554 1721 alibi
1577 1664 1874 1735 Apostolus
1901 1664 1979 1718 ait
2008 1680 2021 1715 :
2053 1660 2179 1716 0m-

2282 461 2441 525 l)eus,
2474 458 2564 530 qui
2597 458 2939 525 testiﬁcatur,
2966 467 3020 512 et
3050 467 3330 513 asseverat
3372 455 3547 527 signis
3594 464 3651 511 et
3682 457 3839 525 prodi-

2277 554 2381 622 giis
2405 551 2474 607 de
2517 550 2695 606 salute
2726 559 2933 614 nostra,
2966 559 3224 620 exceptus
3257 565 3287 603 a
3324 547 3543 604 cunctis
3572 558 3676 603 est.
3709 548 3842 604 Simi-

2277 644 2405 700 liter
2425 653 2606 699 autem
2646 652 2702 699 et
2725 643 2961 713 Spiritus
2997 646 3092 714 qui
3130 642 3494 700 divi~ionibus
3522 642 3638 698 suis
3670 653 3841 697 nostra:

2277 736 2651 795 testimonium
2698 736 2806 793 fert
2827 738 3031 804 saluti,
3087 752 3196 794 non
3243 746 3332 794 est
3378 739 3436 793 in
3491 747 3841 794 creaturarum

2280 831 2437 899 plebe
2491 830 2885 897 numerandus,
2923 831 3018 887 sed
3055 846 3182 888 cum
3225 831 3388 888 Patre
3427 831 3767 889 aestimandus
3800 843 3845 887 et

2279 919 2441 989 Filio,
2486 924 2575 991 qui
2627 937 2734 977 non
2783 936 2879 991 per
2926 922 3248 977 incisionem
3288 922 3374 977 sui
3419 921 3690 977 dividitur
3727 923 3843 991 ipse,

2278 1030 2401 1071 cum
2428 1016 2656 1080 dividit;
2689 1016 3006 1072 individuus
3034 1017 3176 1071 enim
3200 1032 3324 1072 cum
3354 1017 3444 1082 sit,
3477 1016 3615 1071 nihil
3651 1016 3845 1079 amittit,

2277 1122 2401 1164 cum
2427 1108 2680 1164 omnibus
2704 1108 3003 1179 largiatur:
3029 1109 3172 1164 sicut
3196 1116 3256 1164 et
3290 1108 3487 1174 Filius,
3520 1124 3740 1180 regnum
3761 1108 3846 1163 Pa-

2280 1216 2365 1259 tre
2390 1203 2714 1274 accipiente,
2744 1203 2878 1258 nihil
2907 1202 3086 1273 perdit
3116 1221 3128 1256 :
3156 1217 3257 1259 nec
3282 1202 3447 1257 Pater
3468 1201 3610 1257 Filio
3631 1217 3746 1258 cum
3764 1219 3846 1258 sua

2278 1296 2478 1362 tradat,
2509 1296 2729 1351 amittit.
2762 1294 2980 1350 Nullum
3005 1296 3184 1365 itaque
3214 1295 3474 1350 damnum
3501 1309 3627 1351 esse
3659 1295 3712 1349 in
3731 1295 3849 1350 divi-

2280 1391 2438 1449 sione
2479 1390 2668 1460 gratize
2709 1388 2996 1461 spiritalis,
3036 1388 3268 1444 Domino
3313 1398 3615 1445 attestante
3654 1391 3697 1460 (l
3742 1387 3847 1444 Cor.

2285 1498 2377 1550 xv,
2404 1482 2485 1553 6),
2507 1483 2893 1553 cognovimus;
2937 1482 3027 1550 qui
3055 1482 3203 1538 enim
3233 1482 3323 1538 ubi
3354 1482 3469 1538 vult
3492 1482 3669 1553 spirat
3692 1481 3848 1556 (Joan.

2283 1591 2363 1643 ιιι,
2387 1576 2468 1647 8),
2500 1577 2701 1649 ubique
2722 1577 2842 1632 sine
2867 1575 3071 1632 damno
3091 1585 3195 1633 est.
3229 1578 3305 1632 De
3333 1592 3442 1647 quo
3468 1576 3611 1632 infra
3634 1576 3853 1633 dicemus

2283 1668 2515 1741 plenius.

569 1777 660 1817 us
688 1762 827 1815 enim
855 1759 882 1799 δ
909 1762 964 1815 in
992 1761 1109 1829 ipso
1134 1776 1352 1831 corpore
1378 1800 1394 1827 ,
1443 1760 1497 1813 in
1541 1774 1706 1812 unum
1727 1757 1985 1830 Spiritum
2009 1756 2150 1824 bapti

2357 1762 2448 1819 50.
2489 1761 2710 1819 [nterim
2741 1778 2885 1818 nunc
2910 1762 3168 1833 quoniam
3197 1762 3551 1833 propositum
3569 1771 3657 1817 est
3685 1761 3855 1817 ordine

562 1854 670 1909 uati
697 1869 875 1909 sumus
901 1852 945 1925 (Ι
969 1851 1093 1909 Cor.
1118 1869 1194 1908 xtt
1223 1896 1237 1921 ,
1290 1852 1401 1924 l5).
1438 1851 1615 1909 Unum
1647 1867 1821 1922 opus,
1854 1851 1979 1921 quia
2013 1864 2177 1905 unum

566 1949 938 2019 mysterium:
990 1963 1156 2003 unum
1197 1948 1489 2018 baptisma,
1541 1947 1669 2017 quia
1723 1959 1874 2001 mors
1928 1959 2035 1999 una
2082 1958 2180 2015 pro

560 2043 787 2099 mundo:
806 2044 986 2098 unitas
1002 2041 1412 2113 praedicationis
1428 2057 1550 2113 quae
1580 2056 1689 2096 non
1710 2048 1891 2110 potest
1909 2040 2177 2110 separari.

641 2137 734 2192 46.
778 2137 932 2203 Quod
957 2138 1000 2192 si
1031 2136 1133 2192 hoc
1177 2136 1299 2193 loco
1339 2147 1629 2205 separatur
1657 2134 1900 2205 Spiritus
1939 2133 2008 2189 ab
2050 2147 2180 2202 epe-

562 2233 780 2287 ratione
824 2231 1003 2286 Patris
1047 2242 1099 2286 et
1143 2230 1299 2298 Filii,
1330 2230 1455 2301 quia
1491 2229 1702 2286 dictum
1733 2237 1859 2284 est:
1896 2238 1920 2266 ο
1954 2226 2036 2281 Ex
2068 2226 2179 2282 Deo

565 2326 772 2392 omnia,
806 2335 862 2382 et
894 2340 991 2396 per
1016 2324 1214 2380 Filium
1241 2325 1421 2380 omnia
1454 2324 1508 2399 (Ι
1531 2322 1655 2381 Cor.
1680 2338 1773 2378 vm
1802 2364 1815 2387 ,
1846 2320 1934 2393 6);
1964 2336 2095 2392 ergo
2121 2331 2179 2377 et

560 2421 653 2477 ubi
685 2420 980 2492 Apostolus
1009 2418 1079 2476 de
1116 2418 1333 2475 Christo
1372 2418 1504 2475 dicit
1535 2436 1548 2471 :
1582 2417 1684 2485 Qui
1723 2427 1797 2472 est
1827 2433 1980 2489 super
2010 2417 2181 2471 omnia

560 2510 708 2568 Deus
739 2512 1037 2568 benedictus
1067 2512 1120 2565 in
1148 2514 1340 2566 srecula
1376 2510 1555 2583 (Rom.
1586 2526 1639 2565 Ix
1662 2552 1676 2578 ,
1708 2511 1766 2581 5)
1795 2552 1809 2577 ,
1859 2525 1967 2564 non
1999 2510 2175 2565 solum

560 2619 687 2661 eum
716 2603 984 2661 creaturis
1013 2604 1297 2669 omnibus,
1330 2603 1428 2660 sed
1454 2604 1619 2658 etiam
1652 2602 1798 2657 Patri
1829 2601 1999 2673 (quod
2027 2601 2176 2656 dictu

559 2698 717 2754 nefas
755 2700 862 2767 εει)
896 2697 1155 2768 praetulit.
1193 2696 1300 2754 Sed
1345 2697 1519 2760 absit;
1556 2712 1662 2751 non
1693 2696 1840 2750 enim
1874 2697 2015 2750 inter
2058 2711 2176 2751 om-

559 2790 651 2847 nia
684 2789 862 2857 Pater,
896 2804 1003 2849 non
1047 2790 1189 2847 inter
1220 2790 1432 2859 plebem
1464 2789 1756 2859 quamdam
1800 2798 2173 2845 creaturarum

560 2895 811 2937 suarum.
838 2880 1042 2937 Subter
1080 2892 1331 2937 creatura
1362 2883 1542 2937 omnis
1561 2925 1575 2948 ,
1602 2898 1766 2952 supra
1796 2882 2052 2937 divinitas
2074 2882 2175 2938 Pa-

559 2974 663 3029 tris
713 2983 767 3029 et
820 2973 942 3028 Filii
991 2983 1046 3032 et
1110 2974 1346 3045 Spiritus
1388 2975 1583 3029 sancti.
1642 2974 1737 3028 Illa
1803 2975 2007 3041 servit,
2056 2975 2173 3031 haec

563 3073 794 3137 regnat;
826 3066 918 3122 illa
949 3065 1215 3136 subjacet,
1247 3067 1348 3121 ista
1365 3066 1719 3123 dominatur:
1753 3066 1843 3123 illa
1868 3081 2027 3138 opus,
2058 3067 2173 3125 haec

559 3166 752 3213 auctor
791 3167 879 3213 est
917 3157 1101 3228 operis
1132 3177 1148 3213 :
1192 3158 1283 3214 illa
1312 3158 1506 3214 adorat
1526 3173 1739 3226 omnes,
1771 3159 1888 3216 haec
1907 3137 2174 3216 aduratur
2196 3137 2247 3202 (ἶ

562 3252 632 3307 ab
671 3251 945 3306 omnibus.
1968 3314 1983 3329 .

637 3343 730 3399 47.
773 3345 1019 3415 Denique
1051 3347 1120 3403 de
1162 3347 1305 3403 Filio
1352 3348 1623 3418 scriptum
1667 3358 1796 3406 est:
1832 3347 1900 3405 Et
1952 3352 2171 3406 adorent

571 3453 690 3491 eum
712 3453 888 3493 omnes
907 3435 934 3475 ἀ
953 3439 1128 3511 angeli
1148 3438 1248 3494 Dei
1268 3439 1457 3511 (Hebr.
1485 3457 1524 3506 ι,
1547 3440 1626 3511 6).
1653 3441 1773 3497 Νοιι
1794 3441 1966 3498 babes
1989 3432 2005 3496 ἐ
2027 3424 2171 3499 Ado-

562 3540 648 3587 ret
678 3530 919 3605 Spiritus
943 3544 1186 3590 sanctus.
1225 3535 1293 3589 Et
1330 3536 1467 3590 infra
1496 3555 1509 3591 :
1543 3536 1624 3589 Ad
1642 3552 1793 3604 quem
1819 3549 1990 3593 autem
2017 3523 2173 3612 ange-

562 3623 731 3679 lorum
753 3624 888 3680 dixit
913 3625 1194 3697 aliquando
1224 3643 1242 3680 :
1274 3625 1412 3682 Sede
1440 3628 1511 3681 ad
1536 3628 1801 3683 dexteram
1832 3645 1995 3685 nteant
2024 3672 2037 3695 ,
2079 3631 2173 3686 do-

563 3732 656 3770 nec
698 3733 886 3787 ponam
931 3718 1166 3773 inimicos
1209 3727 1323 3772 tuos
1364 3719 1645 3773 scabele
1683 3719 1873 3791 pedum
1913 3723 2172 3776 tuorum?

565 3807 760 3863 Nonne
788 3825 968 3863 omnes
997 3820 1114 3864 sunt
1134 3850 1150 3878 ,
1186 3811 1356 3882 inquit
1380 3852 1395 3878 ,
1427 3811 1654 3866 ministri
1678 3814 1897 3882 spiritus
1919 3814 1973 3868 in
1994 3815 2172 3870 minis-

566 3902 777 3968 terium,
805 3902 891 3972 qui
911 3903 1188 3958 mittuntur
1232 3900 1424 3974 (Ibid.,
1455 3903 1543 3975 15)
1566 3906 1590 3959 .9
1611 3904 1745 3962 Cum
1776 3905 1941 3973 dicit,
1973 3924 2170 3976 omnes,

567 3993 833 4064 numquid
855 4003 908 4051 et
942 3994 1215 4067 Spiritum
1254 4006 1504 4053 sanctum
1552 3999 2003 4069 comprehendit?
2052 4000 2169 4058 Non

566 4087 779 4157 utique,
819 4087 945 4157 quia
967 4088 1162 4159 Angeii
1193 4099 1247 4144 et
1273 4098 1485 4145 caeteras
1506 4090 1812 4148 Potestates
1839 4093 1895 4147 in
1928 4094 2171 4148 ministe.

562 4179 705 4235 rium
737 4187 794 4236 et
814 4178 1138 4251 obsequium
1156 4181 1250 4238 Dei
1264 4181 1426 4246 Filio,
1444 4192 1499 4237 ut
1514 4185 1756 4239 serviant
1770 4226 1785 4252 ,
1803 4185 2166 4241 destinantur.

629 4273 723 4330 48.
739 4272 810 4328 At
827 4286 956 4327 vero
969 4271 1207 4341 Spiritus
1221 4284 1444 4333 sanctus
1470 4291 1575 4331 non
1603 4275 1873 4342 minister,
1891 4275 2056 4347 διο
2074 4277 2167 4341 sed

563 4368 723 4423 testis
748 4372 835 4422 est
873 4364 1022 4432 Filii,
1053 4366 1515 4435 quemadmodum
1538 4368 1606 4422 de
1646 4369 1765 4437 ipso
1792 4369 1963 4424 Filius
1985 4369 2127 4426 dixit
2151 4390 2165 4427 :

561 4457 665 4515 Ille
695 4458 1040 4514 testimonium
1067 4457 1297 4528 perhibet
1324 4458 1388 4512 de
1413 4475 1491 4512 me
1511 4457 1693 4530 (Joan.
1724 4474 1815 4533 xv,
1842 4458 1957 4530 26).
1993 4461 2168 4518 Testis

2284 1870 2386 1911 suo
2408 1869 2679 1919 asserere,
2709 1868 2816 1909 non
2837 1867 2961 1910 esse
2985 1854 3130 1909 inter
3154 1854 3341 1908 omnia
3369 1854 3638 1924 Spiritum
3655 1868 3854 1923 compn-

2286 1944 3144 2016 tandum,ipsumApostohtm,de
3157 1945 3309 2016 cujus
3323 1947 3509 2013 verbis
3522 1945 3855 2017 iaciuntque:-

2284 2040 2870 2106 stionem,assertionis
2885 2040 3048 2110 hujus
3061 2039 3421 2097 adhibeamus
3433 2044 3853 2108 auctorem.qu

2281 2135 2428 2189 enim
2455 2142 2644 2188 essent
2674 2133 2762 2187 illa
2790 2132 3005 2200 omnia,
3056 2130 3176 2188 sive
3224 2132 3615 2200 visibilia,sive
3636 2134 3855 2189 invisibi-

2283 2229 2377 2294 lia,
2394 2228 2510 2298 ipse
2527 2227 2765 2296 signavit
2784 2226 2974 2283 dicens
2998 2244 3011 2280 :
3044 2226 3308 2291 Quoniam
3334 2227 3387 2281 in
3404 2227 3518 2299 ipso
3540 2228 3854 2283 conditasqu

2282 2321 2458 2377 omnia
2478 2323 2533 2375 in
2551 2320 2693 2377 caelis
2717 2331 2766 2376 et
2786 2322 2840 2375 in
2861 2332 2999 2377 terra
3028 2319 3248 2394 (Coloss.
3280 2337 3322 2390 ι,
3358 2321 3471 2394 16).
3510 2322 3672 2379 Vides
3695 2320 3855 2376 omnia

2281 2416 2350 2472 de
2375 2416 2463 2471 bis
2490 2415 2657 2481 dicta,
2699 2431 2821 2487 quae
2859 2417 2946 2472 vel
2989 2417 3047 2471 in
3085 2416 3241 2472 cmlis
3285 2425 3436 2482 sunt,
3466 2417 3555 2472 vel
3601 2416 3659 2471 in
3700 2428 3852 2479 terra;

2280 2520 2409 2564 sunt
2437 2510 2584 2565 enim
2607 2510 2661 2563 in
2688 2509 2841 2566 caelis
2861 2509 3025 2565 etiam
3052 2509 3375 2576 invisibilia,
3401 2526 3528 2581 quae
3559 2511 3705 2565 facta
3729 2521 3852 2566 sunt.

2354 2604 2444 2659 51.
2487 2602 2692 2658 Tamen
2732 2618 2803 2658 ne
2851 2603 2938 2658 cui
2980 2611 3125 2658 esset
3162 2603 3525 2674 incognitum,
3562 2604 3771 2659 addidit
3804 2603 3856 2657 de

2278 2697 2477 2767 quibus
2500 2697 2738 2752 diceret:
2761 2696 2882 2752 Sive
2913 2696 3095 2765 Sedes,
3118 2698 3313 2767 inquit,
3340 2698 3445 2753 siue
3462 2697 3854 2763 nominationes,

2279 2792 2384 2847 sive
2418 2789 2770 2863 Principium,
2800 2791 2906 2847 sive
2926 2790 3241 2857 Potestates,
3271 2794 3449 2855 omnia
3478 2810 3573 2865 per
3602 2795 3795 2862 ipsum,
3816 2802 3855 2845 et

2277 2883 2331 2936 in
2361 2884 2473 2951 ipso
2500 2893 2673 2938 creata
2702 2892 2840 2948 sunt,
2870 2893 2919 2938 et
2958 2885 3071 2953 ipse
3108 2894 3183 2939 est
3225 2894 3345 2940 ante
3382 2901 3584 2954 cuna,
3621 2899 3673 2942 et
3710 2888 3855 2942 omnia

2277 2974 2331 3028 in
2366 2976 2481 3045 ipso
2520 2983 2752 3029 constant
2786 2972 2980 3048 (Ibid.,
3014 2973 3099 3039 16,
3132 2974 3248 3046 17).
3291 2973 3566 3048 Numquid
3610 2993 3744 3046 ergo
3786 2977 3854 3030 hic
3914 2994 3915 3059 ἐ

2277 3068 2420 3125 inter
2441 3078 2721 3141 creaturas
2739 3068 3001 3135 Spiritum
3024 3076 3271 3135 sanctum
3292 3069 3749 3141 comprehendit?
3767 3072 3855 3125 Aut
3914 3072 3915 3135 ξ

2279 3176 2402 3217 cum
2456 3160 2585 3217 dicit
2631 3170 2761 3217 ante
2789 3168 2983 3218 omnes
3025 3176 3148 3218 esse
3199 3162 3295 3219 Dei
3344 3161 3567 3228 Filium,
3615 3161 3853 3234 numquid
3914 3190 3915 3201 ι

2277 3263 2402 3309 ante
2428 3255 2642 3311 Patrem
2670 3254 2877 3311 dixisse
2917 3255 3270 3312 aestimandus
3316 3257 3444 3311 est?
3485 3257 3606 3314 Non
3659 3258 3851 3330 ﬁlique;

2278 3361 2401 3403 nam
2434 3346 2575 3401 sicut
2613 3346 2700 3403 hic
2729 3345 2838 3423 'per
2868 3346 3069 3413 Filium
3107 3346 3239 3403 dicit
3286 3349 3469 3409 omnia
3506 3358 3694 3406 creata
3731 3365 3851 3411 esse.

2275 3449 2328 3495 et
2348 3438 2400 3493 in
2432 3439 2550 3508 ipso
2578 3440 2763 3497 omnia
2791 3450 3041 3497 constare
3061 3441 3340 3497 caelestia:
3363 3442 3438 3497 ita
3466 3443 3637 3498 etiam
3663 3447 3716 3501 in
3754 3442 3853 3512 Spio
3914 3444 3915 3469 ³

2275 3531 2381 3588 ritu
2412 3540 2604 3587 sancto
2635 3532 2779 3589 vires
2808 3532 3012 3589 habere
3056 3533 3308 3589 universa
3350 3534 3598 3591 celestis
3640 3534 3852 3591 dubitari

2275 3642 2382 3699 non
2412 3635 2609 3697 potest,
2638 3627 2858 3699 quando
2898 3628 3099 3693 lectum
3134 3636 3257 3683 est:
3294 3626 3461 3682 Verbo
3502 3628 3718 3705 Domini
3761 3628 3851 3682 cali

2276 3722 2471 3785 ﬁrmati
2496 3730 2638 3788 sunt,
2674 3729 2722 3776 et
2751 3720 2954 3790 Spiritu
2991 3721 3095 3774 oris
3130 3723 3249 3793 ejus
3282 3722 3452 3776 omnis
3490 3723 3656 3785 virtus
3702 3736 3851 3778 eorum

2276 3810 2452 3883 (Psal.
2485 3828 2655 3878 xxxn,
2685 3811 2765 3883 6).
2794 3811 2970 3882 Super
3009 3812 3189 3866 omnia
3231 3822 3310 3868 est
3338 3814 3532 3884 igitur,
3560 3814 3634 3869 de
3662 3829 3764 3886 quo
3785 3820 3850 3868 est

2275 3907 2453 3960 omnis
2495 3906 2801 3961 caelestium
2845 3914 2900 3961 et
2949 3906 3290 3961 terrestrium
3322 3907 3514 3961 virtus.
3561 3907 3670 3974 Qui
3713 3908 3851 3979 igitur

2273 4014 2441 4069 super
2472 4000 2654 4055 omnia
2682 4007 2790 4066 est,
2817 3998 3005 4069 utique
3032 4014 3139 4055 non
3167 3999 3377 4071 servit:
3406 4003 3501 4073 qui
3531 4015 3640 4056 non
3680 3998 3845 4063 servit,

2273 4092 2417 4147 liber
2437 4101 2521 4146 cst
2545 4109 2558 4144 :
2585 4092 2676 4163 qui
2704 4091 2842 4147 liber
2869 4101 2976 4158 est,
3004 4092 3164 4148 habet
3188 4092 3310 4161 jura
3334 4093 3671 4150 dominatus.

2346 4185 2435 4239 52.
2483 4183 2592 4240 iloc
2631 4185 2676 4240 si
2718 4199 2747 4239 a
2795 4185 3061 4256 principio
3097 4184 3367 4267 dicerem,
3405 4196 3719 4259 negaretur.
3757 4185 3847 4241 Sed

2274 4278 2733 4349 quemadmodum
2768 4278 2847 4335 illi
2887 4280 3101 4335 minora
3143 4289 3365 4349 negant,
3392 4297 3463 4337 ne
3501 4282 3706 4354 majora
3741 4294 3847 4334 cre-

2274 4370 2473 4429 dantur
2498 4389 2510 4424 :
2540 4372 2610 4425 ita
2639 4378 2694 4427 et
2719 4384 2818 4427 nos
2845 4371 3055 4429 minora
3093 4372 3512 4441 praemittamus,
3541 4383 3601 4430 ut
3625 4380 3714 4429 aut
3738 4386 3845 4442 per-

2276 4462 2459 4519 ﬁdiam
2488 4479 2641 4517 suam
2669 4463 2833 4517 etiam
2867 4463 2922 4518 in
2963 4464 3265 4522 minoribus
3298 4465 3567 4535 prodant;
3595 4476 3685 4523 aut
3708 4467 3750 4521 si
3777 4463 3847 4517 vel

561 4561 647 4611 est
693 4566 822 4622 ergo
860 4549 1020 4616 Filii,
1045 4549 1304 4618 Spiritus.
1338 4549 1443 4617 Qui
1486 4529 1641 4605 testis
1676 4529 1813 4619 est,
1855 4529 2008 4611 novit
2048 4569 2167 4610 om-
2192 4529 2244 4590 D
2271 4557 2575 4613 minoribus
2614 4546 2985 4625 Consentium,
3018 4557 3223 4629 majora
3256 4529 3327 4617 de
3371 4529 3677 4618 minoribus
3710 4557 3848 4615 colli—

561 4649 674 4712 nia,
707 4646 849 4701 sicut
881 4645 1024 4699 Deus
1046 4645 1206 4700 Pater
1230 4644 1385 4700 testis
1413 4654 1519 4701 est.
1550 4645 1654 4702 Sic
1684 4647 1832 4707 enim
1885 4647 2052 4706 habes
2111 4652 2164 4707 in

558 4736 982 4809 posterioribus,
1010 4737 1137 4807 quia
1166 4736 1484 4793 conﬁrmata
1514 4748 1596 4794 est
1622 4740 1768 4795 salus
1795 4750 2005 4810 nostra,
2060 4753 2168 4799 tes-

560 4832 804 4888 tiﬁcante
854 4831 967 4890 Deo
989 4874 1002 4894 ,
1032 4831 1201 4903 signis
1229 4848 1442 4904 quoque
1472 4844 1525 4897 et
1563 4834 1824 4907 prodigiis
1846 4876 1861 4901 ,
1905 4847 1958 4891 et
2001 4822 2170 4893 variis

560 4926 945 4991 virtutibus,et
966 4923 1200 4994 Spiritus
1223 4927 1396 4981 sancti
1414 4925 1773 4982 divisionibus
1791 4926 1979 4997 (Hebr.
1998 4944 2055 4996 tt,
2083 4928 2120 4984 4
2148 4972 2163 4997 ,

559 5022 637 5093 5).
685 5021 786 5089 Qui
817 5020 1011 5077 dividit
1036 5020 1180 5092 quod
1210 5021 1325 5075 vult
1359 5063 1373 5087 ,
1405 5022 1593 5091 utique
1621 5036 1786 5093 supra
1817 5024 2027 5088 omnia,
2056 5038 2165 5080 non

566 5115 717 5175 inter
772 5116 955 5170 omnia
996 5124 1109 5181 est;
1142 5114 1385 5171 dividere
1427 5116 1572 5171 enim
1609 5119 1914 5187 operatoris
1956 5118 2163 5190 gratia,

563 5225 673 5265 non
704 5209 888 5281 operis
915 5217 999 5263 est
1036 5208 1297 5263 materies
1324 5209 1367 5280 (l
1394 5207 1515 5265 Cor.
1540 5225 1637 5277 ιιι,
1670 5212 1784 5277 11).

636 5303 727 5359 49.
768 5302 826 5359 Si
859 5316 1023 5393 supra
1055 5301 1236 5357 omnia
1268 5301 1470 5365 Filius,
1502 5316 1602 5372 per
1639 5317 1799 5373 quem
1833 5303 2048 5360 initium
2080 5322 2166 5361 sa-

565 5403 568 5407 ’
634 5421 659 5486 ξι
698 5411 1112 5486 Quidam_tuss.,
1136 5410 1525 5480 baptizabimini
1550 5430 1582 5467 α
1613 5413 1818 5486 Spiritu
1864 5427 2063 5471 sancto.

633 5483 660 5522 δ
699 5483 861 5541 Rom.
887 5482 1045 5556 edit.,
1071 5483 1128 5541 in
1152 5499 1255 5536 uno
1272 5501 1526 5556 corpore,
1562 5486 1615 5539 in
1648 5482 1747 5540 uno
1773 5486 1978 5556 Spiritu
2001 5505 2020 5542 :
2044 5499 2155 5547 vet.

559 5562 742 5617 autem
769 5570 805 5625 ar
821 5568 953 5609 mss.
987 5554 1090 5609 hoc
1115 5569 1224 5609 uno
1253 5555 1584 5625 discrepant,
1610 5556 1753 5624 quod
1782 5554 2002 5619 habent.
2028 5575 2152 5616 cum

2268 4664 2479 4720 gamus.

2340 4745 2431 4800 55,
2477 4745 2748 4811 Arbitror,
2785 4745 3227 4802 clementissime
3286 4748 3606 4817 imperator,
3658 4748 3844 4818 plenis-

2267 4837 2404 4891 sime
2427 4836 2732 4892 confutatos
2766 4851 2882 4907 eos,
2929 4838 3019 4909 qui
3052 4838 3251 4901 audent
3292 4838 3433 4895 inter
3480 4841 3659 4896 Omnia
3703 4838 3843 4911 6n

2270 4929 2528 4998 Spiritum
2558 4939 2802 4986 sanctum
2840 4940 3177 5000 computare.
3209 4930 3317 4988 Sed
3362 4941 3548 4995 tamen
3588 4944 3647 4990 ut
3691 4935 3845 4989 sciant

2269 5036 2329 5076 se
2357 5038 2462 5077 non
2493 5031 2702 5077 tantum
2726 5022 3055 5092 Apostolicis
3076 5023 3418 5087 testimoniis.
3446 5026 3542 5082 sed
3572 5027 3730 5082 etiam
3749 5024 3842 5078 Do-
3914 5084 3915 5097 χ

2270 5116 2482 5171 minicis
2537 5117 2859 5190 pernrgcri;
2912 5116 3188 5187 quomodo
3233 5118 3436 5175 audent
3486 5120 3634 5197 inter
3678 5119 3840 5175 omnia

2270 5224 2559 5266 numerare
2598 5210 2859 5280 Spiritum
2894 5220 3167 5279 sanctum,
3209 5213 3431 5282 quando
3461 5216 3581 5287 ipse
3602 5216 3840 5273 Dominus

2268 5302 2407 5379 disit
2429 5319 2447 5358 :
2472 5303 2572 5368 Qui
2602 5303 3030 5376 blasphemauerit
3058 5304 3114 5358 in
3142 5304 3341 5360 Filium
3360 5308 3604 5376 unum,
3636 5309 3837 5363 remitte-

2263 5416 2661 5473 emendandum
2696 5418 2922 5487 putavit,
2957 5436 3117 5475 unum
3147 5437 3355 5487 corpus.

2336 5500 2356 5525 θ
2401 5488 2558 5544 Rotn.
2588 5489 2720 5545 edit.
2750 5489 2885 5555 sola,
2918 5488 3005 5545 Ea:
3026 5490 3186 5546 Patre
3212 5493 3403 5548 omnia.
3434 5494 3577 5551 Infra
3605 5511 3732 5555 vero
3757 5495 3833 5550 ubi

2260 5573 2360 5615 nos
2386 5576 2451 5615 ex
2476 5575 2606 5637 tuss.
2644 5560 2887 5637 melioris
2926 5572 3176 5637 notatLet
3210 5562 3295 5637 ubi
3320 5565 3632 5637 Apostolus;
3666 5567 3751 5622 alii
3789 5573 3835 5621 et

560 5625 750 5706 eadem
794 5624 978 5689 Rom.,
1016 5625 1071 5706 in
1107 5624 1470 5706 ttrto_Spiritu.
1501 5627 1721 5706 Graecus
1763 5635 1943 5706 textus
1980 5632 2031 5685 ἐν
2075 5633 2150 5688 ἑνὶ
2255 5644 2445 5706 omnes
2468 5630 2600 5685 edit.
2628 5628 2945 5706 pigeferttnt,
2977 5644 3025 5689 et
3054 5624 3127 5688 ibi
3151 5635 3277 5704 quia
3306 5624 3700 5706 Apstolus,etc.

561 5700 839 5768 «patipati.
874 5734 887 5747 .
913 5735 925 5747 .
951 5732 963 5747 .
997 5698 1068 5754 ei;
1099 5696 1147 5748 ἐν
1170 5704 1328 5768 acino:
1350 5698 1751 5768 ἐϐαᾶττίσθημεν.
1783 5697 1993 5755 Rursus
2020 5717 2149 5758 vero

561 5763 647 5817 ubi
690 5763 818 5816 inss.
865 5774 918 5817 et
965 5774 1071 5818 vet.
1118 5763 1264 5819 edit.‘
1294 5765 1499 5823 habent
1546 5763 1709 5822 unum
1766 5785 1929 5841 Opus;
1981 5771 2141 5829 Rom.

2324 5698 2355 5779 εξ.
2391 5704 2597 5771 Omnes
2629 5698 2784 5768 δάιε..
2818 5702 3002 5775 Angeli
3041 5698 3183 5779 ejus}
3226 5698 3418 5765 (nubes
3459 5698 3611 5776 mss"
3664 5707 3827 5779 Angrli

2253 5772 2368 5829 Dei.
