3956 6170
129 259 214 314 72!

126 378 246 433 enim
268 374 418 431 Filius
443 372 598 427 datus
623 413 638 436 ,
667 369 734 426 de
757 383 863 440 quo
893 369 1157 440 scriptum
1185 378 1268 424 est
1294 385 1308 422 :
1343 367 1484 423 Puer
1506 377 1657 423 natus
1685 373 1738 430 Α

123 479 202 535 est,
221 468 342 537 [ilius
365 466 506 519 datus
525 475 597 519 est
612 462 752 518 nobis
769 461 942 534 (Esai.
967 461 1128 532 13,6),
1153 461 1276 515 data
1305 468 1390 514 est
1409 470 1464 515 et
1485 461 1658 532 gratia

122 557 400 631 spiritualis.
431 555 565 625 Quid
597 564 775 610 autem
804 554 996 609 dubito
1029 553 1213 609 dicere
1240 555 1360 624 quia
1392 552 1550 607 datus
1577 563 1660 608 est

122 663 166 708 et
185 651 394 721 Spiritus
419 659 656 713 Sanctus,
682 649 1091 718 cum'scriptum
1115 650 1186 702 sit
1217 666 1228 700 :
1252 657 1277 684 ⁸
1300 647 1539 702 Charitas
1567 646 1661 702 Dei

121 745 258 812 e/Tusa
283 753 348 798 est
387 743 437 795 in
474 739 715 795 cordibus
743 743 933 794 nostris
961 757 1052 810 per
1083 740 1345 810 Spiritum
1379 749 1617 793 sanctum
1642 781 1658 805 ,

121 841 192 907 qui
215 839 350 891 datus
367 845 438 890 est
457 834 598 889 nobis
622 834 802 905 (Rom.
830 849 885 898 v,
906 835 982 904 5).
1003 833 1173 902 Quem
1199 835 1385 904 utique
1405 833 1659 903 quoniam

121 945 307 1004 pectora
338 930 572 1000 recipere
598 928 814 998 captiva
855 944 964 983 non
992 937 1268 998 poterant,
1300 927 1448 998 prius
1479 928 1664 982 Domi-

122 1041 203 1080 uus
225 1024 369 1080 Jesus
387 1023 648 1093 captivam
679 1021 835 1076 duxit
864 1023 1267 1091 captivitatem;
1298 1030 1356 1075 ut
1378 1021 1564 1076 liberis
1586 1021 1663 1074 af-

122 1115 312 1170 fectibus
331 1114 511 1185 gratia:
534 1112 731 1168 divina:
765 1128 960 1168 munus
985 1113 1316 1169 ell'underet.

177 1209 250 1263 67.
284 1207 501 1263 Pulchre
543 1214 726 1261 autem
769 1204 943 1260 dixit:
987 1203 1256 1277 Captivam
1297 1205 1663 1275 captivitatem.

123 1300 290 1355 Christi
319 1299 459 1355 enim
489 1297 714 1353 victoria
743 1339 758 1362 ,
803 1297 1033 1352 victoria
1066 1296 1336 1352 libertatis
1378 1305 1464 1352 est
1484 1338 1499 1361 ,
1546 1311 1666 1366 quae

126 1406 279 1446 omnes
320 1389 500 1461 gratia:
541 1388 839 1445 vindicavit
864 1431 879 1453 ,
908 1389 1116 1443 nullum
1141 1389 1401 1443 astrinxit
1431 1387 1665 1456 injurizc.

129 1482 303 1553 Ergoin
328 1482 556 1536 omnium
587 1481 937 1537 absolutione
959 1497 1122 1537 nemo
1161 1483 1409 1552 captivus
1437 1491 1541 1536 est.
1601 1481 1666 1535 Et

129 1578 224 1645 quia
250 1576 530 1632 Dominicae
580 1586 826 1646 tempore
867 1575 1136 1647 passionis
1165 1575 1190 1613 ι)
1221 1576 1335 1630 sola
1367 1575 1669 1630 feriabatnr

129 1668 303 1737 injuria,
330 1683 444 1738 quae
469 1669 714 1738 captivos
735 1683 928 1724 omnes
955 1668 1223 1723 amiserat
1253 1681 1390 1738 quos
1423 1666 1664 1730 tenebat;

129 1762 167 1814 in
186 1775 232 1815 se
260 1775 532 1816 recurrens
562 1761 773 1831 captiva
799 1759 936 1814 facta
959 1769 1044 1816 est
1067 1760 1183 1828 ipsa
1215 1759 1522 1829 captivitas,
1549 1758 1660 1826 jam
1692 1750 1741 1810 B

132 1868 210 1907 non
230 1853 381 1910 Belial
404 1853 616 1910 addiCIa
637 1895 652 1919 ,
677 1854 772 1909 sed
800 1852 1022 1910 Christo
1043 1896 1059 1920 ,
1089 1855 1176 1908 cui
1205 1853 1415 1910 servire
1443 1853 1665 1909 libertas

130 1957 206 2000 est.
235 1945 322 2014 Qui
348 1947 490 2002 enim
510 1947 564 2001 in
590 1945 822 2001 Domino
847 1955 1074 2002 vocatus
1105 1953 1190 2003 est
1209 1960 1404 2001 servus
1439 1957 1459 1983 ο
1492 1945 1659 2001 liber-

132 2046 196 2091 tus
217 2048 290 2094 est
317 2038 521 2093 Domini
548 2037 593 2107 (l
626 2038 748 2092 Cor.
778 2054 870 2106 vn,
903 2037 1018 2108 22).

181 2129 254 2186 68.
279 2129 376 2186 Sed
401 2140 458 2184 ut
485 2130 552 2184 ad
587 2131 862 2200 praposita
892 2138 1233 2185 revertamur
1267 2148 1280 2184 :
1314 2128 1504 2184 Omnes
1531 2171 1545 2196 ,
1587 2129 1669 2184 in-

130 2227 232 2290 quit,
259 2224 644 2290 declinaverunt,
688 2223 847 2277 simul
877 2223 1084 2277 inutiles
1115 2223 1243 2293 [acti
1270 2233 1388 2276 sunt
1412 2241 1431 2289 ;
1458 2240 1561 2277 non
1597 2233 1670 2278 est

128 2317 194 2385 qui
211 2317 347 2385 faciat
359 2317 563 2383 bonum,
586 2325 784 2371 nonest
807 2333 963 2386 usque
977 2318 1045 2370 ad
1068 2315 1414 2388 unum(Psal.
1445 2331 1562 2383 xm,
1588 2319 1666 2386 5).

128 2406 169 2460 Si
197 2409 444 2478 excipiunt
469 2407 738 2479 Spiritum
769 2418 1044 2476 sanctum,
1090 2411 1254 2463 etiam
1283 2409 1386 2479 ipsi
1410 2424 1532 2463 eum
1560 2422 1670 2463 nou

127 2516 220 2556 esse
239 2503 362 2558 inter
379 2504 558 2559 omnia
588 2501 921 2558 conﬁtentur
955 2520 968 2557 :
997 2504 1043 2558 si
1073 2518 1179 2558 non
1208 2502 1517 2573 excipiunt,
1541 2516 1672 2573 ergo

127 2603 171 2648 et
192 2596 339 2664 ipsum
368 2598 506 2653 inter
533 2612 728 2654 omnes
751 2596 1054 2653 declinasse
1078 2596 1370 2652 fateantur.

181 2690 253 2746 (i9.
278 2691 371 2747 Sed
399 2692 686 2748 videamus
716 2701 895 2747 utrum
926 2691 1224 2747 bonitatem
1270 2691 1498 2758 habeat,
1547 2705 1670 2746 cum

127 2781 220 2836 lous
255 2785 317 2838 sit
357 2785 794 2857 principiumque
832 2785 1116 2840 bonitatis.
1162 2784 1297 2839 Nam
1328 2785 1472 2840 sicut
1507 2783 1671 2857 615

127 2875 257 2934 Pater
274 2878 548 2935 bonitatem
584 2879 749 2935 habet
773 2890 824 2934 et
848 2879 1039 2945 Filius,
1076 2879 1148 2933 ita
1178 2878 1342 2934 etiam
1374 2877 1673 2933 bonitatem

129 2968 258 3026 habet
276 2984 324 3028 et
345 2973 578 3044 Spiritus
604 2982 849 3028 sanctus.
876 2972 1030 3040 Quod
1054 2972 1218 3028 etiam
1258 2973 1553 3042 Apostolus
1578 2973 1676 3027 do-

130 3061 397 3122 cuitdicens
432 3085 444 3121 :
508 3065 746 3120 Fructus
780 3075 952 3119 autem
979 3066 1212 3136 Spiritus
1258 3083 1384 3134 pax,
1422 3066 1670 3134 charitas,

132 3155 331 3219 gaudium
352 3198 366 3222 ,
395 3157 650 3228 patientia
674 3197 690 3221 ,
721 3156 922 3211 bonitas
953 3156 1155 3228 (Galat.
1177 3173 1232 3219 v,
1264 3155 1380 3227 22).
1410 3156 1544 3223 Quis
1580 3173 1674 3213 au-
1703 3144 1748 3207 C

132 3252 214 3299 tem
235 3245 426 3304 dubitat
453 3248 604 3320 quod
630 3247 806 3303 bonus
834 3248 904 3302 sit
934 3289 948 3314 ,
990 3247 1146 3318 cujus
1176 3247 1385 3303 tructus
1415 3257 1500 3303 est
1526 3247 1682 3302 boni-

132 3337 402 3394 las?Arbor
445 3340 594 3396 enim
650 3339 782 3393 bona
835 3339 992 3393 bonos
1037 3342 1236 3409 [ructus
1286 3339 1413 3410 facit
1459 3337 1676 3410 (Matth.

132 3441 211 3494 ru,
256 3431 356 3502 l7).
1417 3429 1423 3437 '

185 3525 256 3579 70.
282 3526 454 3600 itaque
499 3529 546 3585 si
578 3529 759 3584 bonus
798 3527 976 3590 Deus,
1024 3526 1298 3598 quomodo
1348 3543 1454 3581 non
1503 3526 1682 3582 bonus

133 3618 198 3684 qui
225 3620 321 3675 oris
342 3622 455 3692 ejus
487 3632 570 3678 est
605 3621 841 3690 Spiritus
871 3617 1048 3690 (Psal.
1072 3635 1242 3684 χχχιι,
1274 3619 1354 3689 6),
1409 3619 1496 3688 qui
1531 3633 1683 3672 scru-

133 3718 247 3766 tatur
270 3715 417 3770 etiam
446 3715 555 3770 alta
588 3713 688 3768 Dei
716 3711 780 3783 (l
809 3711 930 3766 Cor.
964 3727 1034 3777 ll,
1068 3711 1134 3765 10
1157 3711 1218 3779 )?
1250 3711 1331 3765 Att
1365 3711 1416 3765 in
1449 3711 1554 3764 alta
1585 3710 1684 3764 Dei

135 3797 393 3877 dcontagio
422 3808 547 3863 mali
577 3806 755 3878 possit
783 3804 1026 3860 intrare?
1055 3803 1211 3859 Unde
1237 3813 1290 3858 et
1316 3803 1448 3857 illud
1482 3803 1685 3856 intelli-

135 3895 274 3964 gitur,
315 3913 470 3970 quam
497 3907 752 3954 amentes
779 3897 928 3960 sint,
976 3897 1070 3966 qui
1119 3896 1319 3950 bonum
1363 3894 1561 3948 Filium
1590 3893 1684 3949 Dei

133 3985 372 4060 abnegant,
404 4006 527 4047 cum
559 3993 764 4046 bonum
807 3989 1068 4058 Spiritum
1098 3987 1302 4042 Christi
1344 4000 1542 4055 negare
1575 4000 1683 4039 non

136 4082 338 4148 possint;
382 4083 448 4140 de
493 4099 606 4153 quo
649 4083 724 4136 ait
751 4081 847 4138 Dei
879 4080 1047 4136 Filius
1083 4098 1094 4132 :
1146 4077 1431 4148 Propterea
1465 4077 1595 4138 dixi,
1625 4075 1690 4129 de

137 4186 222 4226 meo
244 4177 441 4249 accipiet
471 4176 658 4250 (Joan.
691 4191 805 4239 xvt,
839 4175 955 4246 l5)-

191 4267 264 4323 Ἠ.
287 4270 362 4326 An
387 4287 491 4327 non
523 4273 704 4326 bonus
734 4269 990 4339 Spiritus,
1013 4267 1108 4339 qui
1136 4267 1310 4320 bonos
1336 4264 1403 4320 de
1436 4264 1689 4336 pessimis

140 4357 251 4429 facit,
275 4377 543 4435 peccatum
575 4365 783 4430 abolet,
811 4363 1012 4418 malum
1042 4361 1186 4417 delet
1213 4401 1228 4424 ,
1258 4360 1469 4415 crimen
1497 4359 1689 4414 exclu-

139 4451 220 4519 dit,
248 4456 430 4513 bonum
461 4474 663 4514 munus
691 4454 922 4510 infundit
949 4495 963 4518 ,
991 4454 1058 4508 de
1087 4451 1532 4523 persecutoribus
1561 4466 1690 4521 apo-

1224 251 1312 308 DE
1349 249 1617 308 SPIRITU
1659 250 1928 308 SANCTO
1967 250 2098 306 LIB.
2141 252 2180 306 1.

3255 227 3359 306 72's

1761 367 1924 423 ritum
1951 368 2214 438 scriptum
2239 384 2256 434 ;
2287 368 2427 425 dixit
2454 369 2598 425 enim
2630 369 2796 425 David
2823 387 2835 423 :
2870 368 3099 440 Spiritus
3128 378 3247 423 tuus
3272 367 3363 422 bo-

1763 478 1858 515 nus
1886 461 2101 515 deducet
2122 477 2203 514 me
2227 462 2279 515 in
2304 461 2440 516 viam
2464 473 2658 517 rectam
2681 461 2854 533 (Psal.
2879 477 3044 527 cxut,
3077 458 3190 532 10).
3220 458 3361 527 Quid

1761 565 1845 610 est
1885 556 2032 610 enim
2062 554 2300 624 Spiritus
2328 596 2343 620 ,
2387 556 2491 612 nisi
2537 556 2726 624 plenus
2757 554 3062 610 bonitatis?
3103 555 3203 622 Qui
3234 568 3360 608 cum

1763 648 1833 703 sit
1861 647 2253 703 inaccessibilis
2285 656 2478 702 natura
2503 689 2518 713 ,
2550 648 2884 718 reet-ptibilis
2915 657 3096 702 tamen
3141 655 3364 717 propter

1764 740 2059 795 bonitatem
2090 755 2242 794 suam
2273 740 2431 796 nobis
2477 752 2582 806 est,
2617 742 2899 811 complens
2927 740 3127 794 virtute
3155 740 3361 806 omnia,

1765 833 1861 889 sed
1892 833 1980 903 qui
2009 833 2142 888 solis
2171 834 2527 904 participetur
2552 833 2736 902 justis,
2769 832 2996 901 simplex
3026 832 3360 898 substantia,

1766 927 2057 995 apuleutus
2086 927 2377 982 virtutibus
2410 969 2424 993 ,
2482 926 2772 996 unicuique
2804 939 3045 996 praesens
3073 966 3088 990 ,
3112 924 3365 979 dividens

1767 1019 1834 1075 tle
1856 1036 1955 1075 suo
1986 1021 2237 1092 singulis,
2269 1030 2324 1075 et
2349 1020 2548 1091 ubique
2581 1028 2745 1075 totus.

1841 1115 1928 1168 75.
1961 1115 2260 1186 Meritoque
2290 1114 2456 1169 Filius
2488 1115 2584 1170 Dei
2615 1115 2785 1170 dixit:
2818 1113 2922 1179 Ite,
2956 1115 3209 1182 baptizata
3239 1130 3366 1186 gen-

1769 1219 1840 1262 tes
1868 1212 1919 1262 in
1949 1210 2152 1263 nomine
2176 1207 2355 1262 Patris
2384 1220 2430 1262 ct
2457 1206 2586 1262 Filii
2614 1220 2660 1262 et
2701 1209 2934 1277 Spiritus
2957 1209 3123 1262 sancti
3144 1207 3363 1280 (Matth.

1772 1317 1949 1356 xxvnt
1975 1343 1988 1362 .
2022 1303 2109 1361 19)
2133 1343 2146 1361 .
2176 1318 2282 1355 non
2310 1301 2632 1371 dedignatus
2663 1301 2897 1371 Spiritus
2928 1301 3100 1356 sancti
3133 1300 3366 1355 societa—

1772 1403 1899 1448 tem.
1928 1395 2035 1448 Cur
2067 1393 2228 1463 igitur
2257 1408 2397 1447 nunc
2425 1409 2585 1463 quem
2615 1394 2876 1448 Dominus
2904 1409 3012 1447 non
3041 1393 3366 1463 dedignatus

1769 1489 1930 1543 estin
1965 1487 2306 1558 baptismatis
2329 1496 2697 1552 sacramento,
2731 1487 2957 1542 moleste
2987 1487 3169 1542 ferunt
3193 1486 3363 1555 aliqui

1772 1580 1916 1636 Patri
1947 1579 2030 1636 vel
2063 1579 2200 1634 Filio
2227 1578 2487 1648 Spiritum
2521 1589 2702 1634 nostra
2729 1579 3017 1634 devmione
3041 1579 3332 1648 conjungi?

1845 1672 1935 1727 74.
1961 1672 2143 1726 Bonus
2173 1686 2305 1742 ergo
2331 1671 2572 1740 Spiritus
2599 1689 2611 1724 :
2646 1672 2818 1725 bonus
2844 1682 3050 1735 autem,
3078 1684 3190 1724 non
3216 1669 3374 1739 quasi

1770 1765 2102 1834 acquirens,
2148 1763 2242 1818 sed
2294 1763 2448 1833 quasi
2500 1763 2820 1832 impertiens
2866 1762 3194 1818 bonitatem.
3254 1759 3372 1815 Non

1773 1857 1916 1911 enim
1945 1857 2140 1926 accipit
2168 1873 2196 1910 a
2229 1857 2494 1911 creaturis
2519 1897 2533 1919 ,
2567 1856 2660 1910 sed
2693 1856 2956 1925 accipitur
2982 1855 3223 1926 Spiritus
3244 1870 3372 1910 san-

1771 1959 1892 2006 ctus
1923 1968 1936 2004 :
1967 1950 2106 2004 sicut
2137 1965 2242 2003 non
2283 1948 2652 2004 sanctiﬁcatur
2679 1991 2692 2013 ,
2741 1949 2836 2002 sed
2883 1948 2999 2017 ipse
3024 1947 3369 2012 sanctiﬁcat;

1773 2054 2021 2100 creatura
2054 2045 2198 2098 enim
2227 2043 2618 2109 sanetiticatur,
2652 2042 2952 2100 sanctiﬁcat
2978 2052 3160 2098 autem
3200 2040 3375 2111 Spiri-

1776 2146 1861 2192 tus
1898 2146 2136 2191 sanctus.
2169 2135 2224 2189 ln
2255 2150 2364 2206 quo
2392 2135 2520 2189 licet
2545 2133 2695 2188 verbi
2727 2133 3041 2188 communio
3063 2175 3078 2200 ,
3107 2131 3372 2188 discretio

1776 2239 1954 2286 tamen
1987 2239 2194 2284 natura:
2217 2236 2319 2283 est.
2342 2227 2573 2283 Sanctus
2603 2226 2746 2282 enim
2779 2225 2984 2280 dicitur
3012 2234 3068 2280 et
3095 2225 3258 2280 homo
3277 2225 3370 2293 qui

1775 2327 1993 2398 accipit,
2023 2335 2078 2381 et
2108 2324 2251 2380 Deus
2289 2324 2378 2394 qui
2421 2322 2611 2376 tribuit
2637 2323 2980 2375 sanctitatem
3016 2336 3029 2384 ;
3071 2319 3196 2388 quia
3229 2318 3370 2387 legi-

1776 2434 1895 2474 mus
1921 2437 1932 2472 :
1967 2418 2142 2472 Estote
2155 2417 2340 2478 sancti,
2363 2415 2610 2484 quoniam
2637 2424 2683 2467 et
2710 2429 2802 2482 ego
2829 2422 3038 2465 sanctus
3055 2426 3167 2464 sum
3185 2407 3371 2481 (Levit.

1778 2529 1864 2567 χιχ
1892 2554 1908 2579 ,
1937 2511 2030 2581 2).
2080 2509 2196 2565 Νοη
2229 2523 2358 2578 ergo
2385 2515 2562 2577 potest
2590 2504 2952 2560 sanctiﬁcatio
2980 2511 3036 2558 et
3062 2499 3374 2570 corruptela

1779 2607 1936 2661 unius
1967 2619 2088 2660 esse
2116 2612 2360 2666 naturae;
2410 2609 2466 2656 et
2496 2599 2620 2654 ideo
2652 2613 2757 2652 non
2803 2604 2982 2664 potest
3002 2594 3172 2666 gratia
3197 2594 3374 2649 sancti

1777 2697 2010 2768 Spiritus
2040 2704 2095 2751 et
2120 2703 2368 2750 creatura
2397 2693 2556 2747 unius
2595 2705 2716 2745 esse
2744 2688 3081 2743 substantiae.

1849 2789 1938 2845 75.
1969 2790 2153 2860 Itaque
2175 2803 2298 2844 cum
2323 2787 2500 2843 omnis
2528 2784 2818 2840 invisibilis
2837 2791 3035 2854 praeter
3052 2781 3374 2836 Trinitatem

1779 2884 1985 2954 reliqua
2015 2890 2204 2937 natura
2227 2920 2241 2944 ,
2269 2879 2428 2950 cujus
2473 2876 2854 2933 rationabilem
2895 2886 2952 2930 et
2994 2874 3375 2942 incorporeum

1777 2977 1896 3047 jure
1925 2974 2144 3046 quidam
2172 2970 2527 3028 substantiam
2548 2975 2763 3040 putant,
2788 2977 2813 3014 ες
2838 2980 2944 3021 non
2968 2962 3244 3033 impertiat
3265 2960 3380 3030 Spi-

1780 3067 1992 3123 ritalem
2022 3067 2248 3138 gratiam
2278 3107 2292 3129 ,
2325 3062 2421 3118 scd
2455 3061 2698 3130 ﬂC'jllll'al
2734 3080 2744 3112 :
2797 3073 2898 3113 nec
2930 3055 3250 3126 participet,
3280 3053 3379 3108 sed

1782 3167 2022 3229 assumat
2055 3175 2069 3224 ;
2121 3153 2417 3227 separanda
2445 3153 2631 3223 utique
2658 3161 2741 3207 est
2767 3167 2797 3205 a
2828 3150 3090 3204 societate
3139 3145 3380 3216 Spiritus

1783 3251 1957 3307 sancti
2005 3249 2366 3304 Communitas
2409 3257 2695 3302 creaturae.
2761 3242 3001 3300 Credant
3042 3241 3205 3312 igitur
3253 3238 3382 3309 quia

1782 3353 2032 3399 creatura
2060 3357 2164 3396 non
2195 3348 2279 3396 est
2304 3339 2543 3407 Spiritus
2572 3346 2830 3392 sanctus:
2862 3343 2956 3387 aut
2986 3335 3029 3387 si
3072 3341 3381 3387 creaturam

1785 3442 1994 3506 putant,
2025 3449 2122 3490 cur
2147 3431 2422 3488 associant
2452 3428 2600 3483 Patri
2625 3428 2648 3482 ?
2689 3427 2746 3482 Si
2771 3436 3078 3480 creaturam
3109 3421 3384 3476 arbitran-

1787 3538 1890 3595 tur,
1926 3542 2022 3580 cur
2046 3525 2184 3581 Filio
2218 3525 2309 3578 Dei
2334 3521 2607 3592 jungunt?
2651 3517 2806 3588 Quod
2837 3518 2882 3572 si
2915 3532 2944 3570 a
2973 3516 3135 3569 Patre
3163 3522 3218 3568 et
3245 3513 3388 3568 Filio

1784 3620 1950 3691 616
1996 3633 2103 3673 non
2135 3616 2454 3673 existimant
2498 3610 2861 3680 separandum
2891 3649 2908 3672 ,
2959 3621 3067 3660 non
3113 3605 3396 3659 aestiment

1787 3721 2130 3770 creaturam;
2179 3710 2303 3779 quia
2357 3707 2444 3762 ubi
2494 3720 2599 3759 una
2628 3702 3023 3765 sanetiﬁcatio,
3075 3713 3181 3753 una
3232 3706 3388 3752 natu-

1790 3820 1846 3858 ra
1877 3812 1978 3858 85L

2405 3888 2632 3945 CAPUT
2676 3888 2766 3943 Vl.

1794 4013 2116 4082 Quamquam
2145 4012 2197 4063 in
2221 4023 2357 4077 aqua
2379 4017 2430 4062 et
2461 4005 2663 4074 Spiritu
2695 4002 3036 4068 baptizamur,
3065 3997 3202 4052 hunc
3220 4008 3386 4053 tamen

1862 4103 1943 4157 illi
1969 4105 2119 4175 longe
2146 4109 2425 4170 praestare;
2467 4106 2616 4166 atque
2649 4095 2778 4150 adeo
2814 4107 2916 4146 non
2955 4091 3332 4161 sejungendum
3356 4105 3390 4144 a

1866 4195 2024 4250 Patre
2055 4203 2102 4249 et
2134 4191 2297 4248 Filio.

1866 4354 1958 4410 76.
1989 4352 2128 4407 Sunt
2153 4361 2330 4407 tamen
2360 4349 2602 4420 plerique
2626 4347 2715 4418 qui
2744 4361 2810 4402 co
2836 4343 2980 4414 quod
3011 4342 3064 4397 in
3090 4355 3227 4412 aqua
3255 4339 3392 4409 bap-

1797 4449 2025 4502 tizamur
2052 4455 2106 4501 et
2136 4444 2379 4514 Spiritu,
2414 4459 2521 4497 non
2557 4449 2743 4512 putent
2772 4453 2928 4508 aqua:
2960 4445 3017 4492 et
3044 4434 3283 4506 Spiritus
3315 4431 3396 4486 di-

142 4546 271 4602 stolos
295 4548 445 4615 iacit,
482 4561 506 4587 ε
535 4551 608 4606 de
649 4547 1030 4618 peccatoribus
1070 4543 1426 4600 sacerdotes?
1473 4541 1646 4596 Eratis
1673 4585 1688 4609 ,
1718 4526 1772 4586 D
1799 4551 1944 4595 stare
1967 4553 2191 4594 munera
2229 4554 2244 4601 ;
2288 4545 2342 4592 et
2373 4535 2494 4590 ideo
2525 4550 2631 4618 non
2664 4538 2854 4603 putant
2881 4529 3086 4584 distare
3116 4535 3391 4618 naturam.

143 4633 295 4706 inquit,
322 4643 603 4713 aliquando
626 4640 867 4704 tenebrat,
903 4652 1036 4691 nunc
1057 4645 1229 4690 autem
1269 4635 1361 4689 lux
1384 4635 1437 4688 in
1469 4633 1691 4690 Domino

144 4727 322 4799 (Ephes.
354 4753 406 4804 v,
433 4738 510 4809 8).

197 4824 268 4880 72.
297 4829 396 4885 Sed
417 4829 549 4901 quid
584 4829 603 4868 ί
635 4825 939 4883 diﬂ'erimus'
967 4838 1062 4879 eos
1087 4824 1110 4877 ?
1138 4821 1273 4878 Nam
1302 4821 1349 4876 si
1390 4821 1555 4876 verba
1582 4819 1700 4876 exi-

142 4929 262 4986 gunt,
289 4937 400 4977 cum
426 4923 568 4979 facta
598 4937 707 4978 non
739 4919 1014 4983 abnuant,
1041 4916 1315 4988 accipiant
1339 4915 1540 4972 bonum
1573 4912 1701 4984 Spi-

197 5111 217 5136 δι
243 5102 356 5160 Mss.
389 5106 620 5172 aliquot,
645 5100 828 5157 Gratia
851 5099 944 5153 Dei
968 5115 986 5154 :
1007 5099 1188 5154 caeteri
1221 5109 1381 5168 atque
1401 5098 1533 5172 edit.
1559 5095 1699 5172 Cha-

144 5171 242 5296 rlillas
261 5175 369 5258 Dei;
391 5169 568 5232 textus
601 5173 874 5243 Apostoli,
907 5174 937 5230 ri
959 5174 1129 5244 ἀγάπη
1156 5177 1246 5227 τοῦ
1265 5173 1402 5236 θεοῦ,
1433 5169 1698 5234 Charitas,

146 5260 185 5295 tl
208 5256 347 5296 ectto-
376 5260 480 5296 etc.

146 5248 347 5304 dilectio.
376 5260 480 5304 etc.

200 5313 224 5351 δ
245 5290 355 5372 Mss.
377 5290 485 5374 inin
510 5316 702 5387 pauci,
727 5314 826 5370 soli
856 5314 1132 5387 [oriebatur
1159 5314 1349 5387 injuria
1373 5331 1392 5379 ;
1415 5313 1524 5387 duo
1542 5354 1570 5387 ,_
1590 5311 1701 5365 sola

149 5387 426 5459 tenebatur,
473 5383 638 5459 paulo
669 5383 900 5459 melius;
945 5383 1373 5459 quidamfsolns
1425 5383 1702 5459 feriebatur

150 5455 312 5525 injuria
335 5501 349 5526 ,
385 5455 573 5530 parum
605 5455 908 5513 commode.
945 5455 1374 5530 Prazstatigitur
1413 5470 1532 5530 cum
1559 5455 1702 5530 aliis

150 5541 254 5583 mss.
275 5541 324 5586 et
347 5525 554 5588 cunctis
575 5531 708 5584 edit.
741 5531 941 5598 legere,
962 5528 1074 5580 sola
1101 5528 1381 5597 [eriabatur
1406 5525 1622 5599 injuria,
1655 5525 1704 5579 id

152 5610 238 5664 est,
267 5605 428 5658 otiosa
459 5612 600 5666 erat,
635 5600 862 5667 necjatn
894 5601 1126 5665 cuipiam
1161 5613 1358 5652 nocere
1384 5606 1616 5665 poterat.

155 5737 159 5742 τ
216 5682 231 5705 ε’
261 5671 500 5729 Nonnulli
522 5687 657 5725 mss.
678 5715 691 5735 ,
719 5672 844 5726 liber
867 5679 942 5742 est
972 5667 1224 5733 Domini;
1265 5667 1456 5742 reliqui
1494 5679 1712 5742 omnes-

155 5738 240 5804 huc
282 5745 447 5809 etlitw,
502 5744 716 5798 libertus
756 5753 828 5795 est
871 5741 1098 5794 Domini.
1170 5740 1460 5809 Apostolus
1511 5738 1709 5798 etiam,

1800 4632 1910 4688 Nec
1935 4632 2224 4686 advertunt
2267 4629 2390 4699 quia
2441 4628 2492 4681 in
2524 4615 2618 4680 illi)
2649 4638 2912 4696 aquarum
2960 4619 3258 4689 sepelimur
3283 4617 3395 4670 ele-

1802 4735 2008 4788 mento,
2036 4732 2094 4777 ut
2119 4723 2358 4777 renovati
2381 4734 2474 4787 per
2496 4718 2752 4787 Spiritum
2777 4725 3144 4783 resurgamus.
3175 4706 3234 4762 In
3257 4721 3395 4778 aqua

1801 4819 1944 4872 enim
1979 4817 2153 4884 imago
2194 4812 2383 4866 mortis
2409 4851 2423 4873 ,
2470 4810 2521 4862 in
2551 4809 2753 4878 Spiritu
2782 4809 2978 4877 pignus
3018 4810 3103 4858 est
3126 4801 3292 4862 vitae;
3340 4806 3399 4851 ut

1807 4927 1902 4980 per
1928 4924 2121 4980 aquam
2151 4904 2420 4962 moriatur
2448 4916 2646 4970 corpus
2672 4898 2899 4970 peccati,
2932 4911 3053 4969 quat
3083 4893 3237 4965 quasi
3267 4905 3404 4962 quo-

1806 5095 2142 5167 ἁπςλιρθερος
2153 5094 2262 5167 ,τοῦ
2290 5089 2504 5167 νΚυρίογ..
2541 5154 2570 5167 Δ.
2720 5153 2749 5167 η

1876 5166 1901 5201 ά
1947 5154 2071 5218 Mss.
2097 5160 2325 5228 aliquot,
2355 5154 2603 5227 cogitatio
2623 5154 2770 5228 mali.

1881 5246 1904 5273 ο
1947 5235 2090 5289 Ideni
2126 5219 2441 5285 Ambrosius
2469 5241 2635 5282 serm.
2673 5224 2740 5279 10
2771 5223 2823 5278 ἱη
2846 5219 2989 5277 Psal.
3019 5232 3204 5289 cxvut,
3255 5231 3404 5271 unm.

1808 5309 1911 5362 i7:
1943 5288 2242 5372 Accepimus
2275 5300 2536 5372 Spiritum
2559 5307 2817 5372 sanctum,
2840 5292 2935 5372 Aqui
2962 5305 3066 5343 non
3089 5288 3258 5372 solum
3288 5304 3412 5341 nos-

1804 5359 1882 5434 tra
1900 5359 2117 5448 peccata
2139 5359 2386 5448 dimittit:
2417 5369 2506 5424 sed
2528 5370 2686 5422 etiam
2707 5383 2799 5419 nos
2825 5363 2951 5434 facit
2978 5359 3274 5414 sacerdotes
3287 5374 3408 5412 suos

1807 5445 1929 5504 aliis
1963 5457 2167 5511 peccata
2199 5445 2477 5498 dimittere.

1893 5520 1910 5558 ί
1954 5503 2110 5574 Rom.
2139 5516 2270 5573 edit.
2325 5529 2445 5568 cum
2467 5524 2612 5583 rm_ss._
2659 5507 2868 5575 aliquot
2886 5547 2912 5583 ,Δ
2937 5503 3412 5583 _deferimns_eos;

1814 5604 1922 5648 vel.
1954 5570 2240 5647 edit—Icum
2266 5585 2406 5647 aliis,
2441 5579 2730 5648 differimus
2755 5570 2866 5643 eos,
2901 5575 2952 5631 id
2979 5570 3095 5640 θέε,
3142 5570 3271 5643 quid
3301 5584 3413 5626 non

1818 5667 1998 5718 statim
2025 5658 2416 5734 respondemus
2439 5653 2462 5706 ?
2509 5723 2520 5734 .

2374 5743 2474 5780 non
2501 5720 2759 5786 inmerl‘al
2788 5711 3142 5784 spiritualium
3171 5713 3411 5784 gratiam.
