  <div class='ocr_page' id='page_1' title='image "/cluster/home/n/w/nwhite01/storage/ocr_20150623/16/uva.x000826550/370.png"; bbox 0 0 3932 6176; ppageno 0'>
   <div class='ocr_carea' id='block_1_1' title="bbox 99 191 202 247">
    <p class='ocr_par' dir='ltr' id='par_1_1' title="bbox 99 191 202 247">
     <span class='ocr_line' id='line_1_1' title="bbox 99 191 202 247; baseline -0.01 0"><span class='ocrx_word' id='word_1_1' title='bbox 99 191 202 247; x_wconf 68' lang='grc' dir='ltr'>7ὶῦ</span> 
     </span>
    </p>
   </div>
   <div class='ocr_carea' id='block_1_2' title="bbox 1258 184 2218 246">
    <p class='ocr_par' dir='ltr' id='par_1_2' title="bbox 1258 184 2218 246">
     <span class='ocr_line' id='line_1_2' title="bbox 1258 184 2218 246; baseline 0.004 -5"><span class='ocrx_word' id='word_1_2' title='bbox 1258 185 1347 242; x_wconf 87' lang='lat' dir='ltr'><strong>DE</strong></span> <span class='ocrx_word' id='word_1_3' title='bbox 1387 184 1657 245; x_wconf 79' lang='lat' dir='ltr'><strong>SPIRITU</strong></span> <span class='ocrx_word' id='word_1_4' title='bbox 1696 184 1969 245; x_wconf 76' lang='lat' dir='ltr'><strong>SANCTO</strong></span> <span class='ocrx_word' id='word_1_5' title='bbox 2006 187 2135 246; x_wconf 76' lang='lat' dir='ltr'><strong>LIB.</strong></span> <span class='ocrx_word' id='word_1_6' title='bbox 2177 190 2218 245; x_wconf 88' lang='lat' dir='ltr'><strong>l.</strong></span> 
     </span>
    </p>
   </div>
   <div class='ocr_carea' id='block_1_3' title="bbox 3286 194 3392 251">
    <p class='ocr_par' dir='ltr' id='par_1_3' title="bbox 3286 194 3392 251">
     <span class='ocr_line' id='line_1_3' title="bbox 3286 194 3392 251; baseline 0.038 -4"><span class='ocrx_word' id='word_1_7' title='bbox 3286 194 3392 251; x_wconf 51' lang='lat'><strong>7&amp;8</strong></span> 
     </span>
    </p>
   </div>
   <div class='ocr_carea' id='block_1_4' title="bbox 97 283 3396 378">
    <p class='ocr_par' dir='ltr' id='par_1_4' title="bbox 97 283 3396 378">
     <span class='ocr_line' id='line_1_4' title="bbox 97 283 3396 378; baseline 0.001 -17"><span class='ocrx_word' id='word_1_8' title='bbox 97 305 233 373; x_wconf 72' lang='lat' dir='ltr'><strong>(Jorl</strong></span> <span class='ocrx_word' id='word_1_9' title='bbox 277 319 337 369; x_wconf 97' lang='grc' dir='ltr'><strong>ιι,</strong></span> <span class='ocrx_word' id='word_1_10' title='bbox 368 302 494 372; x_wconf 70' lang='lat'><strong>28)?</strong></span> <span class='ocrx_word' id='word_1_11' title='bbox 526 302 644 360; x_wconf 83' lang='lat' dir='ltr'><strong>Non</strong></span> <span class='ocrx_word' id='word_1_12' title='bbox 662 302 765 359; x_wconf 89' lang='lat' dir='ltr'><strong>hoc</strong></span> <span class='ocrx_word' id='word_1_13' title='bbox 793 302 862 359; x_wconf 91' lang='lat' dir='ltr'><strong>de</strong></span> <span class='ocrx_word' id='word_1_14' title='bbox 900 302 1099 373; x_wconf 86' lang='lat' dir='ltr'><strong>angelo</strong></span> <span class='ocrx_word' id='word_1_15' title='bbox 1122 283 1233 358; x_wconf 75' lang='lat' dir='ltr'><strong>diei</strong></span> <span class='ocrx_word' id='word_1_16' title='bbox 1286 310 1490 372; x_wconf 89' lang='lat' dir='ltr'><strong>potest.</strong></span> <span class='ocrx_word' id='word_1_17' title='bbox 1528 302 1692 358; x_wconf 88' lang='lat' dir='ltr'><strong>Deni-</strong></span> <span class='ocrx_word' id='word_1_18' title='bbox 1718 306 1773 366; x_wconf 78' lang='grc' dir='ltr'>Α</span> <span class='ocrx_word' id='word_1_19' title='bbox 1800 313 1933 360; x_wconf 88' lang='lat' dir='ltr'><strong>tum.</strong></span> <span class='ocrx_word' id='word_1_20' title='bbox 1981 306 2126 376; x_wconf 85' lang='lat' dir='ltr'><strong>Ergo</strong></span> <span class='ocrx_word' id='word_1_21' title='bbox 2152 306 2199 360; x_wconf 89' lang='lat' dir='ltr'><strong>si</strong></span> <span class='ocrx_word' id='word_1_22' title='bbox 2228 307 2274 361; x_wconf 86' lang='lat' dir='ltr'><strong>is</strong></span> <span class='ocrx_word' id='word_1_23' title='bbox 2298 307 2390 377; x_wconf 97' lang='lat' dir='ltr'><strong>qui</strong></span> <span class='ocrx_word' id='word_1_24' title='bbox 2427 306 2591 363; x_wconf 82' lang='lat' dir='ltr'><strong>habet</strong></span> <span class='ocrx_word' id='word_1_25' title='bbox 2634 306 2900 378; x_wconf 84' lang='lat' dir='ltr'><strong>Spiritum</strong></span> <span class='ocrx_word' id='word_1_26' title='bbox 2954 308 3202 365; x_wconf 76' lang='lat' dir='ltr'><strong>sanetum</strong></span> <span class='ocrx_word' id='word_1_27' title='bbox 3225 350 3241 375; x_wconf 89' lang='lat'><strong>,</strong></span> <span class='ocrx_word' id='word_1_28' title='bbox 3297 308 3396 366; x_wconf 87' lang='lat' dir='ltr'><strong>Dei</strong></span> 
     </span>
    </p>
   </div>
   <div class='ocr_carea' id='block_1_5' title="bbox 96 394 1693 468">
    <p class='ocr_par' dir='ltr' id='par_1_5' title="bbox 96 394 1693 468">
     <span class='ocr_line' id='line_1_5' title="bbox 96 394 1693 468; baseline 0.001 -17"><span class='ocrx_word' id='word_1_29' title='bbox 96 413 194 468; x_wconf 89' lang='lat' dir='ltr'><strong>que</strong></span> <span class='ocrx_word' id='word_1_30' title='bbox 210 396 433 453; x_wconf 81' lang='lat' dir='ltr'><strong>Gabriel</strong></span> <span class='ocrx_word' id='word_1_31' title='bbox 459 398 587 467; x_wconf 87' lang='lat' dir='ltr'><strong>ipse</strong></span> <span class='ocrx_word' id='word_1_32' title='bbox 606 396 802 451; x_wconf 82' lang='lat' dir='ltr'><strong>missus</strong></span> <span class='ocrx_word' id='word_1_33' title='bbox 821 395 890 450; x_wconf 83' lang='lat' dir='ltr'><strong>ad</strong></span> <span class='ocrx_word' id='word_1_34' title='bbox 920 394 1176 452; x_wconf 82' lang='lat' dir='ltr'><strong>Mariam:</strong></span> <span class='ocrx_word' id='word_1_35' title='bbox 1206 394 1332 460; x_wconf 74' lang='lat' dir='ltr'><strong>Ave,</strong></span> <span class='ocrx_word' id='word_1_36' title='bbox 1357 396 1556 466; x_wconf 91' lang='lat' dir='ltr'><strong>inquit,</strong></span> <span class='ocrx_word' id='word_1_37' title='bbox 1573 413 1693 467; x_wconf 86' lang='lat' dir='ltr'><strong>gra-</strong></span> 
     </span>
    </p>
   </div>
   <div class='ocr_carea' id='block_1_6' title="bbox 96 488 1685 562">
    <p class='ocr_par' dir='ltr' id='par_1_6' title="bbox 96 488 1685 562">
     <span class='ocr_line' id='line_1_6' title="bbox 96 488 1685 562; baseline 0 -16"><span class='ocrx_word' id='word_1_38' title='bbox 96 494 163 547; x_wconf 88' lang='lat' dir='ltr'><strong>tia</strong></span> <span class='ocrx_word' id='word_1_39' title='bbox 186 490 337 562; x_wconf 76' lang='lat' dir='ltr'><strong>piens</strong></span> <span class='ocrx_word' id='word_1_40' title='bbox 351 507 373 557; x_wconf 91' lang='lat'><strong><em>;</em></strong></span> <span class='ocrx_word' id='word_1_41' title='bbox 396 490 707 560; x_wconf 73' lang='lat' dir='ltr'><strong>spiritalem</strong></span> <span class='ocrx_word' id='word_1_42' title='bbox 735 489 922 560; x_wconf 79' lang='lat' dir='ltr'><strong>utique</strong></span> <span class='ocrx_word' id='word_1_43' title='bbox 951 490 1006 544; x_wconf 93' lang='lat' dir='ltr'><strong>in</strong></span> <span class='ocrx_word' id='word_1_44' title='bbox 1034 504 1096 545; x_wconf 88' lang='lat' dir='ltr'><strong>ea</strong></span> <span class='ocrx_word' id='word_1_45' title='bbox 1118 488 1406 545; x_wconf 80' lang='lat' dir='ltr'><strong>declarans</strong></span> <span class='ocrx_word' id='word_1_46' title='bbox 1433 490 1685 561; x_wconf 75' lang='lat' dir='ltr'><strong>gratiam,</strong></span> 
     </span>
    </p>
   </div>
   <div class='ocr_carea' id='block_1_7' title="bbox 95 581 1690 654">
    <p class='ocr_par' dir='ltr' id='par_1_7' title="bbox 95 581 1690 654">
     <span class='ocr_line' id='line_1_7' title="bbox 95 581 1690 654; baseline 0.001 -16"><span class='ocrx_word' id='word_1_47' title='bbox 95 584 228 654; x_wconf 90' lang='lat' dir='ltr'><strong>quod</strong></span> <span class='ocrx_word' id='word_1_48' title='bbox 252 584 307 638; x_wconf 89' lang='lat' dir='ltr'><strong>in</strong></span> <span class='ocrx_word' id='word_1_49' title='bbox 344 598 473 639; x_wconf 86' lang='lat' dir='ltr'><strong>eam</strong></span> <span class='ocrx_word' id='word_1_50' title='bbox 497 581 740 653; x_wconf 91' lang='lat' dir='ltr'><strong>Spiritus</strong></span> <span class='ocrx_word' id='word_1_51' title='bbox 765 590 987 638; x_wconf 87' lang='lat' dir='ltr'><strong>sanctus</strong></span> <span class='ocrx_word' id='word_1_52' title='bbox 1008 582 1455 651; x_wconf 85' lang='lat' dir='ltr'><strong>supervenisset,</strong></span> <span class='ocrx_word' id='word_1_53' title='bbox 1480 594 1543 638; x_wconf 85' lang='lat' dir='ltr'><strong>et</strong></span> <span class='ocrx_word' id='word_1_54' title='bbox 1573 585 1690 653; x_wconf 88' lang='lat' dir='ltr'><strong>ple-</strong></span> 
     </span>
    </p>
   </div>
   <div class='ocr_carea' id='block_1_8' title="bbox 98 672 1615 746">
    <p class='ocr_par' dir='ltr' id='par_1_8' title="bbox 98 672 1615 746">
     <span class='ocr_line' id='line_1_8' title="bbox 98 672 1615 746; baseline -0.001 -16"><span class='ocrx_word' id='word_1_55' title='bbox 98 691 213 731; x_wconf 92' lang='lat' dir='ltr'><strong>num</strong></span> <span class='ocrx_word' id='word_1_56' title='bbox 239 675 435 746; x_wconf 63' lang='lat' dir='ltr'><strong>gratiae</strong></span> <span class='ocrx_word' id='word_1_57' title='bbox 466 685 685 731; x_wconf 88' lang='lat' dir='ltr'><strong>uterum</strong></span> <span class='ocrx_word' id='word_1_58' title='bbox 721 674 902 730; x_wconf 87' lang='lat' dir='ltr'><strong>Verbo</strong></span> <span class='ocrx_word' id='word_1_59' title='bbox 923 683 1074 730; x_wconf 88' lang='lat' dir='ltr'><strong>esset</strong></span> <span class='ocrx_word' id='word_1_60' title='bbox 1096 672 1352 730; x_wconf 88' lang='lat' dir='ltr'><strong>habitura</strong></span> <span class='ocrx_word' id='word_1_61' title='bbox 1380 674 1615 731; x_wconf 59' lang='lat' dir='ltr'><strong>caelesti.</strong></span> 
     </span>
    </p>
   </div>
   <div class='ocr_carea' id='block_1_9' title="bbox 158 766 1687 838">
    <p class='ocr_par' dir='ltr' id='par_1_9' title="bbox 158 766 1687 838">
     <span class='ocr_line' id='line_1_9' title="bbox 158 766 1687 838; baseline -0.002 -13"><span class='ocrx_word' id='word_1_62' title='bbox 158 768 244 825; x_wconf 81' lang='lat'><strong>86.</strong></span> <span class='ocrx_word' id='word_1_63' title='bbox 274 767 499 823; x_wconf 85' lang='lat' dir='ltr'><strong>Domini</strong></span> <span class='ocrx_word' id='word_1_64' title='bbox 527 768 677 824; x_wconf 87' lang='lat' dir='ltr'><strong>enim</strong></span> <span class='ocrx_word' id='word_1_65' title='bbox 702 775 788 823; x_wconf 88' lang='lat' dir='ltr'><strong>est</strong></span> <span class='ocrx_word' id='word_1_66' title='bbox 844 766 1030 823; x_wconf 80' lang='lat' dir='ltr'><strong>omnia</strong></span> <span class='ocrx_word' id='word_1_67' title='bbox 1055 767 1332 837; x_wconf 89' lang='lat' dir='ltr'><strong>complere</strong></span> <span class='ocrx_word' id='word_1_68' title='bbox 1350 807 1366 835; x_wconf 91' lang='lat'><strong>,</strong></span> <span class='ocrx_word' id='word_1_69' title='bbox 1389 767 1483 838; x_wconf 90' lang='lat' dir='ltr'><strong>qui</strong></span> <span class='ocrx_word' id='word_1_70' title='bbox 1521 766 1687 824; x_wconf 88' lang='lat' dir='ltr'><strong>dicit:</strong></span> 
     </span>
    </p>
   </div>
   <div class='ocr_carea' id='block_1_10' title="bbox 98 859 1690 934">
    <p class='ocr_par' dir='ltr' id='par_1_10' title="bbox 98 859 1690 934">
     <span class='ocr_line' id='line_1_10' title="bbox 98 859 1690 934; baseline 0.001 -17"><span class='ocrx_word' id='word_1_71' title='bbox 98 862 199 934; x_wconf 81' lang='lat' dir='ltr'><strong>Ego</strong></span> <span class='ocrx_word' id='word_1_72' title='bbox 230 862 417 918; x_wconf 73' lang='lat' dir='ltr'><strong>cretum</strong></span> <span class='ocrx_word' id='word_1_73' title='bbox 439 871 494 917; x_wconf 88' lang='lat' dir='ltr'><strong>et</strong></span> <span class='ocrx_word' id='word_1_74' title='bbox 518 870 715 917; x_wconf 85' lang='lat' dir='ltr'><strong>terram</strong></span> <span class='ocrx_word' id='word_1_75' title='bbox 759 863 995 931; x_wconf 86' lang='lat' dir='ltr'><strong>compleo</strong></span> <span class='ocrx_word' id='word_1_76' title='bbox 1035 859 1252 933; x_wconf 85' lang='lat' dir='ltr'><strong>(Jerem.</strong></span> <span class='ocrx_word' id='word_1_77' title='bbox 1285 877 1439 926; x_wconf 65' lang='grc' dir='ltr'>χχιιι,</span> <span class='ocrx_word' id='word_1_78' title='bbox 1467 861 1583 933; x_wconf 73' lang='grc'><strong>24).</strong></span> <span class='ocrx_word' id='word_1_79' title='bbox 1632 861 1690 918; x_wconf 89' lang='lat' dir='ltr'><strong>Si</strong></span> 
     </span>
    </p>
   </div>
   <div class='ocr_carea' id='block_1_11' title="bbox 97 955 1688 1027">
    <p class='ocr_par' dir='ltr' id='par_1_11' title="bbox 97 955 1688 1027">
     <span class='ocr_line' id='line_1_11' title="bbox 97 955 1688 1027; baseline 0 -15"><span class='ocrx_word' id='word_1_80' title='bbox 97 971 216 1026; x_wconf 82' lang='lat' dir='ltr'><strong>ergo</strong></span> <span class='ocrx_word' id='word_1_81' title='bbox 241 956 517 1011; x_wconf 80' lang='lat' dir='ltr'><strong>Dominus</strong></span> <span class='ocrx_word' id='word_1_82' title='bbox 544 966 668 1021; x_wconf 88' lang='lat' dir='ltr'><strong>est,</strong></span> <span class='ocrx_word' id='word_1_83' title='bbox 721 956 811 1026; x_wconf 90' lang='lat' dir='ltr'><strong>qui</strong></span> <span class='ocrx_word' id='word_1_84' title='bbox 840 956 1041 1012; x_wconf 85' lang='lat' dir='ltr'><strong>coelum</strong></span> <span class='ocrx_word' id='word_1_85' title='bbox 1070 955 1314 1027; x_wconf 80' lang='lat' dir='ltr'><strong>complet</strong></span> <span class='ocrx_word' id='word_1_86' title='bbox 1355 967 1407 1011; x_wconf 90' lang='lat' dir='ltr'><strong>et</strong></span> <span class='ocrx_word' id='word_1_87' title='bbox 1441 965 1647 1012; x_wconf 89' lang='lat' dir='ltr'><strong>terram</strong></span> <span class='ocrx_word' id='word_1_88' title='bbox 1672 972 1688 1021; x_wconf 87' lang='lat'><strong>;</strong></span> 
     </span>
    </p>
   </div>
   <div class='ocr_carea' id='block_1_12' title="bbox 98 1048 1690 1119">
    <p class='ocr_par' dir='ltr' id='par_1_12' title="bbox 98 1048 1690 1119">
     <span class='ocr_line' id='line_1_12' title="bbox 98 1048 1690 1119; baseline 0.001 -15"><span class='ocrx_word' id='word_1_89' title='bbox 98 1048 207 1118; x_wconf 86' lang='lat' dir='ltr'><strong>quis</strong></span> <span class='ocrx_word' id='word_1_90' title='bbox 231 1057 414 1119; x_wconf 82' lang='lat' dir='ltr'><strong>potest</strong></span> <span class='ocrx_word' id='word_1_91' title='bbox 434 1048 711 1119; x_wconf 83' lang='lat' dir='ltr'><strong>Spiritum</strong></span> <span class='ocrx_word' id='word_1_92' title='bbox 743 1058 991 1104; x_wconf 87' lang='lat' dir='ltr'><strong>sanctum</strong></span> <span class='ocrx_word' id='word_1_93' title='bbox 1016 1048 1266 1119; x_wconf 84' lang='lat' dir='ltr'><strong>judicare</strong></span> <span class='ocrx_word' id='word_1_94' title='bbox 1281 1049 1690 1116; x_wconf 83' lang='lat' dir='ltr'><strong>dominationis,</strong></span> 
     </span>
    </p>
   </div>
   <div class='ocr_carea' id='block_1_13' title="bbox 99 1144 1689 1216">
    <p class='ocr_par' dir='ltr' id='par_1_13' title="bbox 99 1144 1689 1216">
     <span class='ocr_line' id='line_1_13' title="bbox 99 1144 1689 1216; baseline 0.002 -18"><span class='ocrx_word' id='word_1_95' title='bbox 99 1154 149 1198; x_wconf 88' lang='lat' dir='ltr'><strong>et</strong></span> <span class='ocrx_word' id='word_1_96' title='bbox 173 1153 198 1181; x_wconf 71' lang='grc'>⁸</span> <span class='ocrx_word' id='word_1_97' title='bbox 226 1144 428 1199; x_wconf 68' lang='lat' dir='ltr'><strong>divina:</strong></span> <span class='ocrx_word' id='word_1_98' title='bbox 457 1144 744 1215; x_wconf 83' lang='lat' dir='ltr'><strong>potestatis</strong></span> <span class='ocrx_word' id='word_1_99' title='bbox 765 1155 1062 1210; x_wconf 83' lang='lat' dir='ltr'><strong>exsortem,</strong></span> <span class='ocrx_word' id='word_1_100' title='bbox 1085 1146 1180 1216; x_wconf 88' lang='lat' dir='ltr'><strong>qui</strong></span> <span class='ocrx_word' id='word_1_101' title='bbox 1208 1144 1439 1216; x_wconf 84' lang='lat' dir='ltr'><strong>replevit</strong></span> <span class='ocrx_word' id='word_1_102' title='bbox 1458 1146 1648 1201; x_wconf 88' lang='lat' dir='ltr'><strong>orbem</strong></span> <span class='ocrx_word' id='word_1_103' title='bbox 1672 1184 1689 1213; x_wconf 89' lang='lat'><strong>,</strong></span> 
     </span>
    </p>
   </div>
   <div class='ocr_carea' id='block_1_14' title="bbox 101 1238 1692 1308">
    <p class='ocr_par' dir='ltr' id='par_1_14' title="bbox 101 1238 1692 1308">
     <span class='ocr_line' id='line_1_14' title="bbox 101 1238 1692 1308; baseline 0.001 -17"><span class='ocrx_word' id='word_1_104' title='bbox 101 1238 295 1308; x_wconf 88' lang='lat' dir='ltr'><strong>etquod</strong></span> <span class='ocrx_word' id='word_1_105' title='bbox 326 1238 475 1293; x_wconf 85' lang='lat' dir='ltr'><strong>ultra</strong></span> <span class='ocrx_word' id='word_1_106' title='bbox 511 1247 688 1293; x_wconf 89' lang='lat' dir='ltr'><strong>totum</strong></span> <span class='ocrx_word' id='word_1_107' title='bbox 709 1239 903 1295; x_wconf 87' lang='lat' dir='ltr'><strong>orbem</strong></span> <span class='ocrx_word' id='word_1_108' title='bbox 932 1247 1041 1305; x_wconf 89' lang='lat' dir='ltr'><strong>est,</strong></span> <span class='ocrx_word' id='word_1_109' title='bbox 1066 1239 1302 1308; x_wconf 78' lang='lat' dir='ltr'><strong>replevit</strong></span> <span class='ocrx_word' id='word_1_110' title='bbox 1330 1238 1517 1295; x_wconf 81' lang='lat' dir='ltr'><strong>Jesum</strong></span> <span class='ocrx_word' id='word_1_111' title='bbox 1536 1254 1692 1293; x_wconf 89' lang='lat' dir='ltr'><strong>mun-</strong></span> 
     </span>
    </p>
   </div>
   <div class='ocr_carea' id='block_1_15' title="bbox 102 1328 1694 1402">
    <p class='ocr_par' dir='ltr' id='par_1_15' title="bbox 102 1328 1694 1402">
     <span class='ocr_line' id='line_1_15' title="bbox 102 1328 1694 1402; baseline 0.001 -20"><span class='ocrx_word' id='word_1_112' title='bbox 102 1328 145 1382; x_wconf 89' lang='lat' dir='ltr'><strong>di</strong></span> <span class='ocrx_word' id='word_1_113' title='bbox 189 1330 348 1384; x_wconf 88' lang='lat' dir='ltr'><strong>totius</strong></span> <span class='ocrx_word' id='word_1_114' title='bbox 400 1329 865 1400; x_wconf 74' lang='lat' dir='ltr'><strong>redemptorem?</strong></span> <span class='ocrx_word' id='word_1_115' title='bbox 908 1331 1185 1402; x_wconf 88' lang='lat' dir='ltr'><strong>Scriptum</strong></span> <span class='ocrx_word' id='word_1_116' title='bbox 1214 1342 1295 1386; x_wconf 79' lang='lat' dir='ltr'><strong>est</strong></span> <span class='ocrx_word' id='word_1_117' title='bbox 1323 1332 1500 1386; x_wconf 90' lang='lat' dir='ltr'><strong>enim:</strong></span> <span class='ocrx_word' id='word_1_118' title='bbox 1541 1330 1694 1386; x_wconf 76' lang='lat' dir='ltr'><strong>lesus</strong></span> 
     </span>
    </p>
   </div>
   <div class='ocr_carea' id='block_1_16' title="bbox 102 1422 1693 1494">
    <p class='ocr_par' dir='ltr' id='par_1_16' title="bbox 102 1422 1693 1494">
     <span class='ocr_line' id='line_1_16' title="bbox 102 1422 1693 1494; baseline 0.001 -19"><span class='ocrx_word' id='word_1_119' title='bbox 102 1432 257 1476; x_wconf 82' lang='lat' dir='ltr'><strong>autem</strong></span> <span class='ocrx_word' id='word_1_120' title='bbox 284 1423 473 1491; x_wconf 83' lang='lat' dir='ltr'><strong>plenus</strong></span> <span class='ocrx_word' id='word_1_121' title='bbox 504 1423 715 1492; x_wconf 77' lang='lat' dir='ltr'><strong>Spiritu</strong></span> <span class='ocrx_word' id='word_1_122' title='bbox 745 1433 947 1491; x_wconf 82' lang='lat' dir='ltr'><strong>sancto,</strong></span> <span class='ocrx_word' id='word_1_123' title='bbox 977 1439 1244 1494; x_wconf 76' lang='lat' dir='ltr'><strong>regressus</strong></span> <span class='ocrx_word' id='word_1_124' title='bbox 1267 1432 1344 1479; x_wconf 85' lang='lat' dir='ltr'><strong>est</strong></span> <span class='ocrx_word' id='word_1_125' title='bbox 1368 1423 1432 1478; x_wconf 85' lang='lat' dir='ltr'><strong>ab</strong></span> <span class='ocrx_word' id='word_1_126' title='bbox 1457 1422 1693 1478; x_wconf 73' lang='lat' dir='ltr'><strong>Iordane</strong></span> 
     </span>
    </p>
   </div>
   <div class='ocr_carea' id='block_1_17' title="bbox 106 1513 1692 1588">
    <p class='ocr_par' dir='ltr' id='par_1_17' title="bbox 106 1513 1692 1588">
     <span class='ocr_line' id='line_1_17' title="bbox 106 1513 1692 1588; baseline 0.003 -20"><span class='ocrx_word' id='word_1_127' title='bbox 106 1513 241 1582; x_wconf 86' lang='lat' dir='ltr'><strong>(Luc.</strong></span> <span class='ocrx_word' id='word_1_128' title='bbox 272 1529 346 1581; x_wconf 86' lang='lat' dir='ltr'><strong>tv,</strong></span> <span class='ocrx_word' id='word_1_129' title='bbox 379 1515 455 1586; x_wconf 80' lang='lat' dir='ltr'><strong>l).</strong></span> <span class='ocrx_word' id='word_1_130' title='bbox 490 1515 632 1584; x_wconf 82' lang='lat' dir='ltr'><strong>Quis</strong></span> <span class='ocrx_word' id='word_1_131' title='bbox 661 1516 824 1587; x_wconf 88' lang='lat' dir='ltr'><strong>igitur</strong></span> <span class='ocrx_word' id='word_1_132' title='bbox 842 1516 982 1572; x_wconf 90' lang='lat' dir='ltr'><strong>alius</strong></span> <span class='ocrx_word' id='word_1_133' title='bbox 1009 1517 1111 1571; x_wconf 83' lang='lat' dir='ltr'><strong>nisi</strong></span> <span class='ocrx_word' id='word_1_134' title='bbox 1143 1517 1236 1588; x_wconf 90' lang='lat' dir='ltr'><strong>qui</strong></span> <span class='ocrx_word' id='word_1_135' title='bbox 1268 1517 1514 1588; x_wconf 78' lang='lat' dir='ltr'><strong>ejusdem</strong></span> <span class='ocrx_word' id='word_1_136' title='bbox 1545 1527 1692 1573; x_wconf 86' lang='lat' dir='ltr'><strong>esset</strong></span> 
     </span>
    </p>
   </div>
   <div class='ocr_carea' id='block_1_18' title="bbox 105 1608 1603 1683">
    <p class='ocr_par' dir='ltr' id='par_1_18' title="bbox 105 1608 1603 1683">
     <span class='ocr_line' id='line_1_18' title="bbox 105 1608 1603 1683; baseline 0.003 -21"><span class='ocrx_word' id='word_1_137' title='bbox 105 1608 469 1677; x_wconf 85' lang='lat' dir='ltr'><strong>plenitudinis,</strong></span> <span class='ocrx_word' id='word_1_138' title='bbox 496 1611 867 1681; x_wconf 89' lang='lat' dir='ltr'><strong>complentem</strong></span> <span class='ocrx_word' id='word_1_139' title='bbox 907 1613 1088 1667; x_wconf 86' lang='lat' dir='ltr'><strong>omnia</strong></span> <span class='ocrx_word' id='word_1_140' title='bbox 1129 1621 1313 1682; x_wconf 87' lang='lat' dir='ltr'><strong>posset</strong></span> <span class='ocrx_word' id='word_1_141' title='bbox 1335 1612 1603 1683; x_wconf 77' lang='lat' dir='ltr'><strong>implere?</strong></span> 
     </span>
    </p>
   </div>
   <div class='ocr_carea' id='block_1_19' title="bbox 1793 398 3390 473">
    <p class='ocr_par' dir='ltr' id='par_1_19' title="bbox 1793 398 3390 473">
     <span class='ocr_line' id='line_1_19' title="bbox 1793 398 3390 473; baseline 0.001 -20"><span class='ocrx_word' id='word_1_142' title='bbox 1793 398 2033 467; x_wconf 88' lang='lat' dir='ltr'><strong>repletus</strong></span> <span class='ocrx_word' id='word_1_143' title='bbox 2064 408 2148 453; x_wconf 88' lang='lat' dir='ltr'><strong>est</strong></span> <span class='ocrx_word' id='word_1_144' title='bbox 2179 398 2491 465; x_wconf 83' lang='lat' dir='ltr'><strong>voluntate;</strong></span> <span class='ocrx_word' id='word_1_145' title='bbox 2515 399 2706 471; x_wconf 91' lang='lat' dir='ltr'><strong>utique</strong></span> <span class='ocrx_word' id='word_1_146' title='bbox 2726 398 2873 456; x_wconf 89' lang='lat' dir='ltr'><strong>inter</strong></span> <span class='ocrx_word' id='word_1_147' title='bbox 2897 399 3116 457; x_wconf 79' lang='lat' dir='ltr'><strong>Patrem</strong></span> <span class='ocrx_word' id='word_1_148' title='bbox 3141 410 3201 457; x_wconf 78' lang='lat' dir='ltr'><strong>et</strong></span> <span class='ocrx_word' id='word_1_149' title='bbox 3257 401 3390 473; x_wconf 65' lang='lat' dir='ltr'><strong>Spi‘.</strong></span> 
     </span>
    </p>
   </div>
   <div class='ocr_carea' id='block_1_20' title="bbox 1795 488 2880 547">
    <p class='ocr_par' dir='ltr' id='par_1_20' title="bbox 1795 488 2880 547">
     <span class='ocr_line' id='line_1_20' title="bbox 1795 488 2880 547; baseline 0.001 -3"><span class='ocrx_word' id='word_1_150' title='bbox 1795 490 1956 545; x_wconf 90' lang='lat' dir='ltr'><strong>ritum</strong></span> <span class='ocrx_word' id='word_1_151' title='bbox 1980 488 2127 544; x_wconf 85' lang='lat' dir='ltr'><strong>nulla</strong></span> <span class='ocrx_word' id='word_1_152' title='bbox 2159 488 2418 545; x_wconf 83' lang='lat' dir='ltr'><strong>distantia</strong></span> <span class='ocrx_word' id='word_1_153' title='bbox 2449 491 2748 546; x_wconf 81' lang='lat' dir='ltr'><strong>voluntatis</strong></span> <span class='ocrx_word' id='word_1_154' title='bbox 2775 501 2880 547; x_wconf 86' lang='lat' dir='ltr'><strong>est.</strong></span> 
     </span>
    </p>
   </div>
   <div class='ocr_carea' id='block_1_21' title="bbox 2383 598 2788 663">
    <p class='ocr_par' dir='ltr' id='par_1_21' title="bbox 2383 598 2788 663">
     <span class='ocr_line' id='line_1_21' title="bbox 2383 598 2788 663; baseline 0.002 -5"><span class='ocrx_word' id='word_1_155' title='bbox 2383 603 2612 663; x_wconf 81' lang='lat' dir='ltr'><strong>CAPUT</strong></span> <span class='ocrx_word' id='word_1_156' title='bbox 2657 598 2788 660; x_wconf 78' lang='lat' dir='ltr'><strong>Vill.</strong></span> 
     </span>
    </p>
   </div>
   <div class='ocr_carea' id='block_1_22' title="bbox 1794 708 3395 796">
    <p class='ocr_par' dir='ltr' id='par_1_22' title="bbox 1794 708 3395 796">
     <span class='ocr_line' id='line_1_22' title="bbox 1794 708 3395 796; baseline 0.005 -27"><span class='ocrx_word' id='word_1_157' title='bbox 1794 708 1837 768; x_wconf 81' lang='grc' dir='ltr'><strong><em>Α</em></strong></span> <span class='ocrx_word' id='word_1_158' title='bbox 1864 713 1975 771; x_wconf 90' lang='lat' dir='ltr'><strong>Deo</strong></span> <span class='ocrx_word' id='word_1_159' title='bbox 1996 718 2110 771; x_wconf 89' lang='lat' dir='ltr'><strong>solo</strong></span> <span class='ocrx_word' id='word_1_160' title='bbox 2136 712 2252 771; x_wconf 74' lang='lat' dir='ltr'><strong>dari</strong></span> <span class='ocrx_word' id='word_1_161' title='bbox 2278 714 2580 789; x_wconf 75' lang='lat' dir='ltr'><strong>Spiritum;</strong></span> <span class='ocrx_word' id='word_1_162' title='bbox 2610 735 2775 788; x_wconf 82' lang='lat' dir='ltr'><strong>neque</strong></span> <span class='ocrx_word' id='word_1_163' title='bbox 2803 714 2972 775; x_wconf 78' lang='lat' dir='ltr'><strong>lanien</strong></span> <span class='ocrx_word' id='word_1_164' title='bbox 3020 716 3184 775; x_wconf 72' lang='lat' dir='ltr'><strong>totum</strong></span> <span class='ocrx_word' id='word_1_165' title='bbox 3215 714 3395 796; x_wconf 80' lang='lat' dir='ltr'><strong>singu-</strong></span> 
     </span>
    </p>
   </div>
   <div class='ocr_carea' id='block_1_23' title="bbox 1869 804 3390 883">
    <p class='ocr_par' dir='ltr' id='par_1_23' title="bbox 1869 804 3390 883">
     <span class='ocr_line' id='line_1_23' title="bbox 1869 804 3390 883; baseline 0.005 -23"><span class='ocrx_word' id='word_1_166' title='bbox 1869 807 1954 874; x_wconf 88' lang='lat' dir='ltr'><strong>lis,</strong></span> <span class='ocrx_word' id='word_1_167' title='bbox 1985 812 2099 862; x_wconf 87' lang='lat' dir='ltr'><strong>cani</strong></span> <span class='ocrx_word' id='word_1_168' title='bbox 2127 818 2313 881; x_wconf 84' lang='lat' dir='ltr'><strong>prteter</strong></span> <span class='ocrx_word' id='word_1_169' title='bbox 2335 806 2599 863; x_wconf 83' lang='lat' dir='ltr'><strong>Christum</strong></span> <span class='ocrx_word' id='word_1_170' title='bbox 2625 816 2776 864; x_wconf 82' lang='lat' dir='ltr'><strong>neuio</strong></span> <span class='ocrx_word' id='word_1_171' title='bbox 2800 804 2956 883; x_wconf 73' lang='lat' dir='ltr'><strong>fuerit</strong></span> <span class='ocrx_word' id='word_1_172' title='bbox 2981 811 3070 882; x_wconf 88' lang='lat' dir='ltr'><strong>qui</strong></span> <span class='ocrx_word' id='word_1_173' title='bbox 3092 812 3253 867; x_wconf 82' lang='lat' dir='ltr'><strong>totum</strong></span> <span class='ocrx_word' id='word_1_174' title='bbox 3275 816 3390 868; x_wconf 69' lang='lat' dir='ltr'><strong>eum</strong></span> 
     </span>
    </p>
   </div>
   <div class='ocr_carea' id='block_1_24' title="bbox 1864 899 3394 978">
    <p class='ocr_par' dir='ltr' id='par_1_24' title="bbox 1864 899 3394 978">
     <span class='ocr_line' id='line_1_24' title="bbox 1864 899 3394 978; baseline 0.007 -27"><span class='ocrx_word' id='word_1_175' title='bbox 1864 916 2047 969; x_wconf 85' lang='lat' dir='ltr'><strong>capere</strong></span> <span class='ocrx_word' id='word_1_176' title='bbox 2076 910 2267 970; x_wconf 82' lang='lat' dir='ltr'><strong>posset.</strong></span> <span class='ocrx_word' id='word_1_177' title='bbox 2299 899 2403 955; x_wconf 85' lang='lat' dir='ltr'><strong>Per</strong></span> <span class='ocrx_word' id='word_1_178' title='bbox 2434 901 2693 965; x_wconf 78' lang='lat' dir='ltr'><strong>Spiritum</strong></span> <span class='ocrx_word' id='word_1_179' title='bbox 2710 900 2905 971; x_wconf 79' lang='lat' dir='ltr'><strong>effundi</strong></span> <span class='ocrx_word' id='word_1_180' title='bbox 2927 906 3253 971; x_wconf 80' lang='lat' dir='ltr'><strong>charitatem,</strong></span> <span class='ocrx_word' id='word_1_181' title='bbox 3278 924 3394 978; x_wconf 65' lang='lat' dir='ltr'><strong>quae</strong></span> 
     </span>
    </p>
   </div>
   <div class='ocr_carea' id='block_1_25' title="bbox 1863 993 3394 1067">
    <p class='ocr_par' dir='ltr' id='par_1_25' title="bbox 1863 993 3394 1067">
     <span class='ocr_line' id='line_1_25' title="bbox 1863 993 3394 1067; baseline 0.005 -21"><span class='ocrx_word' id='word_1_182' title='bbox 1863 1009 1955 1062; x_wconf 90' lang='lat' dir='ltr'><strong>per</strong></span> <span class='ocrx_word' id='word_1_183' title='bbox 1983 993 2257 1064; x_wconf 83' lang='lat' dir='ltr'><strong>mysticum</strong></span> <span class='ocrx_word' id='word_1_184' title='bbox 2284 994 2607 1064; x_wconf 80' lang='lat' dir='ltr'><strong>unguentum</strong></span> <span class='ocrx_word' id='word_1_185' title='bbox 2636 995 2862 1067; x_wconf 84' lang='lat' dir='ltr'><strong>ﬁgurata</strong></span> <span class='ocrx_word' id='word_1_186' title='bbox 2881 1038 2896 1062; x_wconf 91' lang='lat'><strong>,</strong></span> <span class='ocrx_word' id='word_1_187' title='bbox 2950 995 3082 1051; x_wconf 80' lang='lat' dir='ltr'><strong>nihil</strong></span> <span class='ocrx_word' id='word_1_188' title='bbox 3123 1013 3394 1053; x_wconf 85' lang='lat' dir='ltr'><strong>commune</strong></span> 
     </span>
    </p>
   </div>
   <div class='ocr_carea' id='block_1_26' title="bbox 1865 1085 3394 1159">
    <p class='ocr_par' dir='ltr' id='par_1_26' title="bbox 1865 1085 3394 1159">
     <span class='ocr_line' id='line_1_26' title="bbox 1865 1085 3394 1159; baseline 0.005 -21"><span class='ocrx_word' id='word_1_189' title='bbox 1865 1102 1982 1138; x_wconf 89' lang='lat' dir='ltr'><strong>cum</strong></span> <span class='ocrx_word' id='word_1_190' title='bbox 2025 1087 2279 1140; x_wconf 81' lang='lat' dir='ltr'><strong>creaturis</strong></span> <span class='ocrx_word' id='word_1_191' title='bbox 2309 1085 2496 1141; x_wconf 84' lang='lat' dir='ltr'><strong>habere</strong></span> <span class='ocrx_word' id='word_1_192' title='bbox 2523 1088 2857 1143; x_wconf 79' lang='lat' dir='ltr'><strong>ostenditur:</strong></span> <span class='ocrx_word' id='word_1_193' title='bbox 2889 1093 3061 1159; x_wconf 86' lang='lat' dir='ltr'><strong>ipsum</strong></span> <span class='ocrx_word' id='word_1_194' title='bbox 3084 1090 3254 1145; x_wconf 84' lang='lat' dir='ltr'><strong>autem</strong></span> <span class='ocrx_word' id='word_1_195' title='bbox 3277 1108 3394 1146; x_wconf 90' lang='lat' dir='ltr'><strong>cum</strong></span> 
     </span>
    </p>
   </div>
   <div class='ocr_carea' id='block_1_27' title="bbox 1865 1176 3393 1254">
    <p class='ocr_par' dir='ltr' id='par_1_27' title="bbox 1865 1176 3393 1254">
     <span class='ocr_line' id='line_1_27' title="bbox 1865 1176 3393 1254; baseline 0.007 -23"><span class='ocrx_word' id='word_1_196' title='bbox 1865 1194 1928 1232; x_wconf 78' lang='lat' dir='ltr'><strong>ea:</strong></span> <span class='ocrx_word' id='word_1_197' title='bbox 1960 1194 2049 1233; x_wconf 89' lang='lat' dir='ltr'><strong>ore</strong></span> <span class='ocrx_word' id='word_1_198' title='bbox 2087 1176 2183 1234; x_wconf 87' lang='lat' dir='ltr'><strong>Dei</strong></span> <span class='ocrx_word' id='word_1_199' title='bbox 2213 1181 2420 1233; x_wconf 80' lang='lat' dir='ltr'><strong>dicatur</strong></span> <span class='ocrx_word' id='word_1_200' title='bbox 2447 1181 2749 1254; x_wconf 75' lang='lat' dir='ltr'><strong>procedere,</strong></span> <span class='ocrx_word' id='word_1_201' title='bbox 2772 1178 2908 1237; x_wconf 88' lang='lat' dir='ltr'><strong>inter</strong></span> <span class='ocrx_word' id='word_1_202' title='bbox 2944 1194 3116 1239; x_wconf 86' lang='lat' dir='ltr'><strong>creata</strong></span> <span class='ocrx_word' id='word_1_203' title='bbox 3163 1202 3267 1240; x_wconf 90' lang='lat' dir='ltr'><strong>non</strong></span> <span class='ocrx_word' id='word_1_204' title='bbox 3310 1198 3393 1240; x_wconf 53' lang='lat' dir='ltr'><strong>re-</strong></span> 
     </span>
    </p>
   </div>
   <div class='ocr_carea' id='block_1_28' title="bbox 1863 1268 3379 1346">
    <p class='ocr_par' dir='ltr' id='par_1_28' title="bbox 1863 1268 3379 1346">
     <span class='ocr_line' id='line_1_28' title="bbox 1863 1268 3379 1346; baseline 0.005 -19"><span class='ocrx_word' id='word_1_205' title='bbox 1863 1268 2159 1343; x_wconf 84' lang='lat' dir='ltr'><strong>ponendum</strong></span> <span class='ocrx_word' id='word_1_206' title='bbox 2184 1291 2202 1338; x_wconf 90' lang='lat'><em>;</em></span> <span class='ocrx_word' id='word_1_207' title='bbox 2230 1291 2324 1328; x_wconf 86' lang='lat' dir='ltr'><strong>nec</strong></span> <span class='ocrx_word' id='word_1_208' title='bbox 2352 1274 2487 1331; x_wconf 87' lang='lat' dir='ltr'><strong>inter</strong></span> <span class='ocrx_word' id='word_1_209' title='bbox 2519 1276 2799 1331; x_wconf 87' lang='lat' dir='ltr'><strong>divisibilia</strong></span> <span class='ocrx_word' id='word_1_210' title='bbox 2818 1318 2835 1346; x_wconf 94' lang='lat'><strong>,</strong></span> <span class='ocrx_word' id='word_1_211' title='bbox 2867 1294 2987 1333; x_wconf 90' lang='lat' dir='ltr'><strong>cum</strong></span> <span class='ocrx_word' id='word_1_212' title='bbox 3035 1278 3101 1333; x_wconf 80' lang='lat' dir='ltr'><strong>sit</strong></span> <span class='ocrx_word' id='word_1_213' title='bbox 3131 1282 3379 1337; x_wconf 64' lang='lat' dir='ltr'><strong>internus.</strong></span> 
     </span>
    </p>
   </div>
   <div class='ocr_carea' id='block_1_29' title="bbox 1863 1408 3371 1484">
    <p class='ocr_par' dir='ltr' id='par_1_29' title="bbox 1863 1408 3371 1484">
     <span class='ocr_line' id='line_1_29' title="bbox 1863 1408 3371 1484; baseline 0.004 -20"><span class='ocrx_word' id='word_1_214' title='bbox 1863 1408 1951 1464; x_wconf 89' lang='lat'><strong>90.</strong></span> <span class='ocrx_word' id='word_1_215' title='bbox 1997 1408 2166 1465; x_wconf 86' lang='lat' dir='ltr'><strong>Simul</strong></span> <span class='ocrx_word' id='word_1_216' title='bbox 2196 1409 2326 1466; x_wconf 91' lang='lat' dir='ltr'><strong>illud</strong></span> <span class='ocrx_word' id='word_1_217' title='bbox 2354 1411 2612 1477; x_wconf 83' lang='lat' dir='ltr'><strong>adverte,</strong></span> <span class='ocrx_word' id='word_1_218' title='bbox 2646 1412 2769 1479; x_wconf 88' lang='lat' dir='ltr'><strong>quia</strong></span> <span class='ocrx_word' id='word_1_219' title='bbox 2807 1413 2944 1467; x_wconf 89' lang='lat' dir='ltr'><strong>Deus</strong></span> <span class='ocrx_word' id='word_1_220' title='bbox 2972 1411 3066 1469; x_wconf 88' lang='lat' dir='ltr'><strong>dat</strong></span> <span class='ocrx_word' id='word_1_221' title='bbox 3105 1412 3371 1484; x_wconf 89' lang='lat' dir='ltr'><strong>Spiritum</strong></span> 
     </span>
    </p>
   </div>
   <div class='ocr_carea' id='block_1_30' title="bbox 1793 1500 3390 1575">
    <p class='ocr_par' dir='ltr' id='par_1_30' title="bbox 1793 1500 3390 1575">
     <span class='ocr_line' id='line_1_30' title="bbox 1793 1500 3390 1575; baseline 0.004 -18"><span class='ocrx_word' id='word_1_222' title='bbox 1793 1510 2040 1558; x_wconf 88' lang='lat' dir='ltr'><strong>sanctum</strong></span> <span class='ocrx_word' id='word_1_223' title='bbox 2103 1500 2300 1571; x_wconf 88' lang='lat' dir='ltr'><strong>(Rom.</strong></span> <span class='ocrx_word' id='word_1_224' title='bbox 2358 1519 2429 1570; x_wconf 90' lang='lat' dir='ltr'><strong>v,</strong></span> <span class='ocrx_word' id='word_1_225' title='bbox 2477 1503 2570 1575; x_wconf 86' lang='lat'><strong>5).</strong></span> <span class='ocrx_word' id='word_1_226' title='bbox 2623 1503 2742 1559; x_wconf 85' lang='lat' dir='ltr'><strong>Non</strong></span> <span class='ocrx_word' id='word_1_227' title='bbox 2784 1505 2930 1560; x_wconf 92' lang='lat' dir='ltr'><strong>enim</strong></span> <span class='ocrx_word' id='word_1_228' title='bbox 2962 1504 3260 1565; x_wconf 85' lang='lat' dir='ltr'><strong>humanum</strong></span> <span class='ocrx_word' id='word_1_229' title='bbox 3283 1508 3390 1564; x_wconf 90' lang='lat' dir='ltr'><strong>hoc</strong></span> 
     </span>
    </p>
   </div>
   <div class='ocr_carea' id='block_1_31' title="bbox 1793 1595 3392 1669">
    <p class='ocr_par' dir='ltr' id='par_1_31' title="bbox 1793 1595 3392 1669">
     <span class='ocr_line' id='line_1_31' title="bbox 1793 1595 3392 1669; baseline 0.004 -19"><span class='ocrx_word' id='word_1_230' title='bbox 1793 1612 1952 1668; x_wconf 89' lang='lat' dir='ltr'><strong>opus,</strong></span> <span class='ocrx_word' id='word_1_231' title='bbox 1985 1612 2163 1667; x_wconf 87' lang='lat' dir='ltr'><strong>neque</strong></span> <span class='ocrx_word' id='word_1_232' title='bbox 2186 1597 2256 1652; x_wconf 88' lang='lat' dir='ltr'><strong>ab</strong></span> <span class='ocrx_word' id='word_1_233' title='bbox 2277 1595 2498 1653; x_wconf 87' lang='lat' dir='ltr'><strong>homine</strong></span> <span class='ocrx_word' id='word_1_234' title='bbox 2525 1597 2689 1651; x_wconf 84' lang='lat' dir='ltr'><strong>datur</strong></span> <span class='ocrx_word' id='word_1_235' title='bbox 2713 1615 2726 1650; x_wconf 88' lang='lat'><strong>:</strong></span> <span class='ocrx_word' id='word_1_236' title='bbox 2760 1599 2856 1653; x_wconf 89' lang='lat' dir='ltr'><strong>sed</strong></span> <span class='ocrx_word' id='word_1_237' title='bbox 2907 1599 2999 1669; x_wconf 91' lang='lat' dir='ltr'><strong>qui</strong></span> <span class='ocrx_word' id='word_1_238' title='bbox 3052 1601 3337 1657; x_wconf 87' lang='lat' dir='ltr'><strong>invocatur</strong></span> <span class='ocrx_word' id='word_1_239' title='bbox 3360 1619 3392 1657; x_wconf 75' lang='grc' dir='ltr'><strong>ιι</strong></span> 
     </span>
    </p>
   </div>
   <div class='ocr_carea' id='block_1_32' title="bbox 161 1688 1693 1775">
    <p class='ocr_par' dir='ltr' id='par_1_32' title="bbox 161 1702 1688 1775">
     <span class='ocr_line' id='line_1_32' title="bbox 161 1702 1688 1775; baseline 0.002 -19"><span class='ocrx_word' id='word_1_240' title='bbox 161 1702 243 1756; x_wconf 86' lang='grc'><strong>87.</strong></span> <span class='ocrx_word' id='word_1_241' title='bbox 266 1702 372 1757; x_wconf 88' lang='lat' dir='ltr'><strong>Sed</strong></span> <span class='ocrx_word' id='word_1_242' title='bbox 398 1718 470 1758; x_wconf 88' lang='lat' dir='ltr'><strong>ne</strong></span> <span class='ocrx_word' id='word_1_243' title='bbox 487 1702 601 1760; x_wconf 89' lang='lat' dir='ltr'><strong>hoc</strong></span> <span class='ocrx_word' id='word_1_244' title='bbox 627 1704 928 1759; x_wconf 83' lang='lat' dir='ltr'><strong>secundum</strong></span> <span class='ocrx_word' id='word_1_245' title='bbox 943 1719 1161 1759; x_wconf 83' lang='lat' dir='ltr'><strong>carnem</strong></span> <span class='ocrx_word' id='word_1_246' title='bbox 1176 1704 1379 1760; x_wconf 86' lang='lat' dir='ltr'><strong>dictum</strong></span> <span class='ocrx_word' id='word_1_247' title='bbox 1407 1704 1688 1775; x_wconf 76' lang='lat' dir='ltr'><strong>objicient;</strong></span> 
     </span>
    </p>
   </div>
   <div class='ocr_carea' id='block_1_33' title="bbox 1815 1688 3383 1775">
    <p class='ocr_par' dir='ltr' id='par_1_33' title="bbox 1815 1688 3383 1760">
     <span class='ocr_line' id='line_1_33' title="bbox 1815 1688 3383 1760; baseline 0.006 -19"><span class='ocrx_word' id='word_1_248' title='bbox 1815 1689 2099 1756; x_wconf 69' lang='lat' dir='ltr'><strong>;acerdote,</strong></span> <span class='ocrx_word' id='word_1_249' title='bbox 2132 1705 2162 1744; x_wconf 92' lang='lat' dir='ltr'><strong>a</strong></span> <span class='ocrx_word' id='word_1_250' title='bbox 2198 1689 2306 1746; x_wconf 90' lang='lat' dir='ltr'><strong>Deo</strong></span> <span class='ocrx_word' id='word_1_251' title='bbox 2330 1688 2578 1757; x_wconf 86' lang='lat' dir='ltr'><strong>traditur,</strong></span> <span class='ocrx_word' id='word_1_252' title='bbox 2610 1690 2663 1743; x_wconf 92' lang='lat' dir='ltr'><strong>in</strong></span> <span class='ocrx_word' id='word_1_253' title='bbox 2690 1705 2799 1760; x_wconf 89' lang='lat' dir='ltr'><strong>quo</strong></span> <span class='ocrx_word' id='word_1_254' title='bbox 2832 1700 2853 1728; x_wconf 73' lang='grc' dir='ltr'><strong>ο</strong></span> <span class='ocrx_word' id='word_1_255' title='bbox 2890 1690 2984 1745; x_wconf 86' lang='lat' dir='ltr'><strong>Dei</strong></span> <span class='ocrx_word' id='word_1_256' title='bbox 3014 1696 3230 1760; x_wconf 81' lang='lat' dir='ltr'><strong>manus,</strong></span> <span class='ocrx_word' id='word_1_257' title='bbox 3280 1695 3383 1749; x_wconf 86' lang='lat' dir='ltr'><strong>mi-</strong></span> 
     </span>
    </p>
   </div>
   <div class='ocr_carea' id='block_1_34' title="bbox 102 1796 1693 1869">
    <p class='ocr_par' dir='ltr' id='par_1_34' title="bbox 102 1796 1693 1869">
     <span class='ocr_line' id='line_1_34' title="bbox 102 1796 1693 1869; baseline 0.005 -23"><span class='ocrx_word' id='word_1_258' title='bbox 102 1809 408 1866; x_wconf 84' lang='lat' dir='ltr'><strong>quamquam</strong></span> <span class='ocrx_word' id='word_1_259' title='bbox 460 1796 592 1867; x_wconf 88' lang='lat' dir='ltr'><strong>plus</strong></span> <span class='ocrx_word' id='word_1_260' title='bbox 619 1812 763 1852; x_wconf 89' lang='lat' dir='ltr'><strong>unus</strong></span> <span class='ocrx_word' id='word_1_261' title='bbox 797 1797 914 1864; x_wconf 90' lang='lat' dir='ltr'><strong>ille,</strong></span> <span class='ocrx_word' id='word_1_262' title='bbox 968 1813 1129 1868; x_wconf 91' lang='lat' dir='ltr'><strong>quam</strong></span> <span class='ocrx_word' id='word_1_263' title='bbox 1160 1810 1393 1854; x_wconf 88' lang='lat' dir='ltr'><strong>omnes:</strong></span> <span class='ocrx_word' id='word_1_264' title='bbox 1421 1798 1492 1853; x_wconf 90' lang='lat' dir='ltr'><strong>de</strong></span> <span class='ocrx_word' id='word_1_265' title='bbox 1535 1798 1693 1869; x_wconf 83' lang='lat' dir='ltr'><strong>cujus</strong></span> 
     </span>
    </p>
   </div>
   <div class='ocr_carea' id='block_1_35' title="bbox 104 1891 1693 1963">
    <p class='ocr_par' dir='ltr' id='par_1_35' title="bbox 104 1891 1693 1963">
     <span class='ocr_line' id='line_1_35' title="bbox 104 1891 1693 1963; baseline 0.004 -22"><span class='ocrx_word' id='word_1_266' title='bbox 104 1903 246 1944; x_wconf 84' lang='lat' dir='ltr'><strong>carne</strong></span> <span class='ocrx_word' id='word_1_267' title='bbox 286 1891 478 1947; x_wconf 77' lang='lat' dir='ltr'><strong>exibat</strong></span> <span class='ocrx_word' id='word_1_268' title='bbox 508 1894 710 1959; x_wconf 86' lang='lat' dir='ltr'><strong>virtus,</strong></span> <span class='ocrx_word' id='word_1_269' title='bbox 733 1907 854 1963; x_wconf 78' lang='lat' dir='ltr'><strong>quae</strong></span> <span class='ocrx_word' id='word_1_270' title='bbox 880 1903 1099 1948; x_wconf 82' lang='lat' dir='ltr'><strong>sanaret</strong></span> <span class='ocrx_word' id='word_1_271' title='bbox 1130 1907 1320 1949; x_wconf 83' lang='lat' dir='ltr'><strong>omnes</strong></span> <span class='ocrx_word' id='word_1_272' title='bbox 1346 1911 1358 1946; x_wconf 91' lang='lat'><strong>:</strong></span> <span class='ocrx_word' id='word_1_273' title='bbox 1390 1902 1573 1950; x_wconf 87' lang='lat' dir='ltr'><strong>tamen</strong></span> <span class='ocrx_word' id='word_1_274' title='bbox 1619 1893 1693 1948; x_wconf 84' lang='lat' dir='ltr'><strong>si-</strong></span> 
     </span>
    </p>
   </div>
   <div class='ocr_carea' id='block_1_36' title="bbox 103 1983 1691 2059">
    <p class='ocr_par' dir='ltr' id='par_1_36' title="bbox 103 1983 1691 2059">
     <span class='ocr_line' id='line_1_36' title="bbox 103 1983 1691 2059; baseline 0.005 -24"><span class='ocrx_word' id='word_1_275' title='bbox 103 1991 179 2036; x_wconf 86' lang='lat' dir='ltr'><strong>cut</strong></span> <span class='ocrx_word' id='word_1_276' title='bbox 197 1983 458 2041; x_wconf 90' lang='lat' dir='ltr'><strong>Dominus</strong></span> <span class='ocrx_word' id='word_1_277' title='bbox 484 1987 732 2057; x_wconf 86' lang='lat' dir='ltr'><strong>complet</strong></span> <span class='ocrx_word' id='word_1_278' title='bbox 755 1987 963 2053; x_wconf 87' lang='lat' dir='ltr'><strong>omnia,</strong></span> <span class='ocrx_word' id='word_1_279' title='bbox 994 1988 1067 2042; x_wconf 87' lang='lat' dir='ltr'><strong>ita</strong></span> <span class='ocrx_word' id='word_1_280' title='bbox 1087 1988 1253 2043; x_wconf 89' lang='lat' dir='ltr'><strong>etiam</strong></span> <span class='ocrx_word' id='word_1_281' title='bbox 1287 1998 1342 2043; x_wconf 90' lang='lat' dir='ltr'><strong>et</strong></span> <span class='ocrx_word' id='word_1_282' title='bbox 1370 1987 1438 2044; x_wconf 81' lang='lat' dir='ltr'><strong>de</strong></span> <span class='ocrx_word' id='word_1_283' title='bbox 1478 1986 1691 2059; x_wconf 88' lang='lat' dir='ltr'><strong>Spiritu</strong></span> 
     </span>
    </p>
   </div>
   <div class='ocr_carea' id='block_1_37' title="bbox 106 2074 1691 2152">
    <p class='ocr_par' dir='ltr' id='par_1_37' title="bbox 106 2074 1691 2152">
     <span class='ocr_line' id='line_1_37' title="bbox 106 2074 1691 2152; baseline 0.005 -24"><span class='ocrx_word' id='word_1_284' title='bbox 106 2074 280 2131; x_wconf 87' lang='lat' dir='ltr'><strong>lectum</strong></span> <span class='ocrx_word' id='word_1_285' title='bbox 308 2087 427 2133; x_wconf 88' lang='lat' dir='ltr'><strong>est:</strong></span> <span class='ocrx_word' id='word_1_286' title='bbox 463 2078 735 2145; x_wconf 82' lang='lat' dir='ltr'><strong>Quoniam</strong></span> <span class='ocrx_word' id='word_1_287' title='bbox 780 2079 1017 2150; x_wconf 82' lang='lat' dir='ltr'><strong>Spiritus</strong></span> <span class='ocrx_word' id='word_1_288' title='bbox 1036 2079 1253 2135; x_wconf 86' lang='lat' dir='ltr'><strong>Domini</strong></span> <span class='ocrx_word' id='word_1_289' title='bbox 1272 2082 1489 2152; x_wconf 82' lang='lat' dir='ltr'><strong>replevit</strong></span> <span class='ocrx_word' id='word_1_290' title='bbox 1516 2082 1691 2137; x_wconf 84' lang='lat' dir='ltr'><strong>orbem</strong></span> 
     </span>
    </p>
   </div>
   <div class='ocr_carea' id='block_1_38' title="bbox 107 2152 1692 2245">
    <p class='ocr_par' dir='ltr' id='par_1_38' title="bbox 107 2152 1692 2245">
     <span class='ocr_line' id='line_1_38' title="bbox 107 2152 1692 2245; baseline 0.008 -27"><span class='ocrx_word' id='word_1_291' title='bbox 107 2152 336 2223; x_wconf 72' lang='lat' dir='ltr'><strong>terrarum</strong></span> <span class='ocrx_word' id='word_1_292' title='bbox 377 2170 546 2240; x_wconf 78' lang='lat' dir='ltr'><strong>(Sap.</strong></span> <span class='ocrx_word' id='word_1_293' title='bbox 584 2186 622 2237; x_wconf 91' lang='grc' dir='ltr'><strong>ι,</strong></span> <span class='ocrx_word' id='word_1_294' title='bbox 652 2170 726 2242; x_wconf 87' lang='lat' dir='ltr'><strong>&#39;l).</strong></span> <span class='ocrx_word' id='word_1_295' title='bbox 773 2171 952 2229; x_wconf 81' lang='lat' dir='ltr'><strong>Habes</strong></span> <span class='ocrx_word' id='word_1_296' title='bbox 979 2172 1144 2227; x_wconf 85' lang='lat' dir='ltr'><strong>etiam</strong></span> <span class='ocrx_word' id='word_1_297' title='bbox 1187 2174 1255 2228; x_wconf 90' lang='lat' dir='ltr'><strong>de</strong></span> <span class='ocrx_word' id='word_1_298' title='bbox 1293 2174 1549 2229; x_wconf 89' lang='lat' dir='ltr'><strong>omnibus</strong></span> <span class='ocrx_word' id='word_1_299' title='bbox 1597 2173 1692 2245; x_wconf 90' lang='lat' dir='ltr'><strong>qui</strong></span> 
     </span>
    </p>
   </div>
   <div class='ocr_carea' id='block_1_39' title="bbox 106 2264 1691 2337">
    <p class='ocr_par' dir='ltr' id='par_1_39' title="bbox 106 2264 1691 2337">
     <span class='ocr_line' id='line_1_39' title="bbox 106 2264 1691 2337; baseline 0.006 -25"><span class='ocrx_word' id='word_1_300' title='bbox 106 2272 449 2317; x_wconf 83' lang='lat' dir='ltr'><strong>convenerant</strong></span> <span class='ocrx_word' id='word_1_301' title='bbox 472 2275 604 2319; x_wconf 87' lang='lat' dir='ltr'><strong>cum</strong></span> <span class='ocrx_word' id='word_1_302' title='bbox 629 2264 894 2333; x_wconf 82' lang='lat' dir='ltr'><strong>apostolis</strong></span> <span class='ocrx_word' id='word_1_303' title='bbox 926 2266 1131 2321; x_wconf 87' lang='lat' dir='ltr'><strong>dictum</strong></span> <span class='ocrx_word' id='word_1_304' title='bbox 1158 2266 1307 2337; x_wconf 75' lang='lat' dir='ltr'><strong>quia,</strong></span> <span class='ocrx_word' id='word_1_305' title='bbox 1346 2267 1534 2336; x_wconf 89' lang='lat' dir='ltr'><strong>repleti</strong></span> <span class='ocrx_word' id='word_1_306' title='bbox 1568 2284 1691 2322; x_wconf 85' lang='lat' dir='ltr'><strong>san-</strong></span> 
     </span>
    </p>
   </div>
   <div class='ocr_carea' id='block_1_40' title="bbox 107 2351 1686 2430">
    <p class='ocr_par' dir='ltr' id='par_1_40' title="bbox 107 2351 1686 2430">
     <span class='ocr_line' id='line_1_40' title="bbox 107 2351 1686 2430; baseline 0.008 -28"><span class='ocrx_word' id='word_1_307' title='bbox 107 2360 174 2405; x_wconf 84' lang='lat' dir='ltr'><strong>cto</strong></span> <span class='ocrx_word' id='word_1_308' title='bbox 201 2351 422 2420; x_wconf 77' lang='lat' dir='ltr'><strong>Spiritu,</strong></span> <span class='ocrx_word' id='word_1_309' title='bbox 447 2356 799 2425; x_wconf 79' lang='lat' dir='ltr'><strong>loquebantur</strong></span> <span class='ocrx_word' id='word_1_310' title='bbox 826 2358 1037 2412; x_wconf 77' lang='lat' dir='ltr'><strong>uerbum</strong></span> <span class='ocrx_word' id='word_1_311' title='bbox 1066 2356 1166 2413; x_wconf 85' lang='lat' dir='ltr'><strong>Dei</strong></span> <span class='ocrx_word' id='word_1_312' title='bbox 1182 2374 1298 2412; x_wconf 87' lang='lat' dir='ltr'><strong>cum</strong></span> <span class='ocrx_word' id='word_1_313' title='bbox 1319 2359 1515 2428; x_wconf 79' lang='lat' dir='ltr'><strong>ﬁducia</strong></span> <span class='ocrx_word' id='word_1_314' title='bbox 1543 2359 1686 2430; x_wconf 78' lang='lat' dir='ltr'><strong>(Act.</strong></span> 
     </span>
    </p>
   </div>
   <div class='ocr_carea' id='block_1_41' title="bbox 111 2442 1689 2519">
    <p class='ocr_par' dir='ltr' id='par_1_41' title="bbox 111 2442 1689 2519">
     <span class='ocr_line' id='line_1_41' title="bbox 111 2442 1689 2519; baseline 0.007 -24"><span class='ocrx_word' id='word_1_315' title='bbox 111 2442 294 2514; x_wconf 80' lang='lat' dir='ltr'><strong>tv,5l).</strong></span> <span class='ocrx_word' id='word_1_316' title='bbox 329 2445 495 2503; x_wconf 79' lang='lat' dir='ltr'><strong>Vides</strong></span> <span class='ocrx_word' id='word_1_317' title='bbox 517 2448 651 2518; x_wconf 85' lang='lat' dir='ltr'><strong>quia</strong></span> <span class='ocrx_word' id='word_1_318' title='bbox 675 2457 733 2504; x_wconf 90' lang='lat' dir='ltr'><strong>et</strong></span> <span class='ocrx_word' id='word_1_319' title='bbox 758 2449 1155 2519; x_wconf 87' lang='lat' dir='ltr'><strong>plenitudinem</strong></span> <span class='ocrx_word' id='word_1_320' title='bbox 1183 2458 1242 2505; x_wconf 89' lang='lat' dir='ltr'><strong>et</strong></span> <span class='ocrx_word' id='word_1_321' title='bbox 1288 2449 1539 2505; x_wconf 83' lang='lat' dir='ltr'><strong>ﬁduciam</strong></span> <span class='ocrx_word' id='word_1_322' title='bbox 1595 2451 1689 2506; x_wconf 83' lang='lat' dir='ltr'><strong>dat</strong></span> 
     </span>
    </p>
   </div>
   <div class='ocr_carea' id='block_1_42' title="bbox 112 2532 1690 2611">
    <p class='ocr_par' dir='ltr' id='par_1_42' title="bbox 112 2532 1690 2611">
     <span class='ocr_line' id='line_1_42' title="bbox 112 2532 1690 2611; baseline 0.007 -25"><span class='ocrx_word' id='word_1_323' title='bbox 112 2532 320 2602; x_wconf 86' lang='lat' dir='ltr'><strong>Spiritus</strong></span> <span class='ocrx_word' id='word_1_324' title='bbox 370 2548 644 2603; x_wconf 82' lang='lat' dir='ltr'><strong>sanctus;</strong></span> <span class='ocrx_word' id='word_1_325' title='bbox 699 2538 854 2610; x_wconf 88' lang='lat' dir='ltr'><strong>cujus</strong></span> <span class='ocrx_word' id='word_1_326' title='bbox 902 2542 1277 2610; x_wconf 85' lang='lat' dir='ltr'><strong>Operationem</strong></span> <span class='ocrx_word' id='word_1_327' title='bbox 1327 2539 1690 2611; x_wconf 82' lang='lat' dir='ltr'><strong>arcltangelus</strong></span> 
     </span>
    </p>
   </div>
   <div class='ocr_carea' id='block_1_43' title="bbox 113 2627 1690 2704">
    <p class='ocr_par' dir='ltr' id='par_1_43' title="bbox 113 2627 1690 2704">
     <span class='ocr_line' id='line_1_43' title="bbox 113 2627 1690 2704; baseline 0.004 -25"><span class='ocrx_word' id='word_1_328' title='bbox 113 2627 300 2682; x_wconf 84' lang='lat' dir='ltr'><strong>nuntiat</strong></span> <span class='ocrx_word' id='word_1_329' title='bbox 318 2628 527 2695; x_wconf 63' lang='lat' dir='ltr'><strong>Mariis.</strong></span> <span class='ocrx_word' id='word_1_330' title='bbox 554 2630 774 2687; x_wconf 82' lang='lat' dir='ltr'><strong>dicens:</strong></span> <span class='ocrx_word' id='word_1_331' title='bbox 805 2631 1037 2701; x_wconf 84' lang='lat' dir='ltr'><strong>Spiritus</strong></span> <span class='ocrx_word' id='word_1_332' title='bbox 1067 2641 1272 2687; x_wconf 86' lang='lat' dir='ltr'><strong>sanctus</strong></span> <span class='ocrx_word' id='word_1_333' title='bbox 1293 2633 1613 2704; x_wconf 76' lang='lat' dir='ltr'><strong>superveniet</strong></span> <span class='ocrx_word' id='word_1_334' title='bbox 1633 2633 1690 2687; x_wconf 90' lang='lat' dir='ltr'><strong>in</strong></span> 
     </span>
    </p>
   </div>
   <div class='ocr_carea' id='block_1_44' title="bbox 113 2717 532 2795">
    <p class='ocr_par' dir='ltr' id='par_1_44' title="bbox 113 2717 532 2795">
     <span class='ocr_line' id='line_1_44' title="bbox 113 2717 532 2795; baseline 0.019 -26"><span class='ocrx_word' id='word_1_335' title='bbox 113 2726 151 2769; x_wconf 82' lang='lat' dir='ltr'><strong>te</strong></span> <span class='ocrx_word' id='word_1_336' title='bbox 174 2717 313 2787; x_wconf 84' lang='lat' dir='ltr'><strong>(Luc.</strong></span> <span class='ocrx_word' id='word_1_337' title='bbox 346 2736 384 2789; x_wconf 90' lang='grc' dir='ltr'><strong>ι,</strong></span> <span class='ocrx_word' id='word_1_338' title='bbox 410 2720 532 2795; x_wconf 75' lang='grc'><strong>55).</strong></span> 
     </span>
    </p>
   </div>
   <div class='ocr_carea' id='block_1_45' title="bbox 173 2810 1691 2889">
    <p class='ocr_par' dir='ltr' id='par_1_45' title="bbox 173 2810 1691 2889">
     <span class='ocr_line' id='line_1_45' title="bbox 173 2810 1691 2889; baseline 0.003 -23"><span class='ocrx_word' id='word_1_339' title='bbox 173 2810 253 2866; x_wconf 82' lang='lat'><strong>88.</strong></span> <span class='ocrx_word' id='word_1_340' title='bbox 280 2813 455 2870; x_wconf 75' lang='lat' dir='ltr'><strong>[labes</strong></span> <span class='ocrx_word' id='word_1_341' title='bbox 479 2814 653 2870; x_wconf 87' lang='lat' dir='ltr'><strong>etiam</strong></span> <span class='ocrx_word' id='word_1_342' title='bbox 681 2815 734 2870; x_wconf 91' lang='lat' dir='ltr'><strong>in</strong></span> <span class='ocrx_word' id='word_1_343' title='bbox 760 2817 1059 2889; x_wconf 83' lang='lat' dir='ltr'><strong>Evangelia</strong></span> <span class='ocrx_word' id='word_1_344' title='bbox 1078 2819 1201 2887; x_wconf 85' lang='lat' dir='ltr'><strong>quia</strong></span> <span class='ocrx_word' id='word_1_345' title='bbox 1240 2818 1467 2889; x_wconf 81' lang='lat' dir='ltr'><strong>angelus</strong></span> <span class='ocrx_word' id='word_1_346' title='bbox 1493 2831 1691 2873; x_wconf 86' lang='lat' dir='ltr'><strong>secun-</strong></span> 
     </span>
    </p>
   </div>
   <div class='ocr_carea' id='block_1_46' title="bbox 117 2903 1691 2977">
    <p class='ocr_par' dir='ltr' id='par_1_46' title="bbox 117 2903 1691 2977">
     <span class='ocr_line' id='line_1_46' title="bbox 117 2903 1691 2977; baseline 0.005 -22"><span class='ocrx_word' id='word_1_347' title='bbox 117 2903 227 2960; x_wconf 87' lang='lat' dir='ltr'><strong>dum</strong></span> <span class='ocrx_word' id='word_1_348' title='bbox 249 2915 459 2977; x_wconf 88' lang='lat' dir='ltr'><strong>tempus</strong></span> <span class='ocrx_word' id='word_1_349' title='bbox 481 2908 862 2965; x_wconf 85' lang='lat' dir='ltr'><strong>descendebat</strong></span> <span class='ocrx_word' id='word_1_350' title='bbox 885 2910 936 2963; x_wconf 92' lang='lat' dir='ltr'><strong>in</strong></span> <span class='ocrx_word' id='word_1_351' title='bbox 963 2909 1313 2976; x_wconf 85' lang='lat' dir='ltr'><strong>uatatoriam,</strong></span> <span class='ocrx_word' id='word_1_352' title='bbox 1335 2918 1392 2965; x_wconf 89' lang='lat' dir='ltr'><strong>et</strong></span> <span class='ocrx_word' id='word_1_353' title='bbox 1436 2908 1691 2964; x_wconf 78' lang='lat' dir='ltr'><strong>meveba-</strong></span> 
     </span>
    </p>
   </div>
   <div class='ocr_carea' id='block_1_47' title="bbox 119 3000 1684 3072">
    <p class='ocr_par' dir='ltr' id='par_1_47' title="bbox 119 3000 1684 3072">
     <span class='ocr_line' id='line_1_47' title="bbox 119 3000 1684 3072; baseline 0.006 -24"><span class='ocrx_word' id='word_1_354' title='bbox 119 3002 189 3051; x_wconf 87' lang='lat' dir='ltr'><strong>tur</strong></span> <span class='ocrx_word' id='word_1_355' title='bbox 215 3013 379 3067; x_wconf 85' lang='lat' dir='ltr'><strong>aqua:</strong></span> <span class='ocrx_word' id='word_1_356' title='bbox 406 3009 466 3058; x_wconf 86' lang='lat' dir='ltr'><strong>et</strong></span> <span class='ocrx_word' id='word_1_357' title='bbox 489 3000 589 3072; x_wconf 91' lang='lat' dir='ltr'><strong>qui</strong></span> <span class='ocrx_word' id='word_1_358' title='bbox 625 3002 777 3071; x_wconf 90' lang='lat' dir='ltr'><strong>prior</strong></span> <span class='ocrx_word' id='word_1_359' title='bbox 807 3002 1183 3059; x_wconf 78' lang='lat' dir='ltr'><strong>descendisset</strong></span> <span class='ocrx_word' id='word_1_360' title='bbox 1222 3009 1275 3059; x_wconf 88' lang='lat' dir='ltr'><strong>in</strong></span> <span class='ocrx_word' id='word_1_361' title='bbox 1315 3003 1637 3059; x_wconf 85' lang='lat' dir='ltr'><strong>natatorinm</strong></span> <span class='ocrx_word' id='word_1_362' title='bbox 1668 3041 1684 3068; x_wconf 89' lang='lat'><strong>,</strong></span> 
     </span>
    </p>
   </div>
   <div class='ocr_carea' id='block_1_48' title="bbox 1794 1780 3397 1856">
    <p class='ocr_par' dir='ltr' id='par_1_48' title="bbox 1794 1780 3397 1856">
     <span class='ocr_line' id='line_1_48' title="bbox 1794 1780 3397 1856; baseline 0.006 -21"><span class='ocrx_word' id='word_1_363' title='bbox 1794 1780 2080 1836; x_wconf 89' lang='lat' dir='ltr'><strong>nisterinm</strong></span> <span class='ocrx_word' id='word_1_364' title='bbox 2113 1780 2421 1838; x_wconf 87' lang='lat' dir='ltr'><strong>sacerdotis</strong></span> <span class='ocrx_word' id='word_1_365' title='bbox 2446 1791 2551 1837; x_wconf 88' lang='lat' dir='ltr'><strong>est.</strong></span> <span class='ocrx_word' id='word_1_366' title='bbox 2584 1780 2718 1836; x_wconf 80' lang='lat' dir='ltr'><strong>Nam</strong></span> <span class='ocrx_word' id='word_1_367' title='bbox 2764 1782 2809 1836; x_wconf 88' lang='lat' dir='ltr'><strong>si</strong></span> <span class='ocrx_word' id='word_1_368' title='bbox 2863 1782 3063 1839; x_wconf 84' lang='lat' dir='ltr'><strong>Paulus</strong></span> <span class='ocrx_word' id='word_1_369' title='bbox 3109 1786 3397 1856; x_wconf 83' lang='lat' dir='ltr'><strong>apostolus</strong></span> 
     </span>
    </p>
   </div>
   <div class='ocr_carea' id='block_1_49' title="bbox 1789 1873 3398 1949">
    <p class='ocr_par' dir='ltr' id='par_1_49' title="bbox 1789 1873 3398 1949">
     <span class='ocr_line' id='line_1_49' title="bbox 1789 1873 3398 1949; baseline 0.006 -22"><span class='ocrx_word' id='word_1_370' title='bbox 1789 1873 2053 1943; x_wconf 81' lang='lat' dir='ltr'><strong>judicavit</strong></span> <span class='ocrx_word' id='word_1_371' title='bbox 2077 1873 2098 1947; x_wconf 93' lang='lat'><strong>(</strong></span> <span class='ocrx_word' id='word_1_372' title='bbox 2124 1874 2311 1946; x_wconf 74' lang='lat' dir='ltr'><strong>Eplies.</strong></span> <span class='ocrx_word' id='word_1_373' title='bbox 2351 1892 2404 1941; x_wconf 86' lang='lat' dir='ltr'><strong>v,</strong></span> <span class='ocrx_word' id='word_1_374' title='bbox 2440 1874 2543 1945; x_wconf 78' lang='grc'><strong>18)</strong></span> <span class='ocrx_word' id='word_1_375' title='bbox 2564 1875 2707 1947; x_wconf 89' lang='lat' dir='ltr'><strong>quod</strong></span> <span class='ocrx_word' id='word_1_376' title='bbox 2738 1875 2860 1945; x_wconf 87' lang='lat' dir='ltr'><strong>ipse</strong></span> <span class='ocrx_word' id='word_1_377' title='bbox 2893 1876 3101 1933; x_wconf 86' lang='lat' dir='ltr'><strong>donare</strong></span> <span class='ocrx_word' id='word_1_378' title='bbox 3130 1876 3398 1949; x_wconf 82' lang='lat' dir='ltr'><strong>Spiritum</strong></span> 
     </span>
    </p>
   </div>
   <div class='ocr_carea' id='block_1_50' title="bbox 1793 1971 3393 2040">
    <p class='ocr_par' dir='ltr' id='par_1_50' title="bbox 1793 1971 3393 2040">
     <span class='ocr_line' id='line_1_50' title="bbox 1793 1971 3393 2040; baseline 0.003 -15"><span class='ocrx_word' id='word_1_379' title='bbox 1793 1980 2041 2026; x_wconf 88' lang='lat' dir='ltr'><strong>sanctum</strong></span> <span class='ocrx_word' id='word_1_380' title='bbox 2064 1985 2160 2026; x_wconf 86' lang='lat' dir='ltr'><strong>sua</strong></span> <span class='ocrx_word' id='word_1_381' title='bbox 2183 1971 2510 2026; x_wconf 76' lang='lat' dir='ltr'><strong>auctoritate</strong></span> <span class='ocrx_word' id='word_1_382' title='bbox 2545 1984 2653 2024; x_wconf 86' lang='lat' dir='ltr'><strong>non</strong></span> <span class='ocrx_word' id='word_1_383' title='bbox 2684 1982 2890 2040; x_wconf 82' lang='lat' dir='ltr'><strong>posset,</strong></span> <span class='ocrx_word' id='word_1_384' title='bbox 2925 1979 2982 2026; x_wconf 90' lang='lat' dir='ltr'><strong>et</strong></span> <span class='ocrx_word' id='word_1_385' title='bbox 3005 1973 3060 2027; x_wconf 91' lang='lat' dir='ltr'><strong>in</strong></span> <span class='ocrx_word' id='word_1_386' title='bbox 3090 1982 3302 2029; x_wconf 87' lang='lat' dir='ltr'><strong>tantum</strong></span> <span class='ocrx_word' id='word_1_387' title='bbox 3332 1988 3393 2030; x_wconf 89' lang='lat' dir='ltr'><strong>se</strong></span> 
     </span>
    </p>
   </div>
   <div class='ocr_carea' id='block_1_51' title="bbox 1794 2064 3383 2139">
    <p class='ocr_par' dir='ltr' id='par_1_51' title="bbox 1794 2064 3383 2139">
     <span class='ocr_line' id='line_1_51' title="bbox 1794 2064 3383 2139; baseline 0.004 -20"><span class='ocrx_word' id='word_1_388' title='bbox 1794 2064 1919 2120; x_wconf 90' lang='lat' dir='ltr'><strong>huic</strong></span> <span class='ocrx_word' id='word_1_389' title='bbox 1953 2064 2139 2120; x_wconf 81' lang='lat' dir='ltr'><strong>cilicio</strong></span> <span class='ocrx_word' id='word_1_390' title='bbox 2165 2066 2429 2135; x_wconf 86' lang='lat' dir='ltr'><strong>imparem</strong></span> <span class='ocrx_word' id='word_1_391' title='bbox 2461 2064 2719 2131; x_wconf 86' lang='lat' dir='ltr'><strong>credidit,</strong></span> <span class='ocrx_word' id='word_1_392' title='bbox 2757 2076 2814 2120; x_wconf 88' lang='lat' dir='ltr'><strong>ut</strong></span> <span class='ocrx_word' id='word_1_393' title='bbox 2837 2079 2867 2119; x_wconf 87' lang='grc' dir='ltr'><strong>ιι</strong></span> <span class='ocrx_word' id='word_1_394' title='bbox 2893 2067 3009 2122; x_wconf 86' lang='lat' dir='ltr'><strong>Deo</strong></span> <span class='ocrx_word' id='word_1_395' title='bbox 3040 2080 3140 2122; x_wconf 89' lang='lat' dir='ltr'><strong>nos</strong></span> <span class='ocrx_word' id='word_1_396' title='bbox 3171 2067 3383 2139; x_wconf 89' lang='lat' dir='ltr'><strong>Spiritu</strong></span> 
     </span>
    </p>
   </div>
   <div class='ocr_carea' id='block_1_52' title="bbox 1792 2157 3395 2228">
    <p class='ocr_par' dir='ltr' id='par_1_52' title="bbox 1792 2157 3395 2228">
     <span class='ocr_line' id='line_1_52' title="bbox 1792 2157 3395 2228; baseline 0.003 -17"><span class='ocrx_word' id='word_1_397' title='bbox 1792 2165 2006 2227; x_wconf 85' lang='lat' dir='ltr'><strong>optaret</strong></span> <span class='ocrx_word' id='word_1_398' title='bbox 2038 2158 2249 2227; x_wconf 77' lang='lat' dir='ltr'><strong>impleri</strong></span> <span class='ocrx_word' id='word_1_399' title='bbox 2278 2175 2293 2222; x_wconf 90' lang='lat'><strong>;</strong></span> <span class='ocrx_word' id='word_1_400' title='bbox 2328 2157 2447 2226; x_wconf 82' lang='lat' dir='ltr'><strong>quis</strong></span> <span class='ocrx_word' id='word_1_401' title='bbox 2474 2166 2656 2211; x_wconf 86' lang='lat' dir='ltr'><strong>tantus</strong></span> <span class='ocrx_word' id='word_1_402' title='bbox 2697 2165 2802 2223; x_wconf 89' lang='lat' dir='ltr'><strong>est,</strong></span> <span class='ocrx_word' id='word_1_403' title='bbox 2833 2158 2924 2227; x_wconf 91' lang='lat' dir='ltr'><strong>qui</strong></span> <span class='ocrx_word' id='word_1_404' title='bbox 2953 2158 3116 2228; x_wconf 86' lang='lat' dir='ltr'><strong>hujus</strong></span> <span class='ocrx_word' id='word_1_405' title='bbox 3140 2161 3395 2216; x_wconf 88' lang='lat' dir='ltr'><strong>traditio-</strong></span> 
     </span>
    </p>
   </div>
   <div class='ocr_carea' id='block_1_53' title="bbox 1793 2247 3388 2322">
    <p class='ocr_par' dir='ltr' id='par_1_53' title="bbox 1793 2247 3388 2322">
     <span class='ocr_line' id='line_1_53' title="bbox 1793 2247 3388 2322; baseline 0.003 -19"><span class='ocrx_word' id='word_1_406' title='bbox 1793 2264 1916 2303; x_wconf 87' lang='lat' dir='ltr'><strong>nem</strong></span> <span class='ocrx_word' id='word_1_407' title='bbox 1951 2249 2193 2304; x_wconf 83' lang='lat' dir='ltr'><strong>muneris</strong></span> <span class='ocrx_word' id='word_1_408' title='bbox 2220 2248 2325 2303; x_wconf 88' lang='lat' dir='ltr'><strong>sibi</strong></span> <span class='ocrx_word' id='word_1_409' title='bbox 2362 2247 2562 2302; x_wconf 81' lang='lat' dir='ltr'><strong>audeat</strong></span> <span class='ocrx_word' id='word_1_410' title='bbox 2600 2248 2893 2318; x_wconf 80' lang='lat' dir='ltr'><strong>arrogare?</strong></span> <span class='ocrx_word' id='word_1_411' title='bbox 2934 2247 3125 2319; x_wconf 84' lang='lat' dir='ltr'><strong>Itaque</strong></span> <span class='ocrx_word' id='word_1_412' title='bbox 3146 2251 3388 2322; x_wconf 84' lang='lat' dir='ltr'><strong>Aposto-</strong></span> 
     </span>
    </p>
   </div>
   <div class='ocr_carea' id='block_1_54' title="bbox 1794 2337 3393 2411">
    <p class='ocr_par' dir='ltr' id='par_1_54' title="bbox 1794 2337 3393 2411">
     <span class='ocr_line' id='line_1_54' title="bbox 1794 2337 3393 2411; baseline 0.003 -16"><span class='ocrx_word' id='word_1_413' title='bbox 1794 2342 1879 2396; x_wconf 89' lang='lat' dir='ltr'><strong>lus</strong></span> <span class='ocrx_word' id='word_1_414' title='bbox 1915 2337 1941 2378; x_wconf 76' lang='grc' dir='ltr'><em>ά</em></span> <span class='ocrx_word' id='word_1_415' title='bbox 1968 2350 2153 2397; x_wconf 91' lang='lat' dir='ltr'><strong>votum</strong></span> <span class='ocrx_word' id='word_1_416' title='bbox 2181 2340 2496 2411; x_wconf 83' lang='lat' dir='ltr'><strong>precatione</strong></span> <span class='ocrx_word' id='word_1_417' title='bbox 2521 2339 2738 2407; x_wconf 88' lang='lat' dir='ltr'><strong>detulit,</strong></span> <span class='ocrx_word' id='word_1_418' title='bbox 2785 2354 2893 2395; x_wconf 90' lang='lat' dir='ltr'><strong>non</strong></span> <span class='ocrx_word' id='word_1_419' title='bbox 2922 2339 3013 2409; x_wconf 90' lang='lat' dir='ltr'><strong>jus</strong></span> <span class='ocrx_word' id='word_1_420' title='bbox 3058 2342 3393 2399; x_wconf 82' lang='lat' dir='ltr'><strong>aucturitate</strong></span> 
     </span>
    </p>
   </div>
   <div class='ocr_carea' id='block_1_55' title="bbox 1792 2432 3387 2505">
    <p class='ocr_par' dir='ltr' id='par_1_55' title="bbox 1792 2432 3387 2505">
     <span class='ocr_line' id='line_1_55' title="bbox 1792 2432 3387 2505; baseline 0.001 -16"><span class='ocrx_word' id='word_1_421' title='bbox 1792 2434 1973 2505; x_wconf 88' lang='lat' dir='ltr'><strong>aliqua</strong></span> <span class='ocrx_word' id='word_1_422' title='bbox 2008 2434 2343 2489; x_wconf 86' lang='lat' dir='ltr'><strong>vindicavit:</strong></span> <span class='ocrx_word' id='word_1_423' title='bbox 2370 2433 2666 2503; x_wconf 88' lang='lat' dir='ltr'><strong>impetrare</strong></span> <span class='ocrx_word' id='word_1_424' title='bbox 2693 2432 2941 2501; x_wconf 87' lang='lat' dir='ltr'><strong>optavit,</strong></span> <span class='ocrx_word' id='word_1_425' title='bbox 2977 2447 3084 2487; x_wconf 93' lang='lat' dir='ltr'><strong>non</strong></span> <span class='ocrx_word' id='word_1_426' title='bbox 3115 2432 3387 2504; x_wconf 82' lang='lat' dir='ltr'><strong>imperare</strong></span> 
     </span>
    </p>
   </div>
   <div class='ocr_carea' id='block_1_56' title="bbox 1795 2526 3388 2597">
    <p class='ocr_par' dir='ltr' id='par_1_56' title="bbox 1795 2526 3388 2597">
     <span class='ocr_line' id='line_1_56' title="bbox 1795 2526 3388 2597; baseline 0.001 -15"><span class='ocrx_word' id='word_1_427' title='bbox 1795 2526 2163 2597; x_wconf 84' lang='lat' dir='ltr'><strong>praesumpsit.</strong></span> <span class='ocrx_word' id='word_1_428' title='bbox 2196 2527 2389 2583; x_wconf 88' lang='lat' dir='ltr'><strong>Petrus</strong></span> <span class='ocrx_word' id='word_1_429' title='bbox 2411 2540 2625 2597; x_wconf 91' lang='lat' dir='ltr'><strong>quoque</strong></span> <span class='ocrx_word' id='word_1_430' title='bbox 2649 2527 2726 2581; x_wconf 88' lang='lat' dir='ltr'><strong>ait</strong></span> <span class='ocrx_word' id='word_1_431' title='bbox 2763 2526 2890 2596; x_wconf 88' lang='lat' dir='ltr'><strong>quia</strong></span> <span class='ocrx_word' id='word_1_432' title='bbox 2940 2538 3049 2582; x_wconf 90' lang='lat' dir='ltr'><strong>nou</strong></span> <span class='ocrx_word' id='word_1_433' title='bbox 3097 2535 3217 2583; x_wconf 82' lang='lat' dir='ltr'><strong>erat</strong></span> <span class='ocrx_word' id='word_1_434' title='bbox 3267 2527 3388 2583; x_wconf 88' lang='lat' dir='ltr'><strong>ido-</strong></span> 
     </span>
    </p>
   </div>
   <div class='ocr_carea' id='block_1_57' title="bbox 1792 2619 3386 2692">
    <p class='ocr_par' dir='ltr' id='par_1_57' title="bbox 1792 2619 3386 2692">
     <span class='ocr_line' id='line_1_57' title="bbox 1792 2619 3386 2692; baseline 0.001 -17"><span class='ocrx_word' id='word_1_435' title='bbox 1792 2636 1927 2676; x_wconf 90' lang='lat' dir='ltr'><strong>neus</strong></span> <span class='ocrx_word' id='word_1_436' title='bbox 1958 2621 2046 2692; x_wconf 88' lang='lat' dir='ltr'><strong>qui</strong></span> <span class='ocrx_word' id='word_1_437' title='bbox 2074 2629 2259 2691; x_wconf 87' lang='lat' dir='ltr'><strong>posset</strong></span> <span class='ocrx_word' id='word_1_438' title='bbox 2308 2620 2569 2689; x_wconf 90' lang='lat' dir='ltr'><strong>Spiritum</strong></span> <span class='ocrx_word' id='word_1_439' title='bbox 2624 2631 2870 2674; x_wconf 89' lang='lat' dir='ltr'><strong>sanctum</strong></span> <span class='ocrx_word' id='word_1_440' title='bbox 2900 2619 2987 2674; x_wconf 86' lang='lat' dir='ltr'><strong>vel</strong></span> <span class='ocrx_word' id='word_1_441' title='bbox 3032 2628 3264 2689; x_wconf 73' lang='lat' dir='ltr'><strong>cogere,</strong></span> <span class='ocrx_word' id='word_1_442' title='bbox 3295 2620 3386 2677; x_wconf 85' lang='lat' dir='ltr'><strong>vel</strong></span> 
     </span>
    </p>
   </div>
   <div class='ocr_carea' id='block_1_58' title="bbox 1793 2710 3394 2785">
    <p class='ocr_par' dir='ltr' id='par_1_58' title="bbox 1793 2710 3394 2785">
     <span class='ocr_line' id='line_1_58' title="bbox 1793 2710 3394 2785; baseline -0.004 -14"><span class='ocrx_word' id='word_1_443' title='bbox 1793 2730 2008 2772; x_wconf 87' lang='lat' dir='ltr'><strong>arcere.</strong></span> <span class='ocrx_word' id='word_1_444' title='bbox 2031 2714 2120 2771; x_wconf 88' lang='lat' dir='ltr'><strong>Sic</strong></span> <span class='ocrx_word' id='word_1_445' title='bbox 2145 2714 2290 2768; x_wconf 89' lang='lat' dir='ltr'><strong>enim</strong></span> <span class='ocrx_word' id='word_1_446' title='bbox 2321 2713 2459 2768; x_wconf 80' lang='lat' dir='ltr'><strong>dixit</strong></span> <span class='ocrx_word' id='word_1_447' title='bbox 2488 2730 2501 2765; x_wconf 88' lang='lat'><strong>:</strong></span> <span class='ocrx_word' id='word_1_448' title='bbox 2531 2710 2675 2785; x_wconf 88' lang='lat' dir='ltr'><strong>Ergo</strong></span> <span class='ocrx_word' id='word_1_449' title='bbox 2699 2713 2742 2766; x_wconf 91' lang='lat' dir='ltr'><strong>si</strong></span> <span class='ocrx_word' id='word_1_450' title='bbox 2764 2713 2997 2766; x_wconf 81' lang='lat' dir='ltr'><strong>eamdem</strong></span> <span class='ocrx_word' id='word_1_451' title='bbox 3021 2713 3245 2784; x_wconf 85' lang='lat' dir='ltr'><strong>gratiam</strong></span> <span class='ocrx_word' id='word_1_452' title='bbox 3269 2726 3394 2767; x_wconf 86' lang='lat' dir='ltr'><strong>con-</strong></span> 
     </span>
    </p>
   </div>
   <div class='ocr_carea' id='block_1_59' title="bbox 1792 2805 3381 2877">
    <p class='ocr_par' dir='ltr' id='par_1_59' title="bbox 1792 2805 3381 2877">
     <span class='ocr_line' id='line_1_59' title="bbox 1792 2805 3381 2877; baseline -0.001 -16"><span class='ocrx_word' id='word_1_453' title='bbox 1792 2809 1939 2864; x_wconf 88' lang='lat' dir='ltr'><strong>cessit</strong></span> <span class='ocrx_word' id='word_1_454' title='bbox 1959 2808 2067 2862; x_wconf 82' lang='lat' dir='ltr'><strong>illis</strong></span> <span class='ocrx_word' id='word_1_455' title='bbox 2103 2805 2243 2861; x_wconf 85' lang='lat' dir='ltr'><strong>Deus</strong></span> <span class='ocrx_word' id='word_1_456' title='bbox 2273 2807 2404 2861; x_wconf 85' lang='lat' dir='ltr'><strong>sicut</strong></span> <span class='ocrx_word' id='word_1_457' title='bbox 2431 2815 2478 2861; x_wconf 88' lang='lat' dir='ltr'><strong>et</strong></span> <span class='ocrx_word' id='word_1_458' title='bbox 2499 2805 2666 2872; x_wconf 85' lang='lat' dir='ltr'><strong>nobis,</strong></span> <span class='ocrx_word' id='word_1_459' title='bbox 2699 2821 2791 2876; x_wconf 88' lang='lat' dir='ltr'><strong>ego</strong></span> <span class='ocrx_word' id='word_1_460' title='bbox 2819 2806 2933 2876; x_wconf 85' lang='lat' dir='ltr'><strong>quis</strong></span> <span class='ocrx_word' id='word_1_461' title='bbox 2952 2818 3115 2872; x_wconf 87' lang='lat' dir='ltr'><strong>erant,</strong></span> <span class='ocrx_word' id='word_1_462' title='bbox 3141 2806 3230 2875; x_wconf 81' lang='lat' dir='ltr'><strong>qui</strong></span> <span class='ocrx_word' id='word_1_463' title='bbox 3260 2821 3381 2877; x_wconf 90' lang='lat' dir='ltr'><strong>pos-</strong></span> 
     </span>
    </p>
   </div>
   <div class='ocr_carea' id='block_1_60' title="bbox 1789 2895 2850 2973">
    <p class='ocr_par' dir='ltr' id='par_1_60' title="bbox 1789 2895 2850 2973">
     <span class='ocr_line' id='line_1_60' title="bbox 1789 2895 2850 2973; baseline -0.008 -15"><span class='ocrx_word' id='word_1_464' title='bbox 1789 2919 1895 2959; x_wconf 86' lang='lat' dir='ltr'><strong>sem</strong></span> <span class='ocrx_word' id='word_1_465' title='bbox 1914 2900 2187 2973; x_wconf 84' lang='lat' dir='ltr'><strong>prohibere</strong></span> <span class='ocrx_word' id='word_1_466' title='bbox 2207 2899 2373 2955; x_wconf 84' lang='lat' dir='ltr'><strong>Deum</strong></span> <span class='ocrx_word' id='word_1_467' title='bbox 2403 2898 2549 2971; x_wconf 83' lang='lat' dir='ltr'><strong>(Act.</strong></span> <span class='ocrx_word' id='word_1_468' title='bbox 2582 2913 2657 2963; x_wconf 73' lang='grc' dir='ltr'>χι,</span> <span class='ocrx_word' id='word_1_469' title='bbox 2690 2899 2753 2953; x_wconf 83' lang='lat' dir='ltr'><strong>l7</strong></span> <span class='ocrx_word' id='word_1_470' title='bbox 2778 2895 2799 2969; x_wconf 90' lang='lat'><strong>)</strong></span> <span class='ocrx_word' id='word_1_471' title='bbox 2828 2897 2850 2949; x_wconf 85' lang='lat' dir='ltr'><strong>‘t</strong></span> 
     </span>
    </p>
   </div>
   <div class='ocr_carea' id='block_1_61' title="bbox 1863 2992 3389 3063">
    <p class='ocr_par' dir='ltr' id='par_1_61' title="bbox 1863 2992 3389 3063">
     <span class='ocr_line' id='line_1_61' title="bbox 1863 2992 3389 3063; baseline -0.001 -13"><span class='ocrx_word' id='word_1_472' title='bbox 1863 2997 1952 3052; x_wconf 82' lang='lat' dir='ltr'><strong>9i.</strong></span> <span class='ocrx_word' id='word_1_473' title='bbox 2018 2994 2125 3051; x_wconf 88' lang='lat' dir='ltr'><strong>Sed</strong></span> <span class='ocrx_word' id='word_1_474' title='bbox 2178 2994 2409 3049; x_wconf 86' lang='lat' dir='ltr'><strong>lortasse</strong></span> <span class='ocrx_word' id='word_1_475' title='bbox 2476 2992 2794 3063; x_wconf 89' lang='lat' dir='ltr'><strong>apostolicis</strong></span> <span class='ocrx_word' id='word_1_476' title='bbox 2884 3007 2991 3048; x_wconf 91' lang='lat' dir='ltr'><strong>non</strong></span> <span class='ocrx_word' id='word_1_477' title='bbox 3062 3000 3389 3049; x_wconf 88' lang='lat' dir='ltr'><strong>moveantur</strong></span> 
     </span>
    </p>
   </div>
   <div class='ocr_carea' id='block_1_62' title="bbox 120 3084 3394 3167">
    <p class='ocr_par' dir='ltr' id='par_1_62' title="bbox 120 3084 3394 3167">
     <span class='ocr_line' id='line_1_62' title="bbox 120 3084 3394 3167; baseline 0 -26"><span class='ocrx_word' id='word_1_478' title='bbox 120 3102 257 3145; x_wconf 87' lang='lat' dir='ltr'><strong>sanus</strong></span> <span class='ocrx_word' id='word_1_479' title='bbox 273 3090 639 3165; x_wconf 82' lang='lat' dir='ltr'><strong>ﬁebat(Joan.</strong></span> <span class='ocrx_word' id='word_1_480' title='bbox 666 3111 719 3162; x_wconf 93' lang='lat' dir='ltr'><strong>v,</strong></span> <span class='ocrx_word' id='word_1_481' title='bbox 752 3094 829 3165; x_wconf 78' lang='grc'><strong>4).</strong></span> <span class='ocrx_word' id='word_1_482' title='bbox 873 3095 1013 3163; x_wconf 88' lang='lat' dir='ltr'><strong>Quid</strong></span> <span class='ocrx_word' id='word_1_483' title='bbox 1038 3096 1089 3151; x_wconf 92' lang='lat' dir='ltr'><strong>in</strong></span> <span class='ocrx_word' id='word_1_484' title='bbox 1136 3096 1241 3151; x_wconf 86' lang='lat' dir='ltr'><strong>hoc</strong></span> <span class='ocrx_word' id='word_1_485' title='bbox 1266 3105 1393 3167; x_wconf 87' lang='lat' dir='ltr'><strong>typo</strong></span> <span class='ocrx_word' id='word_1_486' title='bbox 1436 3096 1683 3164; x_wconf 80' lang='lat' dir='ltr'><strong>angelus,</strong></span> <span class='ocrx_word' id='word_1_487' title='bbox 1714 3084 1759 3148; x_wconf 90' lang='lat' dir='ltr'><strong>C</strong></span> <span class='ocrx_word' id='word_1_488' title='bbox 1791 3087 2056 3159; x_wconf 85' lang='lat' dir='ltr'><strong>exemplis</strong></span> <span class='ocrx_word' id='word_1_489' title='bbox 2090 3128 2104 3154; x_wconf 91' lang='lat'><strong>,</strong></span> <span class='ocrx_word' id='word_1_490' title='bbox 2162 3098 2217 3143; x_wconf 88' lang='lat' dir='ltr'><strong>et</strong></span> <span class='ocrx_word' id='word_1_491' title='bbox 2268 3086 2392 3142; x_wconf 92' lang='lat' dir='ltr'><strong>ideo</strong></span> <span class='ocrx_word' id='word_1_492' title='bbox 2446 3086 2650 3142; x_wconf 85' lang='lat' dir='ltr'><strong>divinis</strong></span> <span class='ocrx_word' id='word_1_493' title='bbox 2683 3094 2900 3141; x_wconf 88' lang='lat' dir='ltr'><strong>utamur</strong></span> <span class='ocrx_word' id='word_1_494' title='bbox 2942 3086 3223 3154; x_wconf 87' lang='lat' dir='ltr'><strong>oraculis;</strong></span> <span class='ocrx_word' id='word_1_495' title='bbox 3256 3088 3394 3142; x_wconf 82' lang='lat' dir='ltr'><strong>scri-</strong></span> 
     </span>
    </p>
   </div>
   <div class='ocr_carea' id='block_1_63' title="bbox 120 3179 1691 3258">
    <p class='ocr_par' dir='ltr' id='par_1_63' title="bbox 120 3179 1691 3258">
     <span class='ocr_line' id='line_1_63' title="bbox 120 3179 1691 3258; baseline 0.008 -28"><span class='ocrx_word' id='word_1_496' title='bbox 120 3179 207 3233; x_wconf 86' lang='lat' dir='ltr'><strong>nisi</strong></span> <span class='ocrx_word' id='word_1_497' title='bbox 232 3181 643 3241; x_wconf 86' lang='lat' dir='ltr'><strong>descensionem</strong></span> <span class='ocrx_word' id='word_1_498' title='bbox 666 3186 839 3240; x_wconf 85' lang='lat' dir='ltr'><strong>sancti</strong></span> <span class='ocrx_word' id='word_1_499' title='bbox 881 3186 1111 3258; x_wconf 78' lang='lat' dir='ltr'><strong>Spiritus</strong></span> <span class='ocrx_word' id='word_1_500' title='bbox 1159 3187 1464 3253; x_wconf 72' lang='lat' dir='ltr'><strong>nuntiabat,</strong></span> <span class='ocrx_word' id='word_1_501' title='bbox 1503 3183 1534 3222; x_wconf 65' lang='lat'><strong>1’</strong></span> <span class='ocrx_word' id='word_1_502' title='bbox 1569 3203 1691 3256; x_wconf 71' lang='lat' dir='ltr'><strong>quae</strong></span> 
     </span>
    </p>
   </div>
   <div class='ocr_carea' id='block_1_64' title="bbox 123 3274 1688 3351">
    <p class='ocr_par' dir='ltr' id='par_1_64' title="bbox 123 3274 1688 3351">
     <span class='ocr_line' id='line_1_64' title="bbox 123 3274 1688 3351; baseline 0.008 -28"><span class='ocrx_word' id='word_1_503' title='bbox 123 3274 296 3327; x_wconf 78' lang='lat' dir='ltr'><strong>nostris</strong></span> <span class='ocrx_word' id='word_1_504' title='bbox 325 3274 509 3333; x_wconf 82' lang='lat' dir='ltr'><strong>futura</strong></span> <span class='ocrx_word' id='word_1_505' title='bbox 531 3278 899 3346; x_wconf 86' lang='lat' dir='ltr'><strong>temporibus,</strong></span> <span class='ocrx_word' id='word_1_506' title='bbox 932 3292 1103 3351; x_wconf 85' lang='lat' dir='ltr'><strong>aquas</strong></span> <span class='ocrx_word' id='word_1_507' title='bbox 1139 3281 1569 3337; x_wconf 80' lang='lat' dir='ltr'><strong>sacerdotalibus</strong></span> <span class='ocrx_word' id='word_1_508' title='bbox 1606 3281 1688 3335; x_wconf 85' lang='lat' dir='ltr'><strong>in-</strong></span> 
     </span>
    </p>
   </div>
   <div class='ocr_carea' id='block_1_65' title="bbox 123 3369 1691 3445">
    <p class='ocr_par' dir='ltr' id='par_1_65' title="bbox 123 3369 1691 3445">
     <span class='ocr_line' id='line_1_65' title="bbox 123 3369 1691 3445; baseline 0.01 -31"><span class='ocrx_word' id='word_1_509' title='bbox 123 3375 285 3443; x_wconf 85' lang='lat' dir='ltr'><strong>vocata</strong></span> <span class='ocrx_word' id='word_1_510' title='bbox 308 3369 561 3437; x_wconf 84' lang='lat' dir='ltr'><strong>precibus</strong></span> <span class='ocrx_word' id='word_1_511' title='bbox 584 3381 929 3427; x_wconf 82' lang='lat' dir='ltr'><strong>consecraret</strong></span> <span class='ocrx_word' id='word_1_512' title='bbox 959 3372 981 3426; x_wconf 84' lang='lat'><strong>?</strong></span> <span class='ocrx_word' id='word_1_513' title='bbox 1011 3372 1106 3428; x_wconf 90' lang='lat' dir='ltr'><strong>llle</strong></span> <span class='ocrx_word' id='word_1_514' title='bbox 1126 3388 1258 3444; x_wconf 85' lang='lat' dir='ltr'><strong>ergo</strong></span> <span class='ocrx_word' id='word_1_515' title='bbox 1286 3374 1509 3445; x_wconf 78' lang='lat' dir='ltr'><strong>angelus</strong></span> <span class='ocrx_word' id='word_1_516' title='bbox 1537 3389 1691 3429; x_wconf 85' lang='lat' dir='ltr'><strong>sanc-</strong></span> 
     </span>
    </p>
   </div>
   <div class='ocr_carea' id='block_1_66' title="bbox 128 3458 1694 3543">
    <p class='ocr_par' dir='ltr' id='par_1_66' title="bbox 128 3458 1694 3543">
     <span class='ocr_line' id='line_1_66' title="bbox 128 3458 1694 3543; baseline 0.006 -33"><span class='ocrx_word' id='word_1_517' title='bbox 128 3458 158 3511; x_wconf 91' lang='lat' dir='ltr'><strong>ti</strong></span> <span class='ocrx_word' id='word_1_518' title='bbox 173 3458 389 3529; x_wconf 85' lang='lat' dir='ltr'><strong>Spiritus</strong></span> <span class='ocrx_word' id='word_1_519' title='bbox 411 3474 530 3520; x_wconf 84' lang='lat' dir='ltr'><strong>erat</strong></span> <span class='ocrx_word' id='word_1_520' title='bbox 555 3465 799 3533; x_wconf 89' lang='lat' dir='ltr'><strong>nuntius,</strong></span> <span class='ocrx_word' id='word_1_521' title='bbox 833 3480 897 3520; x_wconf 85' lang='lat' dir='ltr'><strong>eo</strong></span> <span class='ocrx_word' id='word_1_522' title='bbox 915 3466 1058 3536; x_wconf 91' lang='lat' dir='ltr'><strong>quod</strong></span> <span class='ocrx_word' id='word_1_523' title='bbox 1076 3482 1171 3537; x_wconf 89' lang='lat' dir='ltr'><strong>per</strong></span> <span class='ocrx_word' id='word_1_524' title='bbox 1193 3467 1421 3538; x_wconf 84' lang='lat' dir='ltr'><strong>gratiam</strong></span> <span class='ocrx_word' id='word_1_525' title='bbox 1441 3466 1694 3543; x_wconf 82' lang='lat' dir='ltr'><strong>spiritua-</strong></span> 
     </span>
    </p>
   </div>
   <div class='ocr_carea' id='block_1_67' title="bbox 126 3545 1693 3629">
    <p class='ocr_par' dir='ltr' id='par_1_67' title="bbox 126 3545 1693 3629">
     <span class='ocr_line' id='line_1_67' title="bbox 126 3545 1693 3629; baseline 0.007 -27"><span class='ocrx_word' id='word_1_526' title='bbox 126 3545 214 3601; x_wconf 88' lang='lat' dir='ltr'><strong>lem</strong></span> <span class='ocrx_word' id='word_1_527' title='bbox 243 3553 503 3610; x_wconf 89' lang='lat' dir='ltr'><strong>medicina</strong></span> <span class='ocrx_word' id='word_1_528' title='bbox 538 3557 745 3612; x_wconf 84' lang='lat' dir='ltr'><strong>nostris</strong></span> <span class='ocrx_word' id='word_1_529' title='bbox 774 3566 922 3610; x_wconf 71' lang='lat' dir='ltr'><strong>esset</strong></span> <span class='ocrx_word' id='word_1_530' title='bbox 949 3557 1199 3613; x_wconf 81' lang='lat' dir='ltr'><strong>animiac</strong></span> <span class='ocrx_word' id='word_1_531' title='bbox 1233 3558 1431 3613; x_wconf 89' lang='lat' dir='ltr'><strong>mentis</strong></span> <span class='ocrx_word' id='word_1_532' title='bbox 1462 3552 1693 3629; x_wconf 86' lang='lat' dir='ltr'><strong>languo-</strong></span> 
     </span>
    </p>
   </div>
   <div class='ocr_carea' id='block_1_68' title="bbox 129 3640 1692 3725">
    <p class='ocr_par' dir='ltr' id='par_1_68' title="bbox 129 3640 1692 3725">
     <span class='ocr_line' id='line_1_68' title="bbox 129 3640 1692 3725; baseline 0.01 -33"><span class='ocrx_word' id='word_1_533' title='bbox 129 3640 255 3696; x_wconf 84' lang='lat' dir='ltr'><strong>ribus</strong></span> <span class='ocrx_word' id='word_1_534' title='bbox 281 3645 595 3704; x_wconf 81' lang='lat' dir='ltr'><strong>delerenda.</strong></span> <span class='ocrx_word' id='word_1_535' title='bbox 624 3648 857 3705; x_wconf 89' lang='lat' dir='ltr'><strong>Eosdem</strong></span> <span class='ocrx_word' id='word_1_536' title='bbox 885 3664 1015 3721; x_wconf 86' lang='lat' dir='ltr'><strong>ergo</strong></span> <span class='ocrx_word' id='word_1_537' title='bbox 1041 3658 1095 3705; x_wconf 90' lang='lat' dir='ltr'><strong>et</strong></span> <span class='ocrx_word' id='word_1_538' title='bbox 1116 3646 1349 3725; x_wconf 87' lang='lat' dir='ltr'><strong>Spiritus</strong></span> <span class='ocrx_word' id='word_1_539' title='bbox 1367 3649 1692 3720; x_wconf 76' lang='lat' dir='ltr'><strong>habet,Quos</strong></span> 
     </span>
    </p>
   </div>
   <div class='ocr_carea' id='block_1_69' title="bbox 130 3730 1693 3811">
    <p class='ocr_par' dir='ltr' id='par_1_69' title="bbox 130 3730 1693 3811">
     <span class='ocr_line' id='line_1_69' title="bbox 130 3730 1693 3811; baseline 0.005 -24"><span class='ocrx_word' id='word_1_540' title='bbox 130 3730 251 3790; x_wconf 80' lang='lat' dir='ltr'><strong>Deus</strong></span> <span class='ocrx_word' id='word_1_541' title='bbox 271 3736 425 3796; x_wconf 86' lang='lat' dir='ltr'><strong>Pater</strong></span> <span class='ocrx_word' id='word_1_542' title='bbox 451 3752 501 3795; x_wconf 87' lang='lat' dir='ltr'><strong>et</strong></span> <span class='ocrx_word' id='word_1_543' title='bbox 537 3741 786 3798; x_wconf 82' lang='lat' dir='ltr'><strong>Christus</strong></span> <span class='ocrx_word' id='word_1_544' title='bbox 814 3742 1107 3797; x_wconf 85' lang='lat' dir='ltr'><strong>ministros.</strong></span> <span class='ocrx_word' id='word_1_545' title='bbox 1140 3740 1231 3798; x_wconf 90' lang='lat' dir='ltr'><strong>Sic</strong></span> <span class='ocrx_word' id='word_1_546' title='bbox 1256 3743 1434 3797; x_wconf 82' lang='lat' dir='ltr'><strong>omnia</strong></span> <span class='ocrx_word' id='word_1_547' title='bbox 1466 3742 1693 3811; x_wconf 88' lang='lat' dir='ltr'><strong>replete,</strong></span> 
     </span>
    </p>
   </div>
   <div class='ocr_carea' id='block_1_70' title="bbox 132 3823 1694 3906">
    <p class='ocr_par' dir='ltr' id='par_1_70' title="bbox 132 3823 1694 3906">
     <span class='ocr_line' id='line_1_70' title="bbox 132 3823 1694 3906; baseline 0.006 -27"><span class='ocrx_word' id='word_1_548' title='bbox 132 3823 197 3879; x_wconf 87' lang='lat' dir='ltr'><strong>sic</strong></span> <span class='ocrx_word' id='word_1_549' title='bbox 214 3833 378 3887; x_wconf 88' lang='lat' dir='ltr'><strong>omnia</strong></span> <span class='ocrx_word' id='word_1_550' title='bbox 406 3834 670 3904; x_wconf 88' lang='lat' dir='ltr'><strong>possidet,</strong></span> <span class='ocrx_word' id='word_1_551' title='bbox 697 3836 775 3889; x_wconf 92' lang='lat' dir='ltr'><strong>sic</strong></span> <span class='ocrx_word' id='word_1_552' title='bbox 797 3835 972 3889; x_wconf 87' lang='lat' dir='ltr'><strong>omnia</strong></span> <span class='ocrx_word' id='word_1_553' title='bbox 992 3844 1247 3906; x_wconf 88' lang='lat' dir='ltr'><strong>operatur</strong></span> <span class='ocrx_word' id='word_1_554' title='bbox 1267 3844 1322 3891; x_wconf 92' lang='lat' dir='ltr'><strong>et</strong></span> <span class='ocrx_word' id='word_1_555' title='bbox 1347 3835 1398 3889; x_wconf 92' lang='lat' dir='ltr'><strong>in</strong></span> <span class='ocrx_word' id='word_1_556' title='bbox 1423 3834 1694 3901; x_wconf 87' lang='lat' dir='ltr'><strong>omnibus,</strong></span> 
     </span>
    </p>
   </div>
   <div class='ocr_carea' id='block_1_71' title="bbox 132 3924 1617 3999">
    <p class='ocr_par' dir='ltr' id='par_1_71' title="bbox 132 3924 1617 3999">
     <span class='ocr_line' id='line_1_71' title="bbox 132 3924 1617 3999; baseline 0.005 -28"><span class='ocrx_word' id='word_1_557' title='bbox 132 3924 553 3986; x_wconf 72' lang='lat' dir='ltr'><strong>quemadmodum</strong></span> <span class='ocrx_word' id='word_1_558' title='bbox 589 3933 642 3981; x_wconf 85' lang='lat' dir='ltr'><strong>et</strong></span> <span class='ocrx_word' id='word_1_559' title='bbox 697 3928 836 3982; x_wconf 84' lang='lat' dir='ltr'><strong>Dens</strong></span> <span class='ocrx_word' id='word_1_560' title='bbox 869 3925 1029 3983; x_wconf 64' lang='lat' dir='ltr'><strong>Pater</strong></span> <span class='ocrx_word' id='word_1_561' title='bbox 1056 3939 1314 3999; x_wconf 87' lang='lat' dir='ltr'><strong>operatur</strong></span> <span class='ocrx_word' id='word_1_562' title='bbox 1346 3934 1402 3983; x_wconf 90' lang='lat' dir='ltr'><strong>et</strong></span> <span class='ocrx_word' id='word_1_563' title='bbox 1424 3925 1617 3982; x_wconf 80' lang='lat' dir='ltr'><strong>Filius.</strong></span> 
     </span>
    </p>
   </div>
   <div class='ocr_carea' id='block_1_72' title="bbox 194 4002 1695 4091">
    <p class='ocr_par' dir='ltr' id='par_1_72' title="bbox 194 4002 1695 4091">
     <span class='ocr_line' id='line_1_72' title="bbox 194 4002 1695 4091; baseline 0.004 -26"><span class='ocrx_word' id='word_1_564' title='bbox 194 4002 423 4084; x_wconf 76' lang='lat' dir='ltr'><strong>89.Quid</strong></span> <span class='ocrx_word' id='word_1_565' title='bbox 446 4018 609 4090; x_wconf 81' lang='lat' dir='ltr'><strong>igitur</strong></span> <span class='ocrx_word' id='word_1_566' title='bbox 629 4020 800 4074; x_wconf 89' lang='lat' dir='ltr'><strong>sancti</strong></span> <span class='ocrx_word' id='word_1_567' title='bbox 829 4019 1062 4089; x_wconf 80' lang='lat' dir='ltr'><strong>Spiritus</strong></span> <span class='ocrx_word' id='word_1_568' title='bbox 1093 4020 1409 4091; x_wconf 81' lang='lat' dir='ltr'><strong>Operatione</strong></span> <span class='ocrx_word' id='word_1_569' title='bbox 1434 4017 1695 4084; x_wconf 87' lang='lat' dir='ltr'><strong>divinius,</strong></span> 
     </span>
    </p>
   </div>
   <div class='ocr_carea' id='block_1_73' title="bbox 138 4107 1703 4179">
    <p class='ocr_par' dir='ltr' id='par_1_73' title="bbox 138 4107 1703 4179">
     <span class='ocr_line' id='line_1_73' title="bbox 138 4107 1703 4179; baseline 0.001 -19"><span class='ocrx_word' id='word_1_570' title='bbox 138 4115 239 4159; x_wconf 83' lang='lat' dir='ltr'><strong>cum</strong></span> <span class='ocrx_word' id='word_1_571' title='bbox 267 4109 420 4165; x_wconf 85' lang='lat' dir='ltr'><strong>etiam</strong></span> <span class='ocrx_word' id='word_1_572' title='bbox 452 4112 892 4167; x_wconf 88' lang='lat' dir='ltr'><strong>benedictionum</strong></span> <span class='ocrx_word' id='word_1_573' title='bbox 923 4127 1145 4167; x_wconf 89' lang='lat' dir='ltr'><strong>suarum</strong></span> <span class='ocrx_word' id='word_1_574' title='bbox 1193 4111 1481 4179; x_wconf 70' lang='lat' dir='ltr'><strong>praesulem</strong></span> <span class='ocrx_word' id='word_1_575' title='bbox 1524 4107 1703 4178; x_wconf 89' lang='lat' dir='ltr'><strong>Spiri-</strong></span> 
     </span>
    </p>
   </div>
   <div class='ocr_carea' id='block_1_74' title="bbox 142 4198 1700 4276">
    <p class='ocr_par' dir='ltr' id='par_1_74' title="bbox 142 4198 1700 4276">
     <span class='ocr_line' id='line_1_74' title="bbox 142 4198 1700 4276; baseline 0.004 -30"><span class='ocrx_word' id='word_1_576' title='bbox 142 4201 234 4251; x_wconf 88' lang='lat' dir='ltr'><strong>tum</strong></span> <span class='ocrx_word' id='word_1_577' title='bbox 250 4198 505 4273; x_wconf 87' lang='lat' dir='ltr'><strong>Densipse</strong></span> <span class='ocrx_word' id='word_1_578' title='bbox 537 4213 769 4262; x_wconf 81' lang='lat' dir='ltr'><strong>testetur</strong></span> <span class='ocrx_word' id='word_1_579' title='bbox 798 4207 1005 4262; x_wconf 85' lang='lat' dir='ltr'><strong>dicens:</strong></span> <span class='ocrx_word' id='word_1_580' title='bbox 1027 4204 1194 4276; x_wconf 72' lang='lat'><strong>619</strong></span> <span class='ocrx_word' id='word_1_581' title='bbox 1223 4202 1423 4257; x_wconf 87' lang='lat' dir='ltr'><strong>Ponam</strong></span> <span class='ocrx_word' id='word_1_582' title='bbox 1445 4202 1700 4273; x_wconf 84' lang='lat' dir='ltr'><strong>Spiritum</strong></span> 
     </span>
    </p>
   </div>
   <div class='ocr_carea' id='block_1_75' title="bbox 144 4299 1703 4367">
    <p class='ocr_par' dir='ltr' id='par_1_75' title="bbox 144 4299 1703 4367">
     <span class='ocr_line' id='line_1_75' title="bbox 144 4299 1703 4367; baseline 0.007 -27"><span class='ocrx_word' id='word_1_583' title='bbox 144 4304 287 4346; x_wconf 78' lang='lat' dir='ltr'><strong>meum</strong></span> <span class='ocrx_word' id='word_1_584' title='bbox 311 4312 461 4367; x_wconf 84' lang='lat' dir='ltr'><strong>super</strong></span> <span class='ocrx_word' id='word_1_585' title='bbox 483 4315 657 4355; x_wconf 86' lang='lat' dir='ltr'><strong>semen</strong></span> <span class='ocrx_word' id='word_1_586' title='bbox 681 4311 849 4365; x_wconf 89' lang='lat' dir='ltr'><strong>tuum,</strong></span> <span class='ocrx_word' id='word_1_587' title='bbox 875 4310 922 4354; x_wconf 86' lang='lat' dir='ltr'><strong>et</strong></span> <span class='ocrx_word' id='word_1_588' title='bbox 953 4299 1330 4354; x_wconf 86' lang='lat' dir='ltr'><strong>benedictiones</strong></span> <span class='ocrx_word' id='word_1_589' title='bbox 1359 4313 1497 4351; x_wconf 89' lang='lat' dir='ltr'><strong>meas</strong></span> <span class='ocrx_word' id='word_1_590' title='bbox 1546 4312 1703 4367; x_wconf 81' lang='lat' dir='ltr'><strong>super</strong></span> 
     </span>
    </p>
   </div>
   <div class='ocr_carea' id='block_1_76' title="bbox 147 4379 1703 4464">
    <p class='ocr_par' dir='ltr' id='par_1_76' title="bbox 147 4379 1703 4464">
     <span class='ocr_line' id='line_1_76' title="bbox 147 4379 1703 4464; baseline 0.004 -28"><span class='ocrx_word' id='word_1_591' title='bbox 147 4379 260 4446; x_wconf 76' lang='lat' dir='ltr'><strong>ﬁlios</strong></span> <span class='ocrx_word' id='word_1_592' title='bbox 283 4397 390 4444; x_wconf 86' lang='lat' dir='ltr'><strong>tuos</strong></span> <span class='ocrx_word' id='word_1_593' title='bbox 414 4390 586 4462; x_wconf 84' lang='lat' dir='ltr'><strong>(Esai.</strong></span> <span class='ocrx_word' id='word_1_594' title='bbox 612 4408 756 4459; x_wconf 77' lang='lat' dir='ltr'><strong>xuv,</strong></span> <span class='ocrx_word' id='word_1_595' title='bbox 783 4392 867 4464; x_wconf 77' lang='lat'><strong>5)?</strong></span> <span class='ocrx_word' id='word_1_596' title='bbox 888 4393 1046 4447; x_wconf 86' lang='lat' dir='ltr'><strong>Nulla</strong></span> <span class='ocrx_word' id='word_1_597' title='bbox 1071 4394 1214 4448; x_wconf 89' lang='lat' dir='ltr'><strong>enim</strong></span> <span class='ocrx_word' id='word_1_598' title='bbox 1241 4399 1419 4460; x_wconf 87' lang='lat' dir='ltr'><strong>potest</strong></span> <span class='ocrx_word' id='word_1_599' title='bbox 1442 4404 1563 4446; x_wconf 89' lang='lat' dir='ltr'><strong>esse</strong></span> <span class='ocrx_word' id='word_1_600' title='bbox 1591 4389 1703 4458; x_wconf 78' lang='lat' dir='ltr'><strong>ple-</strong></span> 
     </span>
    </p>
   </div>
   <div class='ocr_carea' id='block_1_77' title="bbox 1797 3179 3394 3253">
    <p class='ocr_par' dir='ltr' id='par_1_77' title="bbox 1797 3179 3394 3253">
     <span class='ocr_line' id='line_1_77' title="bbox 1797 3179 3394 3253; baseline 0 -15"><span class='ocrx_word' id='word_1_601' title='bbox 1797 3192 1945 3253; x_wconf 91' lang='lat' dir='ltr'><strong>ptum</strong></span> <span class='ocrx_word' id='word_1_602' title='bbox 1984 3191 2070 3237; x_wconf 84' lang='lat' dir='ltr'><strong>est</strong></span> <span class='ocrx_word' id='word_1_603' title='bbox 2096 3181 2240 3237; x_wconf 90' lang='lat' dir='ltr'><strong>enim</strong></span> <span class='ocrx_word' id='word_1_604' title='bbox 2268 3199 2281 3234; x_wconf 87' lang='lat'><strong>:</strong></span> <span class='ocrx_word' id='word_1_605' title='bbox 2310 3179 2473 3236; x_wconf 85' lang='lat' dir='ltr'><strong>Jacob</strong></span> <span class='ocrx_word' id='word_1_606' title='bbox 2508 3196 2634 3252; x_wconf 88' lang='lat' dir='ltr'><strong>puer</strong></span> <span class='ocrx_word' id='word_1_607' title='bbox 2682 3195 2845 3247; x_wconf 87' lang='lat' dir='ltr'><strong>meus,</strong></span> <span class='ocrx_word' id='word_1_608' title='bbox 2891 3182 3171 3251; x_wconf 88' lang='lat' dir='ltr'><strong>suscipiam</strong></span> <span class='ocrx_word' id='word_1_609' title='bbox 3228 3197 3345 3236; x_wconf 88' lang='lat' dir='ltr'><strong>eum</strong></span> <span class='ocrx_word' id='word_1_610' title='bbox 3374 3199 3394 3238; x_wconf 92' lang='lat'><strong><em>:</em></strong></span> 
     </span>
    </p>
   </div>
   <div class='ocr_carea' id='block_1_78' title="bbox 1799 3274 3395 3342">
    <p class='ocr_par' dir='ltr' id='par_1_78' title="bbox 1799 3274 3395 3342">
     <span class='ocr_line' id='line_1_78' title="bbox 1799 3274 3395 3342; baseline 0 -13"><span class='ocrx_word' id='word_1_611' title='bbox 1799 3284 1822 3313; x_wconf 82' lang='grc' dir='ltr'>θ</span> <span class='ocrx_word' id='word_1_612' title='bbox 1863 3274 2035 3331; x_wconf 85' lang='lat' dir='ltr'><strong>Israel</strong></span> <span class='ocrx_word' id='word_1_613' title='bbox 2079 3276 2268 3331; x_wconf 85' lang='lat' dir='ltr'><strong>electus</strong></span> <span class='ocrx_word' id='word_1_614' title='bbox 2297 3291 2462 3341; x_wconf 86' lang='lat' dir='ltr'><strong>meus,</strong></span> <span class='ocrx_word' id='word_1_615' title='bbox 2486 3274 2710 3342; x_wconf 83' lang='lat' dir='ltr'><strong>suscepit</strong></span> <span class='ocrx_word' id='word_1_616' title='bbox 2736 3291 2851 3328; x_wconf 88' lang='lat' dir='ltr'><strong>eum</strong></span> <span class='ocrx_word' id='word_1_617' title='bbox 2878 3274 3055 3329; x_wconf 84' lang='lat' dir='ltr'><strong>anima</strong></span> <span class='ocrx_word' id='word_1_618' title='bbox 3087 3288 3221 3342; x_wconf 81' lang='lat' dir='ltr'><strong>mea,</strong></span> <span class='ocrx_word' id='word_1_619' title='bbox 3269 3274 3395 3329; x_wconf 83' lang='lat' dir='ltr'><strong>dedi</strong></span> 
     </span>
    </p>
   </div>
   <div class='ocr_carea' id='block_1_79' title="bbox 1797 3361 3398 3436">
    <p class='ocr_par' dir='ltr' id='par_1_79' title="bbox 1797 3361 3398 3436">
     <span class='ocr_line' id='line_1_79' title="bbox 1797 3361 3398 3436; baseline 0 -15"><span class='ocrx_word' id='word_1_620' title='bbox 1797 3364 2054 3436; x_wconf 86' lang='lat' dir='ltr'><strong>Spiritum</strong></span> <span class='ocrx_word' id='word_1_621' title='bbox 2085 3382 2252 3420; x_wconf 85' lang='lat' dir='ltr'><strong>meum</strong></span> <span class='ocrx_word' id='word_1_622' title='bbox 2280 3366 2334 3418; x_wconf 87' lang='lat' dir='ltr'><strong>in</strong></span> <span class='ocrx_word' id='word_1_623' title='bbox 2360 3364 2533 3433; x_wconf 86' lang='lat' dir='ltr'><strong>ipsum</strong></span> <span class='ocrx_word' id='word_1_624' title='bbox 2579 3361 2766 3435; x_wconf 86' lang='lat' dir='ltr'><strong>(Esai.</strong></span> <span class='ocrx_word' id='word_1_625' title='bbox 2818 3380 2942 3429; x_wconf 70' lang='lat' dir='ltr'><strong>aut,</strong></span> <span class='ocrx_word' id='word_1_626' title='bbox 2997 3363 3081 3436; x_wconf 90' lang='lat' dir='ltr'><strong>l).</strong></span> <span class='ocrx_word' id='word_1_627' title='bbox 3131 3364 3398 3421; x_wconf 82' lang='lat' dir='ltr'><strong>Dominus</strong></span> 
     </span>
    </p>
   </div>
   <div class='ocr_carea' id='block_1_80' title="bbox 1796 3452 3392 3529">
    <p class='ocr_par' dir='ltr' id='par_1_80' title="bbox 1796 3452 3392 3529">
     <span class='ocr_line' id='line_1_80' title="bbox 1796 3452 3392 3529; baseline -0.001 -17"><span class='ocrx_word' id='word_1_628' title='bbox 1796 3473 2012 3529; x_wconf 82' lang='lat' dir='ltr'><strong>quoque</strong></span> <span class='ocrx_word' id='word_1_629' title='bbox 2041 3473 2138 3528; x_wconf 91' lang='lat' dir='ltr'><strong>per</strong></span> <span class='ocrx_word' id='word_1_630' title='bbox 2167 3457 2383 3512; x_wconf 86' lang='lat' dir='ltr'><strong>Esaiam</strong></span> <span class='ocrx_word' id='word_1_631' title='bbox 2409 3455 2545 3510; x_wconf 82' lang='lat' dir='ltr'><strong>dixit</strong></span> <span class='ocrx_word' id='word_1_632' title='bbox 2570 3472 2582 3508; x_wconf 94' lang='lat'>:</span> <span class='ocrx_word' id='word_1_633' title='bbox 2611 3454 2844 3527; x_wconf 85' lang='lat' dir='ltr'><strong>Spiritus</strong></span> <span class='ocrx_word' id='word_1_634' title='bbox 2867 3452 3081 3510; x_wconf 86' lang='lat' dir='ltr'><strong>Domini</strong></span> <span class='ocrx_word' id='word_1_635' title='bbox 3106 3471 3261 3527; x_wconf 85' lang='lat' dir='ltr'><strong>super</strong></span> <span class='ocrx_word' id='word_1_636' title='bbox 3288 3472 3392 3520; x_wconf 90' lang='lat' dir='ltr'><strong>me,</strong></span> 
     </span>
    </p>
   </div>
   <div class='ocr_carea' id='block_1_81' title="bbox 1798 3545 2947 3620">
    <p class='ocr_par' dir='ltr' id='par_1_81' title="bbox 1798 3545 2947 3620">
     <span class='ocr_line' id='line_1_81' title="bbox 1798 3545 2947 3620; baseline -0.002 -18"><span class='ocrx_word' id='word_1_637' title='bbox 1798 3559 2006 3620; x_wconf 86' lang='lat' dir='ltr'><strong>prapter</strong></span> <span class='ocrx_word' id='word_1_638' title='bbox 2029 3550 2167 3620; x_wconf 85' lang='lat' dir='ltr'><strong>quod</strong></span> <span class='ocrx_word' id='word_1_639' title='bbox 2198 3549 2344 3604; x_wconf 71' lang='lat' dir='ltr'><strong>unxit</strong></span> <span class='ocrx_word' id='word_1_640' title='bbox 2381 3564 2463 3601; x_wconf 87' lang='lat' dir='ltr'><strong>me</strong></span> <span class='ocrx_word' id='word_1_641' title='bbox 2489 3545 2672 3617; x_wconf 84' lang='lat' dir='ltr'><strong>(Esai.</strong></span> <span class='ocrx_word' id='word_1_642' title='bbox 2704 3563 2815 3614; x_wconf 77' lang='lat' dir='ltr'><strong>ut,</strong></span> <span class='ocrx_word' id='word_1_643' title='bbox 2852 3547 2877 3601; x_wconf 83' lang='grc'><strong>1</strong></span> <span class='ocrx_word' id='word_1_644' title='bbox 2907 3546 2947 3616; x_wconf 94' lang='grc'><strong>).</strong></span> 
     </span>
    </p>
   </div>
   <div class='ocr_carea' id='block_1_82' title="bbox 1870 3637 3399 3712">
    <p class='ocr_par' dir='ltr' id='par_1_82' title="bbox 1870 3637 3399 3712">
     <span class='ocr_line' id='line_1_82' title="bbox 1870 3637 3399 3712; baseline -0.003 -14"><span class='ocrx_word' id='word_1_645' title='bbox 1870 3644 1959 3698; x_wconf 74' lang='lat'><strong>92.</strong></span> <span class='ocrx_word' id='word_1_646' title='bbox 1999 3644 2131 3709; x_wconf 78' lang='lat' dir='ltr'><strong>Quis</strong></span> <span class='ocrx_word' id='word_1_647' title='bbox 2189 3657 2320 3712; x_wconf 89' lang='lat' dir='ltr'><strong>ergo</strong></span> <span class='ocrx_word' id='word_1_648' title='bbox 2357 3639 2554 3694; x_wconf 85' lang='lat' dir='ltr'><strong>audeat</strong></span> <span class='ocrx_word' id='word_1_649' title='bbox 2625 3639 2809 3694; x_wconf 89' lang='lat' dir='ltr'><strong>dicere</strong></span> <span class='ocrx_word' id='word_1_650' title='bbox 2866 3645 3102 3691; x_wconf 85' lang='lat' dir='ltr'><strong>creatam</strong></span> <span class='ocrx_word' id='word_1_651' title='bbox 3158 3637 3399 3706; x_wconf 82' lang='lat' dir='ltr'><strong>Spiritus</strong></span> 
     </span>
    </p>
   </div>
   <div class='ocr_carea' id='block_1_83' title="bbox 1796 3728 3395 3799">
    <p class='ocr_par' dir='ltr' id='par_1_83' title="bbox 1796 3728 3395 3799">
     <span class='ocr_line' id='line_1_83' title="bbox 1796 3728 3395 3799; baseline -0.005 -8"><span class='ocrx_word' id='word_1_652' title='bbox 1796 3735 1969 3791; x_wconf 90' lang='lat' dir='ltr'><strong>sancti</strong></span> <span class='ocrx_word' id='word_1_653' title='bbox 1999 3749 2122 3790; x_wconf 85' lang='lat' dir='ltr'><strong>esse</strong></span> <span class='ocrx_word' id='word_1_654' title='bbox 2152 3732 2536 3797; x_wconf 85' lang='lat' dir='ltr'><strong>substantiam,</strong></span> <span class='ocrx_word' id='word_1_655' title='bbox 2578 3731 2669 3799; x_wconf 85' lang='lat' dir='ltr'><strong>qui</strong></span> <span class='ocrx_word' id='word_1_656' title='bbox 2699 3744 2822 3785; x_wconf 90' lang='lat' dir='ltr'><strong>cum</strong></span> <span class='ocrx_word' id='word_1_657' title='bbox 2872 3728 3125 3784; x_wconf 80' lang='lat' dir='ltr'><strong>illuxerit</strong></span> <span class='ocrx_word' id='word_1_658' title='bbox 3174 3729 3228 3783; x_wconf 93' lang='lat' dir='ltr'><strong>in</strong></span> <span class='ocrx_word' id='word_1_659' title='bbox 3265 3744 3395 3784; x_wconf 85' lang='lat' dir='ltr'><strong>cor-</strong></span> 
     </span>
    </p>
   </div>
   <div class='ocr_carea' id='block_1_84' title="bbox 1801 3821 3401 3892">
    <p class='ocr_par' dir='ltr' id='par_1_84' title="bbox 1801 3821 3401 3892">
     <span class='ocr_line' id='line_1_84' title="bbox 1801 3821 3401 3892; baseline -0.004 -9"><span class='ocrx_word' id='word_1_660' title='bbox 1801 3829 1961 3883; x_wconf 85' lang='lat' dir='ltr'><strong>dibus</strong></span> <span class='ocrx_word' id='word_1_661' title='bbox 1989 3827 2213 3890; x_wconf 89' lang='lat' dir='ltr'><strong>nostris,</strong></span> <span class='ocrx_word' id='word_1_662' title='bbox 2241 3824 2443 3880; x_wconf 76' lang='lat' dir='ltr'><strong>divina:</strong></span> <span class='ocrx_word' id='word_1_663' title='bbox 2471 3823 2751 3878; x_wconf 90' lang='lat' dir='ltr'><strong>cernimus</strong></span> <span class='ocrx_word' id='word_1_664' title='bbox 2798 3821 3257 3892; x_wconf 87' lang='lat' dir='ltr'><strong>pulchritudinem</strong></span> <span class='ocrx_word' id='word_1_665' title='bbox 3307 3836 3401 3877; x_wconf 86' lang='lat' dir='ltr'><strong>ve-</strong></span> 
     </span>
    </p>
   </div>
   <div class='ocr_carea' id='block_1_85' title="bbox 1802 3913 3395 3986">
    <p class='ocr_par' dir='ltr' id='par_1_85' title="bbox 1802 3913 3395 3986">
     <span class='ocr_line' id='line_1_85' title="bbox 1802 3913 3395 3986; baseline -0.004 -11"><span class='ocrx_word' id='word_1_666' title='bbox 1802 3920 1998 3986; x_wconf 87' lang='lat' dir='ltr'><strong>ritatis,</strong></span> <span class='ocrx_word' id='word_1_667' title='bbox 2046 3930 2101 3974; x_wconf 91' lang='lat' dir='ltr'><strong>et</strong></span> <span class='ocrx_word' id='word_1_668' title='bbox 2142 3916 2455 3974; x_wconf 82' lang='lat' dir='ltr'><strong>distantiam</strong></span> <span class='ocrx_word' id='word_1_669' title='bbox 2504 3922 2771 3970; x_wconf 69' lang='lat' dir='ltr'><strong>creatura:</strong></span> <span class='ocrx_word' id='word_1_670' title='bbox 2831 3913 3240 3985; x_wconf 86' lang='lat' dir='ltr'><strong>divinitatisque</strong></span> <span class='ocrx_word' id='word_1_671' title='bbox 3295 3931 3395 3971; x_wconf 80' lang='lat' dir='ltr'><strong>Ct.-</strong></span> 
     </span>
    </p>
   </div>
   <div class='ocr_carea' id='block_1_86' title="bbox 1801 4006 3393 4087">
    <p class='ocr_par' dir='ltr' id='par_1_86' title="bbox 1801 4006 3393 4087">
     <span class='ocr_line' id='line_1_86' title="bbox 1801 4006 3393 4087; baseline -0.004 -18"><span class='ocrx_word' id='word_1_672' title='bbox 1801 4016 2135 4087; x_wconf 85' lang='lat' dir='ltr'><strong>gnoscimus.</strong></span> <span class='ocrx_word' id='word_1_673' title='bbox 2181 4020 2239 4066; x_wconf 88' lang='lat' dir='ltr'><strong>ut</strong></span> <span class='ocrx_word' id='word_1_674' title='bbox 2268 4023 2405 4082; x_wconf 88' lang='lat' dir='ltr'><strong>opus</strong></span> <span class='ocrx_word' id='word_1_675' title='bbox 2435 4020 2751 4077; x_wconf 86' lang='lat' dir='ltr'><strong>segregetur</strong></span> <span class='ocrx_word' id='word_1_676' title='bbox 2799 4006 2870 4062; x_wconf 90' lang='lat' dir='ltr'><strong>ab</strong></span> <span class='ocrx_word' id='word_1_677' title='bbox 2898 4009 3160 4063; x_wconf 81' lang='lat' dir='ltr'><strong>auctore?</strong></span> <span class='ocrx_word' id='word_1_678' title='bbox 3186 4011 3294 4064; x_wconf 83' lang='lat' dir='ltr'><strong>Aut</strong></span> <span class='ocrx_word' id='word_1_679' title='bbox 3323 4010 3393 4065; x_wconf 86' lang='lat' dir='ltr'><strong>de</strong></span> 
     </span>
    </p>
   </div>
   <div class='ocr_carea' id='block_1_87' title="bbox 1803 4098 3399 4178">
    <p class='ocr_par' dir='ltr' id='par_1_87' title="bbox 1803 4098 3399 4178">
     <span class='ocr_line' id='line_1_87' title="bbox 1803 4098 3399 4178; baseline -0.004 -17"><span class='ocrx_word' id='word_1_680' title='bbox 1803 4122 1906 4178; x_wconf 88' lang='lat' dir='ltr'><strong>qua</strong></span> <span class='ocrx_word' id='word_1_681' title='bbox 1936 4116 2192 4161; x_wconf 87' lang='lat' dir='ltr'><strong>creatura</strong></span> <span class='ocrx_word' id='word_1_682' title='bbox 2212 4103 2354 4159; x_wconf 89' lang='lat' dir='ltr'><strong>Deus</strong></span> <span class='ocrx_word' id='word_1_683' title='bbox 2384 4101 2458 4155; x_wconf 88' lang='lat' dir='ltr'><strong>ita</strong></span> <span class='ocrx_word' id='word_1_684' title='bbox 2485 4101 2702 4155; x_wconf 89' lang='lat' dir='ltr'><strong>locutus</strong></span> <span class='ocrx_word' id='word_1_685' title='bbox 2737 4107 2851 4164; x_wconf 90' lang='lat' dir='ltr'><strong>est,</strong></span> <span class='ocrx_word' id='word_1_686' title='bbox 2880 4098 3024 4168; x_wconf 90' lang='lat' dir='ltr'><strong>quod</strong></span> <span class='ocrx_word' id='word_1_687' title='bbox 3070 4107 3165 4153; x_wconf 89' lang='lat' dir='ltr'><strong>aut</strong></span> <span class='ocrx_word' id='word_1_688' title='bbox 3208 4100 3399 4155; x_wconf 88' lang='lat' dir='ltr'><strong>Domi-</strong></span> 
     </span>
    </p>
   </div>
   <div class='ocr_carea' id='block_1_88' title="bbox 1802 4190 3403 4261">
    <p class='ocr_par' dir='ltr' id='par_1_88' title="bbox 1802 4190 3403 4261">
     <span class='ocr_line' id='line_1_88' title="bbox 1802 4190 3403 4261; baseline -0.004 -7"><span class='ocrx_word' id='word_1_689' title='bbox 1802 4200 2056 4254; x_wconf 89' lang='lat' dir='ltr'><strong>nationes</strong></span> <span class='ocrx_word' id='word_1_690' title='bbox 2081 4207 2174 4255; x_wconf 91' lang='lat' dir='ltr'><strong>aut</strong></span> <span class='ocrx_word' id='word_1_691' title='bbox 2205 4196 2511 4252; x_wconf 89' lang='lat' dir='ltr'><strong>Potestates</strong></span> <span class='ocrx_word' id='word_1_692' title='bbox 2556 4191 2803 4247; x_wconf 78' lang='lat' dir='ltr'><strong>eliundat</strong></span> <span class='ocrx_word' id='word_1_693' title='bbox 2839 4200 2936 4246; x_wconf 89' lang='lat' dir='ltr'><strong>aut</strong></span> <span class='ocrx_word' id='word_1_694' title='bbox 2984 4190 3258 4261; x_wconf 80' lang='lat' dir='ltr'><strong>Angelos?</strong></span> <span class='ocrx_word' id='word_1_695' title='bbox 3295 4190 3403 4248; x_wconf 90' lang='lat' dir='ltr'><strong>Sed</strong></span> 
     </span>
    </p>
   </div>
   <div class='ocr_carea' id='block_1_89' title="bbox 1805 4280 3404 4359">
    <p class='ocr_par' dir='ltr' id='par_1_89' title="bbox 1805 4280 3404 4359">
     <span class='ocr_line' id='line_1_89' title="bbox 1805 4280 3404 4359; baseline -0.004 -16"><span class='ocrx_word' id='word_1_696' title='bbox 1805 4290 1869 4344; x_wconf 88' lang='lat' dir='ltr'><strong>de</strong></span> <span class='ocrx_word' id='word_1_697' title='bbox 1899 4288 2124 4359; x_wconf 88' lang='lat' dir='ltr'><strong>Spiritu,</strong></span> <span class='ocrx_word' id='word_1_698' title='bbox 2172 4287 2372 4357; x_wconf 86' lang='lat' dir='ltr'><strong>inquit,</strong></span> <span class='ocrx_word' id='word_1_699' title='bbox 2404 4300 2519 4338; x_wconf 88' lang='lat' dir='ltr'><strong>meo</strong></span> <span class='ocrx_word' id='word_1_700' title='bbox 2558 4281 2822 4351; x_wconf 75' lang='lat' dir='ltr'><strong>eﬂ&#39;undam</strong></span> <span class='ocrx_word' id='word_1_701' title='bbox 2849 4282 3003 4354; x_wconf 84' lang='lat' dir='ltr'><strong>(Joel</strong></span> <span class='ocrx_word' id='word_1_702' title='bbox 3030 4297 3091 4350; x_wconf 89' lang='grc' dir='ltr'><strong>ιι,</strong></span> <span class='ocrx_word' id='word_1_703' title='bbox 3123 4280 3252 4352; x_wconf 75' lang='grc'><strong>28).</strong></span> <span class='ocrx_word' id='word_1_704' title='bbox 3286 4281 3404 4338; x_wconf 84' lang='grc' dir='ltr'>Νοιι</span> 
     </span>
    </p>
   </div>
   <div class='ocr_carea' id='block_1_90' title="bbox 1806 4374 3407 4453">
    <p class='ocr_par' dir='ltr' id='par_1_90' title="bbox 1806 4374 3407 4453">
     <span class='ocr_line' id='line_1_90' title="bbox 1806 4374 3407 4453; baseline -0.006 -15"><span class='ocrx_word' id='word_1_705' title='bbox 1806 4382 2064 4453; x_wconf 87' lang='lat' dir='ltr'><strong>Spiritum</strong></span> <span class='ocrx_word' id='word_1_706' title='bbox 2096 4381 2210 4447; x_wconf 91' lang='lat' dir='ltr'><strong>ait,</strong></span> <span class='ocrx_word' id='word_1_707' title='bbox 2241 4378 2334 4434; x_wconf 90' lang='lat' dir='ltr'><strong>sed</strong></span> <span class='ocrx_word' id='word_1_708' title='bbox 2363 4378 2427 4432; x_wconf 91' lang='lat' dir='ltr'><strong>de</strong></span> <span class='ocrx_word' id='word_1_709' title='bbox 2451 4376 2698 4447; x_wconf 85' lang='lat' dir='ltr'><strong>Spiritu;</strong></span> <span class='ocrx_word' id='word_1_710' title='bbox 2722 4391 2897 4446; x_wconf 90' lang='lat' dir='ltr'><strong>neque</strong></span> <span class='ocrx_word' id='word_1_711' title='bbox 2927 4374 3076 4431; x_wconf 90' lang='lat' dir='ltr'><strong>enim</strong></span> <span class='ocrx_word' id='word_1_712' title='bbox 3106 4390 3209 4430; x_wconf 92' lang='lat' dir='ltr'><strong>nos</strong></span> <span class='ocrx_word' id='word_1_713' title='bbox 3241 4388 3407 4445; x_wconf 89' lang='lat' dir='ltr'><strong>cape-</strong></span> 
     </span>
    </p>
   </div>
   <div class='ocr_carea' id='block_1_91' title="bbox 150 4467 3406 4557">
    <p class='ocr_par' dir='ltr' id='par_1_91' title="bbox 150 4467 3406 4557">
     <span class='ocr_line' id='line_1_91' title="bbox 150 4467 3406 4557; baseline -0.002 -30"><span class='ocrx_word' id='word_1_714' title='bbox 150 4488 204 4530; x_wconf 89' lang='lat' dir='ltr'><strong>na</strong></span> <span class='ocrx_word' id='word_1_715' title='bbox 227 4478 551 4553; x_wconf 83' lang='lat' dir='ltr'><strong>benedictio,</strong></span> <span class='ocrx_word' id='word_1_716' title='bbox 587 4488 688 4542; x_wconf 86' lang='lat' dir='ltr'><strong>nisi</strong></span> <span class='ocrx_word' id='word_1_717' title='bbox 723 4502 822 4557; x_wconf 87' lang='lat' dir='ltr'><strong>per</strong></span> <span class='ocrx_word' id='word_1_718' title='bbox 848 4487 1175 4542; x_wconf 79' lang='lat' dir='ltr'><strong>inlusionem</strong></span> <span class='ocrx_word' id='word_1_719' title='bbox 1229 4485 1462 4554; x_wconf 75' lang='lat' dir='ltr'><strong>Spiritus</strong></span> <span class='ocrx_word' id='word_1_720' title='bbox 1503 4483 1700 4540; x_wconf 88' lang='lat' dir='ltr'><strong>sancti.</strong></span> <span class='ocrx_word' id='word_1_721' title='bbox 1731 4470 1783 4530; x_wconf 88' lang='lat' dir='ltr'><strong>D</strong></span> <span class='ocrx_word' id='word_1_722' title='bbox 1812 4492 1869 4531; x_wconf 90' lang='lat' dir='ltr'><strong>re</strong></span> <span class='ocrx_word' id='word_1_723' title='bbox 1901 4489 2191 4545; x_wconf 74' lang='lat' dir='ltr'><strong>possumus</strong></span> <span class='ocrx_word' id='word_1_724' title='bbox 2218 4468 2610 4543; x_wconf 86' lang='lat' dir='ltr'><strong>plenitudinem</strong></span> <span class='ocrx_word' id='word_1_725' title='bbox 2636 4467 2873 4538; x_wconf 87' lang='lat' dir='ltr'><strong>Spiritus</strong></span> <span class='ocrx_word' id='word_1_726' title='bbox 2900 4468 3100 4534; x_wconf 88' lang='lat' dir='ltr'><strong>sancti,</strong></span> <span class='ocrx_word' id='word_1_727' title='bbox 3155 4469 3251 4523; x_wconf 89' lang='lat' dir='ltr'><strong>sed</strong></span> <span class='ocrx_word' id='word_1_728' title='bbox 3281 4476 3406 4521; x_wconf 82' lang='lat' dir='ltr'><strong>tau-</strong></span> 
     </span>
    </p>
   </div>
   <div class='ocr_carea' id='block_1_92' title="bbox 152 4565 1710 4649">
    <p class='ocr_par' dir='ltr' id='par_1_92' title="bbox 152 4565 1710 4649">
     <span class='ocr_line' id='line_1_92' title="bbox 152 4565 1710 4649; baseline 0.006 -27"><span class='ocrx_word' id='word_1_729' title='bbox 152 4565 282 4629; x_wconf 86' lang='lat' dir='ltr'><strong>Unde</strong></span> <span class='ocrx_word' id='word_1_730' title='bbox 304 4585 357 4631; x_wconf 85' lang='lat' dir='ltr'><strong>et</strong></span> <span class='ocrx_word' id='word_1_731' title='bbox 389 4580 666 4649; x_wconf 87' lang='lat' dir='ltr'><strong>apostolus</strong></span> <span class='ocrx_word' id='word_1_732' title='bbox 691 4580 826 4636; x_wconf 88' lang='lat' dir='ltr'><strong>nihil</strong></span> <span class='ocrx_word' id='word_1_733' title='bbox 851 4580 1049 4636; x_wconf 89' lang='lat' dir='ltr'><strong>melius</strong></span> <span class='ocrx_word' id='word_1_734' title='bbox 1077 4580 1178 4635; x_wconf 90' lang='lat' dir='ltr'><strong>hoc</strong></span> <span class='ocrx_word' id='word_1_735' title='bbox 1207 4579 1364 4633; x_wconf 88' lang='lat' dir='ltr'><strong>nobis</strong></span> <span class='ocrx_word' id='word_1_736' title='bbox 1386 4577 1530 4649; x_wconf 91' lang='lat' dir='ltr'><strong>quod</strong></span> <span class='ocrx_word' id='word_1_737' title='bbox 1557 4586 1710 4646; x_wconf 86' lang='lat' dir='ltr'><strong>opta-</strong></span> 
     </span>
    </p>
   </div>
   <div class='ocr_carea' id='block_1_93' title="bbox 154 4665 1714 4744">
    <p class='ocr_par' dir='ltr' id='par_1_93' title="bbox 154 4665 1714 4744">
     <span class='ocr_line' id='line_1_93' title="bbox 154 4665 1714 4744; baseline 0.005 -29"><span class='ocrx_word' id='word_1_738' title='bbox 154 4674 224 4718; x_wconf 87' lang='lat' dir='ltr'><strong>ret</strong></span> <span class='ocrx_word' id='word_1_739' title='bbox 245 4665 461 4741; x_wconf 81' lang='lat' dir='ltr'><strong>iuvenit,</strong></span> <span class='ocrx_word' id='word_1_740' title='bbox 493 4676 631 4729; x_wconf 85' lang='lat' dir='ltr'><strong>sicut</strong></span> <span class='ocrx_word' id='word_1_741' title='bbox 655 4675 775 4744; x_wconf 82' lang='lat' dir='ltr'><strong>ipse</strong></span> <span class='ocrx_word' id='word_1_742' title='bbox 804 4674 971 4728; x_wconf 78' lang='lat' dir='ltr'><strong>dixit:</strong></span> <span class='ocrx_word' id='word_1_743' title='bbox 1003 4671 1125 4727; x_wconf 86' lang='lat' dir='ltr'><strong>Non</strong></span> <span class='ocrx_word' id='word_1_744' title='bbox 1156 4671 1424 4742; x_wconf 77' lang='lat' dir='ltr'><strong>deﬁcimus</strong></span> <span class='ocrx_word' id='word_1_745' title='bbox 1454 4686 1548 4743; x_wconf 87' lang='lat' dir='ltr'><strong>pro</strong></span> <span class='ocrx_word' id='word_1_746' title='bbox 1572 4668 1714 4723; x_wconf 80' lang='lat' dir='ltr'><strong>vobis</strong></span> 
     </span>
    </p>
   </div>
   <div class='ocr_carea' id='block_1_94' title="bbox 156 4761 1715 4834">
    <p class='ocr_par' dir='ltr' id='par_1_94' title="bbox 156 4761 1715 4834">
     <span class='ocr_line' id='line_1_94' title="bbox 156 4761 1715 4834; baseline 0.003 -25"><span class='ocrx_word' id='word_1_747' title='bbox 156 4768 337 4815; x_wconf 78' lang='lat' dir='ltr'><strong>orantes</strong></span> <span class='ocrx_word' id='word_1_748' title='bbox 354 4773 399 4817; x_wconf 83' lang='lat' dir='ltr'><strong>et</strong></span> <span class='ocrx_word' id='word_1_749' title='bbox 425 4766 766 4831; x_wconf 80' lang='lat' dir='ltr'><strong>obsecrantes,</strong></span> <span class='ocrx_word' id='word_1_750' title='bbox 799 4774 855 4818; x_wconf 87' lang='lat' dir='ltr'><strong>ut</strong></span> <span class='ocrx_word' id='word_1_751' title='bbox 884 4764 1186 4833; x_wconf 74' lang='lat' dir='ltr'><strong>repleamini</strong></span> <span class='ocrx_word' id='word_1_752' title='bbox 1213 4763 1506 4834; x_wconf 87' lang='lat' dir='ltr'><strong>cognitione</strong></span> <span class='ocrx_word' id='word_1_753' title='bbox 1534 4761 1715 4816; x_wconf 80' lang='lat' dir='ltr'><strong>volun-</strong></span> 
     </span>
    </p>
   </div>
   <div class='ocr_carea' id='block_1_95' title="bbox 157 4850 1713 4931">
    <p class='ocr_par' dir='ltr' id='par_1_95' title="bbox 157 4850 1713 4931">
     <span class='ocr_line' id='line_1_95' title="bbox 157 4850 1713 4931; baseline 0.004 -32"><span class='ocrx_word' id='word_1_754' title='bbox 157 4850 254 4902; x_wconf 84' lang='lat' dir='ltr'><strong>tatis</strong></span> <span class='ocrx_word' id='word_1_755' title='bbox 281 4855 383 4923; x_wconf 85' lang='lat' dir='ltr'><strong>ejus</strong></span> <span class='ocrx_word' id='word_1_756' title='bbox 411 4857 463 4911; x_wconf 88' lang='lat' dir='ltr'><strong>in</strong></span> <span class='ocrx_word' id='word_1_757' title='bbox 488 4860 628 4913; x_wconf 83' lang='lat' dir='ltr'><strong>omni</strong></span> <span class='ocrx_word' id='word_1_758' title='bbox 659 4858 912 4931; x_wconf 82' lang='lat' dir='ltr'><strong>sapientia</strong></span> <span class='ocrx_word' id='word_1_759' title='bbox 930 4868 979 4911; x_wconf 90' lang='lat' dir='ltr'><strong>et</strong></span> <span class='ocrx_word' id='word_1_760' title='bbox 1008 4858 1274 4912; x_wconf 85' lang='lat' dir='ltr'><strong>intellectu</strong></span> <span class='ocrx_word' id='word_1_761' title='bbox 1295 4855 1544 4926; x_wconf 82' lang='lat' dir='ltr'><strong>spiritali,</strong></span> <span class='ocrx_word' id='word_1_762' title='bbox 1596 4868 1713 4908; x_wconf 89' lang='lat' dir='ltr'><strong>am-</strong></span> 
     </span>
    </p>
   </div>
   <div class='ocr_carea' id='block_1_96' title="bbox 159 4939 1714 5020">
    <p class='ocr_par' dir='ltr' id='par_1_96' title="bbox 159 4939 1714 5020">
     <span class='ocr_line' id='line_1_96' title="bbox 159 4939 1714 5020; baseline 0.006 -29"><span class='ocrx_word' id='word_1_763' title='bbox 159 4939 363 5000; x_wconf 82' lang='lat' dir='ltr'><strong>bulantes</strong></span> <span class='ocrx_word' id='word_1_764' title='bbox 387 4949 537 5019; x_wconf 86' lang='lat' dir='ltr'><strong>digne</strong></span> <span class='ocrx_word' id='word_1_765' title='bbox 566 4949 677 5007; x_wconf 82' lang='lat' dir='ltr'><strong>Deo</strong></span> <span class='ocrx_word' id='word_1_766' title='bbox 707 4950 932 5019; x_wconf 74' lang='lat' dir='ltr'><strong>(Coloss.</strong></span> <span class='ocrx_word' id='word_1_767' title='bbox 965 4967 1001 5014; x_wconf 91' lang='grc' dir='ltr'><strong>ι,</strong></span> <span class='ocrx_word' id='word_1_768' title='bbox 1036 4949 1116 5020; x_wconf 90' lang='grc'><strong>9).</strong></span> <span class='ocrx_word' id='word_1_769' title='bbox 1147 4948 1298 5004; x_wconf 86' lang='lat' dir='ltr'><strong>Hanc</strong></span> <span class='ocrx_word' id='word_1_770' title='bbox 1321 4948 1482 5018; x_wconf 84' lang='lat' dir='ltr'><strong>igitur</strong></span> <span class='ocrx_word' id='word_1_771' title='bbox 1508 4946 1599 5002; x_wconf 89' lang='lat' dir='ltr'><strong>Dei</strong></span> <span class='ocrx_word' id='word_1_772' title='bbox 1627 4961 1714 5001; x_wconf 89' lang='lat' dir='ltr'><strong>es-</strong></span> 
     </span>
    </p>
   </div>
   <div class='ocr_carea' id='block_1_97' title="bbox 159 5032 1716 5113">
    <p class='ocr_par' dir='ltr' id='par_1_97' title="bbox 159 5032 1716 5113">
     <span class='ocr_line' id='line_1_97' title="bbox 159 5032 1716 5113; baseline 0.003 -23"><span class='ocrx_word' id='word_1_773' title='bbox 159 5042 208 5082; x_wconf 69' lang='lat' dir='ltr'><strong>se</strong></span> <span class='ocrx_word' id='word_1_774' title='bbox 225 5032 393 5093; x_wconf 83' lang='lat' dir='ltr'><strong>docuit</strong></span> <span class='ocrx_word' id='word_1_775' title='bbox 412 5044 769 5109; x_wconf 81' lang='lat' dir='ltr'><strong>voluntatem,</strong></span> <span class='ocrx_word' id='word_1_776' title='bbox 799 5051 858 5097; x_wconf 90' lang='lat' dir='ltr'><strong>ut</strong></span> <span class='ocrx_word' id='word_1_777' title='bbox 884 5042 1053 5113; x_wconf 80' lang='lat' dir='ltr'><strong>magis</strong></span> <span class='ocrx_word' id='word_1_778' title='bbox 1093 5043 1145 5096; x_wconf 90' lang='lat' dir='ltr'><strong>in</strong></span> <span class='ocrx_word' id='word_1_779' title='bbox 1195 5040 1357 5095; x_wconf 87' lang='lat' dir='ltr'><strong>bonis</strong></span> <span class='ocrx_word' id='word_1_780' title='bbox 1383 5040 1641 5109; x_wconf 82' lang='lat' dir='ltr'><strong>operibus</strong></span> <span class='ocrx_word' id='word_1_781' title='bbox 1661 5047 1716 5094; x_wconf 83' lang='lat' dir='ltr'><strong>et</strong></span> 
     </span>
    </p>
   </div>
   <div class='ocr_carea' id='block_1_98' title="bbox 1813 4561 3413 4640">
    <p class='ocr_par' dir='ltr' id='par_1_98' title="bbox 1813 4561 3413 4640">
     <span class='ocr_line' id='line_1_98' title="bbox 1813 4561 3413 4640; baseline -0.007 -15"><span class='ocrx_word' id='word_1_782' title='bbox 1813 4569 2269 4640; x_wconf 83' lang='lat' dir='ltr'><strong>tutnaccipimus.</strong></span> <span class='ocrx_word' id='word_1_783' title='bbox 2297 4575 2557 4636; x_wconf 88' lang='lat' dir='ltr'><strong>quantum</strong></span> <span class='ocrx_word' id='word_1_784' title='bbox 2580 4563 2651 4618; x_wconf 89' lang='lat' dir='ltr'><strong>de</strong></span> <span class='ocrx_word' id='word_1_785' title='bbox 2699 4577 2799 4617; x_wconf 88' lang='lat' dir='ltr'><strong>suo</strong></span> <span class='ocrx_word' id='word_1_786' title='bbox 2840 4561 3045 4617; x_wconf 86' lang='lat' dir='ltr'><strong>arbiter</strong></span> <span class='ocrx_word' id='word_1_787' title='bbox 3091 4561 3260 4615; x_wconf 83' lang='lat' dir='ltr'><strong>nostri</strong></span> <span class='ocrx_word' id='word_1_788' title='bbox 3309 4574 3413 4631; x_wconf 87' lang='lat' dir='ltr'><strong>pro</strong></span> 
     </span>
    </p>
   </div>
   <div class='ocr_carea' id='block_1_99' title="bbox 1813 4650 3418 4718">
    <p class='ocr_par' dir='ltr' id='par_1_99' title="bbox 1813 4650 3418 4718">
     <span class='ocr_line' id='line_1_99' title="bbox 1813 4650 3418 4718; baseline -0.009 0"><span class='ocrx_word' id='word_1_789' title='bbox 1813 4678 1907 4718; x_wconf 84' lang='lat' dir='ltr'><strong>sua</strong></span> <span class='ocrx_word' id='word_1_790' title='bbox 1938 4661 2216 4717; x_wconf 90' lang='lat' dir='ltr'><strong>voluntate</strong></span> <span class='ocrx_word' id='word_1_791' title='bbox 2254 4657 2521 4712; x_wconf 87' lang='lat' dir='ltr'><strong>diviserit.</strong></span> <span class='ocrx_word' id='word_1_792' title='bbox 2555 4655 2710 4711; x_wconf 82' lang='lat' dir='ltr'><strong>Sicut</strong></span> <span class='ocrx_word' id='word_1_793' title='bbox 2752 4653 2897 4709; x_wconf 88' lang='lat' dir='ltr'><strong>enim</strong></span> <span class='ocrx_word' id='word_1_794' title='bbox 2956 4652 3053 4706; x_wconf 83' lang='lat' dir='ltr'><strong>Dei</strong></span> <span class='ocrx_word' id='word_1_795' title='bbox 3102 4650 3268 4706; x_wconf 87' lang='lat' dir='ltr'><strong>Filius</strong></span> <span class='ocrx_word' id='word_1_796' title='bbox 3315 4666 3418 4704; x_wconf 86' lang='lat' dir='ltr'><strong>non</strong></span> 
     </span>
    </p>
   </div>
   <div class='ocr_carea' id='block_1_100' title="bbox 1813 4742 3418 4826">
    <p class='ocr_par' dir='ltr' id='par_1_100' title="bbox 1813 4742 3418 4826">
     <span class='ocr_line' id='line_1_100' title="bbox 1813 4742 3418 4826; baseline -0.009 -15"><span class='ocrx_word' id='word_1_797' title='bbox 1813 4756 2050 4826; x_wconf 85' lang='lat' dir='ltr'><strong>rapinam</strong></span> <span class='ocrx_word' id='word_1_798' title='bbox 2080 4753 2359 4807; x_wconf 85' lang='lat' dir='ltr'><strong>arbitratus</strong></span> <span class='ocrx_word' id='word_1_799' title='bbox 2385 4759 2459 4803; x_wconf 89' lang='lat' dir='ltr'><strong>est</strong></span> <span class='ocrx_word' id='word_1_800' title='bbox 2485 4763 2597 4802; x_wconf 87' lang='lat' dir='ltr'><strong>esse</strong></span> <span class='ocrx_word' id='word_1_801' title='bbox 2623 4764 2676 4801; x_wconf 87' lang='lat' dir='ltr'><strong>se</strong></span> <span class='ocrx_word' id='word_1_802' title='bbox 2695 4745 2949 4817; x_wconf 75' lang='lat' dir='ltr'><strong>azqnalem</strong></span> <span class='ocrx_word' id='word_1_803' title='bbox 2989 4742 3101 4800; x_wconf 88' lang='lat' dir='ltr'><strong>Deo</strong></span> <span class='ocrx_word' id='word_1_804' title='bbox 3130 4785 3146 4810; x_wconf 93' lang='lat'><strong>,</strong></span> <span class='ocrx_word' id='word_1_805' title='bbox 3193 4743 3285 4798; x_wconf 84' lang='lat' dir='ltr'><strong>sed</strong></span> <span class='ocrx_word' id='word_1_806' title='bbox 3331 4758 3418 4797; x_wconf 88' lang='lat' dir='ltr'><strong>se-</strong></span> 
     </span>
    </p>
   </div>
   <div class='ocr_carea' id='block_1_101' title="bbox 1817 4838 3415 4918">
    <p class='ocr_par' dir='ltr' id='par_1_101' title="bbox 1817 4838 3415 4918">
     <span class='ocr_line' id='line_1_101' title="bbox 1817 4838 3415 4918; baseline -0.006 -16"><span class='ocrx_word' id='word_1_807' title='bbox 1817 4848 2088 4918; x_wconf 82' lang='lat' dir='ltr'><strong>metipsum</strong></span> <span class='ocrx_word' id='word_1_808' title='bbox 2132 4843 2415 4898; x_wconf 73' lang='lat' dir='ltr'><strong>exinanivit</strong></span> <span class='ocrx_word' id='word_1_809' title='bbox 2462 4840 2741 4910; x_wconf 80' lang='lat' dir='ltr'><strong>(Philipp.</strong></span> <span class='ocrx_word' id='word_1_810' title='bbox 2788 4855 2872 4904; x_wconf 85' lang='grc' dir='ltr'><strong>ιι,</strong></span> <span class='ocrx_word' id='word_1_811' title='bbox 2924 4838 3021 4904; x_wconf 89' lang='grc'><strong>6),</strong></span> <span class='ocrx_word' id='word_1_812' title='bbox 3076 4849 3133 4893; x_wconf 81' lang='grc' dir='ltr'><strong>ιιι</strong></span> <span class='ocrx_word' id='word_1_813' title='bbox 3159 4852 3260 4894; x_wconf 91' lang='lat' dir='ltr'><strong>nos</strong></span> <span class='ocrx_word' id='word_1_814' title='bbox 3289 4851 3415 4893; x_wconf 88' lang='lat' dir='ltr'><strong>eum</strong></span> 
     </span>
    </p>
   </div>
   <div class='ocr_carea' id='block_1_102' title="bbox 1822 4928 3441 5003">
    <p class='ocr_par' dir='ltr' id='par_1_102' title="bbox 1822 4928 3441 5003">
     <span class='ocr_line' id='line_1_102' title="bbox 1822 4928 3441 5003; baseline -0.007 -9"><span class='ocrx_word' id='word_1_815' title='bbox 1822 4937 2021 4994; x_wconf 83' lang='lat' dir='ltr'><strong>nostris</strong></span> <span class='ocrx_word' id='word_1_816' title='bbox 2047 4934 2245 4989; x_wconf 89' lang='lat' dir='ltr'><strong>animis</strong></span> <span class='ocrx_word' id='word_1_817' title='bbox 2275 4937 2560 5003; x_wconf 84' lang='lat' dir='ltr'><strong>percipere</strong></span> <span class='ocrx_word' id='word_1_818' title='bbox 2611 4930 2776 5002; x_wconf 71' lang='lat'><strong>620</strong></span> <span class='ocrx_word' id='word_1_819' title='bbox 2818 4944 3139 5001; x_wconf 90' lang='lat' dir='ltr'><strong>possemus:</strong></span> <span class='ocrx_word' id='word_1_820' title='bbox 3171 4928 3441 4986; x_wconf 80' lang='lat' dir='ltr'><strong>exinani-‘</strong></span> 
     </span>
    </p>
   </div>
   <div class='ocr_carea' id='block_1_103' title="bbox 1824 5020 3420 5094">
    <p class='ocr_par' dir='ltr' id='par_1_103' title="bbox 1824 5020 3420 5094">
     <span class='ocr_line' id='line_1_103' title="bbox 1824 5020 3420 5094; baseline -0.007 -8"><span class='ocrx_word' id='word_1_821' title='bbox 1824 5031 1900 5086; x_wconf 89' lang='lat' dir='ltr'><strong>vit</strong></span> <span class='ocrx_word' id='word_1_822' title='bbox 1925 5041 2106 5083; x_wconf 81' lang='lat' dir='ltr'><strong>autem</strong></span> <span class='ocrx_word' id='word_1_823' title='bbox 2139 5040 2249 5081; x_wconf 91' lang='lat' dir='ltr'><strong>non</strong></span> <span class='ocrx_word' id='word_1_824' title='bbox 2281 5023 2427 5094; x_wconf 90' lang='lat' dir='ltr'><strong>quod</strong></span> <span class='ocrx_word' id='word_1_825' title='bbox 2461 5024 2575 5094; x_wconf 87' lang='lat' dir='ltr'><strong>ipse</strong></span> <span class='ocrx_word' id='word_1_826' title='bbox 2600 5031 2747 5077; x_wconf 79' lang='lat' dir='ltr'><strong>eSsct</strong></span> <span class='ocrx_word' id='word_1_827' title='bbox 2781 5036 2988 5076; x_wconf 88' lang='lat' dir='ltr'><strong>vacuus</strong></span> <span class='ocrx_word' id='word_1_828' title='bbox 3017 5036 3131 5076; x_wconf 65' lang='lat' dir='ltr'><strong>suae</strong></span> <span class='ocrx_word' id='word_1_829' title='bbox 3181 5020 3420 5091; x_wconf 86' lang='lat' dir='ltr'><strong>plenitu-</strong></span> 
     </span>
    </p>
   </div>
   <div class='ocr_carea' id='block_1_104' title="bbox 1827 5110 3428 5187">
    <p class='ocr_par' dir='ltr' id='par_1_104' title="bbox 1827 5110 3428 5187">
     <span class='ocr_line' id='line_1_104' title="bbox 1827 5110 3428 5187; baseline -0.009 -9"><span class='ocrx_word' id='word_1_830' title='bbox 1827 5123 2008 5186; x_wconf 89' lang='lat' dir='ltr'><strong>dinis;</strong></span> <span class='ocrx_word' id='word_1_831' title='bbox 2039 5118 2134 5175; x_wconf 89' lang='lat' dir='ltr'><strong>sed</strong></span> <span class='ocrx_word' id='word_1_832' title='bbox 2160 5131 2268 5187; x_wconf 91' lang='lat' dir='ltr'><strong>quo</strong></span> <span class='ocrx_word' id='word_1_833' title='bbox 2301 5113 2434 5172; x_wconf 89' lang='lat' dir='ltr'><strong>mihi</strong></span> <span class='ocrx_word' id='word_1_834' title='bbox 2464 5116 2555 5186; x_wconf 90' lang='lat' dir='ltr'><strong>qui</strong></span> <span class='ocrx_word' id='word_1_835' title='bbox 2585 5112 2982 5186; x_wconf 87' lang='lat' dir='ltr'><strong>plenitudinem</strong></span> <span class='ocrx_word' id='word_1_836' title='bbox 3014 5111 3133 5181; x_wconf 88' lang='lat' dir='ltr'><strong>ejus</strong></span> <span class='ocrx_word' id='word_1_837' title='bbox 3185 5110 3428 5166; x_wconf 88' lang='lat' dir='ltr'><strong>sustine-</strong></span> 
     </span>
    </p>
   </div>
   <div class='ocr_carea' id='block_1_105' title="bbox 1828 5202 3427 5282">
    <p class='ocr_par' dir='ltr' id='par_1_105' title="bbox 1828 5202 3427 5282">
     <span class='ocr_line' id='line_1_105' title="bbox 1828 5202 3427 5282; baseline -0.008 -11"><span class='ocrx_word' id='word_1_838' title='bbox 1828 5231 1889 5272; x_wconf 87' lang='lat' dir='ltr'><strong>re</strong></span> <span class='ocrx_word' id='word_1_839' title='bbox 1920 5229 2026 5270; x_wconf 90' lang='lat' dir='ltr'><strong>non</strong></span> <span class='ocrx_word' id='word_1_840' title='bbox 2055 5223 2294 5282; x_wconf 87' lang='lat' dir='ltr'><strong>possem,</strong></span> <span class='ocrx_word' id='word_1_841' title='bbox 2326 5224 2424 5278; x_wconf 88' lang='lat' dir='ltr'><strong>pro</strong></span> <span class='ocrx_word' id='word_1_842' title='bbox 2446 5223 2512 5264; x_wconf 91' lang='lat' dir='ltr'><strong>eo</strong></span> <span class='ocrx_word' id='word_1_843' title='bbox 2550 5205 2697 5278; x_wconf 92' lang='lat' dir='ltr'><strong>quod</strong></span> <span class='ocrx_word' id='word_1_844' title='bbox 2727 5218 2926 5274; x_wconf 88' lang='lat' dir='ltr'><strong>capere</strong></span> <span class='ocrx_word' id='word_1_845' title='bbox 2955 5217 3175 5274; x_wconf 90' lang='lat' dir='ltr'><strong>possem</strong></span> <span class='ocrx_word' id='word_1_846' title='bbox 3195 5242 3212 5271; x_wconf 91' lang='lat'><strong>,</strong></span> <span class='ocrx_word' id='word_1_847' title='bbox 3238 5202 3427 5259; x_wconf 89' lang='lat' dir='ltr'><strong>inlun-</strong></span> 
     </span>
    </p>
   </div>
   <div class='ocr_carea' id='block_1_106' title="bbox 162 5132 1720 5202">
    <p class='ocr_par' dir='ltr' id='par_1_106' title="bbox 162 5132 1720 5202">
     <span class='ocr_line' id='line_1_106' title="bbox 162 5132 1720 5202; baseline 0.005 -22"><span class='ocrx_word' id='word_1_848' title='bbox 162 5132 472 5190; x_wconf 74' lang='lat' dir='ltr'><strong>Sermonibus</strong></span> <span class='ocrx_word' id='word_1_849' title='bbox 490 5148 546 5191; x_wconf 86' lang='lat' dir='ltr'><strong>et</strong></span> <span class='ocrx_word' id='word_1_850' title='bbox 568 5137 820 5193; x_wconf 85' lang='lat' dir='ltr'><strong>sensibus</strong></span> <span class='ocrx_word' id='word_1_851' title='bbox 843 5135 1185 5190; x_wconf 86' lang='lat' dir='ltr'><strong>ambulantes</strong></span> <span class='ocrx_word' id='word_1_852' title='bbox 1206 5133 1514 5202; x_wconf 89' lang='lat' dir='ltr'><strong>repleamur</strong></span> <span class='ocrx_word' id='word_1_853' title='bbox 1528 5132 1720 5188; x_wconf 84' lang='lat' dir='ltr'><strong>volun-</strong></span> 
     </span>
    </p>
   </div>
   <div class='ocr_carea' id='block_1_107' title="bbox 165 5218 1721 5298">
    <p class='ocr_par' dir='ltr' id='par_1_107' title="bbox 165 5218 1721 5298">
     <span class='ocr_line' id='line_1_107' title="bbox 165 5218 1721 5298; baseline 0.009 -35"><span class='ocrx_word' id='word_1_854' title='bbox 165 5218 257 5269; x_wconf 86' lang='lat' dir='ltr'><strong>tate</strong></span> <span class='ocrx_word' id='word_1_855' title='bbox 284 5218 389 5288; x_wconf 77' lang='lat' dir='ltr'><strong>Dei,</strong></span> <span class='ocrx_word' id='word_1_856' title='bbox 411 5226 495 5295; x_wconf 89' lang='lat' dir='ltr'><strong>qui</strong></span> <span class='ocrx_word' id='word_1_857' title='bbox 523 5229 747 5298; x_wconf 87' lang='lat' dir='ltr'><strong>ponitin</strong></span> <span class='ocrx_word' id='word_1_858' title='bbox 774 5226 1032 5283; x_wconf 84' lang='lat' dir='ltr'><strong>cordibus</strong></span> <span class='ocrx_word' id='word_1_859' title='bbox 1053 5226 1255 5282; x_wconf 84' lang='lat' dir='ltr'><strong>nostris</strong></span> <span class='ocrx_word' id='word_1_860' title='bbox 1277 5223 1537 5295; x_wconf 89' lang='lat' dir='ltr'><strong>Spiritum</strong></span> <span class='ocrx_word' id='word_1_861' title='bbox 1560 5236 1721 5277; x_wconf 87' lang='lat' dir='ltr'><strong>sanc-</strong></span> 
     </span>
    </p>
   </div>
   <div class='ocr_carea' id='block_1_108' title="bbox 1900 5380 3432 5469">
    <p class='ocr_par' dir='ltr' id='par_1_108' title="bbox 1900 5380 3432 5469">
     <span class='ocr_line' id='line_1_108' title="bbox 1900 5380 3432 5469; baseline -0.011 -11"><span class='ocrx_word' id='word_1_862' title='bbox 1900 5414 1922 5442; x_wconf 77' lang='grc' dir='ltr'><strong>ο</strong></span> <span class='ocrx_word' id='word_1_863' title='bbox 1967 5380 2146 5457; x_wconf 79' lang='lat' dir='ltr'><strong>Paris.</strong></span> <span class='ocrx_word' id='word_1_864' title='bbox 2181 5395 2429 5469; x_wconf 72' lang='lat' dir='ltr'><strong>quaedam</strong></span> <span class='ocrx_word' id='word_1_865' title='bbox 2459 5395 2589 5453; x_wconf 91' lang='lat' dir='ltr'><strong>edit.</strong></span> <span class='ocrx_word' id='word_1_866' title='bbox 2621 5407 2685 5448; x_wconf 90' lang='lat' dir='ltr'><strong>ac</strong></span> <span class='ocrx_word' id='word_1_867' title='bbox 2711 5406 2843 5447; x_wconf 89' lang='lat' dir='ltr'><strong>mss.</strong></span> <span class='ocrx_word' id='word_1_868' title='bbox 2869 5389 3118 5462; x_wconf 88' lang='lat' dir='ltr'><strong>aliquot,</strong></span> <span class='ocrx_word' id='word_1_869' title='bbox 3169 5387 3266 5443; x_wconf 89' lang='lat' dir='ltr'><strong>Dei</strong></span> <span class='ocrx_word' id='word_1_870' title='bbox 3317 5404 3432 5442; x_wconf 84' lang='lat' dir='ltr'><strong>ma-</strong></span> 
     </span>
    </p>
   </div>
   <div class='ocr_carea' id='block_1_109' title="bbox 1831 5492 3171 5610">
    <p class='ocr_par' dir='ltr' id='par_1_109' title="bbox 1831 5492 3171 5610">
     <span class='ocr_line' id='line_1_109' title="bbox 1831 5492 3171 5610; baseline -0.013 -9"><span class='ocrx_word' id='word_1_871' title='bbox 1831 5492 1944 5584; x_wconf 45' lang='lat' dir='ltr'><strong>nu?“</strong></span> <span class='ocrx_word' id='word_1_872' title='bbox 1976 5534 2137 5601; x_wconf 82' lang='lat' dir='ltr'><strong>Pauci</strong></span> <span class='ocrx_word' id='word_1_873' title='bbox 2173 5550 2327 5610; x_wconf 85' lang='lat' dir='ltr'><strong>mss.,</strong></span> <span class='ocrx_word' id='word_1_874' title='bbox 2359 5548 2533 5595; x_wconf 79' lang='lat' dir='ltr'><strong>votum</strong></span> <span class='ocrx_word' id='word_1_875' title='bbox 2577 5533 2944 5610; x_wconf 66' lang='lat' dir='ltr'><strong>praedicatione</strong></span> <span class='ocrx_word' id='word_1_876' title='bbox 2974 5530 3171 5610; x_wconf 72' lang='lat' dir='ltr'><strong>detulit.</strong></span> 
     </span>
    </p>
   </div>
   <div class='ocr_carea' id='block_1_110' title="bbox 1913 5602 3363 5682">
    <p class='ocr_par' dir='ltr' id='par_1_110' title="bbox 1913 5602 3363 5682">
     <span class='ocr_line' id='line_1_110' title="bbox 1913 5602 3363 5682; baseline -0.012 -8"><span class='ocrx_word' id='word_1_877' title='bbox 1913 5629 1935 5655; x_wconf 76' lang='grc' dir='ltr'><strong>ο</strong></span> <span class='ocrx_word' id='word_1_878' title='bbox 1975 5618 2099 5673; x_wconf 83' lang='lat' dir='ltr'><strong>Vet.</strong></span> <span class='ocrx_word' id='word_1_879' title='bbox 2134 5616 2266 5671; x_wconf 89' lang='lat' dir='ltr'><strong>edit.</strong></span> <span class='ocrx_word' id='word_1_880' title='bbox 2298 5602 2361 5669; x_wconf 82' lang='lat' dir='ltr'><strong>ac</strong></span> <span class='ocrx_word' id='word_1_881' title='bbox 2392 5611 2549 5682; x_wconf 88' lang='lat' dir='ltr'><strong>pauci</strong></span> <span class='ocrx_word' id='word_1_882' title='bbox 2572 5602 2703 5663; x_wconf 80' lang='lat' dir='ltr'><strong>mss.</strong></span> <span class='ocrx_word' id='word_1_883' title='bbox 2726 5648 2741 5675; x_wconf 92' lang='lat'><strong>,</strong></span> <span class='ocrx_word' id='word_1_884' title='bbox 2767 5602 2935 5660; x_wconf 85' lang='lat' dir='ltr'><strong>Israel</strong></span> <span class='ocrx_word' id='word_1_885' title='bbox 2967 5602 3183 5659; x_wconf 80' lang='lat' dir='ltr'><strong>dilectus</strong></span> <span class='ocrx_word' id='word_1_886' title='bbox 3200 5616 3363 5657; x_wconf 85' lang='lat' dir='ltr'><strong>meus.</strong></span> 
     </span>
    </p>
   </div>
   <div class='ocr_carea' id='block_1_111' title="bbox 229 5411 1457 5489">
    <p class='ocr_par' dir='ltr' id='par_1_111' title="bbox 229 5411 1457 5489">
     <span class='ocr_line' id='line_1_111' title="bbox 229 5411 1457 5489; baseline -0.011 -11"><span class='ocrx_word' id='word_1_887' title='bbox 229 5416 249 5489; x_wconf 66' lang='grc' dir='ltr'><strong>ῗ</strong></span> <span class='ocrx_word' id='word_1_888' title='bbox 285 5411 399 5489; x_wconf 56' lang='lat' dir='ltr'><strong>B158-</strong></span> <span class='ocrx_word' id='word_1_889' title='bbox 431 5416 650 5489; x_wconf 70' lang='lat' dir='ltr'><strong>aliquot,</strong></span> <span class='ocrx_word' id='word_1_890' title='bbox 681 5417 869 5471; x_wconf 71' lang='lat' dir='ltr'><strong>divina:</strong></span> <span class='ocrx_word' id='word_1_891' title='bbox 890 5416 1152 5489; x_wconf 81' lang='lat' dir='ltr'><strong>potestatis</strong></span> <span class='ocrx_word' id='word_1_892' title='bbox 1181 5424 1457 5469; x_wconf 77' lang='lat' dir='ltr'><strong>extorrem.</strong></span> 
     </span>
    </p>
   </div>
   <div class='ocr_carea' id='block_1_112' title="bbox 231 5476 1725 5561">
    <p class='ocr_par' dir='ltr' id='par_1_112' title="bbox 231 5476 1725 5561">
     <span class='ocr_line' id='line_1_112' title="bbox 231 5476 1725 5561; baseline 0.004 -28"><span class='ocrx_word' id='word_1_893' title='bbox 231 5476 254 5516; x_wconf 70' lang='grc' dir='ltr'>δ</span> <span class='ocrx_word' id='word_1_894' title='bbox 283 5480 356 5561; x_wconf 66' lang='lat' dir='ltr'><strong>ita</strong></span> <span class='ocrx_word' id='word_1_895' title='bbox 387 5476 535 5541; x_wconf 46' lang='lat' dir='ltr'><strong>edit:</strong></span> <span class='ocrx_word' id='word_1_896' title='bbox 549 5476 763 5557; x_wconf 75' lang='lat' dir='ltr'><strong>omnes,</strong></span> <span class='ocrx_word' id='word_1_897' title='bbox 787 5499 836 5543; x_wconf 88' lang='lat' dir='ltr'><strong>et</strong></span> <span class='ocrx_word' id='word_1_898' title='bbox 867 5476 1081 5557; x_wconf 68' lang='lat' dir='ltr'><strong>quidam</strong></span> <span class='ocrx_word' id='word_1_899' title='bbox 1115 5499 1281 5561; x_wconf 63' lang='grc' dir='ltr'><strong>ηις)εά</strong></span> <span class='ocrx_word' id='word_1_900' title='bbox 1329 5480 1516 5538; x_wconf 70' lang='grc' dir='ltr'>οωιθτί</span> <span class='ocrx_word' id='word_1_901' title='bbox 1544 5490 1725 5561; x_wconf 72' lang='lat' dir='ltr'><strong>autem</strong></span> 
     </span>
    </p>
   </div>
   <div class='ocr_carea' id='block_1_113' title="bbox 177 5554 1729 5631">
    <p class='ocr_par' dir='ltr' id='par_1_113' title="bbox 177 5554 1729 5631">
     <span class='ocr_line' id='line_1_113' title="bbox 177 5554 1729 5631; baseline -0.008 -15"><span class='ocrx_word' id='word_1_902' title='bbox 177 5554 371 5631; x_wconf 54' lang='lat' dir='ltr'><strong>Parii&quot;).</strong></span> <span class='ocrx_word' id='word_1_903' title='bbox 401 5575 496 5627; x_wconf 85' lang='lat' dir='ltr'><strong>qua</strong></span> <span class='ocrx_word' id='word_1_904' title='bbox 523 5561 710 5614; x_wconf 85' lang='lat' dir='ltr'><strong>nostris</strong></span> <span class='ocrx_word' id='word_1_905' title='bbox 739 5554 918 5631; x_wconf 71' lang='lat' dir='ltr'><strong>futura</strong></span> <span class='ocrx_word' id='word_1_906' title='bbox 962 5600 974 5612; x_wconf 95' lang='lat'><strong>.</strong></span> <span class='ocrx_word' id='word_1_907' title='bbox 994 5597 1008 5611; x_wconf 94' lang='lat'><strong>.</strong></span> <span class='ocrx_word' id='word_1_908' title='bbox 1028 5598 1039 5611; x_wconf 92' lang='lat'><strong>.</strong></span> <span class='ocrx_word' id='word_1_909' title='bbox 1061 5598 1104 5612; x_wconf 90' lang='lat'><strong>..</strong></span> <span class='ocrx_word' id='word_1_910' title='bbox 1142 5558 1413 5631; x_wconf 77' lang='lat' dir='ltr'><strong>invocatas</strong></span> <span class='ocrx_word' id='word_1_911' title='bbox 1461 5554 1729 5631; x_wconf 65' lang='lat' dir='ltr'><strong>precibus;</strong></span> 
     </span>
    </p>
   </div>
   <div class='ocr_carea' id='block_1_114' title="bbox 182 5622 1730 5700">
    <p class='ocr_par' dir='ltr' id='par_1_114' title="bbox 182 5622 1730 5700">
     <span class='ocr_line' id='line_1_114' title="bbox 182 5622 1730 5700; baseline 0.002 -26"><span class='ocrx_word' id='word_1_912' title='bbox 182 5622 472 5700; x_wconf 38' lang='lat' dir='ltr'><strong>pertingant</strong></span> <span class='ocrx_word' id='word_1_913' title='bbox 492 5631 678 5684; x_wconf 88' lang='lat' dir='ltr'><strong>nostris</strong></span> <span class='ocrx_word' id='word_1_914' title='bbox 705 5622 906 5700; x_wconf 79' lang='lat' dir='ltr'><strong>futuras</strong></span> <span class='ocrx_word' id='word_1_915' title='bbox 933 5628 1245 5699; x_wconf 86' lang='lat' dir='ltr'><strong>temporibus</strong></span> <span class='ocrx_word' id='word_1_916' title='bbox 1272 5622 1730 5697; x_wconf 22' lang='lat' dir='ltr'><strong>aquas,‘sacerdo-</strong></span> 
     </span>
    </p>
   </div>
   <div class='ocr_carea' id='block_1_115' title="bbox 183 5688 1236 5775">
    <p class='ocr_par' dir='ltr' id='par_1_115' title="bbox 183 5688 1236 5775">
     <span class='ocr_line' id='line_1_115' title="bbox 183 5688 1236 5775; baseline 0.01 -33"><span class='ocrx_word' id='word_1_917' title='bbox 183 5688 344 5750; x_wconf 84' lang='lat' dir='ltr'><strong>talibus</strong></span> <span class='ocrx_word' id='word_1_918' title='bbox 362 5688 617 5758; x_wconf 73' lang='lat' dir='ltr'><strong>invocatus</strong></span> <span class='ocrx_word' id='word_1_919' title='bbox 639 5688 871 5775; x_wconf 77' lang='lat' dir='ltr'><strong>precibus</strong></span> <span class='ocrx_word' id='word_1_920' title='bbox 902 5688 1236 5758; x_wconf 75' lang='lat' dir='ltr'><strong>consecraret.</strong></span> 
     </span>
    </p>
   </div>
  </div>
