3932 6176
534 200 635 256 727

1887 187 2137 247 SANCTI
2173 187 2504 249 AMBROSII

3728 196 3822 253 718

527 311 791 368 deretur:
823 308 899 365 ita
924 308 1092 365 etiam
1112 306 1181 363 de
1203 305 1411 376 Spiritu
1432 310 1625 360 sancto
1671 302 1833 359 Pater
1884 317 1947 359 se
1996 302 2130 358 dicit
2156 307 2210 366 Α
2304 304 2394 363 97.
2436 304 2625 378 Itaque
2654 307 2799 363 sicut
2827 316 3011 364 creata
3037 322 3145 365 non
3170 317 3350 381 potest
3376 307 3496 365 diei
3521 308 3775 380 sapientia
3803 352 3816 377 ,

533 406 817 463 eﬂ’undere
839 418 1005 474 super
1034 416 1253 458 omnem
1295 414 1558 465 carnem;
1598 413 1706 455 non
1755 397 1903 454 enim
1957 404 2130 455 totum

534 498 742 564 eli'udit,
779 495 874 553 sed
902 495 1049 567 quod
1078 493 1291 559 effudit,
1318 492 1572 549 omnibus
1598 490 1913 546 abundavit.

609 592 699 647 95.
743 590 920 659 Supra
948 603 1050 644 nos
1078 602 1209 658 ergo
1227 585 1457 643 eﬂ’usum
1483 592 1568 641 est
1588 584 1656 640 de
1679 583 1888 654 Spiritu
1915 600 1929 638 :
1959 591 2016 638 at
2043 598 2137 638 ve-

537 698 599 739 ro
628 696 793 755 super
818 680 1110 737 Dominum
1135 678 1345 744 Jesum,
1378 691 1500 733 cum
1540 676 1595 731 in
1642 675 1817 731 forma
1858 683 2006 730 esset
2040 674 2141 731 lto-

536 777 721 843 minis,
748 775 1003 831 mauebat
1034 773 1291 844 Spiritus,
1320 771 1461 826 sicut
1493 770 1755 840 scriptum
1787 776 1903 824 est:
1961 767 2140 839 Supra

534 886 685 941 quem
736 868 924 924 videris
967 867 1224 939 Spiritum
1250 864 1638 920 descendentem
1667 862 1729 917 de
1754 862 1879 918 caelo
1900 903 1914 925 ,
1959 871 2008 915 et
2031 878 2142 915 ma-

537 973 741 1020 nentem
766 979 921 1035 super
951 978 1083 1027 eum,
1112 962 1197 1015 hic
1222 970 1301 1015 est
1329 959 1417 1029 qui
1449 959 1675 1029 baptizat
1702 957 1756 1011 in
1791 955 1994 1027 Spiritu
2020 971 2141 1010 san-

535 1068 618 1115 cto
642 1057 658 1129 (
682 1056 843 1111 Joan.
878 1072 916 1119 ι,
949 1052 1081 1126 55).
1110 1051 1271 1109 Circa
1302 1066 1402 1109 nos
1430 1066 1497 1107 ex
1551 1049 1794 1104 afﬂuenti
1850 1046 2140 1104 commodo

536 1152 837 1208 liberalitas
862 1149 1144 1220 largientis
1165 1155 1271 1213 est,
1296 1146 1348 1200 in
1377 1145 1471 1201 illo
1499 1143 1669 1200 totius
1694 1151 1881 1199 manet
1906 1142 1957 1196 in
1982 1149 2141 1197 tuter-

537 1259 666 1300 num
697 1243 938 1314 Spiritus
969 1241 1269 1311 plenitudo.
1310 1239 1467 1307 Quod
1500 1240 1669 1310 igitur
1701 1237 1856 1293 nobis
1882 1237 2016 1292 satis
2049 1251 2138 1291 es-

539 1352 598 1391 se
625 1334 918 1405 judicavit,
948 1332 1178 1389 effudit:
1210 1341 1266 1388 et
1309 1330 1453 1403 quod
1502 1331 1733 1387 eﬂ'usum
1783 1339 1888 1393 est,
1924 1342 2030 1383 non
2057 1343 2136 1383 se-

541 1435 794 1498 paratum
820 1433 930 1492 est,
962 1439 1064 1480 nec
1096 1424 1325 1480 incisum
1353 1441 1365 1476 :
1400 1421 1498 1478 sed
1525 1423 1789 1477 unitatem
1832 1418 1996 1474 habet
2022 1419 2139 1488 ple-

539 1518 839 1585 nitudinis,
891 1531 999 1586 quo
1047 1516 1221 1571 aciem
1291 1514 1462 1570 nostri
1511 1510 1693 1568 cordis
1743 1508 2014 1566 illuminet
2042 1524 2141 1580 pro

537 1621 739 1668 nostrae
770 1607 1137 1680 possibilitate
1168 1607 1408 1663 virtutis.
1461 1604 1700 1675 Denique
1754 1611 1964 1659 tantum
1986 1603 2137 1673 capi-

2237 413 2360 468 qua:
2386 414 2452 454 ex
2481 414 2578 455 ore
2608 399 2709 457 Dei
2740 400 3013 471 procedit,
3060 416 3161 458 nec
3189 401 3461 467 Verbum,
3508 401 3659 472 quod
3704 418 3821 459 eru-

2238 499 2418 547 ctatur
2441 508 2507 547 ex
2535 492 2725 560 corde,
2755 508 2859 549 nec
2878 494 3073 562 virtus,
3102 495 3157 550 in
3200 509 3304 566 qua
3335 493 3633 567 plenitudo
3682 496 3826 570 621

2240 585 2543 656 majestatis
2564 596 2787 642 alterum
2803 595 2886 643 est
2913 606 2925 642 :
2971 588 3044 644 ita
3073 589 3236 644 etiam
3268 598 3499 645 creatus
3532 606 3641 645 non
3666 600 3829 660 potest

2238 679 2474 751 Spiritus
2501 682 2785 751 aestimari,
2817 683 2908 754 qui
2937 698 3003 739 ex
3023 698 3121 739 ore
3145 682 3241 739 Dei
3266 683 3553 750 tunditur;
3584 699 3705 739 cum
3728 686 3829 755 ipse

2241 772 2387 828 Deus
2414 782 2616 829 tantam
2644 773 2949 831 ostenderit
2971 776 3259 844 unitatem,
3293 786 3354 830 ut
3383 774 3676 832 eﬂ'underu
3699 777 3828 832 sede

2241 862 2448 934 Spiritu
2475 878 2576 920 suo
2606 866 2773 921 dicat.
2801 865 2922 933 Quo
2960 866 3329 936 intelligamus
3384 868 3521 938 quia
3553 867 3716 922 etiam
3744 867 3828 923 Dei

2242 957 2419 1013 Patris
2449 957 2641 1013 eadem
2672 959 2845 1029 gratia
2876 960 2977 1024 sit,
3005 974 3126 1030 quin
3149 959 3388 1029 Spiritus
3436 960 3614 1014 sancti
3642 968 3754 1023 est,
3780 968 3829 1015 et

2241 1052 2386 1123 quod
2417 1053 2533 1108 sine
2565 1052 2832 1108 incisione
2859 1067 2924 1108 ac
2956 1052 3291 1109 detrimento
3328 1051 3526 1122 aliquo
3578 1050 3831 1107 dividatur

2243 1144 2515 1201 mentibus
2543 1145 2904 1216 singulorum.
2939 1144 3095 1213 Quod
3116 1160 3248 1216 ergo
3277 1144 3345 1200 de
3372 1143 3597 1215 Spiritu
3645 1144 3735 1200 Dei
3757 1142 3827 1199 el-

2244 1235 2507 1301 l‘unditur,
2541 1253 2641 1293 nec
2673 1236 2958 1303 inciditur,
2986 1251 3088 1293 nec
3130 1236 3383 1308 partibus
3426 1236 3706 1307 aliquibus
3725 1249 3831 1290 cor-

2245 1329 2528 1399 poralibus
2554 1329 3060 1400 comprehenditur,
3089 1341 3182 1384 aut
3208 1341 3454 1386 secatur.

2315 1421 2406 1478 98.
2449 1421 2617 1495 [Alias
2675 1438 2791 1493 cap.
2844 1420 3003 1493 Vlll].
3044 1421 3330 1490 Quomodo
3386 1421 3541 1476 enim
3591 1419 3831 1475 credibile

2245 1526 2350 1586 est,
2383 1517 2531 1589 quod
2576 1517 2816 1588 Spiritus
2867 1516 3152 1573 sectilibus
3203 1516 3485 1587 aliquibus
3533 1514 3832 1572 dividatur?

2245 1611 2386 1667 Dicit
2406 1611 2647 1667 Joannes
2675 1611 2744 1667 de
2768 1611 2880 1667 Deo
2909 1628 2922 1664 :
2954 1608 3039 1665 Ea:
3063 1611 3161 1666 hoc
3188 1612 3555 1683 cognoscimus
3581 1609 3699 1680 quia
3735 1624 3833 1662 nra-

534 1719 679 1772 mus,
708 1712 971 1775 quantum
1004 1700 1279 1772 proiectus
1299 1709 1503 1756 nostra:
1527 1700 1729 1755 mentis
1759 1698 2024 1768 acquirit;
2058 1696 2141 1751 in-
2170 1699 2219 1759 B
2244 1714 2328 1760 net
2367 1706 2423 1759 in
2465 1704 2610 1758 nobis
2663 1704 2726 1757 de
2772 1703 2973 1776 Spiritu
3026 1720 3177 1774 quem
3228 1701 3376 1757 dedit
3422 1702 3575 1756 nobis
3608 1701 3664 1772 (Ι
3689 1699 3827 1754 Joan.

536 1794 868 1867 separabilis
901 1802 989 1849 est
1022 1794 1167 1849 enim
1195 1791 1479 1864 plenitudo
1508 1791 1698 1863 gratiae
1724 1789 2011 1860 spiritalis,
2042 1788 2141 1846 sed

536 1888 696 1943 nobis
725 1903 823 1958 pro
850 1894 1054 1941 nostrae
1086 1884 1443 1955 participatur
1473 1882 1733 1938 facultate
1760 1889 1990 1937 natura.

611 1979 701 2035 94.
732 1977 974 2034 Eﬂ'undit
998 1991 1131 2048 ergo
1155 1968 1294 2033 Detis
1322 1975 1391 2032 de
1410 1975 1640 2047 Spiritu,
1661 1974 1958 2031 effunditur
1978 1974 2140 2031 etiam

539 2072 783 2129 charitas
815 2072 907 2127 Dei
943 2086 1040 2140 per
1097 2070 1400 2141 Spiritum:
1428 2084 1536 2139 quo
1579 2069 1702 2125 loco
1750 2067 2012 2124 unitatem
2050 2068 2143 2124 de-

540 2168 734 2222 bemus
760 2180 1063 2238 agnoscere
1091 2164 1428 2234 operationis
1453 2174 1510 2220 et
1529 2162 1743 2235 gratiae.
1793 2162 1945 2218 Sicut
1992 2162 2139 2217 enim

542 2260 611 2315 de
639 2260 848 2331 Spiritu
876 2274 933 2315 sa
947 2267 1074 2315 ncto
1104 2259 1247 2314 Deus
1285 2256 1498 2323 eﬂ‘udit,
1539 2258 1611 2312 ita
1661 2258 1826 2316 etiam
1849 2299 1863 2324 ,
1905 2256 2144 2314 Charitas

543 2352 640 2408 Dei
670 2352 836 2421 effusa
861 2363 938 2407 est
964 2355 1019 2407 in
1058 2352 1296 2408 cordibus
1346 2351 1536 2408 nostris
1581 2368 1673 2423 per
1723 2350 1982 2424 Spiritum
2017 2369 2143 2408 sane

539 2455 679 2499 ctum
708 2447 728 2518 (
752 2444 906 2500 Rom.
940 2461 998 2514 v,
1023 2443 1131 2516 5);
1162 2453 1221 2500 ιιι
1250 2444 1622 2515 intelligamus
1650 2453 1676 2482 α
1704 2459 1814 2500 non
1856 2458 1981 2501 esse
2006 2459 2145 2515 opus

541 2548 793 2596 sanctum
826 2540 1119 2611 Spiritum,
1149 2539 1242 2612 qui
1270 2539 1470 2595 divina:
1510 2539 1715 2595 arbiter
1761 2549 1817 2595 et
1864 2538 1985 2595 forts
2016 2553 2143 2609 pro-

544 2630 686 2687 iluus
715 2630 1005 2687 charitatis
1031 2639 1135 2687 est.

612 2726 706 2782 95.
750 2727 1017 2781 Similiter
1046 2734 1230 2780 autem
1264 2735 1322 2779 ut
1348 2726 1542 2781 credas
1569 2724 1622 2779 id
1649 2724 1793 2794 quod
1817 2724 2135 2791 ellunditur,

540 2834 664 2875 cum
698 2820 969 2875 creaturis
996 2834 1103 2874 non
1137 2832 1297 2889 posse
1317 2833 1441 2873 esse
1460 2833 1775 2883 commune,
1806 2818 1903 2872 sed
1933 2818 2144 2888 Specia-

544 2915 597 2969 le
633 2913 974 2978 divinitatis;
1002 2912 1168 2967 etiam
1196 2920 1253 2967 et
1280 2910 1401 2965 Filii
1426 2925 1627 2964 nomen
1656 2909 1969 2979 eﬂ'unditur,
2001 2912 2144 2967 sicut

542 3004 711 3060 habes
739 3021 751 3057 :
788 3003 1121 3073 Unguentum
1151 3003 1468 3057 exinanitum
1486 3010 1563 3056 est
1584 3017 1767 3056 nomen
1795 3012 1935 3056 tuum
1961 3000 2137 3075 (Cant.

2248 1812 2328 1865 tn,
2359 1797 2489 1867 24).
2524 1807 2545 1834 ο
2579 1796 2736 1865 Quod
2775 1805 2957 1852 autem
2988 1806 3174 1853 manet
3205 1811 3466 1867 semper,
3520 1796 3705 1860 utique
3746 1807 3833 1849 nec

2248 1897 2491 1943 mutatur
2516 1907 2529 1944 :
2553 1904 2686 1957 ergo
2719 1890 2762 1944 si
2792 1890 3150 1944 mutationem
3183 1904 3292 1944 non
3334 1888 3528 1954 habet,
3583 1885 3830 1944 aeternita-

2248 1991 2354 2039 tem
2387 1981 2572 2038 habet.
2602 1980 2669 2037 Et
2689 1980 2811 2038 ideo
2838 1980 3077 2052 Spiritus
3095 1990 3317 2037 sanctus
3340 1981 3705 2052 sempiternus
3728 1987 3825 2040 est;

2246 2082 2496 2130 creatura
2546 2082 2727 2129 autem
2781 2072 3015 2129 obnoxia
3067 2072 3223 2140 vitio,
3274 2071 3530 2142 ‘ideoque
3559 2067 3822 2125 mutabilis.

2246 2168 2403 2236 Quod
2430 2176 2612 2223 autem
2634 2166 2897 2222 mutabile
2917 2174 3021 2234 est,
3043 2179 3167 2221 esse
3206 2178 3312 2219 non
3346 2173 3533 2235 potest
3557 2161 3825 2232 sempiter-

2246 2277 2375 2317 num
2413 2260 2605 2325 (Rom.
2637 2276 2752 2329 vm,
2783 2260 2891 2333 20)
2923 2278 2937 2315 :
2971 2270 3027 2317 et
3054 2260 3178 2316 ideo
3229 2274 3339 2316 non
3387 2268 3574 2330 potest
3619 2254 3821 2328 Spiritui

2243 2364 2431 2412 sancto
2480 2365 2535 2412 et
2569 2366 2835 2412 creatura:
2894 2370 3019 2411 esse
3050 2355 3436 2421 consortium;
3483 2353 3611 2425 quia
3639 2349 3816 2419 sempi-

2247 2459 2436 2504 ternus
2465 2458 2548 2504 est
2579 2448 2836 2520 Spiritus,
2862 2457 3113 2505 creatura
3151 2456 3337 2505 autem
3383 2446 3568 2504 omnis
3611 2445 3662 2501 in
3707 2453 3819 2499 tem-

2248 2556 2379 2613 pore
2400 2550 2503 2598 est.
3358 2552 3365 2555 ‘

2318 2637 2409 2693 99.
2449 2635 2848 2707 Sempiternum
2882 2643 3065 2691 autem
3088 2634 3356 2706 Spiritum
3386 2641 3654 2698 sanctum,
3680 2629 3815 2686 etiam

2248 2729 2546 2800 Apostolus
2562 2727 2804 2785 ostendit
2828 2744 2842 2781 :
2878 2727 2939 2783 Si
2965 2726 3111 2782 enim
3136 2727 3355 2799 sanguis
3375 2738 3642 2781 taurorum
3667 2731 3710 2776 et
3730 2719 3819 2773 hir-

2247 2837 2445 2885 corum,
2475 2831 2525 2875 et
2552 2822 2683 2875 cinis
2705 2821 2883 2876 uitulae
2922 2800 3167 2890 aspersus
3210 2821 3514 2892 inquinatos
3566 2812 3819 2881 sanctiﬁcat

2246 2916 2314 2968 ad
2343 2929 2547 2968 carnem
2575 2914 3000 2979 emundandam;
3029 2923 3223 2985 quanto
3250 2916 3420 2985 magis
3449 2913 3652 2985 sanguis
3678 2906 3804 2962 Citri-

2247 3012 2336 3079 sti,
2383 3012 2473 3081 qui
2496 3028 2588 3084 per
2615 3009 2870 3081 Spiritum
2899 3011 3274 3081 sempiternum
3308 3027 3367 3066 se
3389 3010 3574 3066 obtulit
3591 3009 3811 3062 immacu-

542 3116 581 3165 ι,
610 3097 647 3153 2
668 3098 709 3169 ).
743 3095 910 3166 Cujus
938 3097 1140 3151 virtute
1167 3095 1439 3151 sermonis
1462 3093 1595 3149 nihil
1647 3103 1825 3164 potest
1853 3110 1974 3151 esse
2002 3112 2138 3166 prae-
2169 3081 2216 3145 C
2250 3106 2412 3160 ιαιιηη
2463 3081 2572 3158 Deo
2600 3103 2620 3176 (
2648 3102 2809 3158 Hebr.
2845 3119 2920 3171 ιι,
2956 3103 3053 3170 15,
3087 3103 3230 3173 is)!
3293 3102 3441 3176 Ergo
3487 3098 3810 3170 sempiternus

542 3191 801 3247 stantius.
827 3189 958 3244 Nam
987 3188 1127 3243 sicut
1154 3188 1422 3244 inclusum
1450 3188 1505 3241 in
1534 3202 1661 3243 vase
1684 3187 1867 3257 aliquo
1898 3203 2146 3258 unguen-

546 3294 661 3339 tum
690 3282 912 3339 cohibet
934 3280 1163 3337 odorem
1193 3295 1374 3346 suum,
1405 3279 1499 3349 qui
1527 3279 1667 3335 odor
1713 3264 1969 3349 quamdiu
2001 3280 2146 3335 vasis

546 3377 699 3433 illius
739 3375 1006 3446 angustiis
1030 3384 1336 3439 coercetur,
1372 3372 1476 3429 etsi
1497 3372 1565 3427 ad
1593 3372 1776 3442 plures
1826 3388 1933 3426 non
1962 3380 2147 3444 potest

547 3471 864 3542 pervenire,
909 3477 1090 3525 tamen
1125 3468 1234 3524 vim
1276 3482 1432 3523 suam
1471 3475 1688 3532 servat;
1738 3481 1861 3521 cum
1911 3480 2040 3520 vero
2077 3464 2145 3521 de

546 3578 681 3618 vase
710 3562 824 3628 illo,
867 3576 975 3631 quo
1004 3559 1379 3625 claudebatur,
1407 3566 1741 3627 unguentum
1793 3557 1949 3611 fuerit
2005 3554 2143 3611 eﬂ'u-

544 3673 689 3723 sum,
720 3656 884 3727 longe
906 3655 1121 3725 lateque
1169 3651 1494 3707 dill'unditur
1522 3671 1535 3703 :
1568 3651 1640 3705 ita
1694 3661 1746 3705 et
1789 3650 1992 3705 Christi
2043 3664 2144 3704 no-

548 3764 670 3804 men
703 3758 830 3804 ante
865 3747 985 3819 ejus
1012 3747 1306 3801 adventum
1335 3744 1388 3799 in
1415 3744 1583 3800 Israel
1625 3743 1850 3815 populo,
1904 3742 2059 3814 quasi
2090 3745 2144 3797 in

549 3857 676 3897 vase
707 3842 892 3911 aliquo
913 3840 1228 3896 Judmorum
1261 3838 1537 3893 mentibus
1553 3836 1911 3892 claudebatur
1935 3853 1948 3889 :
1976 3834 2147 3889 Notus

548 3935 692 3988 cnim
724 3934 777 3987 in
805 3933 994 3987 .ludwa
1015 3930 1177 3996 Deus,
1230 3931 1284 3984 in
1312 3928 1480 3984 Israel
1525 3944 1771 4000 magnum
1810 3944 1995 3982 nomen
2033 3932 2145 4000 ejus

544 4026 782 4098 (Psalm.
808 4041 973 4091 Lxxv,
1006 4027 1031 4080 l
1057 4025 1107 4096 ):
1141 4026 1243 4080 hoc
1264 4025 1448 4095 utique
1479 4038 1696 4089 nomen,
1728 4023 1871 4093 quod
1896 4036 2023 4076 vasa
2052 4020 2144 4077 Ju-

547 4119 790 4175 daaorutn
823 4120 1089 4190 angustiis
1117 4120 1231 4173 suis
1262 4118 1558 4173 coercitum
1583 4116 1963 4172 continebant.

617 4214 707 4269 96.
737 4214 987 4285 Magnum
1011 4212 1228 4283 quidem
1256 4221 1310 4266 et
1332 4220 1461 4267 tunc
1487 4226 1709 4278 nomen,
1734 4226 1860 4267 cum
1884 4210 2146 4267 inﬁrmio-

546 4322 666 4362 rttm
698 4318 863 4376 atque
893 4320 1191 4376 paucorum
1228 4304 1463 4359 haereret
1504 4304 1770 4374 angustiis
1802 4322 1815 4357 :
1846 4304 1942 4359 sed
1996 4318 2145 4374 mag-

543 4401 849 4456 nitudinem
875 4399 958 4454 sui
992 4398 1228 4453 nondum
1255 4398 1538 4468 pcr‘corda
1586 4398 1852 4468 gentium,
1885 4407 1943 4452 et
1986 4399 2040 4452 in
2075 4398 2143 4451 ﬁ-

2249 3208 2332 3253 εει
2355 3194 2608 3267 Spiritus.

2871 3285 3100 3343 CAPUT
3138 3285 3232 3342 IX.

2250 3425 2509 3496 Spiritum
2554 3434 2791 3480 sanctum
2836 3434 2972 3480 recte
3024 3424 3128 3480 dici
3166 3435 3493 3499 unguentum
3520 3419 3729 3484 Christi,
3769 3420 3807 3466 ει

2321 3520 2491 3571 oleum
2513 3518 2724 3585 lwtitiw,
2759 3527 2806 3571 et
2848 3533 2976 3588 quas
3003 3518 3066 3572 ob
3109 3518 3332 3573 causas?
3377 3517 3633 3573 Christum
3667 3512 3802 3579 ipsum

2322 3625 2422 3663 non
2447 3626 2557 3664 esse
2580 3620 2904 3682 unguentum
2927 3628 2947 3676 ;
3013 3625 3133 3664 eum
3157 3619 3345 3665 unctus
3367 3612 3437 3665 sit
3467 3607 3661 3679 Spiritu
3707 3614 3797 3653 san-

2320 3711 2401 3755 cto
2432 3718 2452 3756 :
2478 3702 2853 3756 mirumautem
2881 3702 2934 3755 id
2961 3718 3064 3756 non
3092 3702 3275 3770 uideri,
3305 3704 3350 3758 si
3369 3709 3670 3775 unguentum
3688 3705 3802 3765 roce-

2321 3804 2403 3849 tur
2426 3806 2472 3850 et
2500 3795 2751 3864 Spiritus,
2778 3811 2894 3849 cum
2928 3793 3086 3850 Pater
3112 3812 3173 3850 ac
3197 3793 3367 3850 Filius
3413 3797 3561 3852 etiant
3607 3786 3799 3861 Spiritus

2318 3887 2664 3958 appellentur.
2695 3886 2805 3942 Nec
2829 3887 2988 3943 ullam
3019 3899 3187 3944 tamen
3230 3890 3283 3943 in
3322 3891 3453 3962 ipsis
3494 3880 3796 3955 confusionem

2320 3997 2463 4045 esse;
2495 3997 2610 4035 cum
2635 3982 2778 4036 solus
2806 3980 3043 4036 Christus
3065 3983 3119 4036 in
3145 3998 3363 4055 corpore
3394 3977 3653 4057 oppetierit
3686 3983 3795 4025 mor-

2320 4084 2441 4139 tem,
2472 4077 2621 4143 cuius
2652 4076 2926 4147 salutifera
2957 4092 3085 4130 crux
3106 4076 3443 4147 praedicatur.

2321 4212 2444 4268 100.
2485 4211 2740 4283 Plerique
2789 4223 2971 4269 autem
3012 4213 3264 4269 arbitrati
3329 4223 3458 4270 sunt
3507 4210 3790 4280 unguentum

2248 4304 2444 4360 Christi
2474 4321 2597 4361 esse
2654 4306 2918 4377 Spiritum
2968 4318 3236 4363 sanctum.
3275 4305 3302 4346 ά
3338 4308 3408 4364 Ει
3435 4309 3568 4363 bene
3590 4308 3793 4369 unguen-

2248 4408 2383 4464 tum,
2414 4399 2536 4469 quia
2567 4399 2747 4455 oleum
2772 4399 2974 4455 laetitia:
3005 4410 3373 4472 nuncupatum
3432 4412 3531 4461 est.
3576 4390 3789 4467 plurima—
3872 4392 3875 4393 ⁷

546 4508 645 4549 nes
697 4495 861 4549 totius
906 4491 1057 4548 orbis
1112 4489 1398 4547 effuderat.
1451 4490 1646 4545 Postea
1689 4504 1821 4546 vero
1856 4505 2015 4560 quam
2048 4506 2144 4560 per
2170 4472 2224 4531 D
2251 4508 2368 4547 rum
2397 4491 2680 4547 redolente
2709 4491 2905 4561 copula
2925 4493 3222 4563 gratiarum
3250 4509 3265 4548 :
3294 4508 3486 4551 verum
3509 4489 3647 4546 illum
3673 4480 3787 4535 Deus

545 4603 763 4643 onmem
798 4584 1055 4639 mundum
1087 4598 1187 4639 suo
1225 4583 1401 4638 illuxit
1447 4582 1716 4649 adventu,
1770 4598 1864 4650 per
1919 4598 2143 4639 omnem

547 4681 734 4750 utique
764 4686 1072 4733 creaturam
1097 4675 1340 4729 divinum
1376 4673 1506 4729 illud
1536 4688 1693 4729 suum
1727 4690 1925 4730 nomen
1948 4684 2139 4731 exten-

546 4772 656 4838 dit,
708 4785 816 4825 non
869 4769 1148 4840 repletum
1196 4768 1513 4823 accessione
1568 4767 1745 4839 aliqua
1795 4769 1813 4838 (
1858 4768 2141 4838 plenitudo

545 4864 692 4920 enim
723 4865 896 4919 nescit
923 4872 1272 4935 augmentum
1302 4861 1321 4934 )
1354 4864 1450 4919 sed
1489 4864 1709 4934 replens
1737 4879 1906 4919 vacua
1929 4905 1943 4929 ,
1978 4874 2034 4918 ut
2057 4879 2143 4919 cs-

546 4966 633 5012 set
657 4956 980 5012 admirabile
1002 4972 1199 5013 nomen
1229 4956 1349 5027 ejus
1378 4958 1432 5011 in
1466 4958 1720 5012 universa
1748 4967 1913 5012 terra.
1966 4957 2138 5027 llujus

545 5049 712 5119 igitur
737 5050 932 5105 eil'usio
959 5048 986 5089 ι)
1018 5050 1257 5105 nominis
1287 5050 1653 5106 abundantem
1684 5050 1974 5120 quamdam
1999 5067 2139 5107 exn-

541 5140 845 5195 berantiam
876 5142 1195 5210 gratiarum,
1238 5141 1619 5210 bonorumque
1643 5141 1949 5198 cmlesuum
1974 5144 2141 5213 signi-

541 5234 666 5289 ficat.
683 5236 982 5304 largitatem
999 5253 1014 5300 ;
1034 5253 1099 5293 ex
1123 5236 1453 5289 abundantia
1476 5238 1621 5289 enim
1642 5235 1950 5306 superﬂuit,
1975 5237 2137 5307 quid-

544 5327 672 5398 quid
703 5328 1019 5407 ellunditur.

616 5451 641 5512 fl
683 5441 810 5512 Mss.
836 5441 1060 5508 aliquot,
1095 5456 1188 5495 nos
1215 5456 1325 5512 esse
1353 5456 1482 5512 opus
1514 5439 1744 5512 Spiritus
1769 5442 1947 5496 sancti.

615 5510 644 5548 ι’
685 5511 814 5565 Mss.
853 5513 1138 5578 nonnulli,
1172 5510 1528 5567 habundantia
1559 5510 1799 5581 quadam
1845 5510 2130 5566 exuberans

540 5583 641 5653 vim
667 5583 1049 5704 qratiarunt....
1081 5585 1250 5663 itaque
1270 5585 1400 5665 sicut
1422 5587 1679 5639 creatura.
1748 5590 1749 5597 ‘

559 5700 562 5704 λ
614 5664 655 5695 οη
703 5661 757 5704 tu
784 5668 912 5704 mss.
950 5654 1130 5704 nlures
1159 5670 1222 5704 nc
1253 5655 1493 5704 mitiores
1524 5670 1537 5704 :
1570 5658 1749 5704 nonntt

614 5664 635 5689 (‘.

848 5648 885 5658 ,ι
974 5652 997 5665 4.
1083 5648 1097 5663 ι
1168 5648 1183 5660 -ι
1280 5648 1285 5665 ι

703 5633 1498 5723 ig.insignius;mare;
1524 5633 1813 5706 {nonnulli
1850 5633 2026 5708 t'am’én
2069 5664 2124 5709 et

535 5724 724 5776 Omnes
750 5722 907 5785 edit.,
940 5725 1093 5787 Quod
1119 5722 1287 5779 autem
1313 5735 1519 5789 manet,
1566 5738 1764 5793 semper
1799 5724 1971 5793 utiq‘ue
2012 5727 2121 5794 est,

2248 4586 2595 4654 omnipotens
2629 4585 2788 4639 Pater
2830 4562 2989 4639 unxit
3021 4586 3326 4656 principem
3351 4583 3690 4642 sacerdomm,
3711 4562 3785 4638 ί1¹¹ί

2249 4691 2359 4732 non
2393 4686 2449 4730 ut
2480 4677 2575 4731 alii
2606 4677 2657 4731 in
2693 4684 2820 4749 typo
2848 4686 3044 4732 unctus
3072 4692 3140 4732 ex
3170 4678 3312 4750 lege,
3339 4679 3439 4735 sed
3459 4686 3512 4734 et
3535 4662 3784 4729 secundum

2248 4768 2418 4839 legem
2445 4775 2642 4822 unctus
2670 4766 2723 4821 in
2758 4781 3015 4837 corpore,
3049 4776 3105 4823 et
3128 4767 3182 4822 in
3214 4769 3444 4824 veritate
3471 4775 3620 4837 supra
3642 4757 3784 4823 ιοεθπη

2248 4862 2451 4918 virtute
2476 4862 2648 4917 sancti
2682 4862 2915 4931 Spiritus
2943 4875 3010 4917 ex
3036 4860 3199 4917 Patre
3234 4861 3428 4932 plenus
3453 4868 3550 4917 est.

2320 4955 2444 5013 lOI.
2489 4957 2602 5011 lloc
2622 4966 2706 5010 est
2731 4955 2910 5011 oleum
2941 4955 3172 5019 laetitiae,
3214 4955 3283 5011 de
3310 4971 3419 5027 quo
3448 4951 3567 5010 dicit
3587 4936 3782 5018 prOPhc‘

2246 5057 2298 5103 ta
2328 5067 2339 5103 :
2377 5047 2541 5104 Unxit
2567 5057 2613 5103 te
2638 5047 2799 5112 Deus,
2825 5045 2968 5102 Deus
2989 5055 3109 5100 tuus
3145 5048 3263 5101 oleo
3290 5048 3481 5102 [latitia
3504 5053 3526 5080 ε
3563 5048 3660 5111 prce
3681 5040 3777 5083 eon-

2243 5142 2467 5194 sortt‘bus
2492 5141 2593 5194 tuis
2626 5142 2641 5211 (
2664 5138 2812 5193 Psal.
2845 5154 2987 5201 κων,
3015 5138 3096 5209 8).
3124 5139 3366 5209 Denique
3396 5140 3574 5195 Petrus
3597 5130 3775 5211 "nam

2243 5236 2448 5306 Spiritu
2495 5208 2640 5290 dicit
2675 5234 2882 5301 Jesum,
2940 5208 3081 5289 sicut
3134 5208 3345 5291 habes:
3388 5233 3484 5289 Vos
3521 5223 3646 5285 scitis
3662 5208 3770 5306 altde

2243 5304 2434 5386 factum
2457 5340 2528 5383 est
2566 5331 2772 5383 verbum
2794 5345 2884 5399 per
2913 5338 3071 5383 totam
3091 5328 3355 5395 Iudicum,
3392 5324 3619 5397 incipiens
3643 5330 3670 5366 α
3690 5304 3771 5363 θα·

2235 5455 2327 5496 nec
2356 5448 2604 5492 mutatur.
2640 5437 2710 5492 Et
2741 5451 2861 5509 post
2885 5439 3022 5495 duos
3062 5453 3254 5494 versus
3276 5437 3368 5493 ubi
3419 5445 3531 5509 vel:
3571 5425 3766 5509 6"":ng

2232 5488 2602 5577 mitigans;
2619 5488 2879 5565 ιῶἱηὲἱῖιὲ
2889 5488 3056 5574 ius?"
3074 5488 3639 5565 sissentsi-nom.
3660 5488 3763 5548 edit.

2231 5595 2352 5647 cum
2378 5582 2495 5636 aliis
2530 5583 2812 5636 nmmtlllis
2838 5581 2986 5645 cod.,
3020 5582 3241 5636 obnoxia
3264 5582 3492 5637 vanitati.

2300 5650 2326 5690 ἀ
2376 5652 2499 5727 bks.
2531 5652 2760 5722 aliqum,
2798 5652 2899 5725 Qui
2914 5653 3046 5707 bene
3080 5654 3249 5727 ungit.

2300 5735 2322 5761 θ
2362 5723 2589 5790 Quidam
2621 5739 2773 5790 lllSF.,
2811 5723 2917 5793 pm
2953 5723 3287 5793 participibus
3312 5723 3429 5777 tuis;
