3956 6170
138 220 236 274 729

1275 221 1362 278 DE
1399 221 1671 283 SPIRITU
1711 225 1982 288 SANC’I‘O
2021 232 2148 288 LIB.
2196 236 2233 289 l.

3299 244 3406 303 ’150

134 339 262 393 [ἔλαια
285 346 395 409 post
413 337 736 410 baptismum,
765 339 904 408 quod
944 339 1247 410 praedicavit
1291 340 1522 434 Joannes
1544 384 1560 408 ,
1608 343 1699 399 Je—
1727 349 1781 409 Α
1805 349 1898 404 sed
1926 365 2034 406 non
2059 351 2320 409 confusus
2349 369 2471 410 eum
2504 355 2664 414 Patre
2712 370 2771 416 et
2801 361 2943 417 Filio
2991 362 3228 434 Spiritus
3281 379 3406 422 san-

133 448 235 486 sum
282 448 311 484 a
365 428 657 496 Nazareth,
705 433 958 500 quomodo
1011 433 1161 487 unxit
1199 450 1314 487 eum
1335 433 1475 489 Deus
1498 436 1700 506 Spiritu

132 533 292 580 sancto
317 523 460 595 (Act.
492 540 544 591 x,
575 525 665 588 57,
697 524 816 594 58).
845 525 1037 581 Oleum
1065 527 1227 599 igitur
1284 528 1487 584 laetitiae
1526 529 1699 601 Spiri-

135 625 437 671 ιυεεθηοιυς
465 624 564 670 εει

195 707 308 764 102.
330 708 395 762 Ει
424 707 645 778 pulchre
667 709 846 764 oleum
875 709 1081 765 laetitia:
1109 711 1266 778 dixit,
1297 729 1366 769 ne
1394 725 1697 770 creaturam

132 809 334 871 putares
361 816 376 865 ;
410 799 518 855 olei
549 800 692 854 enim
725 800 1034 870 hujusmodi
1060 813 1251 857 natura
1283 815 1390 870 est,
1417 815 1474 860 ut
1496 821 1700 875 nequa-

131 908 273 964 quam
309 901 332 928 °
364 903 569 947 naturae
593 891 819 949 alterius
852 894 1074 950 humido
1117 897 1433 951 misceatur.
1487 897 1698 952 Lzetitia

131 1002 324 1058 quoque
355 1003 463 1041 non
492 1001 688 1057 corpus
715 988 888 1059 ungit,
934 989 1030 1045 sed
1078 990 1267 1046 intima
1320 991 1484 1064 622
1514 995 1698 1048 cordis

132 1081 396 1145 illuminat,
426 1081 566 1134 sicut
610 1082 874 1151 propheta
919 1081 1105 1138 dixit:
1140 1081 1341 1138 Dedisti
1384 1086 1616 1139 laetitiam
1645 1087 1699 1140 in

131 1177 266 1227 corde
288 1190 395 1227 meo
425 1173 444 1246 (
475 1172 676 1230 Psalm.
707 1190 779 1240 tv,
813 1174 903 1246 7).
951 1177 1092 1248 Ergo
1125 1192 1248 1232 cum
1278 1177 1426 1233 ludat
1447 1194 1695 1250 operam,

132 1267 207 1334 qui
235 1265 402 1319 oleum
428 1266 557 1320 velit
587 1280 709 1321 cum
738 1275 989 1322 creatura
1015 1268 1318 1324 humidiore
1339 1270 1695 1328 confundere:

132 1359 236 1430 quia
265 1373 382 1413 cum
412 1357 438 1395 ι’
467 1359 578 1414 olei
607 1369 796 1415 natura
830 1361 1002 1416 levior
1026 1363 1094 1417 sit
1125 1365 1362 1429 caeteris,
1407 1365 1697 1420 residenti-

134 1454 219 1507 bus
242 1454 382 1517 aliis,
425 1455 635 1510 elevata
672 1458 1020 1512 secernitur:
1065 1460 1340 1530 quomodo
1380 1469 1568 1530 putant
1608 1462 1696 1517 isti

135 1549 378 1604 deterrimi
408 1563 680 1619 caupones
709 1552 890 1606 oleum
927 1551 1125 1608 ltetitia:
1149 1568 1271 1608 cum
1301 1554 1517 1609 cmteris
1543 1569 1698 1610 crea-

137 1641 249 1694 turis
277 1656 366 1696 sua
414 1656 576 1712 posse
616 1642 804 1699 fraude
849 1644 1141 1708 confundi;
1191 1661 1312 1700 cum
1363 1647 1553 1716 utique
1584 1663 1691 1703 non

1804 451 1944 509 ctus,
1997 459 2184 499 verum
2230 456 2286 501 et
2327 463 2357 501 a
2403 448 2567 505 Patre
2612 450 2905 508 distinctus
2935 463 2989 510 et
3031 472 3059 508 a
3091 454 3251 513 Filio.
3284 457 3403 514 Non

1803 536 1947 589 enim
1970 536 2207 606 Spiritus
2230 549 2452 612 sanctus
2482 553 2568 598 est
2595 555 2866 612 mortuus,
2897 549 2988 619 qui
3011 551 3147 604 mori
3179 566 3285 606 non
3301 566 3398 622 po-

1806 629 1904 683 tuit
1931 647 1945 695 ;
1991 632 2116 700 quia
2149 647 2370 690 carnem
2419 651 2528 691 non
2577 640 2846 709 suscepit,
2874 656 2975 698 nec
3008 643 3203 699 mortis
3227 659 3399 714 capax

1803 736 1926 778 esse
1959 724 2134 792 potuit
2163 726 2498 796 sempiterna
2536 728 2837 786 divinitas:
2872 733 2968 789 sed
3015 742 3262 790 mortuus
3313 744 3400 791 est

1800 819 2097 873 secundum
2129 834 2347 876 carnem
2371 822 2641 879 Christus.

1876 909 1997 964 107.
2043 911 2098 965 In
2144 927 2211 967 eo
2243 913 2429 983 utique
2456 925 2724 984 mortuus,
2754 917 2897 988 quod
2923 921 3165 990 suscepit
3184 935 3248 976 ex
3274 920 3399 977 Vir-

1801 1002 1925 1072 gine
1953 1023 1966 1056 :
1998 1019 2106 1057 non
2146 1003 2197 1058 in
2229 1020 2317 1071 eo,
2347 1006 2489 1076 quod
2514 1007 2835 1065 babebatex
2869 1010 3064 1075 Patre;
3087 1013 3140 1066 in
3164 1028 3230 1068 eo
3248 1013 3394 1068 enim

1800 1102 2074 1159 mortuus,
2106 1095 2160 1149 in
2191 1112 2300 1166 quo
2329 1099 2624 1154 cruciﬁxus
2647 1111 2730 1155 est
2750 1101 3017 1158 Christus.
3048 1104 3281 1174 Spiritus
3303 1120 3400 1160 au-

1803 1196 1912 1243 tem
1945 1199 2167 1245 sanctus
2200 1205 2306 1246 non
2339 1193 2516 1260 potuit
2541 1193 2805 1265 cruciﬁgi,
2841 1196 2932 1266 qui
2959 1211 3177 1252 carnem
3225 1209 3279 1253 et
3309 1213 3399 1254 os-

1802 1294 1860 1334 sa
1915 1295 2021 1336 non
2069 1280 2289 1336 habuit:
2321 1284 2415 1338 sed
2471 1286 2767 1340 cruciﬁxus
2816 1299 2900 1343 est
2941 1288 3035 1344 Dei
3081 1289 3270 1358 Filius,
3303 1291 3397 1361 qui

1801 1386 2020 1426 carnem
2059 1382 2114 1428 et
2162 1388 2289 1428 ossa
2337 1377 2580 1445 suscepit
2618 1395 2632 1442 ;
2669 1387 2726 1431 ut
2771 1378 2824 1433 in
2869 1379 2959 1434 illa
2999 1395 3163 1436 cruce
3198 1392 3399 1438 nostrae

1801 1463 1983 1516 carnis
2008 1472 2336 1519 tentamenta
2369 1478 2738 1523 morerentur.
2791 1470 3042 1542 Suscepit
3085 1474 3226 1528 enim
3254 1475 3400 1546 quod

1803 1570 1910 1608 non
1942 1565 2094 1622 erat,
2132 1567 2187 1608 ut
2218 1557 2422 1613 celaret
2446 1560 2588 1628 quod
2623 1572 2769 1615 erat:
2804 1562 3012 1618 celavit
3055 1567 3201 1636 quod
3242 1577 3359 1623 erat
3382 1609 3398 1633 ,

1803 1655 1861 1700 ut
1901 1658 2204 1703 tentaretur
2235 1650 2288 1704 in
2320 1666 2415 1715 eo,
2446 1663 2501 1706 et
2543 1652 2904 1708 redimeretur
2933 1656 3075 1725 quod
3123 1673 3230 1713 non
3253 1667 3401 1723 erat;

137 1741 309 1802 queant
337 1733 679 1805 incorporeis
700 1750 988 1806 corporea,
1027 1737 1288 1793 increatis
1345 1750 1525 1794 creata
1573 1740 1702 1795 mis-
1732 1743 1779 1802 B
1807 1750 1863 1794 ut
1895 1739 1963 1796 ad
1992 1742 2045 1796 id
2089 1742 2231 1811 quod
2259 1753 2402 1812 erat,
2457 1760 2552 1814 per
2583 1745 2632 1800 id
2675 1745 2820 1816 quod
2855 1763 2963 1802 non
2987 1758 3130 1815 erat,
3185 1764 3283 1805 nos
3309 1765 3406 1806 vo-

137 1827 228 1880 ceri
247 1828 268 1878 ’ἒ

196 1917 340 1973 102‘.
380 1918 449 1974 Et
482 1920 623 1976 bene
653 1921 834 1976 oleum
868 1922 1070 1977 laetitiis
1099 1922 1328 1989 dicitur,
1363 1938 1472 1994 quo
1503 1933 1699 1980 unctus

139 2021 207 2066 est
226 2011 502 2081 Christus;
537 2031 714 2085 neque
744 2016 891 2072 enim
925 2017 1178 2072 usitatum
1214 2018 1332 2082 iuit,
1359 2019 1409 2074 ei
1433 2019 1613 2074 oleum
1646 2028 1701 2074 et

141 2120 392 2163 commune
420 2109 803 2179 quarendum,
851 2125 960 2180 quo
988 2119 1080 2165 aut
1121 2111 1343 2165 vulnera
1400 2121 1698 2178 curantur,

142 2208 216 2251 aut
245 2209 398 2274 aestus
438 2201 692 2256 levatur:
726 2218 848 2256 cum
878 2203 1174 2258 fomentum
1225 2204 1511 2260 vulnerum
1570 2220 1696 2260 suo-

143 2305 268 2346 rutac
294 2295 432 2352 salus
458 2297 731 2352 mundana
761 2314 866 2353 non
895 2309 1186 2370 quaereret,
1220 2315 1319 2355 nec
1347 2299 1698 2356 refectionem

143 2387 352 2455 corporis
379 2386 584 2457 fatigati
614 2390 786 2444 virtus
819 2392 1151 2461 sempiterna
1184 2392 1528 2462 deposceret.

201 2479 306 2534 105.
342 2479 446 2537 Nec
470 2482 670 2538 mirum
695 2484 740 2539 si
772 2485 932 2540 habet
953 2486 1132 2540 oleum
1160 2486 1362 2541 lmtitize
1389 2529 1402 2552 ,
1461 2487 1553 2556 qui
1577 2487 1702 2543 fecit

143 2574 374 2629 exsultare
405 2577 726 2642 morituros,
763 2576 979 2632 tristitia
1001 2563 1259 2632 mundum
1279 2578 1454 2643 exuit,
1486 2576 1512 2613 ἀ
1541 2594 1705 2635 moes-

145 2676 200 2722 ta:
232 2668 436 2726 fetorem
466 2673 662 2728 mortis
687 2673 944 2728 abolevit.
995 2674 1064 2729 Et
1090 2675 1211 2730 ideo
1253 2675 1556 2745 Apostolus
1578 2675 1652 2729 ait
1686 2693 1700 2730 :

146 2762 304 2816 Christi
331 2767 464 2820 enim
495 2767 664 2821 bonus
695 2767 824 2821 odor
853 2784 1030 2822 sumus
1060 2768 1210 2840 Deo(
1239 2768 1277 2822 ll
1304 2768 1424 2824 Cor.
1459 2785 1518 2835 ll,
1554 2769 1622 2823 15
1651 2770 1701 2838 );

149 2856 305 2926 utique
331 2858 394 2914 de
435 2861 774 2929 spiritalibus
821 2862 1134 2931 signiﬁcans
1200 2879 1259 2917 se
1298 2863 1561 2918 loculum.
1596 2862 1704 2920 Sed

149 2955 320 3002 etcum
351 2952 460 3020 ipse
489 2952 666 3007 Filius
697 2953 788 3007 Dei
820 2952 1003 3008 dicat:
1039 2953 1272 3022 Spiritus
1303 2954 1516 3008 Domini
1554 2971 1707 3026 super

151 3058 243 3110 me,
291 3057 488 3116 propter
514 3050 658 3118 quod
715 3049 864 3101 unxit
893 3064 974 3102 me
1005 3047 1159 3120 (Luc.
1187 3065 1258 3114 Iv,
1291 3050 1357 3104 18
1387 3049 1427 3120 ),
1460 3049 1705 3119 Spiritale

1802 1844 1978 1888 caret.

1877 1926 1998 1981 108.
2041 1927 2085 1982 Ο
2114 1929 2356 1984 divinum
2386 1931 2562 1986 crucis
2595 1931 2737 1986 illius
2759 1943 3164 1991 sacramentum
3191 1979 3204 2003 ,
3229 1937 3395 2010 623

1808 2030 1829 2054 ι’
1860 2021 1911 2075 in
1942 2037 2045 2091 qua
2082 2021 2251 2078 haeret
2287 2024 2597 2092 inﬁrmitas,
2626 2027 2802 2081 virtus
2832 2027 3003 2082 libera
3034 2038 3137 2096 est,
3171 2028 3408 2100 alﬁgun-

1809 2125 1901 2166 tur
1929 2113 2083 2178 vitia,
2115 2115 2399 2184 eriguntur
2431 2128 2634 2186 tropzea
2663 2119 2676 2173 !
2726 2117 2882 2173 Unde
2919 2121 3139 2190 quidam
3188 2134 3412 2178 sanetus

1803 2207 1912 2259 ait:
1957 2204 2170 2276 Conﬁge
2222 2208 2379 2261 clavis
2426 2227 2455 2261 a
2506 2210 2687 2261 timore
2725 2219 2811 2262 tuo
2843 2225 3021 2264 carnes
3045 2211 3404 2282 meas(Psal.

1804 2313 1987 2365 cxvut,
2018 2299 2120 2352 120
2147 2301 2195 2369 );
2224 2316 2330 2354 non
2361 2300 2555 2355 ferreis
2601 2301 2768 2354 clavis
2794 2343 2808 2364 ,
2857 2302 2952 2368 ait,
2987 2303 3084 2357 sed
3115 2305 3324 2359 timoris
3355 2313 3413 2360 et

1806 2392 1968 2446 ﬁdei:
2003 2391 2379 2447 vehementior
2425 2401 2510 2448 est
2561 2394 2706 2447 enim
2763 2392 2779 2430 ί
2835 2395 3050 2448 virtutis
3106 2397 3360 2452 strictura
3391 2440 3407 2462 ,

1805 2499 1964 2552 quam
1997 2499 2188 2551 tuente.
2216 2484 2459 2554 Denique
2492 2485 2742 2549 Petrum,
2769 2500 2890 2540 cum
2927 2501 3098 2556 usque
3123 2487 3176 2542 in
3206 2487 3405 2543 atrium

1809 2578 2068 2645 principis
2099 2574 2444 2630 sacerdotum
2482 2577 2768 2631 Dominttm
2809 2588 3129 2648 sequeretur
3159 2578 3179 2650 (
3214 2579 3404 2635 Matth.

1808 2686 1955 2737 xxvr,
1986 2669 2120 2741 58),
2151 2685 2310 2740 quem
2346 2686 2506 2725 nemo
2532 2671 2813 2741 ligaveral,
2851 2672 2986 2744 ﬁdes
3030 2673 3276 2728 vinxerat
3305 2693 3316 2726 :
3351 2686 3410 2729 et

1807 2780 1966 2834 quem
2001 2763 2132 2818 ﬁdes
2159 2764 2362 2828 vinxit,
2399 2780 2555 2834 pmna
2587 2782 2695 2820 non
2726 2767 2908 2820 solvit.
2937 2765 3145 2820 Rursus
3181 2782 3302 2822 cum
3337 2769 3407 2823 li-

1809 2865 2027 2928 garetur
2054 2871 2084 2910 a
2114 2855 2335 2918 Judmis.
2368 2857 2585 2912 devotio
2613 2858 2795 2924 solvit,
2832 2874 2985 2929 paena
3022 2875 3130 2913 non
3188 2861 3361 2916 tenuit
3389 2880 3404 2930 ;

1809 2952 1930 3021 quia
1965 2968 2070 3006 non
2110 2953 2338 3007 recessit
2367 2967 2396 3006 a
2425 2953 2663 3007 Clll‘iSlO.

1883 3043 2004 3099 109.
2053 3045 2191 3112 Ergo
2221 3056 2274 3100 et
2313 3055 2368 3099 tu
2407 3046 2662 3116 cruciﬁge
2701 3056 2980 3117 peccatum
3007 3091 3020 3112 ,
3070 3058 3127 3104 ut
3173 3051 3412 3107 moriare

151 3137 295 3206 signat
316 3152 668 3212 unguentum.
704 3142 850 3213 Ergo
877 3151 1210 3212 unguentum
1238 3141 1439 3197 Chri<ti
1472 3153 1554 3198 est
1582 3142 1704 3213 Spi-
1732 3131 1776 3194 C
1811 3147 2035 3208 peccato
2061 3155 2074 3202 ;
2102 3139 2193 3209 qui
2221 3139 2366 3194 enim
2395 3150 2615 3209 peccato
2639 3143 2889 3204 moritur,
2925 3142 3034 3197 Deo
3063 3142 3189 3197 vivit
3215 3161 3228 3197 :
3259 3145 3411 3198 vivas

153 3229 277 3286 ritus.

207 3325 310 3380 101.
348 3329 448 3381 Aut
474 3330 596 3400 quia
638 3339 973 3398 unguentum
1005 3329 1346 3384 exinanitum
1375 3339 1458 3384 est
1498 3345 1700 3386 nomen

150 3411 271 3483 lesu,
298 3420 336 3474 si
384 3421 451 3476 ibi
499 3420 780 3477 Christum
829 3421 1006 3492 ipsum
1036 3422 1339 3491 intelligere
1371 3422 1561 3476 volunt
1602 3439 1703 3478 un-

151 3513 296 3577 guenti
319 3528 623 3583 esprcssum
654 3516 896 3581 nomine,
917 3530 1024 3570 non
1045 3515 1307 3583 Spiritum
1334 3515 1570 3580 Christi;
1603 3517 1706 3572 uti-

152 3615 233 3669 que
275 3619 382 3660 cum
431 3620 652 3663 unctum
695 3609 899 3676 Spiritu
950 3617 1139 3663 sancto
1201 3607 1485 3662 Dominum
1519 3607 1703 3663 Iesum

155 3691 314 3751 Petrus
337 3701 603 3769 apostolus
640 3699 864 3762 dixerit,
899 3700 1069 3771 liquet
1097 3699 1214 3755 sine
1243 3701 1409 3756 dubio
1436 3701 1581 3772 quod
1615 3717 1707 3756 un-

153 3799 368 3852 guentum
392 3793 598 3852 dicatur
643 3805 698 3849 et
732 3794 984 3865 Spiritus.

213 3880 315 3937 105.
352 3883 449 3940 Sed
477 3887 603 3958 quid
631 3886 854 3951 mirum,
885 3901 1008 3941 cum
1049 3896 1102 3941 et
1130 3886 1293 3942 Pater
1318 3897 1370 3941 et
1404 3885 1576 3940 Filius
1596 3889 1706 3956 spi-

157 3971 262 4027 ritus
281 3990 390 4033 esse
437 3979 650 4035 dicatur
671 3979 694 4033 ’ἶ
723 3980 794 4034 De
821 3995 927 4050 quo
951 3979 1170 4050 quidem
1202 3981 1448 4035 dicemus
1471 3980 1703 4049 plenius,

156 4076 251 4119 cum
276 4068 335 4123 de
364 4073 564 4128 unitate
592 4072 834 4126 nominis
858 4072 1040 4127 dicere
1069 4073 1399 4141 cmperimus
1450 4070 1471 4142 (
1503 4070 1654 4140 Infra
1686 4111 1700 4136 ,

156 4170 247 4226 mp.
275 4161 389 4232 il).
421 4163 624 4219 Tamen
661 4165 782 4234 quia
819 4165 902 4218 hic
927 4179 1145 4234 quoque
1177 4163 1365 4218 incidit
1402 4163 1707 4232 pulcherri-

159 4261 255 4303 mus
279 4251 436 4320 locus,
467 4272 536 4312 ne
567 4258 692 4311 sine
717 4255 1008 4310 corollario
1050 4271 1173 4310 eum
1210 4255 1489 4325 przetcrire
1522 4256 1706 4310 videa-

159 4353 272 4408 IIIur,
298 4349 549 4418 accipiant
572 4349 701 4420 quia
731 4358 785 4404 et
813 4349 975 4404 Pater
1011 4348 1214 4404 dicitur
1239 4349 1464 4416 spiritus
1491 4390 1506 4410 ,
1556 4348 1701 4402 sient

161 4431 199 4482 in
226 4433 494 4509 Evangelio
522 4441 786 4496 Dominus
815 4441 1029 4497 locutus
1057 4453 1136 4496 est
1156 4484 1170 4506 ,
1201 4442 1447 4510 quoniam
1471 4441 1706 4512 Spiritus

161 4533 214 4576 est
238 4524 354 4584 Deus
383 4532 566 4601 (Joau.
601 4550 676 4599 tv,
704 4532 830 4605 24);
860 4543 915 4589 et
940 4533 1190 4589 Christus
1219 4535 1445 4603 Spiritus
1472 4535 1702 4600 dicitur;
1735 4520 1786 4580 Ῑ)

162 4619 254 4684 ‘luia
297 4623 553 4683 Jeremias
590 4628 730 4683 dixit
771 4646 782 4680 :
835 4628 1061 4700 Spiritus
1100 4638 1217 4682 ante
1263 4630 1447 4700 faciem
1475 4640 1702 4683 nostram

165 4709 352 4772 Christus
376 4719 620 4776 Dominus
646 4723 665 4795 (
689 4721 882 4776 Threu.
911 4739 984 4786 tv,
1013 4721 1084 4776 20

217 4807 320 4864 106.
357 4813 415 4866 Et
441 4814 600 4869 Pater
628 4830 760 4884 ergo
814 4814 1062 4884 spiritus,
1106 4824 1162 4868 et
1215 4812 1384 4868 Filius
1435 4814 1700 4882 spiritus;

162 4901 257 4967 (ιιιῐὲ
281 4909 408 4976 quod
435 4926 539 4965 non
568 4920 651 4966 est
678 4921 944 4966 creaturae
969 4924 1190 4978 corpus,
1224 4909 1325 4962 hoc
1345 4908 1567 4979 spiritus
1597 4918 1703 4964 est:

219 5094 239 5160 ξι
275 5085 375 5160 _N_on
403 5093 551 5160 pauci
583 5108 740 5157 mss.,
769 5100 969 5145 natura:
991 5090 1202 5144 alterius
1231 5088 1559 5142 tumidioris.

221 5152 243 5230 ἕ
276 5152 686 5228 Mss-nonnulli,
717 5152 814 5217 olei
840 5162 1084 5230 liquidior
1106 5173 1292 5214 natura
1339 5161 1443 5224 sit,
1503 5161 1704 5214 ueteris

165 5225 494 5294 resistentibus,
539 5225 696 5290 altius
720 5234 840 5288 aliis
870 5225 1065 5286 elevata
1095 5232 1340 5285 cernitur.

226 5306 243 5332 ο
281 5299 394 5358 Mss.
421 5307 684 5372 nonnulli,
710 5307 852 5359 salus
878 5303 1211 5357 mundanda:
1236 5303 1426 5356 melius
1471 5300 1565 5354 alii
1609 5302 1708 5354 ali-

169 5377 298 5490 0υοῑᾶ
327 5375 452 5430 salus
498 5379 708 5442 mundi;
760 5375 955 5444 reliqui
1011 5385 1063 5429 et
1103 5388 1296 5428 omnes
1343 5373 1478 5428 edit.
1504 5411 1522 5438 ,
1565 5374 1707 5426 salus

172 5449 265 5489 milli
299 5458 402 5490 ana-

172 5449 402 5496 mundana.

177 5544 188 5589 -_
226 5504 247 5541 τ’
283 5511 477 5571 Amerb.
502 5527 558 5589 et
585 5518 735 5574 Eras.
764 5531 890 5574 cum
919 5524 1073 5587 parte
1103 5531 1235 5584 mss.
1260 5555 1276 5581 ,
1324 5520 1588 5589 majestate
1634 5517 1708 5586 fe-

175 5584 662 5694 {orelmmortiuGilL
694 5598 748 5645 et
794 5584 954 5643 Rcui.
1010 5602 1132 5642 cum
1175 5589 1282 5642 alia
1338 5584 1529 5657 parte,
1567 5584 1708 5640 υιίη

194 5662 244 5694 ex
271 5666 313 5694 ιι-
405 5687 408 5691 .
594 5689 600 5694 .
739 5691 743 5694 .
1022 5692 1026 5694 _
1101 5679 1106 5682 -

194 5656 315 5706 θιιυ.
405 5687 408 5691 ~
594 5689 600 5700 -
739 5691 743 5696 -
1021 5692 1027 5700 -
1066 5679 1106 5706 η’

236 5727 252 5752 θ
281 5721 380 5793 Bis.
401 5727 542 5798 cod,
571 5723 622 5785 iit
649 5748 750 5801 qua
781 5706 888 5788 erat
920 5716 1233 5799 inﬁrmitate.

1807 3231 1856 3286 ei
1889 3231 1983 3302 qui
2017 3231 2152 3285 Filio
2181 3233 2404 3302 prOprio
2433 3247 2542 3287 non
2571 3234 2850 3302 pepercit;
2901 3243 2962 3289 ut
3007 3234 3060 3288 in
3115 3235 3261 3290 illius
3291 3250 3415 3292 cor-

1807 3341 1940 3394 pore
1979 3335 2194 3380 nostras
2222 3325 2565 3396 cruciﬁgeret
2597 3325 2901 3394 passiones.
2942 3327 3047 3381 Pro
3075 3330 3231 3384 nobis
3261 3329 3408 3384 enim

1806 3426 2054 3472 mortuus
2081 3428 2166 3474 est
2210 3417 2484 3483 Christus,
2523 3425 2582 3472 ut
2607 3434 2705 3474 nos
2745 3419 2799 3473 in
2844 3420 2992 3475 illius
3022 3421 3267 3478 redivivo
3290 3437 3413 3478 cor-

1807 3525 1940 3580 pore
1979 3510 2308 3566 viveremus.
2366 3511 2575 3564 Mortua
2617 3521 2701 3566 est
2740 3526 2870 3581 ergo
2913 3514 2964 3566 iu
3013 3514 3103 3567 illo
3147 3530 3254 3570 non
3300 3515 3409 3571 vita

1807 3613 2018 3669 nostra,
2054 3605 2147 3658 sed
2180 3605 2340 3673 culpa
2369 3623 2382 3659 :
2410 3605 2512 3670 Qui
2543 3613 2774 3675 peccata,
2805 3605 3002 3675 inquit,
3027 3618 3204 3659 nostra
3236 3617 3412 3674 pertu-

1807 3695 1864 3748 lit
1894 3697 1947 3749 in
1977 3713 2194 3764 corpore
2233 3714 2325 3750 suo
2351 3715 2505 3768 super
2542 3721 2571 3749 ε.
2619 3716 2651 3753 u
2686 3716 2776 3763 m;
2809 3709 2865 3752 ut
2892 3717 2924 3751 α
2972 3697 3193 3766 peccatis
3224 3699 3416 3753 nostris

1806 3789 2055 3856 separati,
2080 3805 2192 3842 cum
2223 3791 2432 3861 justitia
2450 3792 2699 3858 vivamus,
2726 3794 2872 3863 cujus
2891 3791 3098 3846 vulnere
3134 3791 3410 3861 plagarum

1808 3882 1978 3934 sanati
2017 3897 2194 3934 sumus
2220 3880 2278 3953 (l
2315 3881 2457 3935 Petr.
2490 3899 2556 3948 ll,
2585 3884 2702 3953 24).

1882 3974 2001 4029 110.
2039 3973 2265 4041 Lignum
2289 3975 2456 4044 igitur
2487 3975 2619 4029 illud
2647 3975 2832 4031 crucis
2863 3975 3008 4030 velut
3031 3976 3275 4046 qumdam
3308 3992 3412 4032 no-

1809 4077 1940 4121 strae
1989 4066 2141 4120 navis
2170 4067 2370 4122 salutis
2409 4077 2629 4122 vectura
2665 4079 2849 4122 nostra
2895 4077 3012 4131 est,
3050 4085 3158 4122 non
3211 4084 3406 4138 pmna;

1812 4171 1835 4205 τέ
1854 4160 1957 4212 alia
1982 4161 2126 4213 enim
2149 4159 2298 4214 salus
2326 4175 2434 4215 non
2453 4169 2557 4222 est,
2579 4160 2682 4215 nisi
2704 4170 2922 4214 vectura
2948 4162 3142 4214 salutis
3163 4171 3406 4217 aeternae.

1811 4250 1834 4286 ¹λ
1865 4251 1999 4305 Dum
2017 4262 2252 4307 mortem
2286 4255 2614 4324 expetendo,
2653 4270 2759 4307 non
2785 4252 3000 4308 sentio:
3031 4252 3160 4307 dum
3190 4267 3407 4322 pmnam

1809 4347 2214 4402 contemnendo
2237 4390 2251 4415 ,
2287 4366 2392 4404 non
2419 4350 2638 4420 patior:
2671 4349 2796 4404 dum
2825 4357 3026 4403 metum
3057 4346 3265 4412 nescio,
3305 4363 3405 4403 ne-

1809 4440 2085 4510 gﬁgendo.

1885 4537 2008 4591 111.
2040 4536 2171 4605 Quis
2206 4546 2292 4591 est
2334 4537 2503 4607 igitur
2530 4537 2689 4607 cujus
2716 4536 2944 4592 vulnere
2987 4535 3268 4605 plagarum
3319 4547 3410 4588 sa-

1811 4629 1925 4684 nati
1950 4644 2164 4695 sumus,
2190 4631 2294 4684 nisi
2315 4631 2562 4685 Christus
2582 4630 2842 4685 Dominus
2867 4647 2879 4681 :
2901 4629 2970 4684 de
2997 4643 3102 4697 quo
3121 4628 3264 4683 idem
3285 4641 3410 4696 prn-

1811 4722 2055 4792 phetavit
2087 4721 2277 4778 Esaias
2302 4723 2427 4793 quia
2474 4723 2631 4793 plaga
2654 4722 2774 4793 ejus
2818 4730 3001 4776 nostra
3031 4719 3300 4776 medicina
3326 4727 3411 4772 est

1809 4815 1982 4888 (Esai.
2013 4832 2124 4882 LIII,
2162 4817 2254 4886 5).
2296 4817 2364 4870 de
2390 4833 2499 4886 quo
2531 4818 2731 4870 Paulus
2757 4816 3041 4885 apostolus
3067 4814 3117 4868 in
3147 4813 3410 4882 Epistolis

1809 4911 1924 4965 suis
1952 4910 2218 4980 scripsit:
2256 4909 2266 4945 ί
2311 4910 2411 4977 Qui
2442 4918 2706 4980 peccatum
2749 4926 2850 4964 non
2887 4909 3153 4980 cognovit,
3183 4909 3272 4962 sed
3314 4924 3407 4977 pro

1885 5087 1904 5124 ί
1945 5087 2072 5162 Mss.
2109 5088 2336 5162 aliquot,
2360 5092 2557 5144 timoris
2579 5092 2844 5145 strictura.
2875 5091 2944 5146 Et
2973 5090 3110 5145 infra
3135 5106 3228 5158 pro
3257 5107 3405 5162 paena

1811 5175 1913 5213 non
1941 5160 2132 5234 solvit,
2151 5159 2311 5214 iidem
2341 5162 2560 5226 habent,
2590 5173 2813 5234 potestas
2843 5179 2942 5216 non
2973 5162 3144 5234 solvit.

1883 5240 1908 5276 ε
1943 5230 2020 5283 lta
2048 5230 2181 5284 edit.
2216 5247 2427 5296 omnes,
2459 5243 2512 5287 et
2539 5230 2668 5286 mss.
2719 5234 2961 5302 aliquot:
2997 5233 3188 5286 horum
3221 5243 3404 5287 autem

1810 5302 1901 5355 alii
1931 5304 2151 5368 partim,
2182 5304 2288 5356 alia
2317 5305 2451 5357 enim
2467 5305 2610 5359 salus
2633 5315 2712 5359 est
2727 5315 2934 5358 vectura
2956 5304 3143 5356 salutis
3168 5314 3404 5359 (Plenus:

1812 5373 2030 5442 partim,
2065 5373 2184 5428 talis
2208 5377 2343 5428 enim
2372 5378 2513 5430 navis
2543 5385 2614 5429 est
2643 5387 2872 5440 vectura,
2899 5387 3004 5430 etc.

1885 5442 1915 5515 ll
1947 5442 2076 5515 Mss.
2106 5446 2329 5515 aliquot,
2363 5446 2500 5500 Dum
2531 5460 2739 5500 mortem
2771 5444 3136 5513 exspectando.

1893 5514 1904 5550 ί
1940 5513 2059 5588 _Non
2095 5513 2245 5584 pauci
2296 5533 2427 5574 mss.
2473 5519 2591 5584 quia
2633 5529 2894 5587 peccatum
2923 5533 3021 5586 pro
3049 5515 3194 5568 nobis
3240 5521 3409 5588 factus

1814 5596 1906 5641 est.
1939 5585 2138 5658 lterum
2170 5597 2350 5644 autem
2384 5605 2480 5658 pro
2509 5585 2743 5655 corporis
2774 5598 2978 5650 natura,
3009 5588 3152 5655 quod
3191 5585 3309 5641 erat
3355 5590 3408 5644 in

1814 5655 2069 5711 omnibus
2094 5659 2287 5725 'edit.;
2321 5655 2512 5714 milites
2543 5673 2711 5728 prepe
2758 5675 2890 5714 mss.
2932 5661 3136 5727 legunt,
3181 5661 3410 5728 corporis

1814 5733 2070 5782 'creatura.
