3932 6176
556 216 656 271 751

1899 206 2145 265 SANCTI
2187 203 2512 267 1111880811

3713 214 3799 269 733

553 328 697 384 nobis
722 336 983 399 peccatum
1005 330 1174 398 factus
1196 333 1269 380 est
1302 324 1382 391 {Il
1407 323 1529 381 Cor.
1563 341 1619 392 ν,
1641 325 1707 381 Si
1725 325 1784 398 )i
1808 323 1924 380 Hoc
1944 325 2148 396 quippe
2176 327 2229 387 Α
2310 340 2420 379 cum
2442 340 2531 379 nec
2555 326 2680 388 loco,
2703 336 2792 379 nec
2814 331 3030 391 tempore
3064 327 3401 379 concludatur.
3446 323 3527 378 Sic
3562 325 3693 393 igitur
3712 336 3799 377 eum

462 426 466 430 “
556 422 801 477 divinum
830 421 883 474 in
911 434 1000 486 eo,
1026 418 1151 488 quia
1177 432 1311 473 caro
1342 427 1626 488 peccatum
1655 432 1765 473 non
1789 416 1940 483 fecit,
1974 433 2074 473 nec
2096 417 2150 473 in

558 530 626 570 eo
653 510 900 579 suscepti
932 519 958 548 ιι
988 510 1244 579 corporis
1263 520 1511 565 creatura
1542 510 1814 581 peccavit.
1849 508 1984 563 Nam
2006 509 2151 579 quid

562 606 779 669 mirum,
808 603 853 659 si
878 618 982 658 non
1015 602 1267 673 peccavit
1290 603 1407 659 sola
1436 602 1716 668 divinitas,
1744 617 1868 658 cum
1894 602 2152 673 peccandi

560 698 831 755 incentiva
862 712 968 752 non
997 695 1237 752 habeat?
1266 695 1322 753 Si
1344 704 1525 752 autem
1550 696 1700 752 solus
1724 704 1918 751 exsors
1946 695 2155 766 peccati

564 792 708 847 Deus
732 832 746 854 ,
781 789 979 844 omnis
1006 788 1197 859 utique
1226 798 1482 844 creatura
1522 802 1618 859 per
1653 798 1904 843 naturam
1941 788 2061 855 sui,
2096 796 2158 843 ut

563 884 821 950 diximus,
853 881 1092 939 obnoxia
1126 890 1306 953 potest
1326 896 1453 938 esse
1484 888 1727 952 peccato.

1289 995 1422 1050 l’UT
1453 995 1522 1050 Χ.

573 1090 724 1158 Quod
747 1088 978 1161 Spiritus
1007 996 1233 1160 peccat:
1238 993 1522 1154 £02312:
1553 1088 1648 1142 hoc
1671 1086 1752 1141 illi
1776 1103 1891 1141 cum
1910 1084 2071 1142 Patre
2096 1100 2160 1142 ac

641 1180 803 1246 Filio,
834 1197 940 1235 non
966 1191 1134 1236 autem
1170 1197 1286 1235 cum
1306 1181 1504 1252 angelis
1524 1192 1633 1235 esse
1658 1186 1943 1236 commune.

641 1293 765 1348 ΗΞ.
789 1290 957 1366 [Alias
984 1309 1100 1364 cap.
1132 1288 1251 1364 lX.]
1283 1291 1376 1347 Dic
1409 1292 1593 1363 igitur,
1623 1289 1652 1329 ι’
1678 1291 2006 1361 quicumque
2038 1286 2162 1362 Spi-

565 1389 701 1444 ritus
724 1389 898 1444 sancti
925 1386 1268 1443 divinitatem
1295 1401 1491 1457 negas:
1522 1383 1757 1457 Spiritus
1783 1388 1963 1440 autem
1993 1383 2165 1440 obno-

572 1484 691 1538 xius
722 1498 829 1538 non
856 1482 1181 1551 potuitesse
1202 1488 1448 1550 peccato,
1477 1480 1567 1549 qni
1588 1480 1760 1548 magis
1787 1489 2004 1549 peccata
2033 1467 2164 1533 cou-

570 1575 759 1629 donat.
806 1573 1074 1644 Numquid
1114 1572 1345 1643 angelus
1400 1568 1609 1626 donat?
1637 1571 1897 1641 numquid
1930 1571 2166 1625 archth

569 1670 762 1741 gelus?
810 1666 926 1724 Noti
977 1668 1193 1737 utique,
1225 1664 1321 1721 sed
1372 1663 1538 1721 donat
1580 1664 1730 1721 solus
1782 1650 1978 1731 Pater,
2013 1666 2163 1720 solus

573 1764 762 1832 Filius,
785 1764 934 1820 solus
960 1762 1198 1833 Spiritus
1230 1771 1452 1817 sanctus
1492 1759 1663 1833 (Luc.
1695 1776 1750 1827 v,
1782 1757 1907 1831 21).
1944 1770 1965 1799 ε
1995 1758 2166 1816 Nemo

573 1869 753 1914 autem
786 1857 929 1928 quod
954 1864 1133 1926 potest
1158 1855 1387 1921 donare,
1422 1869 1527 1909 non
1558 1862 1737 1924 potest
1768 1853 1998 1908 evitare.

649 1951 772 2009 115.
806 1950 915 2007 Sed
946 1938 1181 2005 fortasse
1216 1947 1356 2003 dixit
1385 1946 1584 2016 aliquis
1627 1947 1753 2017 quia
1794 1954 1849 2001 et
1876 1928 2167 2017 Serapliim

573 2044 713 2102 dixit
735 2045 940 2100 Esaiae:
962 2042 1100 2098 Ecce
1123 2043 1282 2113 tetigit
1309 2041 1405 2096 hoc
1425 2040 1562 2096 labia
1602 2051 1709 2106 tua,
1744 2037 1769 2077 δ
1791 2051 1835 2095 et
1864 2040 2172 2114 auferetini-
2216 2042 2221 2047 ’

574 2140 793 2207 quitates
825 2148 958 2201 tuas,
993 2145 1041 2191 et
1070 2128 1279 2206 peccala
1309 2146 1395 2190 tua
1418 2135 1851 2207 circumpurgabil
1878 2134 1899 2209 (
1924 2133 2068 2190 Esai.
2094 2151 2168 2203 v1,

577 2233 653 2303 7).
684 2229 850 2305 625
870 2231 1102 2303 Auferet,
1136 2229 1342 2300 inquit,
1368 2237 1412 2284 et
1440 2228 1911 2301 circumpurgabit:
1936 2244 2043 2284 non
2072 2244 2173 2299 ego

574 2322 839 2387 auferam,
888 2320 982 2377 sed
1015 2320 1152 2391 ignis
1181 2320 1271 2377 ille
1296 2319 1364 2375 de
1386 2318 1545 2375 altari
1576 2317 1697 2386 Dei,
1732 2320 1832 2374 hoc
1862 2326 1967 2384 est,
1997 2321 2171 2392 gratia

574 2414 859 2486 spiritalis.
892 2408 1027 2480 Quid
1068 2413 1214 2468 enim
1244 2410 1389 2467 aliud
1420 2411 1507 2481 pie
1535 2411 1842 2484 intelligere
1884 2426 2175 2483 possumus

577 2510 631 2565 in
659 2508 816 2564 altari
843 2509 938 2563 Dei
962 2523 1107 2575 esse,
1141 2507 1244 2562 nisi
1276 2507 1512 2577 Spiritus
1541 2506 1771 2577 gratiam
1798 2507 1821 2562 Ἰ
1849 2505 1963 2562 Νοιι
1988 2507 2175 2579 utique

576 2603 783 2675 lignum
830 2603 1129 2669 silvarum,
1162 2617 1263 2657 nec
1310 2600 1595 2670 fuliginem
1645 2610 1806 2672 atque
1851 2598 2170 2656 carbonem.

582 2701 688 2750 Aut
719 2694 847 2766 quid
878 2705 984 2750 tam
1016 2695 1160 2765 pium
1187 2736 1201 2761 ,
1228 2709 1387 2763 quam
1424 2701 1482 2747 ut
1523 2692 1822 2749 secundum
1856 2693 2173 2764 mysterium

581 2788 947 2858 intelligamus
990 2786 1116 2856 quia
1164 2782 1514 2840 revelabatur
1554 2785 1607 2839 in
1654 2780 1749 2839 ore
1775 2782 1952 2837 Esaiae
1984 2798 2176 2840 omnes

581 2880 831 2934 homines
876 2895 971 2950 per
1001 2877 1309 2948 passionem
1332 2874 1536 2932 Christi
1565 2892 1688 2932 esse
1721 2875 2055 2947 purgandos,
2083 2876 2175 2948 qui

581 2971 729 3026 velut
759 2970 927 3025 carbo
954 2968 1250 3023 secundum
1297 2982 1517 3023 carnem
1561 2964 1769 3023 exussit
1818 2962 1999 3024 nostra
2047 2982 2176 3040 pee-

582 3071 724 3128 cata,
759 3060 903 3116 sicut
931 3062 983 3116 in
1007 3059 1265 3116 Zacharia
1303 3059 1470 3116 habes
1498 3080 1510 3116 :
1542 3050 1731 3116 Nonne
1750 3059 1832 3115 hic
1853 3059 1962 3117 tilio
1984 3062 2174 3134 ejectus

582 3156 646 3208 ab
692 3154 838 3226 igni?
871 3152 939 3208 Et
974 3154 1063 3208 ille
1089 3163 1197 3208 erat
1225 3151 1377 3209 Jesus
1418 3140 1626 3210 indutus
1660 3154 1926 3209 estimetita
1962 3150 2172 3209 sordida

584 3243 769 3314 (Zach.
803 3260 883 3313 ιιι,
915 3246 971 3311 Ξ,
1003 3246 1090 3317 5).

658 3336 781 3392 114.
835 3337 1075 3409 Denique
1101 3345 1161 3393 ut
1188 3340 1426 3395 sciamus
1477 3334 1781 3397 communis
1813 3324 1915 3396 hoc
1963 3339 2179 3397 redem-

584 3431 785 3500 ptionis
806 3431 1123 3501 mysterium
1146 3438 1241 3501 per
1270 3430 1566 3501 prophetas
1597 3428 2005 3489 evidentissime
2028 3436 2172 3489 reve-

586 3521 777 3590 latum,
810 3523 973 3578 etiam
1015 3522 1115 3579 hoc
1149 3523 1270 3578 loco
1324 3524 1493 3581 habes
1531 3524 1735 3580 dictum
1764 3542 1776 3579 :
1810 3523 1944 3580 Ecce
1970 3526 2179 3581 abstulit

587 3626 798 3686 peccata
829 3628 916 3672 tua
943 3619 961 3692 (
985 3615 1152 3686 lbid.,
1185 3620 1218 3674 4
1246 3617 1303 3691 ):
1345 3634 1453 3675 non
1499 3619 1645 3688 quod
1676 3619 1926 3676 Christus
1954 3626 2199 3692 pcecata‘

585 3726 681 3766 sua
708 3710 1030 3781 deponeret,
1061 3711 1151 3780 qui
1182 3721 1462 3782 peccatum
1498 3726 1606 3767 non
1634 3711 1759 3768 fecit
1786 3729 1800 3779 ;
1830 3712 1925 3769 sed
1952 3713 2094 3784 quod
2127 3713 2178 3767 in

580 3818 745 3859 carne
765 3803 967 3860 Christi
985 3818 1150 3859 omne
1174 3820 1202 3858 ιι
1224 3804 1461 3876 peccatis
1479 3805 1592 3861 suis
1615 3808 1785 3877 genus
1801 3800 2181 3862 absolveretur

588 3894 904 3950 humanum.

663 3987 786 4045 115.
816 3988 922 4045 Sed
952 3990 1164 4047 etiamsi
1193 3992 1480 4063 Seraphiin
1518 3982 1830 4050 abstulisset
1860 3994 2143 4065 peccatu‘m
2163 4035 2178 4061 ,

589 4082 742 4150 quasi
804 4100 967 4139 unum
1020 4087 1210 4157 utique
1249 4085 1317 4142 de
1363 4087 1627 4142 ministris
1667 4086 1760 4142 Dei
1790 4071 1857 4142 ad
1891 4086 1993 4141 hoc
2037 4095 2184 4142 esset

591 4177 908 4245 mysterium
937 4176 1291 4235 destinatum.
1334 4174 1424 4235 Sic
1454 4181 1601 4236 enim
1628 4178 1766 4235 dixit
1801 4179 2016 4235 Esaias:
2048 4177 2184 4249 Quia

590 4271 803 4325 missum
826 4281 898 4326 est
929 4272 997 4326 ad
1027 4289 1105 4327 me
1138 4290 1296 4328 unum
1326 4275 1389 4329 de
1416 4273 1690 4346 Seraphim
1718 4272 1891 4345 (Esai.
1919 4290 1992 4341 vr,
2020 4273 2107 4346 6).

1212 4408 1440 4464 CAPUT
1467 4406 1560 4463 X1.

2317 412 2454 463 exire
2470 426 2502 462 η
2524 409 2675 476 Filio,
2696 417 2755 463 ut
2773 410 2880 474 ipse
2918 407 3077 461 Filius
3098 423 3130 460 a
3152 414 3327 469 Patre,
3351 410 3402 461 in
3422 422 3513 474 quo
3535 421 3803 473 semperm-

2317 502 2397 547 net
2420 511 2433 545 :
2455 496 2543 548 sed
2585 496 2809 548 manu
2840 494 3006 547 pertire
3044 493 3196 555 mltis,
3238 504 3351 546 cum
3386 492 3538 561 ipsum
3563 493 3802 558 recipimus.

2318 579 2503 632 Eodem
2524 580 2669 631 etiam
2689 579 2834 631 modo
2851 576 3017 630 venire
3032 590 3127 643 quo
3148 580 3300 630 Pater
3328 576 3447 642 ipse,
3469 592 3502 628 a
3517 590 3605 642 quo
3619 575 3805 642 separari

2317 673 2621 729 nequaquam
2635 667 2803 727 potest.

2331 852 2453 910 116.
2487 852 2655 925 [Alias
2685 868 2802 922 cap.
2835 849 2932 923 Χ.)
2975 849 3041 905 Ει
3087 836 3327 918 Spiritus
3376 846 3590 916 quidem
3643 847 3807 901 missus

2259 946 2457 1002 dicitur
2479 962 2492 998 :
2518 946 2615 1002 sed
2638 945 2922 1021 Seraphin]
2965 943 3031 999 ad
3061 960 3226 998 unum
3252 984 3268 1009 ,
3313 942 3541 1013 Spiritus
3565 942 3627 998 ad
3655 957 3812 997 omnes

2262 1039 2445 1114 (Joan.
2473 1033 2584 1107 xvt,
2615 1026 2703 1111 '7):
2763 1038 3051 1109 Seraphim
3083 1037 3316 1093 mittitur
3367 1037 3419 1090 in
3473 1034 3808 1102 ministerium,

2264 1134 2502 1207 Spiritus
2528 1142 2791 1204 operatur
2817 1131 3181 1204 mysterium:
3214 1130 3498 1201 Seraphim
3528 1129 3663 1199 quod
3688 1127 3815 1198 jube-

2264 1240 2372 1298 tur,
2397 1232 2737 1300 exsequitur,
2767 1226 3007 1299 Spiritus
3027 1224 3170 1297 quod
3195 1224 3331 1289 vult,
3358 1224 3546 1279 dividit
3568 1221 3711 1295 (Cor.
3737 1237 3813 1285 xu,

2266 1324 2387 1394 ll):
2418 1320 2706 1393 Seraphim
2736 1320 2805 1376 de
2831 1321 2952 1374 loco
2985 1319 3052 1374 ad
3086 1320 3264 1373 locum
3306 1319 3538 1384 transit;
3570 1331 3667 1372 non
3694 1315 3815 1370 enim

2264 1415 2505 1486 complet
2530 1414 2750 1481 omnia,
2782 1413 2878 1468 sed
2909 1419 2966 1466 et
3014 1412 3189 1481 ipsum
3223 1410 3463 1479 repletur
3504 1408 3568 1463 ab
3606 1409 3815 1479 Spiritu:

2267 1505 2560 1577 Seraphim
2594 1503 2875 1560 descendit
2907 1518 3032 1557 cum
3077 1502 3261 1572 aliquo
3291 1500 3583 1557 secundum
3610 1506 3819 1554 naturam

2268 1616 2419 1658 suam
2472 1601 2735 1665 transitu;
2788 1608 2845 1653 at
2882 1612 3017 1653 vero
3047 1596 3117 1653 de
3159 1596 3367 1667 Spiritu
3395 1604 3578 1664 sancto
3615 1596 3706 1648 hoc
3733 1608 3819 1647 non

2268 1709 2560 1766 possumus
2609 1693 2883 1747 aestimare
2908 1732 2923 1759 ,
2970 1690 3040 1746 de
3080 1705 3188 1761 quo
3218 1689 3351 1758 dicit
3381 1689 3548 1744 Filius
3577 1687 3692 1743 Dei:
3717 1683 3823 1741 Cum
3908 1674 3909 1677 “

2268 1790 2461 1844 venerit
2483 1787 2778 1841 Paraclitus
2807 1783 3037 1854 Spiritus
3060 1784 3306 1851 veritatis,
3329 1800 3481 1851 quem
3500 1798 3591 1852 ego
3610 1782 3735 1834 mitto
3757 1795 3826 1833 vo-
3908 1826 3909 1854 ἦ

2270 1883 2369 1950 bis,
2400 1884 2487 1954 qui
2511 1902 2545 1938 a
2573 1884 2730 1941 Patre
2766 1886 2995 1956 procedit
3023 1883 3205 1954 (Ioan.
3240 1900 3331 1951 xv,
3356 1883 3476 1954 26).

2345 1977 2472 2031 117.
2506 1976 2726 2033 Etenim
2767 1977 2812 2032 si
2854 1976 2925 2033 de
2972 1977 3093 2033 loco
3123 1976 3374 2047 procedit
3396 1973 3627 2044 Spiritus
3651 2011 3665 2038 ,
3691 1980 3741 2026 et
3775 1969 3827 2024 ad

2272 2071 2450 2126 locum
2492 2071 2725 2136 transit;
2756 2080 2812 2126 et
2843 2072 2961 2141 ipse
2991 2070 3152 2126 Pater
3185 2073 3244 2125 in
3283 2070 3407 2125 loco
3443 2068 3730 2124 invenietur
3751 2106 3762 2130 ,
3787 2071 3829 2119 et

2272 2163 2460 2218 Filius.
2491 2163 2547 2219 Si
2573 2162 2642 2218 de
2670 2162 2792 2217 loco
2819 2163 2955 2228 exit,
2976 2178 3142 2232 quem
3170 2161 3332 2216 Pater
3364 2161 3559 2221 mittit.
3594 2169 3615 2195 ε
3643 2167 3725 2213 aut
3756 2155 3828 2210 Fi-

2273 2258 2396 2321 lius,
2432 2254 2621 2326 utique
2645 2256 2716 2311 de
2749 2257 2868 2311 loco
2894 2255 3167 2310 transiens
3198 2253 3443 2323 Spiritus
3463 2262 3620 2322 atque
3642 2262 3828 2320 progre-

2273 2351 2450 2417 diens,
2475 2359 2531 2405 et
2559 2348 2777 2404 Patrem
2816 2350 2958 2405 sicut
2984 2362 3182 2417 corpus
3229 2344 3535 2402 secundum
3564 2342 3737 2413 impias
3765 2343 3828 2393 in.

2276 2442 2700 2513 terpretationes
2730 2440 3044 2511 relinquere
3066 2438 3279 2493 videtur
3304 2449 3363 2493 et
3397 2436 3616 2492 Filium.

2350 2533 2474 2590 118.
2518 2533 2633 2589 Hoc
2671 2532 2969 2589 secundum
3017 2546 3115 2589 eos
3146 2532 3359 2598 l0t|llOl’,
3393 2530 3485 2600 qui
3515 2528 3690 2583 dicunt
3716 2522 3833 2595 quod

2276 2628 2473 2684 habeat
2508 2628 2746 2700 Spiritus
2771 2627 3186 2684 descensorium
3217 2634 3451 2680 motum.
3480 2623 3589 2678 Sed
3616 2632 3770 2689 neque
3793 2616 3835 2669 in

2278 2724 2400 2779 loco
2425 2724 2608 2792 aliquo
2630 2724 2796 2780 Pater
2823 2720 3317 2788 circumscribitur,
3366 2718 3534 2793 625
3558 2719 3644 2789 qni
3672 2726 3746 2771 est
3762 2728 3835 2767 su-

2277 2832 2376 2888 per
2400 2816 2604 2882 Omnia,
2649 2832 2757 2877 nou
2791 2816 2969 2871 solum
2998 2828 3280 2880 corporea:
3319 2824 3557 2874 naturae,
3589 2808 3682 2865 sed
3705 2807 3835 2863 etiam

2281 2908 2301 2947 ι
2337 2910 2629 2965 invisibilis
2652 2918 2955 2965 creaturae:
2987 2923 3162 2980 neque
3192 2906 3368 2963 Filius
3400 2922 3621 2962 suorum
3652 2916 3837 2974 Operam

2277 3002 2414 3058 locis
2443 3003 2891 3073 temporibusque
2910 3000 3279 3065 concluditur,
3322 3001 3418 3072 qui
3452 3014 3616 3070 super
3658 3008 3836 3050 omnem

2198 3104 2243 3166 (ι
2278 3104 2363 3152 est
2391 3105 2697 3151 creaturam
2727 3094 2894 3151 totius
2911 3094 3090 3166 opifex
3113 3102 3385 3151 creaturae
3409 3113 3422 3149 :
3451 3109 3624 3165 neque
3647 3089 3840 3161 Spiritus
3908 3102 3909 3166 ι

2282 3190 2556 3253 veritatis,
2588 3198 2775 3258 utpote
2818 3189 2910 3244 Dei
2940 3189 3185 3255 Spiritus,
3208 3180 3840 3253 circumscribituraliqui-

2281 3283 2477 3353 quibus
2508 3281 2704 3336 ﬁnibus
2730 3279 3112 3350 corporalibus
3143 3278 3306 3348 (Sap.
3342 3295 3416 3334 vu
3438 3320 3457 3347 ,
3484 3279 3611 3349 25):
3634 3276 3717 3347 qui
3744 3286 3841 3327 cum

2281 3377 2351 3431 sit
2401 3376 2782 3445 incorporeus,
2841 3388 3055 3428 omnem
3109 3371 3512 3441 intelligibilem
3564 3365 3841 3424 substantia

2280 3478 2587 3526 creaturam
2629 3466 2986 3524 inenarrabili
3043 3462 3728 3535 divinitatisplenitudine
3773 3474 3840 3511 su-

2276 3562 2605 3631 peri-minet,
2626 3560 2865 3631 spirandi
2896 3557 2986 3614 ubi
3013 3558 3144 3613 velit
3171 3555 3353 3628 (Joan.
3390 3572 3472 3623 ιιι,
3507 3555 3596 3627 8),
3625 3562 3678 3609 et
3700 3550 3840 3620 inspi-

2283 3653 2434 3710 randi
2451 3652 2722 3725 quomodo
2742 3652 2895 3720 velit,
2916 3650 3125 3706 habens
3148 3664 3315 3719 sUper
3336 3650 3522 3705 omnia
3540 3654 3841 3719 potestatem.
3908 3650 3909 3707 ξ

2355 3746 2480 3803 119.
2506 3746 2623 3802 Non
2660 3760 2793 3816 ergo
2814 3744 2968 3816 quasi
2991 3758 3056 3798 ex
3088 3743 3209 3798 loco
3237 3741 3477 3797 mittitur
3509 3739 3748 3808 Spiritus,
3772 3741 3841 3787 aut

2236 3910 2249 3915 Δ
2282 3842 2439 3914 quasi
2469 3857 2537 3898 ex
2578 3841 2701 3897 loco
2731 3838 3000 3911 procedit,
3031 3836 3249 3908 quando
3273 3845 3297 3884 ε
3344 3834 3597 3905 procedit
3617 3848 3680 3888 ex
3712 3828 3840 3885 Filio.

2283 3935 2423 3990 sicut
2456 3935 2570 4003 ipse
2598 3932 2767 3988 Filius
2789 3947 2911 3985 cum
2943 3930 3104 3985 dicit:
3136 3927 3212 3983 De
3250 3926 3415 3982 Patre
3451 3924 3671 3999 processi
3691 3932 3731 3978 et
3755 3917 3841 3974 serti
3908 3918 3909 3925 ‘

2284 4033 2339 4087 in
2369 4030 2616 4085 mundum
2659 4028 2677 4101 (
2706 4027 2869 4083 Joan.
2904 4043 3017 4091 xvr,
3052 4023 3176 4097 18),
3232 4039 3431 4079 omnes
3469 4020 3716 4078 interﬁcit
3751 4013 3843 4085 opi-

2285 4124 2502 4188 niones,
2532 4135 2655 4191 qua:
2684 4136 2749 4175 ex
2782 4120 2903 4175 loco
2926 4118 2991 4173 ad
3021 4117 3199 4172 locum
3230 4124 3494 4185 possunt,
3532 4115 3667 4167 sicut
3692 4109 3738 4164 in
3765 4105 3842 4160 ali-

2288 4215 2486 4286 quibus
2513 4212 2915 4285 corporalibus,
2958 4209 3238 4265 tcstimari.
3271 4206 3540 4264 Similiter
3560 4214 3728 4261 autem
3747 4212 3839 4255 cum

2285 4315 2381 4361 aut
2404 4305 2553 4361 intus
2585 4314 2677 4360 aut
2716 4304 2849 4359 l'oris
2880 4302 3111 4374 legimus
3145 4300 3312 4356 Deum
3352 4314 3514 4366 esse,
3550 4312 3651 4352 non
3694 4292 3842 4359 utique

2287 4400 2457 4456 Deum
2485 4408 2580 4455 aut
2604 4397 2633 4435 ιι
2658 4399 2795 4454 intra
2825 4396 3042 4468 aliquod
3072 4409 3272 4465 corpus
3316 4393 3666 4456 includimus,
3690 4395 3766 4443 aut
3793 4382 3841 4436 ab

588 4495 832 4559 Spiritum
869 4498 935 4549 ad
980 4510 1144 4550 ontnes
1177 4497 1317 4562 mitti,
1343 4511 1432 4551 nec
1470 4499 1683 4550 transire
1717 4510 1782 4552 ea:
1804 4498 1911 4551 loco
1930 4497 1983 4551 in
2004 4498 2186 4553 alium:
2212 4500 2266 4563 1)
2293 4493 2476 4563 aliquo
2499 4506 2733 4563 corpore
2756 4502 3109 4565 separamus:
3137 4487 3231 4543 sed
3261 4485 3373 4541 alta
3405 4484 3511 4541 hoc
3536 4494 3588 4539 et
3610 4483 3842 4537 inenarra-

664 4656 689 4725 ξι
720 4648 890 4725 Edit.,
921 4653 1152 4725 corporis
1182 4661 1367 4725 natura
1389 4652 1637 4725 peccavit.

661 4719 690 4759 ι’
726 4721 935 4793 llemig.
964 4719 1112 4794 οὐδ..
1146 4719 1453 4794 quicumque
1490 4738 1543 4778 es
1584 4723 1817 4791 Spiritus
1852 4720 2017 4778 sancti
2054 4724 2187 4778 divi-

594 4792 807 4847 nitatem
833 4792 1049 4866 negans,
1078 4793 1314 4869 Spiritus
1352 4792 1560 4851 sanctus
1583 4797 1834 4850 obnoxius
1877 4810 1979 4849 non
2017 4798 2187 4869 potuit

594 4880 703 4940 esse
726 4876 971 4940 peccato;
995 4868 1120 4940 quia
1150 4868 1323 4922 nullus
1349 4878 1558 4940 peccata
1589 4869 1748 4940 donat
1769 4883 1787 4922 .'
1805 4867 2070 4940 numquid
2092 4885 2186 4924 an-

594 4934 761 5007 gelus,
794 4946 901 4991 etc.
935 4934 1074 4993 Edlt.
1100 4949 1302 5001 autem.
1334 4934 1398 4993 ac
1421 4954 1549 4994 mss.
1584 4939 1774 5007 reliqui
1800 4934 2028 4995 inter'se
2055 4955 2188 4994 con-

592 5009 858 5082 sentiunt,
891 5008 992 5063 nisi
1025 5009 1166 5082 quod
1202 5026 1300 5078 pro
1342 5028 1443 5065 non
1472 5014 1656 5082 potuit,
1691 5011 1886 5081 legitur
1929 5011 1980 5082 in
2023 5010 2183 5066 Rotu.

595 5077 758 5143 edit.,
792 5094 916 5133 num
941 5077 1125 5148 potuit.
1174 5077 1280 5139 Sed
1314 5094 1422 5136 uon
1468 5077 1724 5137 minimus
1747 5077 1981 5137 titheudi
2033 5082 2186 5136 locus

595 5157 698 5212 est,
730 5166 796 5225 ne
825 5151 1022 5225 ubique
1055 5156 1142 5207 hic
1172 5155 1320 5225 locus
1345 5162 1634 5221 corruptus
1662 5154 1943 5207 habeatur.

670 5230 693 5259 ο
723 5221 943 5277 Amerb.
969 5233 1131 5294 atque
1156 5221 1310 5280 Eras.
1339 5240 1463 5279 cum
1494 5239 1625 5281 mss.
1652 5238 1758 5280 non
1786 5225 1991 5294 paucis,
2018 5223 2186 5278 Nemo

595 5301 765 5345 autem
792 5294 933 5363 quod
954 5311 1053 5350 non
1086 5304 1247 5366 potest
1276 5296 1490 5360 donare,
1519 5312 1621 5351 non
1656 5306 1824 5366 potest
1848 5297 2024 5350 vitare.
2057 5295 2185 5350 Per-

600 5378 808 5432 purum;
843 5366 886 5416 si
916 5368 1135 5434 quidem
1177 5368 1323 5422 idem
1354 5376 1550 5423 sensus
1594 5378 1760 5434 esset,
1794 5382 1857 5422 ac
1883 5368 1931 5421 si
1973 5368 2183 5424 scribe-

597 5447 987 5510 retur,_om_ues
1017 5439 1158 5509 quod
1191 5454 1294 5493 non
1329 5450 1558 5510 possunt
1580 5440 1806 5502 dnn'are,
1852 5436 2079 5508 possunt
2103 5439 2184 5493 vi-

598 5514 734 5561 tare.
767 5505 958 5562 Melius
980 5505 1111 5581 ergo
1140 5511 1267 5566 Gill.
1300 5505 1425 5566 cum
1459 5512 1681 5580 reliquis
1712 5505 1937 5564 mss.'ut
1961 5511 2014 5564 in‘
2056 5524 2185 5564 con-

595 5596 767 5666 textu.
804 5588 987 5660 Neque
1031 5599 1102 5648 ab
1144 5595 1190 5648 is
1218 5593 1497 5666 discrepat
1536 5591 1694 5646 Rom.
1742 5586 1873 5666 edit.
1910 5582 2011 5637 hisi
2042 5582 2184 5651 quod

595 5662 832 5739 Serpipat
860 5658 1299 5739 negationem...
1324 5658 1429 5722 non
1461 5674 1626 5739 potest
1655 5678 1757 5717 non
1782 5658 1991 5739 evitare.

594 5728 691 5801 ..-⁸
721 5728 1109 5816 Οῐιιιιεξδνιιιιίι.ξ
1139 5748 1188 5794 et
1217 5728 1523 5819 abstulit.l..
1552 5730 2019 5817 circumpurguviu
2065 5740 2186 5786 out-

2293 4669 2388 4709 ues
2418 4670 2575 4717 mss.,
2606 4664 2656 4708 et
2686 4652 2988 4723 auferet...
3014 4650 3505 4723 circumpurgabit:
3537 4648 3587 4703 in
3626 4651 3838 4723 quocum

2289 4724 2516 4780 Hebraeo
2538 4714 2590 4781 et
2609 4714 2953 4781 versionibus
2975 4723 3182 4778 Graecis
3200 4714 3263 4775 ac
3287 4714 3502 4776 [Iatinis
3519 4714 3840 4775 Consenliuul.

2364 4806 2387 4835 ⁸
2420 4797 2510 4852 Sic
2535 4812 2727 4852 omnes
2753 4796 2883 4851 edit.
2916 4810 2981 4850 ac
3011 4809 3141 4849 mss.
3187 4792 3395 4864 aliquot
3427 4810 3440 4847 ε
3469 4791 3562 4847 alii
3601 4802 3720 4845 vero
3745 4798 3843 4862 par;

2291 4870 2404 4931 tim,
2437 4869 2510 4923 ita
2538 4879 2594 4923 ut
2625 4867 2838 4948 filius:
2882 4866 3203 4948 partim,ita
3234 4863 3289 4919 et
3316 4863 3529 4927 Filius;
3570 4872 3621 4915 at
3651 4872 3735 4929 pro
3767 4863 3843 4905 nu-

2289 4956 2385 5010 que
2412 4955 2603 4995 omnes
2632 4940 2800 4995 ferme
2828 4937 3047 5002 habent,
3080 4937 3272 5006 itaque.

2368 5010 2386 5049 ί
2421 5011 2549 5065 Mss.
2600 5010 2882 5074 nonnulli,
2932 5009 3203 5063 invisibilis
3252 5017 3568 5079 natur-an...
3597 5003 3678 5073 qui
3720 5009 3841 5064 super

2292 5086 2493 5136 omnem
2515 5092 2588 5135 est
2614 5081 2888 5136 creationis
2920 5081 3076 5134 totius
3102 5078 3277 5151 oplfea:
3302 5087 3615 5151 creaturam.
3809 5135 3817 5145 ι

2359 5163 2385 5202 s
2420 5155 2741 5208 Ambrosius
2775 5153 2860 5206 hic
2891 5158 2946 5205 et
2982 5151 3085 5205 sub
3116 5148 3275 5205 tinem
3321 5148 3605 5217 sequentis
3645 5153 3837 5217 numeri.

2291 5234 2346 5278 nt
2378 5225 2692 5280 missionem
2724 5224 3077 5289 temporalem
3107 5209 3640 5293 SpiritnsAslguitlcet
3666 5256 3703 5293 ,__
3719 5209 3838 5293 Milli:

2289 5296 2379 5369 bet
2420 5296 2658 5369 verbum
2711 5285 2985 5369 procedere
3008 5308 3042 5369 _:
3084 5285 3250 5369 quare
3300 5285 3500 5369 mirum
3540 5297 3635 5369 est
3668 5285 3835 5369 lislilttlf

2292 5368 2345 5421 in
2396 5368 2491 5422 lib.
2528 5378 2544 5420 ι
2574 5352 2755 5429 Scnt'.,-
2781 5366 2913 5422 dist.
2964 5363 3052 5427 M;
3085 5352 3188 5418 ista
3218 5364 3514 5432 scripsisse
3548 5379 3561 5415 :
3598 5352 3837 5432 Scienti}!!!

2292 5455 2392 5492 non
2445 5438 2597 5508 facile
2639 5426 2853 5509 reperiri
2898 5426 3394 5509 apudAPatresJut
3434 5433 3612 5487 missio

2276 5502 2454 5563 sancti
2507 5502 2711 5562 nomine
2758 5507 3099 5579 processiom's
3146 5506 3509 5576 significetur,
3546 5502 3833 5576 partem!”

2288 5580 2428 5652 apud
2445 5579 2674 5652 rBetlttm,
2710 5590 2821 5635 etc.

2361 5650 2389 5690 ιι
2419 5642 2833 5720 ρυίἀειιιινιιιεεη
2864 5652 3006 5706 intra
3034 5648 3247 5720 aliquod
3275 5663 3463 5721 corpus
3486 5642 3755 5717 impleam.
