3932 6176
193 240 276 294 735
1291 231 1381 288 DE
1420 226 1694 289 SPIRITU
1734 226 2004 290 assero
2045 232 2175 292 uc.
2224 234 2265 290 l.
2784 218 2795 229 '
3330 230 3436 292 ττι

185 351 269 405 ltlll
288 347 631 405 aestimatione
671 348 981 417 pensiones,
1006 344 1204 401 ditium
1242 352 1452 400 naturae
1480 344 1736 417 intelllgl-
1762 349 1814 409 Α
1838 357 1889 402 et
1914 349 2274 417 prudentium,
2299 359 2348 404 et
2374 351 2613 406 γενείοιεῆ
2636 366 2698 407 ea
2729 353 2962 422 parvulis
2990 351 3208 425 (Matth.
3236 370 3310 418 xi,
3335 352 3432 422 Ἧι)

183 460 286 499 mtts
310 452 576 497 arcanum.
2200 522 2208 529 _
2441 442 2670 500 CAPUT
2714 444 2827 500 xu.

243 537 351 593 ηο.
383 536 613 605 Denique
663 533 738 586 ita
767 532 1035 602 sapientia
1078 544 1145 587 ex
1176 542 1275 587 ore
1319 529 1574 585 altissimi
1610 542 1737 600 pro-
1846 530 2020 587 Patris
2063 540 2113 586 et
2160 530 2291 587 Filii
2339 544 2387 588 et
2429 534 2657 605 Spiritus
2703 537 2870 591 sancti
2912 550 3067 591 unam
3111 554 3221 591 esse
3258 554 3434 609 pacem

179 628 325 686 diisse
351 643 406 683 se
426 626 555 682 dicit
579 625 746 699 (Eccl.
782 640 934 691 xxxv,
966 623 1047 697 5),
1078 632 1187 678 non
1224 633 1283 678 ut
1320 631 1473 678 extra
1517 622 1733 678 Patrem
1909 633 2062 690 atque
2094 625 2315 698 gratiam
2343 641 2362 679 :
2391 626 2630 681 similiter
2657 642 2813 681 unam
2836 628 3159 695 cltaritntem,
3183 620 3297 697 quia
3324 645 3435 683 ma-

176 723 258 787 sit,
281 721 372 778 sed
400 720 538 791 apud
568 719 821 783 Patrem;
851 717 976 789 quia
1012 715 1233 772 Verbum
1271 725 1379 770 erat
1400 714 1543 786 apud
1567 713 1736 769 Deum
1909 717 2049 772 trime
2069 718 2125 771 in
2151 716 2418 771 hominum
2448 720 2799 787 redemptione
2822 722 3065 792 apparuit
3096 735 3116 774 :
3141 735 3295 775 tinam
3340 721 3433 776 de-
3490 710 3495 721 “

176 817 335 890 (Joan.
366 830 404 882 ι.
429 815 516 887 t):
552 827 652 870 nec
679 813 861 869 solum
886 811 1028 883 apud
1065 810 1305 878 Patrem,
1350 809 1447 865 sed
1478 810 1640 865 etiam
1680 808 1734 865 in
1910 814 2065 882 niquc
2090 813 2246 865 trium
2278 813 2810 868 communicationem.

178 911 335 966 Patre.
391 909 527 964 Dicit
575 908 753 963 enim:
791 905 898 977 Ego
924 906 978 959 in
1008 902 1185 971 Putre,
1217 914 1267 959 et
1300 903 1455 958 Pater
1476 904 1531 956 in
1554 918 1635 958 me
1660 912 1736 958 est
1911 903 2033 959 126.
2059 903 2227 976 [Alias
2249 921 2365 976 cap.
2397 904 2518 978 XL]
2547 906 2689 978 Ergo
2705 920 2826 962 cum
2848 920 2955 963 una
2976 908 3301 974 vocatiosit,
3330 920 3435 965 una

177 1003 339 1076 (loan.
394 1016 502 1063 xw,
545 1000 656 1073 10).
686 998 792 1056 Sed
822 1010 999 1070 neque
1026 1010 1150 1054 cum
1176 997 1244 1054 de
1289 997 1451 1052 Patre
1493 997 1623 1061 exit,
1665 995 1735 1052 de
1837 994 1997 1050 etiam
2021 998 2191 1066 gratia
2206 1007 2307 1052 est.
2334 998 2577 1068 Denique
2596 1000 2859 1068 scriptum
2879 1012 2995 1055 est:
3024 999 3205 1054 Gratia
3222 1000 3361 1055 vobis
3387 1011 3435 1057 et

174 1100 279 1155 loco
304 1097 519 1164 recedit,
551 1104 642 1150 aut
683 1095 838 1166 quasi
867 1108 1069 1164 corpus
1097 1107 1124 1147 a
1154 1106 1388 1161 corpore
1411 1099 1732 1161 separatur:
1838 1102 1986 1158 putre
2004 1088 2114 1143 Deo
2136 1100 2283 1158 patre
2299 1099 2475 1147 nostro
2502 1101 2548 1146 et
2575 1090 2794 1146 Domino
2810 1083 2846 1145 ,1
2853 1106 2936 1148 esu
2953 1093 3157 1149 Christo
3185 1093 3363 1165 (llam.
3388 1110 3426 1159 ι,

175 1204 331 1261 neque
356 1204 481 1245 cum
520 1190 573 1244 in
606 1189 764 1243 Patre
784 1196 885 1248 est.
917 1186 1070 1257 quasi
1100 1186 1153 1239 in
1182 1197 1414 1255 corpore
1461 1192 1734 1253 tamquam
1839 1181 1914 1255 7).
1941 1184 2084 1239 Ecce
2107 1185 2370 1240 habemus
2390 1187 2515 1256 quia
2531 1186 2707 1241 Patris
2725 1186 2918 1241 etFilii
2942 1200 3043 1241 una
3063 1196 3148 1241 est
3168 1189 3359 1258 gratia,
3379 1195 3438 1242 ct

172 1296 347 1353 corpus
366 1274 675 1337 includitur.
708 1277 945 1347 Spiritus
966 1292 1181 1349 quoque
1206 1284 1428 1330 sanctus
1458 1288 1579 1328 cum
1611 1286 1737 1343 Ρη·
1838 1276 2015 1332 Patris
2026 1288 2080 1332 et
2095 1275 2215 1332 Filii
2233 1290 2335 1333 una
2354 1287 2440 1334 est
2459 1294 2561 1349 pax
2586 1280 2714 1335 :scd
2732 1280 2845 1335 huic
2860 1282 3029 1349 gratia
3045 1290 3094 1335 et
3116 1296 3213 1350 pax
3231 1281 3435 1337 l‘ructus

170 1374 296 1428 ccdit
317 1388 345 1428 a
387 1372 544 1427 Patre
592 1380 650 1427 et
692 1369 852 1436 Filio,
885 1385 991 1423 non
1021 1377 1308 1437 separatur
1350 1380 1379 1419 a
1408 1364 1590 1429 Patre,
1626 1378 1734 1419 non
1836 1378 1923 1425 est
1942 1369 2202 1439 Spiritus,
2228 1372 2503 1440 sicutipse
2529 1373 2824 1442 Apostolus
2846 1370 3031 1426 docuit
3057 1372 3273 1430 dicens:
3298 1371 3437 1426 Fru-

173 1475 426 1537 separatur
448 1480 478 1520 a
501 1462 662 1521 Filio.
690 1462 1157 1531 Quemadmodum
1197 1458 1340 1515 cnim
1369 1457 1607 1529 separari
1636 1472 1734 1527 ρο-
1837 1473 1949 1518 ctus
1962 1471 2133 1518 autem
2156 1464 2387 1534 Spiritus
2402 1474 2472 1518 est
2491 1465 2733 1530 charitus,
2756 1466 3163 1537 gaudiuut,pax,
3192 1466 3436 1534 patientia

171 1570 311 1616 testa
342 1558 517 1625 Patre,
549 1557 647 1629 qui
675 1555 910 1627 Spiritus
937 1555 1050 1610 oris
1074 1554 1193 1623 ejus
1224 1561 1309 1608 est
1337 1551 1356 1623 (
1384 1550 1533 1605 Psal.
1561 1556 1731 1616 nm,
1841 1555 2063 1628 (Galat.
2094 1572 2145 1623 ν,
2176 1555 2250 1610 22
2271 1556 2312 1626 ).
2346 1557 2411 1612 Et
2440 1557 2577 1611 bona
2610 1564 2709 1626 pax
2741 1567 2793 1612 et
2823 1558 3152 1621 necessaria,
3182 1565 3237 1609 ut
3277 1572 3437 1613 nemo

172 1652 270 1722 6)?
304 1650 451 1718 Quod
481 1649 668 1720 utique
693 1657 750 1704 et
787 1647 1113 1704 aeternitatis
1136 1646 1421 1708 indicium,
1462 1653 1517 1699 et
1540 1642 1737 1699 diviniv
1839 1640 2268 1718 disputationum
2295 1650 2546 1705 turbetur
2578 1651 2828 1715 incertis,
2858 1648 2885 1687 ιι
2919 1664 3097 1719 neque
3129 1652 3437 1718 passionum

171 1742 278 1797 tatis
301 1742 552 1813 etprimit
592 1741 879 1796 unitatem.
1759 1750 1807 1811 Β
1833 1743 2197 1813 corporalium
2244 1751 2567 1812 tempestate
2595 1744 2911 1814 quatiatur:
2950 1743 3046 1798 scd
3087 1743 3442 1813 simplicitate

229 1836 340 1891 m-
367 1836 459 1891 Εει
480 1848 615 1905 ergo
640 1840 696 1889 et
715 1841 898 1887 manet
924 1836 1163 1900 semper.
1188 1828 1281 1899 qui
1308 1827 1425 1883 eris
1450 1835 1536 1883 est
1558 1826 1735 1898 Spiri-
1838 1837 2001 1905 lldei,
2032 1846 2087 1893 et
2115 1838 2505 1908 tranquillitate
2536 1838 2735 1894 mentis
2764 1838 2978 1906 quietus
3010 1840 3152 1892 circa
3200 1837 3291 1893 Dei
3319 1838 3437 1892 cul-

171 1938 267 1983 tus:
302 1928 393 1985 sed
424 1926 761 1984 descendere
806 1926 1047 1988 videtur,
1076 1939 1199 1980 eum
1229 1925 1379 1979 illum
1413 1922 1731 1992 recipimus,
1838 1938 1952 1986 tum
1974 1938 2291 2002 perseveret
2317 1930 2565 1986 atri-ctus.

169 2029 216 2076 ut
237 2020 423 2077 habitet
453 2022 506 2075 in
528 2021 693 2076 nobis
717 2036 732 2085 ;
760 2030 829 2075 ne
851 2033 953 2075 nos
973 2017 1142 2073 simus
1159 2031 1188 2072 a
1213 2017 1384 2088 gratia
1409 2015 1525 2087 ejus
1546 2014 1732 2070 alicui.
1912 2024 2033 2078 127.
2062 2025 2138 2079 De
2152 2040 2286 2095 pace
2300 2026 2648 2096 probavimus
2666 2042 2679 2076 ε
2704 2018 2771 2079 de
2791 2024 2963 2095 gratia
2981 2035 3162 2078 autem
3181 2023 3439 2094 propheta

168 2112 310 2169 Nobis
334 2112 672 2170 descendere
695 2111 948 2178 videtur.
982 2124 1089 2165 non
1112 2109 1261 2180 quod
1291 2108 1384 2164 ille
1412 2107 1732 2173 descendat.
1838 2116 2131 2170 Zacharias
2180 2116 2351 2183 dicit,
2400 2116 2527 2187 quia
2574 2116 2825 2186 promisit
2871 2116 3012 2171 Βθιιε
3062 2115 3339 2170 ριῑιιιιιιρτε
3386 2116 3438 2170 in

166 2205 246 2291 sed
270 2207 403 2277 quod
430 2206 495 2261 ad
528 2206 689 2260 illum
732 2205 949 2260 animus
995 2212 1186 2259 Mater
1212 2201 1495 2259 ascendat.
1524 2200 1601 2256 De
1626 2217 1736 2271 quo
1835 2209 2140 2265 Jerusalem
2190 2208 2453 2279 Spiritum
2484 2210 2675 2280 gratia:
2712 2217 2768 2263 et
2809 2208 3204 2263 misericordia:
3237 2206 3436 2278 (Zacli.

164 2298 348 2367 plenius
374 2300 710 2361 diceremus.
742 2296 846 2351 eisi
880 2294 1317 2352 meminissemus
1343 2294 1396 2348 in
1427 2291 1581 2349 libris
1622 2293 1735 2361 iam
1841 2316 1932 2369 xu.
1961 2306 2070 2376 to);
2099 2314 2153 2360 et
2173 2304 2454 2375 apostolus
2477 2304 2670 2359 Petrus
2692 2302 2825 2357 dicit
2854 2302 3255 2356 :Paenitentiaut
3279 2302 3437 2371 agite,

163 2390 501 2460 superioribus
524 2388 675 2462 (Lib.
696 2405 729 2443 ν
770 2388 834 2442 de
864 2386 1018 2453 Fide,
1041 2403 1159 2458 cap;
1179 2386 1234 2457 7)
1261 2386 1497 2456 positum
1518 2384 1661 2455 quod
1685 2401 1713 2438 c

1917 2399 2202 2469 baptizetur
2246 2398 2599 2467 unusquisque
2625 2402 2847 2449 oestrum
2896 2397 2947 2448 in
2988 2396 3194 2447 nomine
3229 2391 3441 2446 Domini

168 2482 303 2538 Ρδῑθτ
342 2484 541 2541 dimi!
574 2501 588 2537 ε
620 2480 1004 2539 “nendum”
1039 2493 1087 2536 ει
1130 2480 1508 2551 εοηῖηηάαηικι
1535 2480 1738 2549 ιέηθηαε
1838 2490 1967 2545 Jesu
1995 2488 2209 2553 Christi,
2244 2489 2299 2542 in
2325 2489 2680 2543 remitst'onem
2711 2499 3070 2558 peccatorum;
3101 2493 3149 2539 et
3178 2484 3443 2546 accipietis

164 2590 313 2629 eorum
342 2576 487 2647 (Gen.
516 2592 600 2642 ιι,
636 2573 720 2647 7);
754 2585 808 2630 et
839 2574 1009 2630 Filius
1032 2574 1231 2629 dixerit
1262 2590 1275 2626 :
1306 2573 1408 2639 Qui
1438 2571 1607 2644 diligit
1636 2582 1715 2625 nte

1886 2583 2060 2636 entiam
2087 2580 2325 2650 Spiritus
2346 2580 2509 2633 sancti
2531 2577 2671 2651 (Act.
2705 2592 2764 2643 ιι,
2797 2579 2910 2648 58).
2939 2577 3082 2647 Ergo
3104 2577 3246 2631 sicut
3264 2570 3439 2629 Patris

163 2684 415 2724 sermonem
436 2678 613 2725 meum
660 2669 908 2735 servabit,
936 2680 984 2725 et
1023 2667 1181 2723 Pater
1209 2682 1350 2722 meus
1378 2665 1556 2736 diliget
1585 2680 1697 2720 eum

1887 2672 2068 2741 tFilii,
2104 2674 2174 2727 ita
2216 2680 2273 2727 et
2314 2669 2556 2741 Spiritus
2590 2671 2762 2725 sancti
2797 2670 2973 2740 gratia
2999 2677 3104 2723 est.
3156 2666 3440 2734 Quomodo

164 2770 205 2813 et
223 2762 284 2815 ad
324 2779 431 2817 eum
450 2763 740 2828 veniemus,
773 2771 821 2816 et
851 2763 1167 2817 inundantem
1193 2760 1336 2831 apud
1357 2774 1472 2815 eum
1493 2760 1717 2830 faciams

1889 2766 1986 2822 nim
2040 2766 2163 2820 sine
2221 2763 2428 2835 Spiritu
2462 2774 2642 2831 potest
2690 2778 2815 2818 esse
2861 2762 3058 2833 gratia,
3104 2774 3226 2815 cum
3271 2759 3442 2830 gratia

165 2855 322 2924 (loco.
354 2873 460 2926 xiv,
490 2859 623 2928 25).
1842 2859 2030 2916 divina
2058 2860 2235 2913 omnis
2263 2858 2314 2912 in
2339 2856 2544 2928 Spiritu
2570 2865 2762 2912 sancto
2790 2856 2903 2911 sit?

225 2950 333 3007 lii.
359 2952 447 3009 Sic
474 2953 650 3026 igitur
674 2951 827 3008 venit
849 2950 1119 3021 Spiritus,
1148 2948 1608 3020 quemadmodum
1649 2958 1742 3002 να-
1917 2950 2040 3006 iis.
2075 2948 2244 3022 [illius
2270 2965 2388 3021 cap.
2418 2947 2563 3021 Xll.j
2596 2948 2707 3004 Nec
2755 2949 2932 3002 solum
2983 2956 3171 3017 pacem
3211 2951 3268 3001 et
3318 2959 3440 3016 gra-

164 3045 230 3100 ηίι
256 3046 436 3113 Pam;
467 3048 605 3120 ψΙῆ
643 3045 732 3102 tibi
772 3045 936 3101 Ρθῑθΐ
967 3054 1091 3112 θειι
1142 3042 1215 3099 ιω
1240 3051 1326 3099 891
1353 3051 1408 3099 οι
1437 3042 1639 3098 Filius:
1686 3051 1740 3095 6i
1848 3045 1980 3102 tiam
2010 3044 2242 3117 legimus
2270 3045 2446 3100 Putris
2471 3054 2527 3100 et
2555 3044 2677 3099 Filii
2726 3052 2781 3099 et
2825 3044 3064 3114 Spiritus
3107 3042 3315 3105 sancti;
3347 3041 3442 3095 scd

165 3141 239 3196 tibi
281 3143 448 3198 Filius
494 3151 627 3208 est,
661 3142 733 3197 ibi
784 3150 870 3197 est
893 3140 1132 3210 Spiritus
1160 3147 1404 3195 sanctus.
1465 3137 1583 3193 Non
1611 3152 1743 3208 ergo
1772 3143 1818 3208 C
1849 3141 2014 3197 etiam
2057 3140 2399 3204 t-haritatem,
2438 3151 2492 3194 et
2527 3150 2548 3179 ε
2580 3141 3055 3201 communionem,
3105 3137 3282 3193 lidelis
3336 3136 3444 3191 Au-

161 3232 368 3291 discrete
398 3237 594 3291 venire
614 3231 973 3288 tstim'andus
991 3232 1333 3302 estSpit-ilus
1349 3240 1609 3301 saucius,
1629 3229 1736 3284 νου
1840 3243 2015 3305 guste.
2051 3234 2129 3289 De
2163 3235 2430 3289 cliaritute
2456 3232 2602 3289 enim
2628 3235 2832 3288 dictum
2861 3239 2944 3289 est
2974 3250 2985 3285 :
3022 3231 3204 3286 Gratia
3233 3229 3445 3283 Domini

164 3326 232 3381 nit
254 3337 423 3383 autem
449 3343 565 3383 non
595 3326 664 3381 de
697 3327 818 3380 loco
842 3325 909 3380 ad
948 3326 1153 3392 locum;
1188 3323 1285 3379 sed
1312 3339 1343 3379 a
1372 3323 1737 3399 dispositiOue
1840 3328 2008 3381 nostri
2032 3325 2165 3381 Iesu
2192 3326 2406 3393 Christi,
2441 3335 2489 3381 et
2519 3327 2746 3380 citaritas
2794 3325 2892 3380 Dei
2929 3325 2997 3396 (ll
3024 3324 3145 3379 Cor.
3177 3338 3293 3387 xm,
3330 3322 3443 3391 1⁸5).

162 3420 546 3476 constitutionis
571 3420 640 3475 ad
668 3418 904 3475 salutem
939 3417 1361 3485 redemptionis,
1389 3428 1420 3471 ιι
1451 3416 1622 3486 grﬂizt
1653 3415 1736 3469 vi-
1844 3420 2169 3489 Acci-pimus
2196 3420 2518 3473 citaritateln
2564 3418 2759 3473 Patris.
2803 3418 3009 3473 Eadem
3049 3416 3289 3471 cliaritas
3320 3430 3443 3484 quae

165 3515 457 3571 vilicationis
488 3514 561 3571 ad
591 3513 824 3585 gratiam
872 3511 1355 3575 sanctiﬁcationis;
1390 3520 1446 3565 ut
1477 3508 1548 3564 de
1576 3509 1739 3564 terris
1842 3512 2040 3577 Patris,
2071 3513 2236 3566 etiam
2268 3510 2394 3566 Filii
2424 3518 2528 3566 est.
2573 3511 2692 3580 Ipse
2721 3513 2867 3566 enitn
2910 3510 3049 3564 dixit
3081 3526 3094 3563 :
3131 3510 3230 3574 Qui
3256 3524 3333 3562 me
3363 3507 3445 3559 tli-

161 3609 219 3662 ad
237 3610 444 3677 caelum,
490 3620 515 3647 η
570 3607 642 3665 de
670 3607 869 3678 injuria
893 3606 961 3663 ad
988 3604 1239 3678 gloriam,
1290 3605 1359 3659 de
1393 3602 1628 3660 servitio
1670 3600 1738 3656 ad
1844 3605 1977 3675 ligit,
2002 3605 2253 3677 diligetur
2278 3620 2311 3657 a
2337 3603 2496 3656 Patre
2524 3620 2655 3668 meo,
2685 3613 2730 3657 el
2757 3619 2854 3673 ego
2876 3604 3091 3671 diligam
3117 3618 3229 3654 eum
3255 3600 3439 3672 (Joan.

160 3712 363 3773 regnum
395 3702 720 3758 transferat.
1842 3713 1951 3761 xiv,
1975 3696 2093 3767 91).
2120 3697 2249 3765 Quae
2268 3707 2348 3751 est
2372 3696 2517 3750 euitn
2544 3695 2783 3750 citat-itas
2809 3694 2953 3759 Filii,
2986 3694 3089 3747 nisi
3121 3694 3242 3762 quia
3263 3708 3322 3747 se
3345 3709 3444 3762 pro

220 3794 333 3851 125.
362 3798 451 3854 Sic
470 3810 612 3868 ergo
642 3795 790 3851 venit
822 3792 1082 3864 Spiritus,
1106 3788 1567 3863 quemadmodum
1593 3791 1741 3843 venit
1843 3788 2000 3844 nobis
2030 3788 2246 3851 obtulit,
2301 3796 2358 3843 et
2397 3802 2498 3842 suo
2528 3790 2788 3859 sanguine
2817 3803 2918 3842 nos
2949 3786 3179 3841 redemit
3214 3785 3442 3856 (Ephrs.

162 3887 321 3944 Pater.
351 3891 498 3947 Dixit
523 3889 675 3947 enim
700 3887 914 3944 Filius:
950 3885 1066 3958 Ego
1095 3894 1151 3941 et
1179 3885 1342 3941 Pater
1379 3885 1660 3949 veniemus,
1693 3890 1741 3937 et
1842 3898 1896 3949 ν,
1926 3881 2022 3955 2)?
2052 3880 2257 3936 Eadem
2283 3888 2465 3934 autem
2501 3879 2741 3935 charitas
2778 3887 2835 3934 et
2884 3880 2935 3932 iu
2968 3874 3131 3933 Patre
3174 3886 3277 3945 est,
3321 3877 3447 3945 quia

158 3985 453 4041 mansionem
473 3985 620 4058 apud
646 3998 764 4037 eum
781 3981 1050 4052 faciemus.
1076 3977 1349 4048 Numquid
1376 3973 1741 4045 corporaliter
1843 3976 2102 4048 scriptum
2131 3981 2219 4032 est
2251 3990 2263 4027 :
2298 3973 2388 4030 Sic
2414 3975 2549 4029 enim
2579 3974 2762 4028 dilexit
2788 3974 2930 4028 Deus
2960 3972 3234 4040 mundum,
3267 3981 3322 4027 ut
3357 3971 3447 4026 lii-

165 4075 308 4132 Patet
336 4080 529 4135 venit?
584 4076 676 4134 Sic
720 4090 854 4148 ergo
890 4084 946 4131 et
991 4071 1230 4143 Spiritus
1268 4071 1438 4143 626
1465 4068 1612 4125 venit
1638 4108 1652 4133 ,
1684 4067 1739 4122 in
1843 4073 1969 4127 lium
1998 4084 2148 4127 suum
2175 4068 2496 4141 unigenitum
2526 4067 2671 4121 daret
2700 4067 2880 4137 (Joan.
2912 4082 2990 4131 ιιι,
3030 4069 3142 4137 t6).-

161 4186 259 4239 quo
276 4184 392 4229 cum
425 4176 612 4240 venit,
638 4181 693 4228 et
712 4171 891 4227 Patris
910 4168 1103 4226 etFtlii
1128 4167 1287 4238 plena
1315 4164 1603 4234 praesentia
1632 4171 1738 4217 est.
1919 4164 2044 4222 129.
2077 4158 2327 4220 Tradidit
2376 4168 2508 4234 ergo
2540 4163 2703 4217 Pater
2751 4162 2944 4216 Filium
2973 4203 2985 4225 ,
3019 4169 3076 4215 et
3118 4160 3290 4214 Filius
3328 4161 3445 4227 ipse

225 4268 341 4323 tu.
371 4269 508 4339 Quis
540 4278 724 4324 autem
754 4274 929 4338 potest
961 4276 992 4321 ιι
1033 4264 1197 4319 Patre
1223 4269 1281 4318 et
1310 4258 1449 4317 Filio
1474 4257 1740 4329 Spiritum
1842 4252 2005 4331 3”
2045 4270 2107 4315 se
2155 4248 2397 4313 tradidit.
2432 4257 2697 4311 Servatur
2742 4253 2981 4310 charitas
3006 4294 3021 4317 ,
3073 4265 3174 4307 nec
3232 4249 3442 4304 itt‘dilllr

165 4370 390 4417 sanctum
422 4368 703 4433 separare,
740 4372 867 4415 eum
888 4358 973 4412 vel
1006 4353 1285 4428 appellare
1324 4352 1541 4429 Patrem
1568 4357 1625 4405 et
1654 4348 1743 4403 Fi—
1847 4356 2055 4424 pietas;
2087 4346 2239 4409 nulla
2266 4360 2352 4409 est
2380 4353 2526 4407 enim
2557 4350 2773 4420 pietatis
2806 4348 3024 4418 injuria,
3057 4345 3152 4399 ubi
3185 4344 3331 4398 nulla
3364 4351 3450 4397 est

165 4452 279 4507 lium
296 4456 413 4511 sine
429 4446 642 4525 Spiritu
672 4464 777 4509 non
803 4449 1101 4523 queamus?
1125 4447 1295 4502 Nemo
1316 4446 1463 4501 sitim
1480 4443 1606 4498 dicit
1630 4442 1741 4495 Do-
1849 4446 2163 4502 traditionis
2191 4452 2452 4501 aerumna.
2485 4442 2736 4497 Tradidit
2777 4442 3069 4505 volentem,
3104 4437 3326 4492 tradidit
3369 4434 3450 4489 ul-

164 4551 342 4606 minum
371 4551 579 4616 Iesum,
622 4550 723 4605 nisi
750 4550 803 4603 in
831 4548 1034 4621 Spiritu
1057 4552 1235 4600 sancto
1266 4540 1466 4613 (tCor.
1502 4554 1609 4604 itii,
1641 4538 1677 4593 ὃ
1697 4536 1737 4607 ).
1769 4539 1825 4600 D
1851 4538 2138 4605 ferentem,
2173 4552 2279 4595 non
2327 4539 2511 4607 utique
2542 4536 2609 4590 ad
2639 4548 2857 4607 pinnam
2886 4534 3050 4587 Pater
3093 4531 3321 4596 Filium,
3356 4529 3450 4584 scd

167 4640 295 4713 Ergo
323 4647 366 4698 si
399 4644 685 4716 appellare
716 4641 1004 4697 Dominum
1030 4637 1218 4694 Iesum
1250 4632 1371 4691 sine
1398 4631 1609 4703 Spiritu
1641 4644 1747 4684 lion
1850 4633 1918 4688 ad
1944 4634 2197 4704 gratiam:
2221 4628 2279 4687 Si
2307 4630 2539 4686 discutis
2571 4629 2699 4684 lacti
2728 4629 3005 4693 meritum,
3031 4626 3303 4691 interroga
3338 4623 3449 4716 pic-

166 4715 459 4805 possumus,
486 4739 674 4808 utique
703 4724 823 4790 sine
847 4730 1056 4804 Spiritu
1088 4729 1385 4802 praedicare
1416 4741 1523 4781 non
1555 4738 1748 4792 possu-
1854 4726 1980 4781 tatis
2024 4726 2368 4780 vocabulum.
2412 4724 2517 4781 Vas
2554 4722 2842 4777 electionis
2887 4721 3144 4773 unitatem
3184 4716 3323 4769 hanc
3367 4715 3450 4767 tli-
3534 4788 3553 4805 ι

165 4844 294 4886 mus.
320 4833 378 4887 Si
409 4839 596 4887 autem
619 4832 673 4885 et
696 4827 869 4898 angeli
896 4823 1200 4896 pandit-aut
1223 4820 1511 4875 Dominum
1539 4816 1748 4881 testim,
1853 4817 1995 4870 vinae
2020 4815 2303 4870 cbaritatis
2324 4814 2615 4868 ’evidenlcr
2640 4812 2877 4867 ostendit
2899 4826 2913 4873 ;
2932 4810 3054 4879 quia
3075 4817 3129 4862 et
3157 4808 3314 4860 Pater
3344 4813 3453 4859 tra-

166 4934 313 4991 quem
357 4936 525 4979 nemo
571 4929 751 4992 potest
774 4896 906 4975 “sine
953 4917 1162 4988 Spiritu
1212 4912 1548 4987 praedicare;
1597 4918 1655 4963 et
1699 4906 1751 4960 in
1852 4906 1992 4962 ditlit
2019 4906 2239 4969 Filinnt,
2270 4912 2323 4960 et
2356 4902 2525 4959 Filius
2558 4904 2674 4973 ipse
2710 4918 2771 4958 se
2797 4896 3042 4956 tradidit.
3078 4899 3239 4953 Pater
3286 4896 3451 4951 tradi—

166 4990 287 5083 ipsis
315 5031 447 5086 ergo
472 4990 713 5084 Spiritus
741 5010 917 5066 sancti
947 5023 1147 5064 munus
1175 5013 1458 5075 cperalur.
1852 5001 1953 5065 dit,
1985 4999 2078 5071 qui
2112 4999 2252 5054 Filio
2282 5001 2493 5071 proprio
2517 5015 2619 5053 non
2648 5000 2896 5070 pepercit,
2928 4995 3017 5049 sed
3054 5009 3147 5065 pro
3175 4990 3323 5044 nobis
3345 5006 3453 5042 ont-

231 5109 348 5164 125.
408 5104 768 5163 Probavimus
814 5107 980 5176 igitur
1010 5110 1176 5158 unam
1223 5095 1571 5170 prtcsentiam
1600 5102 1746 5159 esse,
1856 5094 2003 5147 nibus
2026 5091 2239 5146 tradidit
2271 5092 2417 5146 illum
2449 5091 2628 5163 (Rom.
2656 5104 2774 5155 vm,
2809 5089 2926 5159 52).
2966 5086 3040 5141 Dc
3069 5086 3452 5176 FtiitLttttOtlttc

167 5213 317 5254 unam
351 5202 581 5271 gratiam
615 5206 737 5255 esse
764 5173 944 5253 Patris
975 5204 1031 5252 et
1062 5190 1184 5249 Filii
1206 5201 1262 5248 et
1288 5189 1525 5261 Spiritus
1550 5186 1744 5243 sancti:
1856 5176 2023 5238 dicit:
2062 5181 2161 5251 Qui
2184 5200 2236 5237 se
2257 5182 2472 5237 tradidit
2500 5198 2594 5255 pro
2621 5197 2699 5234 me
2729 5179 2925 5250 (Galat.
2954 5192 3014 5239 ll,
3043 5175 3157 5244 ΞΟ).
3188 5173 3450 5240 Tradidit,

167 5302 277 5358 qua:
309 5266 419 5346 tam
446 5292 688 5347 caelestis
714 5299 880 5359 atque
922 5284 1107 5343 divina
1153 5293 1265 5349 est,
1311 5292 1371 5337 ut
1398 5296 1497 5352 pro
1533 5295 1596 5335 ea
1626 5285 1751 5349 agat
1857 5277 2049 5347 inquit.
2075 5276 2132 5332 Si
2161 5275 2521 5346 gratia-,quid
2549 5274 2750 5345 arguo?
2773 5273 2817 5327 si
2848 5270 3084 5339 injuria),
3116 5269 3235 5338 plus
3257 5266 3449 5320 debeo.

165 5384 354 5451 gratias
375 5384 532 5440 Patri
563 5384 755 5450 Filius,
780 5384 971 5440 dicens
997 5397 1010 5435 :
1040 5378 1298 5451 Confiteor
1320 5378 1431 5444 tibi,
1466 5376 1624 5431 Pater
1655 5373 1751 5427 do-
1930 5373 2054 5428 tati.
2085 5370 2192 5426 Sed
2219 5371 2361 5425 sicut
2390 5368 2552 5423 Pater
2577 5365 2799 5422 tradidit
2819 5364 3036 5426 Filium,
3072 5371 3124 5415 et
3152 5361 3320 5415 Filius
3343 5359 3456 5426 ipse

168 5478 293 5532 mine
317 5479 431 5534 caeli
451 5484 501 5534 et
531 5488 696 5546 terrte,
727 5478 865 5552 quod
890 5468 1203 5533 abscondisti
1232 5472 1395 5529 lucra
1429 5469 1750 5544 sapientibus
1857 5472 1917 5522 se
1962 5463 2219 5532 tradidit,
2266 5463 2450 5535 accipe
2496 5462 2618 5534 quia
2663 5468 2717 5515 et
2762 5458 2998 5529 Spiritus
3042 5470 3165 5509 cum
3214 5451 3453 5506 tradidit.

235 5610 415 5684 Fitss.
449 5610 674 5680 aliquot,
707 5612 771 5667 de
795 5612 981 5684 inferis
1004 5609 1073 5684 ed
1101 5606 1342 5684 gloriam.
1384 5676 1391 5684 _
1472 5674 1503 5684 η
1630 5680 1638 5684 _
1841 5608 2061 5684 nam...
2094 5603 2440 5668 tempestatem
2470 5596 2727 5668 patiamur
2754 5609 2773 5649 :
2800 5591 2987 5648 caeteri
3017 5598 3072 5646 et
3117 5587 3251 5645 edit.
3302 5595 3359 5641 tit
3402 5587 3458 5645 in

234 5681 260 5721 δ
288 5674 722 5753 Nutinullimss.,
754 5674 913 5755 neque
933 5674 1224 5755 passionem
1244 5674 1593 5749 cdrpdralium
1620 5680 1748 5755 lem-
1852 5676 2034 5755 textu;
2078 5753 2119 5755 η
2585 5739 2596 5754 ⁸
2787 5739 2814 5755 Δ
2838 5737 2852 5755 Ι

171 5733 1283 5843 ρυιᾶιιιίἧᾜῆἱὶἦιιῖἷιῖ,ξ’ὶῖιῖιῖἆιιῆι”ἐιὶίιιιι,
1330 5733 1490 5829 neque
1537 5746 1741 5829 pussio-
1936 5751 1956 5782 ο
1990 5739 2127 5813 Tres
2152 5752 2308 5810 mss.,
2337 5739 2745 5805 communionem
2777 5736 2949 5823 ﬁdelis
2975 5733 3295 5811 teternitatis.
