3932 6176
437 203 440 206 ·
478 181 588 242 755

1847 169 2092 230 SANCTI
2128 169 2452 228 AMBROSII

3683 163 3780 218 756

479 295 756 366 Scriptum
785 303 868 350 est
895 293 1039 349 enim
1066 308 1080 346 :
1112 291 1262 346 Tunc
1305 289 1462 346 Iesus
1491 289 1680 344 ductus
1709 295 1786 344 est
1825 286 1878 340 in
1907 287 2083 340 deser—
2109 287 2164 345 Α
2185 285 2352 339 mittet
2383 281 2543 338 Pater
2571 282 2626 336 in
2655 282 2861 336 nomine
2901 296 3014 336 meo
3037 322 3052 348 ,
3093 281 3184 336 ille
3224 295 3308 336 vos
3361 278 3573 336 docebit
3618 279 3778 333 omnia

483 399 595 444 tum
621 386 683 441 ab
711 385 936 456 Spiritu,
964 394 1020 437 ut
1062 391 1341 438 tentaretur
1365 399 1398 436 a
1428 380 1638 436 diabolo
1661 378 1877 452 (Matth.
1903 392 1978 442 tv,
2001 374 2076 447 1).

483 480 631 552 Ergo
659 488 713 535 et
753 476 991 549 Spiritus
1015 475 1250 547 diligens
1286 474 1506 530 tradidit
1540 473 1634 529 Dei
1670 472 1884 528 Filium.
1929 470 2082 525 Sicut

485 574 630 630 enim
660 588 761 627 una
785 579 870 628 est
895 569 1133 626 cliaritas
1165 569 1340 624 Patris
1370 579 1424 624 et
1455 567 1599 634 Filii,
1634 567 1704 622 ita
1738 565 1879 620 hanc
1903 563 2082 618 cliari-

481 676 648 722 tatem
671 665 767 722 Dei
794 679 958 736 supra
979 662 1182 720 etl‘undi
1217 677 1310 732 per
1339 660 1599 730 Spiritum
1627 666 1874 714 sanctum
1901 657 2080 727 (Rom.

484 772 540 825 v,
573 756 655 828 5),
685 764 741 810 et
767 755 1002 811 fructum
1033 767 1156 810 esse
1183 753 1354 808 sancti
1378 751 1619 822 Spiritus
1649 748 2080 813 declaravimus;

479 851 605 922 quia
636 854 835 922 [ructus
865 859 939 905 est
968 848 1200 919 Spiritus
1226 846 1474 909 charitas,
1507 844 1778 916 gaudium,
1829 855 1953 912 pax,
1993 858 2086 912 pa-

483 947 669 1001 tientia
696 944 897 1015 (Galat.
931 960 982 1008 ν,
1015 941 1135 1013 22).

559 1041 683 1096 151.
719 1037 896 1112 [Alias
925 1054 1040 1110 cap.
1067 1035 1238 1108 XIII.)
1284 1033 1848 1090 Communicationem
1903 1039 2084 1086 autem

487 1140 544 1187 et
571 1131 745 1186 Patris
775 1139 829 1186 et
859 1128 980 1184 Filii
1007 1142 1131 1184 esse
1162 1128 1509 1183 manifestum
1533 1135 1639 1191 est,
1667 1124 1791 1196 quia
1823 1123 2110 1192 scriptum

487 1232 607 1300 est:
634 1221 703 1277 Et
732 1221 1130 1276 communicatio
1162 1230 1342 1276 nostra
1384 1235 1500 1274 cum
1531 1218 1711 1284 Patre,
1739 1227 1786 1272 et
1807 1215 1950 1271 Filio
1976 1217 2088 1286 ejus

489 1316 620 1370 Jesu
649 1314 855 1370 Christo
884 1313 931 1384 (l
951 1314 1112 1368 Joan.
1145 1329 1185 1380 ι,
1226 1315 1325 1384 '5);
1367 1323 1422 1368 et
1461 1312 1590 1366 alibi
1619 1328 1632 1364 :
1679 1309 2090 1366 Communicatio

490 1408 727 1478 Spiritus
759 1407 926 1462 sancti
956 1422 1075 1460 cum
1105 1405 1344 1460 omnibus
1371 1405 1510 1459 vobis
1544 1403 1619 1476 (ll
1649 1402 1770 1458 Cor.
1821 1416 1938 1466 xtn,
1974 1400 2085 1471 15).

491 1498 551 1554 Si
584 1499 750 1569 igitur
770 1514 872 1553 una
894 1513 1018 1567 pax,
1046 1512 1151 1552 una
1173 1497 1370 1568 gratia,
1402 1511 1508 1551 una
1530 1494 1792 1560 charitas,
1817 1508 1920 1548 una
1943 1507 2091 1548 com-

491 1591 788 1645 municatio
813 1589 1103 1644 est-Patris
1134 1597 1191 1644 et
1223 1587 1343 1644 Filii
1385 1599 1441 1644 et
1475 1587 1708 1658 Spiritus
1738 1586 1943 1652 sancti;
1985 1600 2090 1640 una

2186 375 2368 446 (Joan.
2393 391 2545 442 xxiv,
2576 373 2694 445 26).
2722 374 2829 443 Qui
2860 385 3040 430 autem
3071 374 3224 430 venit
3254 374 3304 428 in
3357 373 3592 429 nomine
3630 370 3777 438 Filii,

2186 471 2375 542 utique
2413 470 2576 525 etiam
2609 470 2663 523 in
2703 469 2934 524 nomine
2975 455 3155 523 Patris
3202 467 3393 532 venit;
3449 465 3580 536 quia
3629 479 3780 519 unum

2187 581 2385 622 nomen
2423 563 2600 618 Patris
2627 572 2682 618 et
2720 563 2840 618 Filii
2871 570 2976 618 est.
3025 561 3115 618 Sic
3155 562 3214 616 fit
3239 570 3295 617 ut
3325 576 3501 616 unum
3533 569 3591 615 et
3621 559 3782 615 Patris

2187 667 2245 714 et
2275 657 2396 712 Filii
2428 672 2629 713 nomen
2652 657 2722 712 sit
2747 665 2805 712 et
2843 655 3084 726 Spiritus
3128 654 3322 710 sancti.
3365 653 3488 710 Nec
3519 653 3665 709 enim
3710 660 3784 708 est

2187 751 2332 806 aliud
2384 766 2581 807 nomen
2613 749 2716 805 sub
2750 750 2890 806 coelo
2911 748 3120 816 datum,
3160 747 3213 803 in
3254 763 3366 818 quo
3411 753 3671 818 oporteat
3694 760 3782 800 nos

2187 845 2368 900 salvos
2392 843 2508 898 ﬁeri
2551 843 2703 916 (Act.
2735 858 2814 910 iv,
2845 841 2958 912 12).

2261 938 2384 994 155.
2414 937 2583 993 Simul
2635 937 2822 993 docuit
2871 936 3132 992 unitatem
3177 933 3347 990 divini
3399 933 3642 988 nominis
3676 946 3785 987 esse

2188 1029 2536 1094 credendam,
2578 1045 2684 1084 non
2713 1029 3172 1098 disparilitatem;
3223 1026 3492 1098 quoniam
3521 1026 3574 1080 in
3600 1025 3785 1080 unitate

2192 1121 2430 1177 nominis
2462 1122 2611 1176 venit
2640 1119 2887 1176 Christus
2914 1139 2925 1173 :
2961 1121 3013 1174 in
3053 1135 3153 1175 suo
3183 1128 3366 1174 autem
3397 1119 3625 1174 nomine
3663 1133 3783 1172 ven-

2194 1228 2346 1274 turus
2373 1218 2744 1274 Anticliristus
2772 1227 2876 1284 est,
2908 1217 3052 1272 sicut
3079 1216 3346 1286 scriptum
3375 1223 3467 1269 est
3496 1231 3510 1268 :
3543 1211 3654 1286 Ego
3687 1212 3787 1267 seni

2191 1312 2246 1364 in
2276 1313 2481 1366 nomine
2509 1310 2688 1364 Patris
2715 1311 2833 1375 mei,
2872 1319 2921 1364 et
2951 1325 3054 1363 non
3101 1308 3378 1380 accepistis
3405 1323 3491 1362 me
3511 1321 3534 1361 :
3575 1307 3620 1361 si
3665 1306 3786 1360 alius

2193 1407 2381 1459 venerit
2406 1406 2460 1458 in
2489 1405 2693 1458 nomine
2722 1420 2835 1469 suo,
2862 1402 3013 1456 illum
3037 1400 3300 1470 accipietis
3324 1397 3516 1472 (Joan.
3543 1414 3598 1464 v,
3619 1395 3728 1467 45).

2270 1501 2394 1555 156.
2430 1499 2696 1554 Edoctum
2723 1506 2807 1553 est
2848 1496 3014 1566 igitur
3041 1511 3106 1551 ex
3148 1494 3234 1550 liis
3265 1509 3375 1548 non
3410 1507 3538 1548 esse
3565 1491 3616 1546 in
3645 1491 3786 1546 Patre

2193 1604 2250 1650 et
2278 1593 2416 1648 Filio
2446 1604 2500 1649 et
2519 1592 2722 1664 Spiritu
2748 1601 2936 1645 sancto
2975 1588 3237 1661 paraclito
3285 1587 3534 1643 nominis
3569 1585 3785 1640 diversi-

489 1691 641 1738 certe
663 1682 910 1752 operatio
951 1692 1073 1737 est:
1107 1692 1162 1738 et
1194 1683 1282 1738 ubi
1329 1698 1433 1737 una
1467 1683 1717 1752 operatio
1745 1692 1850 1748 est,
1903 1682 2090 1752 utique
2122 1693 2169 1752 B
2197 1697 2392 1742 tatem:
2426 1697 2478 1742 et
2507 1685 2650 1757 quod
2677 1699 2873 1739 nomen
2903 1692 2987 1739 est
3017 1683 3219 1748 Patris,
3253 1682 3306 1737 id
3328 1696 3459 1737 esse
3481 1680 3646 1736 etiam
3674 1677 3785 1733 Filii

494 1791 603 1830 non
632 1782 812 1845 potest
842 1774 1012 1829 virtus
1035 1788 1159 1830 esse
1183 1774 1380 1841 divisa,
1411 1784 1466 1830 et
1497 1774 1733 1830 discreta
1761 1773 2090 1829 substantia.

496 1867 629 1924 Nam
647 1868 922 1940 quomodo
940 1869 1274 1939 operationis
1295 1869 1540 1939 ejusdem
1559 1869 1730 1941 gratia
1747 1867 2094 1925 conveniret?

1088 1960 1322 2020 CAPUT
1355 1963 1494 2019 Xlll.

497 2055 807 2111 Divinarum
830 2059 989 2113 trium
1003 2075 1338 2129 personarum
1359 2075 1521 2114 unum
1541 2075 1650 2113 esse
1666 2075 1850 2114 nomen
1866 2075 1894 2114 e
1913 2058 2095 2130 Scrip-

569 2151 700 2204 turis
729 2151 1048 2207 demonstrat
1072 2151 1373 2206 Ambrosius
1398 2167 1416 2206 :
1446 2161 1496 2204 at
1539 2153 1593 2206 in
1636 2151 1818 2223 primis
1846 2152 2094 2207 unitatem

569 2243 794 2297 nominis
842 2241 972 2298 Filii
1001 2260 1063 2298 ac
1104 2242 1334 2315 Spiritus
1362 2245 1563 2308 sancti;
1597 2261 1713 2298 cum
1752 2253 1960 2316 uterque
1999 2261 2094 2314 pa-

566 2337 781 2391 raclitus
808 2336 1012 2390 dicatur
1038 2345 1085 2390 et
1105 2337 1313 2391 ueritas.

569 2429 696 2487 152.
732 2430 898 2503 [Alias
921 2447 1040 2502 cap.
1065 2430 1233 2504 XIV.)
1263 2431 1400 2499 Quis
1449 2432 1614 2503 igitur
1645 2440 1670 2469 ἰ
1702 2432 1967 2487 unitatem
1998 2445 2093 2486 nc-

499 2540 630 2596 gare
659 2525 858 2582 audeat
895 2529 1153 2593 nominis,
1176 2541 1298 2583 cum
1341 2526 1676 2597 operationis
1705 2527 1886 2582 videat
1917 2525 2093 2581 unita—

500 2619 650 2674 tem?
676 2620 782 2676 Sed
805 2621 934 2690 quid
962 2637 1064 2692 ego
1096 2620 1359 2676 unitatem
1389 2621 1624 2676 nominis
1647 2620 1984 2691 argumentis
2011 2633 2097 2673 as-

505 2723 678 2775 truo;
729 2725 852 2765 cum
903 2712 1101 2766 divin-ac
1152 2712 1304 2766 vocis
1353 2712 1576 2766 evidens
1627 2711 1996 2767 tesﬁmonium
2026 2715 2098 2768 sit

504 2817 670 2856 unum
697 2816 895 2856 nomen
929 2817 1053 2858 esse
1079 2802 1256 2857 Patris
1284 2811 1338 2857 et
1370 2801 1488 2857 Filii
1520 2813 1574 2857 et
1612 2802 1848 2872 Spiritus
1878 2804 2098 2858 sancti?

503 2892 775 2961 Scriptum
817 2903 900 2948 est
927 2895 1113 2948 enim:
1157 2892 1260 2959 Ite,
1294 2894 1551 2963 baptizate
1591 2905 1766 2964 gentes
1805 2895 1860 2950 in
1888 2896 2094 2949 nomine

502 2984 684 3038 Patris
707 2995 753 3039 et
785 2982 917 3040 Filii
955 2996 1002 3039 et
1034 2985 1268 3055 Spiritus
1312 2989 1479 3042 sancti
1510 2987 1724 3059 (Matth.
1765 3003 1955 3054 xxvm,
1985 2989 2095 3059 19).

2197 1796 2430 1838 nomen:
2462 1780 2716 1835 similiter
2735 1777 2882 1850 quod
2909 1791 3106 1832 nomen
3129 1786 3213 1831 est
3235 1775 3382 1838 Filii.
3415 1788 3545 1829 esse
3567 1773 3618 1828 id
3637 1772 3784 1828 etiam

2197 1875 2432 1945 Spiritus
2460 1873 2662 1937 sancti;
2695 1870 2912 1942 quando
2943 1870 3107 1926 etiam
3141 1867 3448 1940 paraclitus
3471 1857 3640 1921 Filius
3663 1863 3785 1919 dicio

2199 1979 2304 2034 tur,
2327 1969 2466 2022 sicut
2492 1975 2546 2022 et
2567 1966 2802 2038 Spiritus
2828 1973 3073 2019 sanctus.
3096 1961 3165 2017 Et
3186 1961 3309 2016 ideo
3322 1961 3402 2016 ait
3429 1960 3486 2014 in
3509 1955 3786 2028 Evangelia

2199 2063 2458 2118 Dominus
2485 2061 2645 2116 Jesus
2671 2079 2684 2114 :
2718 2060 2930 2131 Rogabo
2969 2056 3181 2112 Patrem
3209 2072 3408 2120 meum,
3439 2065 3490 2107 et
3517 2054 3671 2108 alium
3699 2068 3782 2120 ρας

2195 2154 2434 2210 raclitum
2464 2153 2606 2208 dabit
2628 2154 2770 2208 vobis
2797 2153 2886 2223 qui
2912 2151 3172 2206 vobiscum
3200 2150 3265 2203 sit
3296 2149 3348 2202 in
3379 2157 3639 2202 (sternunt
3667 2142 3782 2212 Spi-

2196 2251 2353 2304 ritum
2378 2249 2609 2303 veritatis
2641 2245 2822 2319 (Joan.
2856 2260 2970 2311 le,
3008 2241 3121 2314 16).
3153 2241 3225 2297 Ει
3251 2241 3396 2296 bene
3444 2239 3588 2295 dixit
3618 2237 3781 2298 alium,

2199 2358 2268 2398 ne
2301 2344 2477 2414 ipsum
2509 2341 2730 2406 Filium,
2764 2341 2941 2410 ipsum
2972 2337 3236 2408 Spiritum
3271 2333 3650 2403 intelligeres;
3681 2327 3786 2384 uni—

2199 2448 2282 2491 tas
2328 2437 2472 2492 enim
2523 2433 2759 2488 nominis
2807 2442 2912 2496 est,
2949 2445 3056 2485 non
3092 2426 3213 2484 Filii
3246 2437 3269 2464 θ
3300 2427 3655 2497 Spiritusquc
3698 2421 3785 2475 Sa-

2199 2527 2433 2583 belliana
2465 2525 2733 2582 conlusio.

2274 2613 2398 2678 157.
2418 2619 2562 2676 Edit.
2579 2619 2706 2674 Ben.
2726 2617 2893 2690 [Alias
2909 2633 3027 2685 cap.
3046 2613 3187 2688 XV.)
3204 2612 3395 2682 Itaque
3416 2611 3560 2667 alius
3579 2605 3778 2680 paracli-

2201 2724 2287 2771 tus
2301 2727 2382 2769 est
2396 2714 2586 2780 Filius,
2607 2713 2746 2768 alius
2760 2709 3052 2781 paraclitus
3070 2706 3307 2778 Spiritus
3325 2714 3584 2769 sanctus;
3606 2700 3782 2756 Filium

2201 2809 2344 2863 enim
2379 2807 2695 2877 paraclitum
2728 2804 2864 2860 dixit
2901 2802 3066 2858 etiam
3095 2799 3334 2856 Joannes
3357 2840 3372 2865 ,
3415 2797 3564 2852 sicut
3594 2792 3779 2849 habes:

2204 2902 2263 2957 Si
2286 2905 2402 2973 quis
2434 2901 2749 2971 peccaverit,
2787 2898 3099 2970 paraclitum
3133 2895 3384 2949 habemus
3417 2891 3562 2964 apud
3592 2887 3780 2942 Patrem

2199 2996 2379 3050 Jesnm
2405 2993 2666 3047 Christum
2690 2992 2736 3065 (ι
2751 2990 2910 3046 Joan.
2933 3005 2991 3056 ιι,
3020 2988 3095 3060 1).
3118 2987 3304 3058 Itaque
3335 2978 3778 3056 quemadmodum

502 3075 572 3129 In
596 3076 802 3130 nomine
831 3077 990 3143 dixit,
1038 3093 1146 3132 non
1178 3078 1231 3133 in
1261 3079 1597 3134 nominibus.
1645 3080 1761 3134 Non
1793 3097 1925 3152 ergo
1946 3081 2093 3138 aliud
2127 3089 2172 3150 ρ
2207 3090 2391 3145 unitas
2413 3085 2669 3150 nominis,
2715 3085 2786 3140 ita
2828 3083 2993 3139 etiam
3026 3081 3208 3136 unitas
3236 3077 3532 3150 potestatis
3570 3084 3676 3138 est;
3706 3067 3779 3125 ubi

505 3182 701 3223 nomen
734 3168 930 3236 Patris,
959 3169 1105 3224 aliud
1130 3185 1327 3226 nomen
1357 3170 1502 3238 Filii,
1529 3171 1677 3227 aliud
1702 3188 1898 3229 nomen
1925 3174 2097 3245 Spiri-

503 3270 590 3315 tus
617 3260 831 3326 sancti;
865 3261 990 3332 quia
1034 3278 1174 3318 unus
1219 3265 1357 3320 Deus
1388 3282 1402 3320 :
1440 3264 1464 3302 δ
1497 3281 1602 3321 non
1646 3267 1799 3337 plura
1835 3269 2095 3332 nomina;

503 3353 626 3423 quia
659 3368 766 3409 non
791 3353 901 3410 duo
933 3355 1040 3421 Dii,
1068 3369 1175 3411 non
1203 3368 1311 3412 tres
1344 3357 1423 3413 Dii
1451 3358 1494 3429 (l
1520 3357 1642 3413 Cor.
1678 3375 1799 3428 vni,
1822 3362 1900 3432 4).

577 3448 702 3502 155.
736 3447 804 3502 Ει
833 3457 892 3504 ut
914 3449 1153 3519 aperiret
1183 3450 1310 3521 quia
1341 3465 1452 3506 una
1499 3451 1756 3508 divinitas
1782 3495 1797 3519 ,
1847 3469 1952 3509 una
1986 3471 2100 3510 ma-

501 3535 673 3610 jestas
693 3552 798 3610 est,
832 3545 957 3615 quia
987 3559 1153 3599 unum
1184 3559 1384 3601 nomen
1409 3544 1587 3602 Patris
1613 3556 1666 3603 et
1700 3547 1821 3604 Filii
1849 3558 1905 3604 et
1929 3549 2102 3620 Spiri-

507 3645 591 3690 tus
617 3636 788 3690 sancti
813 3653 828 3701 ;
857 3651 958 3692 nec
985 3641 1037 3692 in
1065 3637 1173 3693 alio
1205 3640 1425 3695 nomine
1451 3641 1663 3696 venerit
1691 3642 1879 3708 Filius,
1909 3643 1964 3699 in
1994 3646 2102 3702 alio

505 3731 725 3786 nomine
765 3730 1001 3802 Spiritus
1039 3742 1291 3798 sanctus,
1343 3735 1420 3788 ait
1470 3735 1586 3805 ipse
1634 3737 1933 3792 Dominus:
1987 3737 2102 3810 Ego

503 3826 613 3879 veni
634 3827 688 3879 in
710 3828 915 3882 nomine
929 3826 1104 3882 Patris
1129 3829 1250 3896 mei,
1275 3839 1323 3885 et
1343 3847 1448 3884 non
1469 3832 1740 3900 accepistis
1760 3849 1877 3889 me:
1901 3835 1945 3888 si
1967 3835 2102 3889 alius

501 3918 694 3971 venerit
722 3917 777 3970 in
800 3920 1004 3973 nomine
1025 3937 1143 3988 suo,
1168 3922 1317 3976 illum
1337 3923 1603 3992 accipietis
1624 3922 1808 3994 (Joan.
1836 3941 1890 3991 ν,
1909 3926 2028 3996 45).

576 4010 735 4065 155⁶.
761 4011 914 4080 Quod
939 4024 1117 4070 autem
1142 4030 1339 4072 nomen
1364 4017 1541 4071 Patris
1562 4025 1666 4081 est,
1686 4017 1790 4073 hoc
1808 4016 1948 4074 idem
1976 4018 2099 4073 Filii

501 4103 780 4175 Scriptura
803 4105 1084 4172 declarat;
1126 4110 1249 4178 quia
1295 4111 1351 4163 in
1394 4110 1584 4165 Exodo
1612 4110 1754 4166 dixit
1792 4110 2058 4166 Dominus
2085 4133 2100 4164 :

483 4193 618 4267 Ego
642 4197 941 4251 antecedam
964 4208 1012 4252 te
1033 4199 1088 4252 in
1123 4209 1144 4236 ο
1175 4200 1382 4253 nomine
1406 4216 1520 4254 meo
1550 4209 1599 4254 et
1627 4201 1794 4273 628
1828 4202 2016 4256 uocabo
2047 4203 2102 4257 in

503 4290 709 4345 nomine
728 4307 838 4346 meo
864 4289 1148 4346 Dominum
1171 4294 1228 4348 in
1253 4303 1525 4364 conspectu
1555 4304 1642 4348 tuo
1676 4294 1872 4366 (Exod.
1902 4313 2099 4360 xxxiii,

505 4382 618 4454 19).
656 4383 918 4439 Dominus
946 4399 1075 4453 ergo
1103 4383 1247 4439 dixit
1274 4386 1397 4454 quia
1429 4386 1483 4440 in
1514 4387 1735 4442 nomine
1760 4403 1860 4442 suo
1886 4388 2105 4444 vocabit

2201 3185 2352 3240 enim
2382 3181 2676 3253 paraclitus
2703 3178 2960 3248 Spiritus,
2987 3176 3060 3231 ibi
3083 3174 3248 3230 etiam
3284 3173 3483 3228 Filius.

2276 3274 2400 3350 15$.
2431 3271 2563 3327 Nam
2591 3273 2730 3327 sicut
2758 3270 2846 3325 hic
2874 3268 2928 3324 in
2971 3276 3238 3323 aeternum
3269 3254 3540 3320 Dominus
3565 3261 3777 3350 futurum

2204 3383 2324 3424 cum
2365 3347 2627 3421 vlidelibus
2668 3363 2927 3434 Spiritum
2971 3361 3142 3426 dicit,
3187 3357 3259 3414 ita
3291 3357 3462 3413 etiam
3490 3355 3558 3410 de
3583 3367 3640 3408 se
3669 3347 3778 3405 alibi

2204 3461 2440 3518 ostendit
2465 3459 2608 3531 quod
2641 3460 2694 3514 in
2724 3468 2987 3514 aeternum
3017 3469 3140 3509 cum
3169 3451 3437 3524 apostolis
3468 3449 3539 3505 sit
3565 3447 3775 3504 futurus,

2205 3555 2395 3610 dicens
2421 3571 2432 3608 :
2465 3551 2601 3607 Ecce
2629 3568 2719 3623 ego
2747 3550 3004 3605 uobiscum
3024 3562 3140 3600 sum
3177 3543 3418 3599 omnibus
3441 3541 3618 3596 diebus
3638 3546 3778 3604 usque

2205 3653 2272 3704 ad
2293 3647 2784 3703 consummationem
2807 3643 2988 3698 mundi
3012 3639 3230 3714 (Matth.
3254 3653 3448 3701 xxvni.
3471 3632 3587 3704 20).
3623 3631 3773 3687 Unum

2205 3753 2333 3798 sunt
2363 3756 2492 3812 ergo
2532 3740 2703 3796 Filius
2732 3749 2789 3793 et
2815 3735 3090 3808 Spiritus:
3126 3747 3290 3788 unum
3339 3743 3541 3785 nomen
3571 3733 3650 3781 est
3675 3718 3774 3776 Tri—

2208 3836 2416 3903 nitatis,
2446 3847 2500 3890 et
2532 3849 2636 3888 una
2666 3829 3156 3902 inseparabilisque
3179 3824 3494 3896 praesentia.

2280 3929 2405 3984 159.
2442 3928 2592 3984 Sicut
2635 3935 2816 3980 autem
2867 3920 3206 3979 ostendimus
3243 3917 3563 3988 paraclitum
3602 3908 3770 3965 Filium

2206 4022 2572 4088 nominatum,
2594 4019 2665 4074 ita
2689 4017 2851 4073 etiam
2871 4014 3213 4072 ostendimus
3235 4011 3519 4065 veritatem
3537 4003 3768 4075 Spiritum

2206 4123 2595 4186 nuncupatum.
2659 4112 2869 4168 Veritas
2919 4109 3207 4171 Christus;
3263 4103 3469 4159 veritas
3521 4094 3769 4168 Spiritus;

2209 4211 2377 4266 babes
2397 4210 2540 4266 enim
2570 4209 2623 4263 in
2652 4206 2878 4277 epistola
2900 4203 3158 4260 Joannis:
3189 4198 3452 4267 Quoniam
3478 4192 3768 4264 Spiritusest

2207 4303 2393 4356 veritas
2421 4299 2465 4372 (l
2493 4300 2648 4354 Joan.
2680 4315 2734 4364 ν,
2777 4297 2854 4368 6).
2889 4295 3005 4352 Non
3033 4295 3206 4349 solum
3233 4305 3364 4360 ergo
3391 4287 3618 4358 δρίνίιυ8
3645 4277 3766 4372 Veiif

2209 4395 2355 4462 tatis,
2389 4367 2485 4449 sed
2516 4392 2676 4448 etiam
2706 4367 2911 4446 veritas
2938 4387 3138 4442 dicitur
3166 4383 3423 4453 Spiritus,
3455 4379 3591 4434 sicut
3616 4382 3664 4428 et
3696 4367 3766 4422 Fi'

504 4476 791 4532 Dominum
819 4496 831 4530 :
854 4477 1116 4532 Dominus
1135 4493 1265 4548 ergo
1282 4488 1336 4533 et
1355 4477 1528 4533 Patris
1549 4489 1634 4536 est
1663 4494 1860 4535 nomen
1881 4489 1932 4536 et
1951 4480 2095 4537 Filii.
2126 4478 2180 4538 D
2208 4485 2312 4542 lius
2337 4487 2540 4542 veritas
2571 4483 2895 4555 prmdicatur
2917 4523 2933 4548 ,
2966 4480 3059 4551 qui
3085 4479 3163 4534 ait
3187 4495 3200 4534 :
3237 4475 3351 4548 Ego
3393 4491 3507 4528 sum
3532 4471 3609 4525 via
3637 4474 3676 4520 et
3699 4477 3768 4516 υτ·-

573 4570 699 4625 154.
729 4568 863 4625 Cum
896 4579 1078 4624 autem
1110 4585 1274 4625 unum
1309 4584 1507 4626 nomen
1537 4571 1611 4626 sit
1637 4570 1812 4627 Patris
1857 4581 1912 4628 et
1947 4572 2094 4640 Filii,

499 4665 688 4734 accipe
717 4665 842 4734 quia
875 4673 933 4719 et
960 4663 1194 4734 Spiritus
1221 4663 1396 4719 sancti
1425 4663 1568 4720 idem
1599 4680 1797 4720 nomen
1829 4666 1923 4734 sit,
1965 4683 2100 4738 quo-

504 4757 648 4811 niam
678 4765 733 4810 et
755 4755 992 4827 Spiritus
1013 4764 1235 4812 sanctus
1259 4756 1311 4810 in
1343 4756 1566 4813 nomine
1596 4756 1719 4813 Filii
1743 4759 1891 4814 venit
1913 4801 1928 4826 ,
1959 4759 2101 4815 sicut

503 4850 765 4914 scriptum
790 4860 903 4906 est:
934 4849 1231 4905 Paraclitus
1261 4860 1434 4905 autem
1459 4850 1689 4922 Spiritus
1715 4863 1928 4908 sanctus
1949 4870 2098 4926 quem

578 5041 600 5104 ξι
627 5030 798 5104 Edit.,
823 5033 1076 5104 unitatem
1104 5049 1347 5104 separare
1373 5033 1581 5088 audeat.

577 5103 602 5138 ¹³
633 5103 760 5158 Mss.
786 5103 1014 5172 aliquot,
1038 5119 1138 5157 non
1163 5103 1317 5172 plura
1340 5105 1574 5161 numina.
1596 5105 1714 5161 Non
1741 5105 1884 5161 bono
1907 5122 2093 5162 sensu.

581 5185 601 5210 ε
635 5175 704 5248 Ita
740 5183 848 5228 vet.
877 5175 1011 5248 edit.
1045 5190 1106 5230 ac
1136 5177 1316 5248 plures
1345 5190 1476 5229 mss.
1506 5191 1535 5229 a
1573 5178 1768 5248 quibus
1799 5178 1956 5231 Rom.
1995 5179 2100 5234 hoc

505 5245 624 5300 solo
646 5245 833 5309 distat,
869 5245 1013 5318 quod
1056 5247 1256 5301 exemit
1288 5245 1729 5318 praepositionem
1759 5251 1842 5302 in:
1878 5250 2098 5318 quidam

504 5324 685 5372 autem
729 5331 860 5371 mss.
909 5316 1154 5372 ultimam
1186 5330 1401 5386 partem
1424 5317 1684 5373 exhibent
1721 5321 1772 5373 in
1817 5316 2101 5375 [mnemo-

506 5389 634 5442 dum
665 5405 678 5440 :
720 5387 967 5442 invocabo
1009 5396 1061 5441 te
1085 5429 1099 5452 ,
1130 5389 1335 5442 nomine
1383 5405 1517 5455 meo,
1551 5388 1792 5445 Domine.
1822 5404 1929 5445 etc.
1961 5391 2103 5446 LXX

510 5475 661 5538 vero,
689 5460 815 5534 Ἐγὼ
837 5461 1226 5538 ςπᾳριλε-ύσομοςι
1251 5462 1502 5538 πρρτερὸς
1525 5483 1620 5517 σου
1738 5460 1853 5533 δοξῇ
1876 5485 1998 5532 μου.
2021 5466 2105 5518 καὶ

508 5533 705 5606 καλέσω
829 5530 1037 5606 ὀνόματί
1059 5530 1165 5606 [sou
1187 5530 1428 5606 (quidam
1453 5530 1846 5606 mSS.,A69‘6paTt
1865 5530 2101 5606 Κυρίρυ).

513 5600 940 5676 negocium»
963 5600 1081 5676 aou_.
1131 5600 1286 5668 QnOd
1314 5602 1568 5676 August”
1599 5600 1806 5676 Quaest.
1837 5600 1948 5665 vet:
1974 5600 2108 5676 Tesg

518 5670 671 5726 talin.
699 5673 771 5724 ita
795 5674 958 5724 vertit
983 5689 996 5736 ;
1034 5671 1146 5739 Ego
1169 5670 1545 5728 transibo'ante
1573 5683 1637 5740 te,
1669 5673 1836 5741 gloria
1861 5689 1974 5729 mea
2002 5690 2016 5724 :
2060 5670 2107 5730 et

2203 4580 2334 4634 ritas
2356 4589 2402 4633 et
2430 4579 2534 4633 vita
2561 4577 2605 4650 (l
2633 4575 2791 4632 Joan.
2821 4590 2934 4639 xiv,
2970 4571 3051 4643 6).

2700 4667 2866 4740 629
2901 4663 3131 4722 CAPUT
3163 4660 3305 4718 xw.

2209 4765 2460 4836 Singulas
2508 4762 2780 4816 Trinitatis
2812 4775 3058 4831 personas
3089 4774 3115 4812 e
3151 4755 3315 4812 sacris
3341 4751 3592 4809 codicibus
3627 4745 3763 4836 lucent

2279 4830 2419 4920 esse;
2457 4855 2714 4925 Spiritum
2746 4830 2917 4908 autem
2961 4852 3117 4906 etiam
3145 4850 3316 4919 ignem
3354 4839 3627 4917 significari
3648 4830 3764 4905 apud

2200 5039 2390 5093 uocabo
2416 5043 2624 5092 nomine
2649 5035 2861 5092 Domini
2891 5037 2947 5089 in
2979 5041 3258 5102 conspectu
3291 5040 3398 5084 tuo.

2279 5108 2305 5145 ἀ
2339 5110 2392 5163 1η
2445 5109 2684 5164 editione
2728 5099 3172 5164 Bcnedicﬁniana
3227 5103 3310 5176 bis
3337 5102 3548 5176 'decem_
3579 5099 3756 5176 numﬂ'

2207 5180 2558 5244 omittuntur,
2586 5181 2657 5234 ita
2682 5189 2738 5234 ut
2763 5180 2937 5233 series
2962 5193 3080 5247 quae
3104 5176 3174 5251 ibi
3204 5167 3599 5251 legiturbnseﬁpj
3624 5169 3754 5251 ηιιεξξι

2208 5225 2525 5237 ν.....-η..-...
2546 5225 2558 5244 ,
2588 5225 2657 5234 ..κ
2683 5225 2738 5234 ι.-
2763 5225 2936 5233 ---.-._
2965 5225 3078 5247 τ---
3104 5225 3173 5228 η-
3206 5225 3285 5244 --ο
3405 5225 3414 5234 ,
3553 5236 3597 5251 ω
3638 5225 3647 5228 _

2206 5251 2546 5307 restituimns
2594 5251 2698 5305 hac
2744 5251 2906 5303 modo
2935 5246 3260 5317 respondeat
3300 5239 3624 5317 {1552155}:
3656 5225 3752 5287 155'

2212 5306 2344 5386 156ς
2377 5331 2432 5377 et
2462 5324 2542 5376 sic
2566 5321 2826 5392 deinceps
2848 5306 3106 5390 usque'ad
3139 5317 3300 5392 linem
3327 5314 3446 5392 libri
3469 5310 3504 5365 I.
3547 5306 3717 5392 ΕπιιλῷΔ
3743 5380 3754 5392 ⁸

2285 5403 2308 5430 ο
2333 5379 2459 5448 Vat.
2502 5392 2659 5457 edit.,
2691 5379 2946 5459 Spiritus,
2965 5386 3491 5462 quteestSabelliana
3515 5379 3752 5462 €0ll£llfl3i

2211 5480 2346 5522 mss.
2382 5465 2512 5526 duo.
2556 5449 2788 5530 Spiritus
2814 5449 2987 5533 quem.
3008 5459 3332 5533 Sabelliana_
3353 5453 3472 5533 dicit
3491 5449 3745 5533 ,εοξιίξξξίίζί

2465 5514 2667 5618 ﬁmi?
3009 5514 3271 5603 confusio.
3297 5523 3503 5594 Reliqui
3531 5529 3582 5576 et
3603 5514 3748 5571 “0m:

2209 5609 2343 5664 edit.
2378 5615 2436 5661 ut
2466 5609 2519 5660 in
2550 5614 2719 5662 textu.
