3956 6170
168 241 255 296 ’137
1276 232 1363 289 DE
1405 231 1678 291 SPIRITU
1720 242 1723 283 1

1844 232 1993 288 lCTO
2030 231 2160 288 LIB.
2204 231 2242 286 Ι.

3316 227 3424 287 758

225 353 436 416 Esaiam,
470 355 616 424 cujus
645 353 850 423 quidem
879 352 1017 423 ignis
1047 351 1100 405 in
1125 351 1324 423 Hoysis
1345 353 1495 420 rubo,
1529 356 1583 407 in
1612 354 1720 407 lin-
1751 359 1801 418 Α
1829 352 2032 422 Spiritu
2063 360 2255 407 sancto
2278 358 2334 407 et
2355 350 2461 422 igni
2496 348 2712 424 (Matth.
2747 365 2828 414 ιιι,
2868 346 2956 420 11)
2983 365 2996 413 ;
3022 347 3188 422 630
3211 357 3270 404 ut
3298 364 3422 421 gra-

219 449 319 520 guis
342 447 608 516 ﬂammeis,
638 456 685 501 et
713 447 766 499 in
794 446 995 517 lagenis
1023 444 1278 500 Gedeonis
1309 446 1478 518 ﬁgura
1505 447 1712 500 exstitit.

221 538 402 610 Negari
459 554 559 591 non
607 537 758 610 posse
817 536 1050 608 ejusdem
1098 537 1332 605 Spiritus
1375 537 1719 603 divinitatem,

217 645 323 683 cum
341 629 511 682 eadem
535 629 604 682 sit
631 631 766 701 ejus,
789 627 1103 698 quaejPatris
1120 639 1173 684 et
1202 628 1329 682 Filii
1351 629 1604 699 Operatio,
1627 645 1722 683 nec

218 738 307 776 non
332 719 586 774 Dominici
616 719 788 773 vultus
815 721 987 773 lumen
1017 719 1249 792 ignisque
1279 720 1608 790 pradicetur.

225 813 331 869 MO.
361 810 526 884 [Alias
563 828 680 882 cap.
706 809 886 883 ΧΠ]
928 812 1068 878 Quid
1097 821 1281 867 autem
1306 823 1550 867 astruam
1579 811 1724 883 quod

156 909 279 964 sicut
299 907 449 962 Pater
469 906 675 972 lumen,
701 906 775 960 ita
801 906 962 961 etiam
987 905 1156 961 Filius
1179 907 1384 973 lumen,
1413 914 1470 961 et
1489 905 1723 977 Spiritus

155 1011 347 1057 sanctus
369 1001 542 1055 lumen
569 1000 694 1054 est?
716 998 870 1067 Quod
901 1001 1090 1070 utique
1110 998 1310 1054 divina:
1339 997 1597 1070 potentia:
1617 1007 1720 1054 est.

157 1093 281 1148 Deus
307 1093 445 1148 enim
474 1091 568 1146 lux
616 1100 724 1156 est,
756 1092 898 1146 sicut
926 1091 1062 1146 dixit
1092 1090 1331 1146 Joannes
1358 1108 1370 1143 :
1406 1090 1543 1158 Quia
1581 1087 1724 1143 Deus

155 1190 233 1242 lux
247 1197 337 1254 est,
364 1197 410 1242 et
442 1186 659 1242 tenebra:
686 1189 740 1239 in
765 1200 824 1240 eo
851 1201 954 1239 non
983 1193 1103 1238 sunt
1131 1183 1174 1256 (l
1205 1183 1365 1240 Joan.
1401 1200 1438 1249 ι,
1472 1181 1550 1250 5).

219 1278 326 1334 Ml.
358 1277 472 1334 Lux
501 1285 686 1333 autem
714 1285 772 1333 et
795 1277 989 1340 Filius,
1020 1277 1140 1346 quia
1164 1277 1269 1330 vita
1304 1285 1414 1330 erat
1443 1274 1538 1328 lux
1557 1272 1724 1327 homi-

157 1389 278 1426 nunt.
324 1372 386 1427 Et
426 1379 484 1426 ut
509 1370 826 1426 ostenderet
869 1386 927 1426 se
958 1369 1027 1425 de
1070 1369 1167 1423 Dei
1199 1368 1339 1423 Filio
1379 1366 1722 1439 Evangelista

163 1467 370 1532 dixisse,
394 1464 547 1520 aitde
564 1463 776 1520 Joanne
796 1463 1040 1533 Baptista
1065 1481 1076 1516 :
1104 1461 1230 1516 Non
1252 1471 1366 1517 erat
1391 1463 1481 1516 ille
1505 1463 1618 1529 lux,
1633 1461 1725 1515 sed

157 1571 201 1613 at
215 1559 542 1614 testimonium
559 1557 846 1628 perhiberet
869 1558 934 1610 de
953 1557 1166 1611 lumine.
1188 1554 1318 1609 Erat
1341 1555 1434 1608 tua:
1453 1571 1593 1621 vera,
1609 1569 1725 1626 quia

155 1655 385 1709 illuminat
407 1669 606 1708 omnem
625 1654 884 1707 hominem
915 1652 1202 1706 venientem
1225 1650 1277 1704 in
1298 1651 1436 1704 [tunc
1468 1648 1723 1703 mundum

1829 444 1954 496 tiam
1985 442 2276 509 tribueret,
2325 453 2541 512 peccata
2572 451 2946 499 consumeret.
2977 441 3117 512 Ergo
3159 442 3210 496 in
3242 443 3425 512 specie

1826 537 1965 606 ignis
1989 538 2136 592 Deus
2162 545 2353 592 servat
2381 536 2742 607 propositum.

1897 632 2023 688 146.
2067 633 2122 686 1η
2169 632 2643 703 Actibusfquoque
2687 631 3060 702 apostolorum
3103 647 3229 686 cum
3257 645 3421 700 supra

1827 724 2018 781 ﬁdeles
2063 724 2302 794 Spiritus
2339 733 2560 781 sanctus
2589 725 2981 791 descendisset,
3032 725 3171 796 ignis
3213 724 3426 793 species

1825 817 2118 873 videbatur
2146 835 2160 881 ;
2206 818 2284 873 sic
2315 817 2458 872 enim
2506 816 2717 872 habes:
2753 815 2822 870 Et
2860 820 3026 888 factus
3056 828 3130 872 est
3160 818 3329 871 subito
3360 817 3426 872 de

1825 911 1954 964 caelo
1979 927 2154 977 sonus,
2210 919 2472 981 tamquam
2513 913 2560 964 vi
2602 926 2792 981 magna
2823 910 3055 980 Spiritus
3098 914 3354 980 ferretur;
3379 919 3427 964 et

1825 1005 2035 1073 replevit
2062 1014 2219 1058 totam
2243 1005 2478 1072 domum,
2510 1003 2598 1058 ubi
2625 1015 2772 1058 erant
2801 1004 3135 1060 sedentes:et
3160 1005 3285 1058 visa
3308 1011 3428 1058 sunt

1823 1098 1931 1152 illis
1961 1099 2208 1169 dispersa:
2231 1099 2424 1170 linguae
2451 1108 2710 1170 tamquam
2736 1100 2870 1171 ignis
2902 1099 3039 1172 (Act.
3073 1114 3130 1165 ιι,
3163 1099 3221 1166 2,
3247 1099 3326 1168 5).

1900 1190 2022 1247 147.
2055 1192 2208 1248 Unde
2229 1201 2285 1248 et
2305 1192 2437 1248 illud
2459 1194 2678 1264 quando
2699 1193 2920 1249 Gedeon
2944 1201 3299 1263 superaturus
3317 1193 3428 1249 Ma-

1824 1285 1974 1350 dian,
2023 1295 2302 1342 trecentos
2341 1287 2490 1343 viros
2519 1288 2686 1359 jussit
2723 1287 2945 1360 hydrias
2988 1275 3229 1354 sumere,
3278 1287 3419 1343 etin

1825 1377 2035 1450 hydriis
2066 1381 2211 1436 faces
2235 1395 2494 1437 accensas
2538 1381 2756 1447 habere,
2791 1389 2846 1437 et
2876 1381 2928 1436 in
2977 1379 3188 1436 dextris
3233 1389 3424 1436 tenere

1825 1472 1983 1528 tubas
2013 1471 2214 1543 (ludia.
2247 1491 2342 1541 vn,
2371 1475 2500 1547 l6);
2535 1476 2606 1530 ita
2649 1477 2819 1530 nostri
2851 1485 3135 1546 acceptum
3179 1475 3247 1530 ab
3288 1489 3423 1545 apo-

1825 1567 1980 1622 stolis
2006 1582 2296 1624 servavere
2323 1569 2578 1639 majores,
2613 1570 2756 1641 quod
2790 1569 2996 1642 hydria:
3027 1579 3153 1626 sunt
3195 1585 3427 1642 corpora

1826 1667 2037 1725 nostra,
2074 1659 2297 1730 ﬁgurata
2329 1672 2350 1698 ο
2377 1661 2446 1715 de
2477 1661 2606 1715 limo
2628 1677 2749 1732 quae
2781 1661 2971 1716 timere
2997 1676 3103 1717 non
3131 1670 3354 1728 norunt,
3381 1663 3428 1717 si

156 1749 367 1820 (loan.1,
385 1750 439 1817 8,
459 1749 545 1821 9).
569 1751 712 1821 Ergo
727 1750 858 1821 quia
879 1751 1020 1805 Deus
1043 1750 1133 1803 lux
1151 1757 1257 1814 est,
1277 1749 1368 1803 lux
1389 1756 1570 1803 autem
1591 1761 1722 1802 vera
1752 1743 1801 1804 B
1828 1749 2042 1806 fervore
2066 1751 2256 1820 gratias
2300 1753 2562 1823 spiritalis
2609 1755 2910 1824 ignescunt,
2945 1763 2998 1809 et
3037 1754 3168 1810 Jesu
3211 1753 3428 1811 Domini

153 1852 222 1897 est
244 1843 333 1899 Dei
356 1843 529 1899 Filius
561 1861 574 1896 :
600 1843 721 1898 sine
743 1842 910 1898 dubio
930 1842 1078 1898 Deus
1100 1856 1264 1897 verus
1277 1849 1363 1896 est
1391 1841 1486 1896 Dei
1520 1840 1718 1897 Filius.

209 1936 321 1992 M2.
355 1936 536 1992 Habes
566 1945 622 1992 et
655 1936 782 1991 alibi
825 1936 948 2006 quia
981 1934 1154 1990 Filius
1186 1934 1284 1990 Dei
1325 1934 1417 1988 lux
1450 1942 1572 1989 est:
1613 1931 1721 1988 Po-

154 2029 281 2098 pulus
303 2030 388 2101 qui
406 2030 616 2084 sedebat
640 2030 694 2083 in
719 2029 938 2084 tenebris
962 2037 1009 2083 et
1037 2029 1091 2082 in
1113 2028 1295 2082 umbra
1322 2028 1520 2092 mortis,
1550 2026 1720 2082 lucem

150 2121 253 2175 vidit
279 2137 514 2194 magnam
547 2119 721 2190 (Esai.
753 2135 828 2186 rx,
864 2119 944 2190 2).
975 2119 1115 2188 Quid
1147 2127 1331 2174 autem
1362 2119 1466 2174 hoc
1494 2117 1721 2173 eviden-

153 2215 256 2281 tius,
285 2214 420 2286 quod
451 2215 567 2270 ait:
600 2213 860 2282 Quoniam
886 2215 1027 2283 apud
1056 2223 1104 2268 te
1125 2225 1202 2268 est
1245 2218 1364 2284 fons
1404 2214 1543 2280 vitae,
1573 2222 1622 2268 et
1662 2213 1718 2268 in

155 2309 324 2363 tantine
343 2318 426 2364 tuo
449 2308 740 2363 videbimus
764 2309 935 2362 lumen
958 2304 1134 2378 (Psal.
1150 2304 1454 2378 xxxv,10)?
1478 2305 1590 2361 Hoc
1611 2315 1718 2373 est,

147 2401 269 2470 quod
289 2403 426 2472 apud
454 2411 536 2466 te,
563 2401 708 2457 Deus
734 2400 1081 2471 omnipotens
1108 2399 1289 2466 Pater,
1322 2398 1415 2470 qui
1447 2397 1572 2454 l'ons
1596 2399 1721 2453 vitae

148 2511 215 2558 es,
244 2499 290 2552 in
319 2506 344 2534 ει
369 2496 582 2552 lumine
613 2504 706 2550 tuo
737 2495 900 2561 Filio,
933 2494 1116 2549 lumen
1143 2492 1445 2549 videbimus
1486 2491 1722 2562 Spiritus

149 2590 317 2645 sancti.
344 2591 502 2646 Sicut
534 2591 654 2661 ipse
685 2589 948 2645 Dominus
967 2587 1211 2644 ostendit
1239 2587 1428 2642 dicens
1454 2603 1468 2640 :
1491 2587 1722 2658 Accipite

148 2683 378 2753 Spiritum
397 2695 642 2741 sanctum
673 2682 853 2754 (Joan.
885 2699 975 2749 xx,
1007 2682 1101 2752 22)
1126 2699 1141 2748 ;
1169 2689 1225 2737 ct
1263 2681 1392 2737 alibi
1421 2697 1433 2734 :
1464 2679 1532 2758 Et
1557 2674 1722 2736 virtus

148 2779 291 2832 exibat
320 2780 381 2834 de
401 2795 459 2834 eo
491 2777 653 2850 (Luc.
682 2791 758 2844 Vl,
792 2775 908 2848 19).

209 2869 314 2927 145.
341 2870 526 2941 Ipsum
554 2878 736 2926 autem
758 2868 977 2924 Patrem
1001 2868 1124 2939 quis
1145 2867 1356 2924 dubitet
1375 2868 1550 2923 lucem
1575 2881 1718 2932 esse,

149 2977 248 3017 cum
273 2965 462 3020 lectum
497 2963 576 3019 sit
599 2962 669 3019 de
705 2961 846 3018 Filio
875 2961 995 3031 ejus
1025 2961 1151 3032 quia
1193 2961 1453 3031 splendor
1485 2960 1553 3016 sit
1582 2961 1722 3015 lucis

149 3066 339 3111 acterna:
365 3056 561 3129 (Hebr.
597 3071 638 3122 ι,
669 3054 760 3125 5)?
794 3052 964 3124 Cujus
992 3054 1138 3108 enim
1180 3053 1282 3108 nisi
1313 3052 1487 3106 Patris
1526 3051 1720 3106 aeterni

1825 1845 2138 1911 passionem
2166 1861 2368 1900 canora
2397 1846 2549 1902 vocis
2573 1846 2919 1902 confessione
2951 1855 3238 1904 testentur.

1902 1936 2023 1992 M8.
2053 1936 2186 2004 Quis
2211 1937 2377 2007 igitur
2405 1938 2474 1994 de
2500 1939 2794 1995 divinitate
2813 1939 2988 1996 sancti
3018 1939 3253 2010 Spiritus
3274 1939 3432 1996 dubi-

1825 2042 1922 2100 tet,
1945 2049 2067 2089 cum
2097 2035 2184 2089 ubi
2208 2035 2444 2106 Spiritus
2464 2036 2636 2106 gratia
2662 2037 2754 2102 sit,
2791 2037 2862 2092 ibi
2893 2037 3105 2108 species
3129 2035 3430 2093 divinitatis

1821 2127 2124 2205 appareat?
2145 2127 2264 2194 Quo
2285 2128 2602 2184 testimonio
2624 2143 2733 2182 non
2757 2127 3154 2196 diversitatem,
3187 2127 3282 2183 sed
3308 2127 3429 2182 unis

1824 2227 1988 2274 tatem
2021 2218 2220 2274 divinae
2244 2219 2551 2289 colligimus
2580 2220 2882 2289 potestatis.
2912 2219 3043 2275 Nam
3067 2219 3423 2290 quemadmo-

1823 2308 1952 2365 dum
2010 2320 2192 2381 potest
2229 2325 2351 2366 esse
2391 2310 2654 2365 discretio
2681 2310 2997 2380 potestatis,
3059 2309 3152 2365 ubi
3194 2323 3332 2365 unus
3364 2310 3418 2364 in

1824 2403 2078 2459 omnibus
2105 2402 2443 2472 operationis
2470 2402 2696 2458 etl‘ectus
2719 2402 2846 2459 est?
2874 2402 3060 2472 Neque
3082 2416 3217 2457 vero
3243 2411 3429 2471 potest

1824 2509 1947 2551 esse
1975 2495 2146 2565 gratia
2173 2503 2668 2564 sacramentorum,
2693 2495 2798 2552 nisi
2825 2495 2912 2551 ubi
2939 2493 3100 2552 fuerit
3119 2494 3274 2550 venia
3303 2509 3426 2565 pec-

1824 2595 2090 2642 calorum.

1897 2681 2021 2737 M9.
2047 2681 2180 2750 Quis
2210 2689 2294 2736 est
2315 2681 2479 2753 igitur
2500 2682 2602 2737 iste
2630 2680 2802 2750 ignis?
2820 2679 2935 2736 Non
2960 2681 3146 2751 utique
3169 2679 3424 2752 virgultis

1824 2774 2018 2830 vilibus
2047 2783 2356 2840 concretus,
2385 2781 2481 2828 aut
2506 2774 2704 2843 stipula
2741 2773 3004 2829 silvarum
3051 2772 3295 2843 fragosus
3337 2772 3425 2828 in-

1823 2867 2072 2923 cendiis:
2104 2866 2199 2922 sed
2228 2866 2371 2936 ignis
2399 2866 2508 2931 ille,
2543 2865 2636 2937 qui
2669 2875 2728 2920 ut
2756 2880 2949 2921 aurum
2980 2867 3119 2920 bona
3142 2863 3283 2920 facta
3312 2879 3429 2922 me-

1827 2957 2005 3027 liorat,
2037 2967 2091 3014 et
2117 2967 2176 3013 ut
2203 2958 2461 3029 stipulam
2503 2967 2723 3028 peccata
2762 2956 3057 3013 consumit.
3091 2956 3189 3013 llic
3215 2965 3297 3012 est
3320 2957 3432 3012 uti-

1824 3043 1934 3123 que
1976 3052 2210 3121 Spiritus
2247 3060 2498 3117 sanctus,
2546 3051 2638 3123 qui
2681 3050 2950 3106 Dominici
2995 3050 3172 3106 vultus
3194 3058 3252 3106 et
3285 3050 3429 3122 ignis

147 3149 377 3216 splendor
399 3159 487 3206 est
510 3148 708 3210 Filius.
738 3147 830 3219 qui
853 3154 1051 3203 etcum
1076 3146 1238 3201 Patre
1260 3159 1477 3215 semper
1493 3153 1598 3209 est,
1625 3158 1724 3199 nec
1753 3129 1798 3191 C
1829 3144 2133 3216 appellatur
2161 3141 2187 3180 ἀ
2219 3153 2274 3199 et
2301 3143 2489 3199 lumen
2513 3161 2525 3196 :
2557 3143 2766 3209 lumen,
2799 3142 2941 3197 sicut
2967 3157 3129 3212 supra
3160 3140 3429 3197 diximus:

149 3239 396 3309 dissimili,
430 3241 535 3299 sed
568 3239 762 3297 eadem
794 3238 1048 3295 claritate
1077 3253 1296 3309 semper
1327 3235 1656 3308 praefulget?

209 3337 317 3393 tu.
352 3337 417 3392 Et
457 3336 660 3392 Esaias
705 3331 977 3404 signiﬁcat
1021 3345 1128 3387 non
1177 3331 1352 3386 solum
1392 3331 1602 3396 lucem,
1630 3328 1727 3385 sed

149 3426 290 3483 etiam
313 3427 491 3499 ignem
526 3441 654 3482 esse
684 3425 950 3496 Spiritum
981 3433 1251 3489 sanctum,
1284 3423 1508 3480 dicens:
1537 3421 1604 3477 Et
1631 3424 1728 3476 erit

151 3519 229 3572 tua:
254 3518 416 3576 Israel
454 3521 514 3574 in
557 3519 730 3590 ignem
761 3515 936 3590 (Esai.
980 3531 1035 3583 x,
1075 3517 1186 3587 17).
1218 3516 1404 3584 Itaque
1448 3515 1728 3586 propheta:

148 3624 252 3666 eum
289 3613 461 3684 ignem
497 3610 786 3666 ardentem
815 3607 1112 3671 dixerunt;
1159 3608 1283 3677 quia
1314 3608 1368 3662 in
1402 3607 1577 3662 tribus
1608 3608 1728 3662 istis

147 3705 412 3770 generibus
441 3701 778 3774 propensius
801 3699 1144 3769 majestatem
1170 3698 1470 3755 divinitatis
1493 3699 1727 3754 adverti-

148 3808 281 3848 mus:
312 3797 572 3867 quoniam
599 3802 655 3849 et
680 3791 1049 3857 sanctiﬁcare,
1070 3791 1371 3847 divinitatis
1396 3808 1411 3856 ;
1444 3801 1499 3846 et
1524 3791 1728 3846 illumi-

147 3899 278 3952 nare,
308 3889 445 3959 ignis
474 3897 537 3944 et
560 3885 700 3940 lucis
727 3896 813 3941 est
843 3884 1126 3956 proprium
1156 3901 1168 3937 :
1203 3893 1260 3939 et
1291 3883 1346 3939 in
1375 3884 1560 3954 specie
1589 3884 1731 3955 ignis

149 3980 347 4049 exprimi
367 3983 453 4037 vel
470 3980 647 4036 videri
662 3978 860 4034 divinae
873 3977 1384 4035 estconsuetudinis
1407 3995 1418 4030 :
1440 3976 1581 4032 Deus
1593 3979 1729 4032 enim

146 4083 206 4126 est
220 4074 342 4144 ignis
361 4091 696 4140 consumens,
733 4073 876 4129 sicut
905 4073 1120 4145 Moyses
1143 4071 1280 4126 dixit
1303 4070 1490 4140 (Deut.
1512 4087 1586 4136 IV,
1607 4071 1725 4143 94).

208 4164 319 4222 145.
362 4166 506 4222 Vidit
553 4163 702 4222 enim
750 4166 866 4234 ipse
898 4164 953 4220 in
985 4165 1123 4220 rubo
1161 4163 1364 4232 ignem,
1395 4172 1451 4218 et
1485 4162 1730 4219 audierat

146 4252 315 4324 Deum,
338 4267 467 4314 tunc
495 4257 717 4330 quando
746 4272 854 4312 vox
884 4257 1025 4313 facta
1049 4263 1135 4312 est
1154 4255 1223 4311 de
1250 4254 1468 4310 ﬂamma
1495 4255 1630 4327 ignis
1659 4255 1727 4311 ad

150 4361 254 4405 eum
273 4351 494 4409 dicens:
532 4352 652 4425 Ego
681 4368 796 4406 sum
823 4351 965 4406 Deus
995 4352 1282 4416 Abraham,
1307 4360 1355 4406 et
1379 4350 1520 4406 Deus
1548 4350 1724 4418 Isaac,

148 4454 185 4495 et
217 4443 346 4502 Deus
373 4447 546 4502 Jacob
581 4445 783 4517 (Exod.
818 4461 900 4510 tu,
932 4445 1047 4515 15).
1086 4444 1200 4500 Vox
1226 4459 1356 4515 ergo
1386 4443 1456 4500 de
1486 4443 1724 4512 ﬂamma,

1831 3235 2104 3307 Signatum
2133 3246 2206 3290 est
2234 3236 2288 3290 in
2311 3235 2456 3290 nobis
2485 3236 2658 3290 lumen
2685 3235 2854 3290 vultus
2882 3235 2981 3301 tui,
3005 3233 3229 3290 Domine
3247 3233 3424 3306 (Psal.

1831 3346 1902 3394 tv,
1934 3330 2010 3400 7).
2040 3328 2200 3398 Quod
2227 3339 2311 3385 est
2335 3343 2466 3398 ergo
2493 3329 2678 3384 lumen
2709 3327 3007 3399 signatum,
3040 3328 3146 3383 nisi
3186 3327 3332 3382 illius
3351 3326 3432 3382 si-

1828 3425 2043 3496 gnaculi
2076 3423 2364 3494 Spiritalis,
2413 3425 2465 3477 in
2505 3438 2614 3492 quo
2647 3423 2944 3479 credentes
2975 3422 3198 3494 signati,
3237 3421 3434 3492 inquit,

1829 3518 1952 3572 estis
1976 3516 2179 3586 Spiritu
2202 3516 2560 3587 promissionis
2581 3524 2761 3569 sancto
2788 3513 3007 3585 (Ep/tes.
3039 3530 3076 3580 ι,
3108 3515 3199 3584 13)
3227 3513 3250 3566 ?

1902 3610 2025 3664 150.
2063 3607 2232 3680 [Alias
2261 3624 2378 3677 cap.
2412 3605 2603 3678 XVIl.]
2635 3606 2702 3660 Et
2731 3607 2872 3661 sicut
2916 3605 3099 3659 lumen
3127 3613 3216 3660 est
3250 3606 3432 3662 vultus

1830 3702 2019 3767 divini,
2043 3701 2117 3756 ita
2136 3700 2297 3756 etiam
2322 3700 2459 3770 ignis
2483 3700 2678 3754 emicat
2698 3715 2766 3754 ex
2794 3699 2886 3754 Dei
2910 3699 3090 3759 vultu;
3116 3699 3241 3768 quia
3257 3699 3432 3769 scrip-

1832 3804 1942 3850 tum
1974 3803 2058 3848 est
2086 3811 2097 3846 :
2150 3792 2297 3865 Ignis
2334 3794 2387 3845 in
2417 3802 2692 3863 conspectu
2719 3794 2831 3864 ejus
2858 3790 3059 3846 ardebit
3083 3789 3259 3863 (Psal.
3283 3804 3430 3858 χιιι,

1831 3887 1911 3959 5).
1941 3897 1963 3923 ο
1997 3887 2285 3957 Praeiulget
2307 3886 2454 3941 enim
2485 3885 2659 3956 gratia
2690 3885 2798 3940 diei
2821 3884 3010 3954 judicii
3037 3926 3051 3952 ,
3085 3893 3144 3940 ut
3175 3893 3432 3956 sequatur

1829 3977 2124 4043 absolutio,
2155 3992 2276 4048 quae
2303 3984 2616 4032 sanctorum
2651 3985 3036 4030 remuneretur
3085 3975 3429 4047 obsequium.

1831 4070 1875 4126 0
1903 4085 2098 4140 magna
2128 4067 2456 4124 abundantia
2481 4067 2909 4137 Seripturarum,
2936 4083 3100 4138 quam
3125 4084 3284 4123 nemo
3309 4084 3434 4138 pos-
3505 4124 3508 4126 γ

1831 4164 1900 4219 sit
1926 4163 2166 4218 humano
2195 4162 2410 4235 ingenio
2431 4161 2930 4234 comprehendere!
2954 4160 3000 4217 Ο
3025 4161 3322 4218 maximum
3344 4163 3430 4218 di-

1805 4241 1970 4312 'vinze
1997 4256 2216 4314 unitatis
2245 4256 2501 4312 indicium
2527 4258 2541 4312 !
2570 4255 2666 4312 llis
2695 4255 2843 4312 enim
2867 4254 2885 4293 ί
2912 4255 3125 4312 duobus
3145 4255 3434 4312 versiculis

1830 4364 1989 4420 quam
2021 4352 2192 4406 multa
2221 4349 2538 4420 signantur!

2436 4441 2665 4500 CAPUT
2696 4441 2786 4498 XV
2801 4484 2814 4496 .

149 4545 192 4590 et
215 4538 261 4594 in
298 4542 436 4598 rubo
477 4510 723 4604 ﬂamma,
768 4547 824 4595 et
851 4510 1067 4594 ﬂamma
1099 4553 1208 4594 non
1241 4510 1424 4594 noxia.
1457 4510 1730 4594 Urebatur
1753 4510 1807 4570 D
1836 4536 2093 4606 Spiritum
2141 4544 2380 4592 sanctum
2412 4551 2554 4606 atque
2600 4553 2662 4590 ac
2709 4535 2927 4593 Patrem
2955 4547 3002 4591 ct
3049 4535 3096 4590 F
3100 4538 3250 4592 ilium
3281 4537 3440 4591 vitam

147 4631 269 4686 enim
297 4633 486 4703 rubus,
523 4642 716 4690 etnon
755 4626 1127 4697 exurebatur;
1172 4646 1240 4686 eo
1270 4630 1415 4702 quod
1446 4631 1540 4687 illo
1579 4646 1728 4706 mys-

150 4723 266 4778 terio
303 4726 574 4782 Dominus
623 4725 887 4796 ﬁguraret
923 4723 1049 4796 quia
1090 4724 1500 4780 illuminaturus
1540 4725 1726 4796 spinas

146 4820 294 4874 nostri
309 4821 564 4892 corporis
577 4819 894 4875 adveniret:
914 4815 943 4856 ι’
965 4831 1064 4873 nec
1077 4828 1506 4888 consumpturus
1524 4835 1724 4875 mrum-

143 4921 308 4978 nosos,
336 4913 436 4970 sed
474 4912 830 4983 mitigaturus
857 4925 1132 4966 aerumnas
1158 4929 1170 4964 :
1213 4910 1305 4981 qui
1334 4911 1636 4982 haptizaret
1667 4912 1720 4966 in

149 5138 158 5148 .
204 5079 235 5148 ‘_
255 5072 327 5148 Ita
347 5089 546 5148 omnes
546 5073 703 5148 _edit.
731 5082 788 5148 et
809 5073 997 5148 plures
1026 5087 1191 5136 mss.;
1222 5071 1319 5148 sed
1341 5071 1432 5126 alii
1457 5071 1727 5148 nonnulli,

143 5143 192 5213 in
217 5143 397 5201 tantine
421 5147 501 5200 tui
534 5144 664 5200 Filii
692 5145 980 5199 videbimus
1010 5153 1120 5200 elc'
1150 5160 1164 5210 ;
1194 5144 1413 5213 quidam
1443 5145 1628 5208 etiam,
1663 5143 1730 5199 In

144 5211 318 5286 fundite
345 5227 435 5272 tuo
463 5215 596 5271 Filii
624 5217 796 5271 lumen
822 5216 1052 5270 videmus
1077 5226 1123 5269 et
1151 5211 1382 5286 Spiritus
1409 5215 1594 5268 sancti.

169 5349 180 5362 .
203 5281 228 5320 δ
252 5285 375 5340 Mss.
398 5290 634 5362 aliquot,
661 5304 755 5342 nec
782 5297 1182 5358 consumpturus
1195 5281 1486 5351 'termnnas,
1513 5286 1603 5340 sed
1635 5287 1729 5339 mi-

146 5360 386 5428 tigaturus
410 5375 430 5414 :
459 5360 573 5428 qui,
597 5369 704 5414 etc.

207 5434 230 5463 α
259 5425 383 5484 Mss.
416 5425 649 5502 aliquot,
691 5430 897 5502 signata
933 5429 997 5482 de
1033 5429 1180 5492 limo,
1209 5443 1326 5502 qua:
1358 5443 1516 5502 opera
1554 5437 1728 5502 tenere

146 5506 234 5548 non
280 5510 490 5567 norunt,
519 5498 625 5555 nisi
652 5498 874 5572 fervore,
899 5509 1031 5564 etc.;
1084 5499 1329 5553 nonnulli
1371 5499 1486 5572 alii,
1522 5499 1592 5572 de
1621 5498 1729 5558 limi

145 5577 524 5642 Operetencra,
555 5571 668 5642 quae
717 5581 968 5626 tumorem
1007 5586 1108 5624 non
1156 5579 1380 5642 norunt,
1429 5571 1474 5624 si
1504 5571 1724 5639 fervore,

145 5642 262 5714 τιμε-ς
293 5641 486 5714 reliqui
535 5641 588 5697 et
624 5641 754 5697 edit.
789 5643 840 5696 in
879 5651 1118 5696 nostram
1144 5641 1453 5714 (lectionem
1502 5656 1736 5714 consen-

149 5711 293 5783 tiunt.
325 5711 476 5767 llanc
509 5729 672 5780 porro
707 5714 1108 5783 expositionem
1142 5712 1456 5783 lagenarum
1491 5727 1554 5765 ac
1585 5712 1734 5783 facu-

146 5773 329 5848 lam".
359 5773 562 5856 quibus
586 5773 809 5844 Gedeoit
853 5801 982 5844 usus
1020 5773 1242 5856 legitur,
1286 5781 1536 5838 invenies
1562 5782 1728 5840 etiam

1906 4645 2013 4684 esse
2035 4645 2056 4693 ;
2084 4629 2241 4685 immo
2264 4645 2380 4685 vero
2408 4630 2513 4684 sive
2554 4627 2716 4683 Pater
2746 4629 3089 4701 intelligatur,
3123 4630 3266 4700 apud
3284 4646 3436 4702 quem

1908 4731 1981 4777 est
2003 4723 2121 4791 fons
2157 4724 2276 4778 vita:
2299 4763 2317 4789 ,
2348 4724 2452 4777 sive
2495 4723 2700 4789 Filius,
2724 4729 2924 4794 fontem
2970 4726 3121 4780 illum
3162 4726 3311 4781 aliud
3337 4743 3442 4782 non

1901 4832 2009 4870 esse
2033 4831 2188 4887 quam
2210 4815 2497 4886 Spiritum.

1837 4991 1848 4998 .
1903 4907 2026 4964 151.
2061 4905 2228 4977 [Alias
2249 4923 2367 4978 cap.
2399 4906 2612 4986 XVlll.]
2641 4909 2888 4969 Diximus
2917 4913 3044 4983 quia
3087 4914 3177 4970 lux
3216 4924 3302 4972 est
3327 4916 3435 4972 Pa-

1838 5067 1977 5138 apud
2025 5065 2317 5147 origenem
2361 5067 2578 5147 hom.__t_)
2617 5071 2670 5125 in
2703 5071 2800 5127 lib.
2830 5073 3036 5147 ludia,
3069 5076 3436 5147 Augustinum

1836 5137 2031 5212 quaest.
2064 5137 2136 5193 49
2161 5139 2211 5192 in
2241 5140 2492 5196 eumdem
2519 5142 2742 5210 librum,
2769 5151 2825 5200 et
2861 5137 3188 5215 Gregorium
3234 5148 3302 5203 M.
3337 5149 3436 5206 lib.

1839 5209 2283 5267 xxx‘Moralium.
2319 5222 2426 5267 etc.

1907 5281 1932 5362 (ξ
1967 5280 2154 5362 ᾼΙὺὶιι.
2190 5281 2341 5362 co_d_.,
2394 5294 2442 5338 et
2475 5285 2694 5352 lumen;
2735 5287 2862 5357 quia
2902 5287 3074 5341 lumen
3102 5286 3202 5344 Dei
3238 5292 3437 5362 vultus,

1838 5353 2068 5425 Spiritus
2093 5353 2257 5406 sancti
2287 5353 2462 5410 lumen
2486 5367 2580 5412 est.

1913 5435 1942 5505 εξ
1965 5423 2096 5478 Mss.
2121 5426 2388 5505 non-nulli,
2419 5425 2778 5505 frwfulgurat
2804 5429 2940 5505 enim
2963 5430 3133 5505 gratia
3157 5430 3257 5505 Dei
3277 5433 3330 5487 in
3341 5437 3440 5505 ju-

1835 5496 1972 5549 dicio
1996 5510 2036 5575 g.
2055 5495 2339 5575 cteteriuut
2370 5496 2484 5552 edit
2506 5495 2553 5566 .,'
2576 5495 2680 5554 nisi
2701 5499 2845 5570 quod
2869 5499 2922 5552 in
2949 5495 3274 5568 quibusdam
3305 5495 3442 5575 légi—

1839 5576 1945 5637 tur,
1980 5566 2066 5637 die
2080 5566 2298 5637 judicii.

1915 5636 1934 5675 ί
1970 5636 2227 5711 Nonnulli
2261 5653 2417 5711 mss,
2449 5639 2649 5711 duobus
2678 5641 2904 5696 versibus
2925 5656 3080 5711 quam
3109 5643 3278 5699 multa
3306 5645 3443 5703 desi-

1837 5708 1989 5780 gnari
2019 5707 2293 5778 diximus!
2324 5709 2460 5774 Quia
2489 5709 2601 5778 lux,
2635 5719 2741 5768 etc.
