3932 6176
563 283 671 340 745

1887 273 2130 330 SANCTI
2171 303 2179 328 l

2288 271 2492 328 3ROSII
3729 275 3784 330 74
3797 279 3811 331 ι

635 391 876 448 incidisse
916 387 1253 446 calamitates.
1289 386 1428 454 quod
1460 386 1700 442 resecatis
1731 385 1936 456 capillis
1978 403 2041 440 ne
2070 387 2164 439 tri-
2191 390 2243 448 Α
2266 386 2396 454 25).
2442 385 2509 439 Et
2549 384 2673 440 ideo
2701 383 2938 440 futurum
2967 385 3274 455 praevidens
3301 397 3721 458 sacramentum,
3761 409 3813 450 ex

639 487 845 548 (matur,
877 477 1138 550 spiritales
1193 480 1405 534 illorum
1459 480 1865 550 signiﬁcationes
1926 481 2166 549 proponit

640 577 962 633 Ambrosius.

643 671 695 724 l.
727 667 839 723 Etsi
876 667 930 722 in
984 666 1123 722 libro
1167 665 1340 736 primo
1394 667 1594 722 veteris
1645 667 1884 721 historiae
1933 666 2169 721 lectione

570 776 593 803 ⁸
629 762 954 834 patefactum
979 761 1089 826 sit;
1131 761 1258 816 etin
1308 761 1440 831 ipsis
1481 760 1753 830 judicibns
1799 768 2042 816 veterum
2069 759 2168 814 Ju-

567 858 808 914 daeorum
837 854 1172 924 septiformis
1210 855 1440 924 gratiam
1482 854 1719 924 Spiritus
1755 854 2067 921 relulsisse,
2117 861 2172 908 et

569 965 665 1021 per
711 948 974 1019 Spiritum
1042 955 1288 1002 sanetum
1343 946 1647 1002 caelestium
1705 957 2171 1003 sacramentorum

570 1043 814 1098 revelata
847 1040 1128 1112 mysteria,
1157 1055 1321 1110 quem
1346 1039 1558 1112 Moyses
1581 1055 1688 1094 non
1713 1041 1986 1110 ignoravit
2006 1049 2172 1095 aster-

569 1150 720 1191 num.
776 1133 1023 1202 Denique
1068 1133 1251 1187 statim
1309 1132 1360 1186 in
1414 1133 1686 1202 principio
1742 1132 1952 1197 mundi,
2007 1133 2174 1187 immo

570 1236 699 1284 ante
732 1224 1078 1297 principium,
1108 1240 1230 1280 cum
1265 1225 1380 1279 Deo
1407 1224 1607 1295 junxit,
1639 1241 1799 1297 quem
1836 1235 1963 1282 ante
1990 1226 2175 1283 mundi

574 1319 900 1392 principium
929 1319 1328 1388 sempiternum
1356 1333 1480 1374 esse
1519 1322 1796 1389 cognovit.
1828 1318 2074 1389 Namque
2129 1319 2175 1373 si

572 1414 697 1486 quis
723 1412 1013 1483 diligenter
1049 1409 1216 1482 635.
1252 1410 1524 1474 advertat,
1579 1419 1634 1465 et
1674 1411 1891 1466 Patrem
1925 1411 1976 1465 in
2031 1409 2180 1479 prin-

572 1507 719 1578 cipio
767 1515 823 1562 et
873 1505 1067 1560 Filium
1117 1513 1416 1574 cognoscet
1469 1514 1526 1560 et
1555 1503 1841 1575 Spiritum.
1898 1505 1974 1559 De
2020 1504 2179 1560 Patre

2269 481 2592 552 alienigenis
2622 480 2882 552 poscebat
2925 495 3149 537 uxorem
3187 480 3390 551 (ludio.
3416 500 3530 551 xiv,
3551 487 3576 540 l
3601 495 3646 540 et
3668 488 3778 559 ειη.)
3804 506 3814 541 :

2269 576 2409 645 quod
2443 575 2601 630 Pater
2648 575 2767 641 eius
2796 590 2858 630 ac
2885 584 3078 641 mater,
3115 584 3171 630 ut
3218 577 3477 646 scriptum
3508 587 3608 640 est,
3641 581 3818 650 ignora-

2271 667 2399 724 bant
2417 708 2432 734 ,
2474 669 2728 738 quoniam
2759 681 2788 721 a
2814 666 3044 723 Domino
3071 677 3175 723 est.
3207 668 3503 740 Meritoque
3531 669 3711 725 fortior
3734 687 3817 726 ea-

2274 758 2404 814 teris
2428 759 2746 825 habebatur,
2767 760 2891 831 quia
2915 775 3038 816 eum
3067 761 3303 831 Spiritus
3326 762 3537 817 Domini
3559 762 3820 835 dirigebat,

2273 865 2382 922 quo
2402 851 2560 915 duce,
2592 851 2745 908 solus
2769 869 2912 910 nunc
2933 854 3353 925 alienigenarum
3376 855 3591 926 fugabat
3614 859 3820 928 populos,

2275 961 2418 1002 nunc
2448 947 2661 1003 leonem
2693 963 2875 1003 morsu
2922 948 3273 1012 inviolabilis,
3308 949 3617 1006 fortitudine
3647 953 3824 1023 insupe-

2275 1041 2483 1109 rabilis,
2503 1042 2838 1113 discerptum
2866 1044 3112 1099 manibus
3136 1045 3409 1101 dividebat
3433 1045 3822 1118 (lbid.5etseq.).

2278 1133 2494 1189 Utinam
2545 1143 2652 1190 tam
2693 1145 2888 1191 cautus
2933 1137 3000 1191 ad
3045 1138 3373 1194 servandam
3410 1139 3665 1210 gratiam,
3697 1157 3824 1210 quant

2278 1227 2433 1283 fortis
2459 1228 2524 1283 ad
2553 1231 2912 1300 superandam
2944 1230 3171 1287 bestiam
3205 1232 3218 1286 ι

2350 1322 2405 1375 6.
2445 1320 2515 1375 Ει
2545 1321 2772 1378 fortasse
2804 1323 2906 1378 ltoc
2935 1339 3042 1378 non
3069 1325 3245 1379 solum
3279 1323 3500 1380 virtutis
3529 1325 3826 1393 miraculum,

2281 1413 2375 1468 sed
2403 1415 2567 1468 etiam
2590 1416 2875 1484 sapientim
2898 1419 3240 1487 mysterium,
3271 1419 3572 1489 prophetiae
3600 1421 3830 1475 oraculum

2281 1501 2400 1560 fuit.
2434 1502 2619 1573 Neque
2650 1505 2794 1560 enim
2817 1506 3050 1578 otiosum
3081 1508 3293 1563 videtur
3313 1509 3456 1580 quod
3479 1523 3597 1565 cum
3629 1511 3832 1566 tenderet

573 1601 719 1660 enim
753 1601 1017 1670 scriptum
1046 1607 1130 1654 est
1164 1615 1177 1651 :
1211 1596 1277 1652 In
1316 1598 1572 1669 principio
1601 1599 1722 1669 fecit
1749 1596 1893 1652 Deus
1925 1598 2107 1651 cretum
2133 1607 2180 1651 et
2281 1594 2347 1649 ad
2382 1596 2696 1667 mysterium
2729 1599 3075 1670 nuptiarum,
3109 1601 3196 1655 leo
3246 1601 3465 1672 rugiens
3511 1604 3729 1658 occurrit
3762 1603 3829 1667 ei,

575 1705 765 1748 terram
798 1690 952 1762 (Gen.
985 1707 1024 1757 ι,
1052 1691 1107 1758 1,
1132 1689 1216 1760 2).
1244 1690 1320 1744 De
1342 1690 1546 1760 Spiritu
1571 1689 1775 1744 dictum
1800 1695 1918 1743 est:
1951 1687 2181 1758 Spiritus
2283 1702 2443 1757 quem
2494 1689 2744 1744 manibus
2787 1691 2877 1746 ille
2908 1691 3228 1762 discerpsit,
3263 1694 3316 1749 in
3353 1696 3510 1766 cujus
3553 1711 3789 1767 corpore,
3816 1708 3829 1733 ί

576 1784 992 1858 super-ferebatur
1013 1798 1166 1852 super
1190 1798 1351 1872 aquas
1384 1779 1572 1852 (lbid.,
1594 1779 1674 1851 4).
1707 1779 1776 1834 Et
1797 1779 1935 1834 bene
1953 1781 2006 1834 in
2024 1794 2184 1872 exorf
2214 1781 2261 1839 B
2288 1785 2560 1840 connubio
2606 1787 2872 1872 petiturus
2906 1797 3092 1856 Optato
3114 1830 3128 1854 ,
3183 1790 3652 1860 congregationem
3704 1806 3832 1860 apum

577 1879 670 1935 dio
709 1886 976 1934 creaturae
1044 1870 1298 1946 baptismi
1362 1875 1531 1944 figura
1588 1876 1852 1944 signatur,
1913 1888 2010 1942 per
2037 1870 2181 1941 quod

578 1972 772 2028 habuit
829 1977 1080 2026 creatura
1122 1965 1392 2024 mundari.
1447 1965 1672 2021 Lectum
1723 1966 1888 2021 etiam
1927 1963 1994 2018 de
2043 1962 2183 2018 Filio

576 2067 724 2138 quod
770 2065 890 2136 ipse
935 2073 1039 2129 est,
1071 2062 1164 2133 qui
1195 2059 1457 2116 discrevit
1486 2058 1630 2114 inter
1665 2057 1902 2113 medium
1959 2055 2099 2112 lucis
2130 2065 2186 2110 et

579 2157 964 2220 tenebrarum;
996 2169 1136 2210 unus
1180 2163 1265 2209 est
1291 2152 1436 2208 enim
1468 2151 1614 2207 Deus
1643 2151 1803 2207 Pater
1823 2149 1915 2221 qui
1941 2149 2096 2213 dicit,
2129 2156 2185 2202 et

580 2267 721 2308 unus
743 2250 1009 2307 Dominus
1032 2249 1197 2305 Jesus
1227 2246 1318 2317 qui
1347 2246 1493 2302 facit.

655 2345 712 2400 2.
741 2343 851 2401 Sed
875 2357 942 2398 ne
962 2356 1153 2397 rursus
1181 2338 1207 2378 δ
1234 2349 1326 2394 aut
1355 2351 1614 2410 arrogans
1645 2346 1801 2408 putes
1827 2335 2060 2392 dicentis
2080 2335 2182 2389 in:-

580 2441 817 2514 perium,
848 2447 940 2494 aut
981 2437 1088 2492 vile
1126 2434 1378 2490 facientis
1401 2433 1758 2504 obsequium;
1790 2431 2053 2502 aequalem
2081 2428 2184 2483 sibi

582 2535 744 2590 Pater
793 2529 988 2587 Filium
1033 2528 1328 2584 confitetur
1357 2525 1543 2596 operis
1575 2524 1786 2579 unitate
1816 2523 2005 2578 dicens
2031 2539 2044 2575 :
2078 2519 2185 2575 Fa-

583 2628 779 2681 ciamus
826 2623 1084 2678 hominem
1114 2621 1183 2674 ad
1221 2620 1499 2692 imaginem
1529 2629 1577 2672 et
1607 2617 1998 2673 similitudinem
2058 2631 2184 2668 nos-

544 2739 550 2746 ·
585 2731 722 2774 tram
757 2715 949 2790 (Ibid.,
980 2713 1097 2786 26).
1140 2714 1322 2781 imago
1365 2713 1510 2766 enim
1542 2719 1599 2766 et
1624 2709 1868 2779 operatio
1897 2718 1951 2763 et
1997 2707 2187 2762 simili-

585 2808 718 2864 tudo
748 2807 1058 2862 communis
1114 2804 1243 2874 quid
1274 2801 1425 2858 aliud
1459 2802 1560 2856 nisi
1597 2800 1899 2870 majestatis
1938 2797 2182 2870 ejusdem

583 2898 856 2970 signiﬁcat
873 2895 1134 2951 unitatem
1155 2896 1178 2947 ?

657 2992 711 3046 5.
755 2989 958 3045 Tamen
1006 2997 1066 3042 ut
1096 2986 1458 3057 aequalitatem
1495 2983 1711 3055 plenius
1741 2983 1921 3038 Patris
1951 2981 2184 3052 riliiqne

585 3095 910 3154 cognoscas,
965 3080 1109 3134 sicut
1157 3077 1474 3134 dixitPater
1513 3086 1566 3132 et
1608 3076 1780 3132 Filius
1812 3076 1972 3140 fecit;
2020 3076 2094 3130 ita
2130 3085 2185 3130 et

2285 1876 2508 1945 reperit,
2539 1885 2595 1932 et
2618 1877 2721 1932 mel
2755 1877 2972 1932 sustulit
2998 1879 3068 1934 de
3085 1894 3180 1935 ore
3207 1880 3350 1950 ejus,
3375 1881 3519 1951 quod
3544 1880 3679 1936 Patri
3704 1882 3834 1936 eden-

2283 1968 2409 2022 dum
2439 1970 2706 2039 matrique
2738 1971 2921 2025 tribuit
2943 1969 3134 2039 (lbid.,
3156 1971 3189 2027 8
3219 1982 3268 2027 et
3298 1972 3459 2043 seq.).
3492 1972 3833 2043 Habebatgen-

2286 2059 2416 2112 tium
2442 2059 2672 2129 populus
2695 2060 2887 2126 mella,
2923 2062 3012 2132 qtti
3054 2062 3287 2118 credidit
3318 2080 3330 2116 ε
3358 2063 3454 2135 qui
3484 2064 3699 2136 populus
3736 2065 3832 2119 leti

2285 2152 2410 2205 tatis
2433 2162 2547 2206 erat
2577 2161 2726 2218 ante,
2759 2168 2900 2208 nunc
2929 2154 3128 2209 Christi
3159 2163 3263 2211 est.

2357 2245 2410 2297 7.
2453 2243 2563 2299 Nec
2614 2244 2726 2314 ipsa
2787 2246 3012 2314 quaestio
3066 2256 3220 2301 vacat
3277 2249 3664 2314 sacramentis,
3707 2263 3833 2318 quam

2285 2334 2567 2408 proposuit
2619 2337 2894 2394 sodalibus
2921 2341 3054 2404 suis,
3083 2339 3272 2396 dicens
3308 2362 3320 2395 :
3373 2341 3458 2397 De
3517 2343 3684 2399 edente
3713 2342 3832 2396 exiuit

2285 2445 2422 2498 esca,
2460 2441 2507 2486 et
2529 2428 2556 2467 ά
2583 2431 2646 2485 de
2673 2441 2875 2502 potente
2899 2433 3054 2487 exivit
3083 2434 3230 2489 dulce
3259 2432 3469 2508 (Ibid.,
3500 2435 3610 2508 M).
3641 2437 3835 2505 Denique

2286 2537 2352 2577 eo
2405 2539 2575 2594 usque
2632 2524 2881 2595 mystica,
2937 2534 2994 2579 ut
3018 2525 3189 2581 tribus
3235 2525 3435 2584 diebus
3475 2529 3592 2599 ejus
3619 2529 3834 2584 revelatio

2285 2625 2655 2686 quaereretur,
2680 2633 2800 2687 qua:
2823 2631 2928 2671 non
2958 2617 3131 2687 potuit
3157 2618 3257 2674 nisi
3288 2635 3387 2688 per
3421 2620 3578 2677 iidem
3606 2620 3833 2676 Ecclesia.

2285 2707 2374 2763 die
2396 2708 2648 2779 septima,
2665 2709 2937 2780 completo
2963 2709 3123 2781 Legis
3144 2719 3415 2782 tempore,
3439 2723 3558 2784 post
3580 2714 3833 2784 passionem

2289 2799 2501 2854 Domini
2547 2800 2798 2855 revelari.
2833 2800 2923 2856 Sic
2959 2803 3104 2856 enim
3134 2803 3324 2871 habes,
3383 2807 3510 2876 quia
3556 2814 3609 2862 et
3649 2807 3832 2876 apostoli

2288 2890 2410 2946 ideo
2440 2908 2544 2945 non
2571 2892 2941 2963 intelligebant
2964 2936 2979 2960 ,
3010 2895 3135 2964 quia
3158 2895 3315 2951 Iesus
3335 2899 3568 2954 nondum
3595 2903 3744 2971 fuerat
3766 2899 3833 2951 Ito-

2287 2985 2584 3054 noriﬁcatus
2615 2983 2794 3056 (Joan.
2830 3002 2929 3052 vn,
2957 2987 3071 3059 59).

2358 3079 2412 3132 8.
2457 3077 2613 3154 Quid,
2660 3077 2942 3149 inquiunt,
2989 3079 3194 3136 dulcius
3239 3082 3414 3149 ntelle,
3461 3094 3506 3138 et
3549 3084 3664 3154 quid
3689 3084 3831 3154 fortius

591 3147 752 3230 Pater
791 3181 1071 3244 operatur,
1117 3179 1173 3226 et
1228 3169 1398 3225 Filius
1461 3169 1616 3224 dicit.
1672 3169 1833 3222 Pater
1889 3177 2173 3238 operatur,
2208 3161 2253 3223 C
2286 3147 2596 3224 leone?'Ad
2642 3147 2762 3240 qum
2810 3170 2904 3226 ille
2942 3173 3267 3242 respondit:
3316 3147 3514 3230 Sinon
3559 3147 3832 3230 domuissetis

591 3267 737 3322 sicut
765 3266 1030 3333 scriptum
1073 3273 1158 3319 est
1195 3280 1208 3316 :
1251 3261 1412 3317 Pater
1467 3278 1610 3316 meus
1655 3278 1812 3331 usque
1862 3261 2013 3316 modo
2059 3279 2187 3329 Urc-

493 3401 500 3407 .
587 3370 732 3414 ratur
783 3357 960 3430 (Joan.
989 3373 1044 3424 v,
1086 3358 1198 3428 l7).
1224 3356 1386 3429 635
1424 3357 1602 3412 llabes
1622 3355 1831 3411 dictum
1854 3357 1919 3411 ad
1945 3356 2142 3411 Filium
2173 3376 2183 3409 :

589 3451 688 3506 Dic
750 3450 899 3506 verba
951 3460 1000 3505 et
1044 3449 1312 3503 sanabitur
1359 3447 1574 3519 (Matth.
1635 3447 1866 3519 vnt,.8).
1912 3447 1978 3502 Et
2018 3447 2186 3502 Filius

588 3542 722 3598 dicit
750 3541 898 3597 Patri
941 3558 953 3594 :
1005 3539 1134 3595 Volo
1158 3551 1213 3594 ut
1243 3538 1329 3593 ubi
1368 3556 1461 3612 ego
1505 3555 1642 3605 sum,
1671 3549 1718 3593 et
1749 3539 1832 3594 isti
1863 3540 1964 3594 sint
1989 3555 2188 3594 mecum

599 3634 780 3706 (Joan.
814 3648 950 3702 xvu;
990 3632 1107 3705 24).
1134 3633 1287 3688 Fecit
1308 3631 1472 3687 Pater
1499 3632 1642 3702 quod
1674 3632 1847 3686 Filius
1883 3632 2040 3687 dixit.

655 3728 712 3784 4.
754 3728 859 3785 Sed
891 3743 992 3784 nec
1017 3727 1291 3782 Abraham
1319 3725 1592 3797 ignoravit
1620 3725 1880 3797 Spiritum
1909 3735 2183 3782 sanctum:

585 3822 824 3893 denique
874 3831 986 3877 tres
1033 3819 1207 3886 vidit,
1255 3828 1311 3875 et
1350 3836 1516 3875 unum
1547 3820 1795 3875 adoravit
1826 3820 1977 3891 (Gen.
2021 3837 2183 3887 mni,

585 3915 656 3979 2,
689 3915 745 3980 3,
772 3913 790 3984 )
817 3930 832 3978 ;
861 3913 987 3984 quia
1019 3928 1156 3968 unus
1206 3911 1350 3968 Deus
1375 3953 1389 3975 ,
1438 3927 1582 3966 unus
1608 3911 1906 3977 Dominus,
1959 3920 2015 3967 et
2047 3927 2188 3968 unus

589 4005 846 4076 Spiritus.
907 4006 972 4060 Et
1014 4005 1140 4061 ideo
1171 4006 1352 4060 unitas
1396 4003 1656 4069 honoris;
1700 4005 1823 4075 quia
1883 4005 2062 4060 unitas
2092 4019 2188 4074 po-

591 4097 823 4154 testatis.

656 4191 710 4246 5.
743 4192 811 4247 Et
838 4191 964 4263 quid
985 4193 1055 4247 de
1085 4192 1310 4262 singulis
1339 4192 1572 4259 loquar?
1598 4192 1826 4248 Samson
1858 4192 2039 4247 divina
2064 4207 2186 4262 pro-

586 4285 846 4340 missione
866 4294 1184 4356 generatus,
1235 4283 1496 4355 Spiritum
1524 4285 1877 4338 comitantem
1910 4284 2142 4339 habebat
2169 4300 2183 4348 ;

582 4381 663 4436 sic
683 4378 828 4434 enim
856 4376 1091 4448 legimus
1117 4395 1128 4431 :
1154 4376 1289 4443 Quia
1317 4376 1576 4431 benedixit
1608 4378 1652 4429 ei
1683 4375 2021 4443 Dontinus,et
2039 4379 2188 4447 coepit

586 4473 815 4545 Spiritus
846 4470 1051 4525 Domini
1079 4469 1314 4524 comitari
1333 4485 1447 4523 cum
1475 4485 1532 4524 eo
1559 4469 1611 4523 in
1636 4479 1807 4523 castra
1828 4467 2030 4540 (ludio.
2057 4486 2150 4524 xm
2168 4511 2181 4536 ,

2289 3261 2503 3315 vitulam
2551 3279 2753 3329 meam,
2808 3280 2910 3318 non
2966 3265 3283 3322 invenissetis
3331 3271 3658 3338 qutestionem
3708 3282 3832 3321 meam

2295 3352 2492 3424 (Judic.
2523 3370 2634 3420 XIV,
2660 3355 2772 3424 18).
2821 3355 2866 3411 Ο
2895 3356 3135 3412 divinum
3165 3361 3529 3430 mysterium!
3570 3361 3612 3417 Ο
3658 3359 3834 3414 evidens

2271 3450 2725 3518 sacramentum!
2761 3448 3044 3504 Evasimus
3075 3451 3522 3522 interemptorem
3548 3497 3562 3521 ,
3612 3461 3832 3524 potentem

2293 3537 2540 3592 vicimus.
2564 3538 2640 3593 lbi
2662 3554 2805 3595 nunc
2825 3540 2978 3596 cibus
3001 3542 3127 3596 vita:
3154 3551 3259 3610 est,
3279 3544 3374 3599 ubi
3396 3556 3516 3601 erat
3535 3555 3651 3602 ante
3664 3546 3833 3599 misera:

2292 3628 2462 3686 fames
2493 3632 2706 3686 mortis.
2753 3632 2808 3688 ln
2843 3635 3071 3689 salutem
3125 3637 3410 3706 pericula,
3469 3640 3521 3695 in
3566 3639 3832 3696 suavitatem

2291 3723 2594 3778 amaritudo
2613 3726 2971 3782 convertitur.
2992 3727 3173 3783 Gratia
3198 3745 3266 3784 cx
3279 3729 3580 3788 offensione
3599 3730 3832 3802 processit.

2292 3819 2531 3887 potentia
2559 3834 2624 3873 ex
2652 3819 2985 3885 infirmitate,
3005 3821 3115 3875 vita
3138 3821 3205 3877 de
3236 3834 3434 3881 morte.

2363 3910 2417 3966 9.
2459 3912 2596 3966 Sunt
2620 3920 2798 3968 tamen
2821 3914 2911 3982 qui
2939 3929 2970 3969 e
2997 3915 3268 3971 contrario
3291 3927 3483 3986 putent
3502 3912 3834 3985 fundari636

2293 4017 2401 4058 non
2450 4003 2692 4072 potuisse
2737 4005 3069 4076 conjugium,
3105 4008 3205 4061 nisi
3238 4010 3426 4063 occiso
3467 4010 3618 4066 leone
3643 4009 3701 4062 de
3724 4007 3831 4060 tribu

2293 4095 2427 4150 Juda
2459 4114 2470 4148 :
2501 4105 2556 4152 et
2581 4097 2704 4152 ideo
2736 4097 2790 4152 in
2814 4113 3042 4169 corpore
3073 4100 3211 4170 ejus,
3246 4101 3349 4156 hoc
3381 4113 3485 4169 est,
3516 4099 3771 4162 Ecclesizr,
3815 4105 3828 4129 ε

2293 4202 2423 4258 apes
2451 4196 2721 4259 repertas,
2752 4203 2873 4258 quae
2920 4189 3161 4245 condunt
3191 4191 3352 4246 mella
3403 4193 3698 4263 sapientiae;
3739 4185 3830 4257 quia

2293 4292 2413 4351 post
2443 4282 2655 4336 Domini
2686 4283 2994 4351 passionem
3047 4284 3216 4354 magis
3242 4287 3478 4354 apostoli
3508 4283 3827 4341 crediderunt.

2294 4373 2446 4429 Hune
2492 4373 2650 4445 igitur
2692 4374 2907 4430 leonem
2943 4376 3170 4432 Samson
3202 4378 3357 4448 quasi
3405 4378 3616 4433 Juda-us
3641 4371 3828 4431 occidit,

2296 4466 2389 4521 sed
2421 4467 2475 4522 in
2509 4481 2574 4522 eo
2603 4466 2709 4521 mel
2742 4467 2893 4538 quasi
2917 4467 2968 4522 in
2998 4467 3167 4540 figura
3197 4469 3532 4527 redimendae
3559 4465 3832 4525 lia-redimus

656 4660 682 4688 ἀι
714 4649 806 4706 Sic
843 4661 1036 4704 omnes
1073 4647 1206 4702 edit.
1237 4661 1300 4720 ac
1322 4647 1515 4720 plures
1539 4660 1670 4720 mss.
1701 4664 1712 4698 :
1744 4646 1838 4700 alii
1881 4663 2012 4702 vero
2045 4661 2177 4701 non-
2207 4649 2260 4709 D
2287 4648 2493 4717 Spiritu
2559 4656 2749 4720 sancto
2799 4661 2922 4717 cap.
2965 4649 3053 4703 16.
3104 4649 3210 4704 Sed
3258 4651 3546 4720 imperium
3597 4658 3832 4720 paternum

587 4721 742 4784 nulli,
771 4723 1088 4790 patefactum
1108 4719 1266 4790 sit,7si
1294 4718 1569 4790 diligenter
1594 4717 1942 4780 advertamus.
1975 4729 2023 4774 et
2049 4721 2179 4790 ipsis

575 4789 840 4866 judicibus
879 4789 1133 4866 gestarum
1191 4789 1500 4866 Judieorum
1561 4790 1856 4866 spiritalem
1891 4789 2178 4866 inuenimus

582 4859 803 4936 'gratiam
845 4862 1149 4936 réfulsisse;
1210 4859 1426 4936 quidam
1473 4861 1755 4936 omittunt,
1813 4865 1860 4915 si
1897 4861 2180 4936 diligenter

581 4932 928 4990 advertamus'.
958 4934 1064 4989 Sed
1116 4943 1222 4987 tam
1269 4934 1371 4987 hoc
1409 4947 1571 5002 quam
1619 4933 1849 4986 verbum
1891 4932 2180 4986 inuenimus

582 5007 886 5062 verisimile
913 5015 1000 5061 est
1024 5003 1207 5060 addita
1238 5003 1406 5058 fuisse
1433 5004 1500 5057 ab
1534 5003 1599 5056 iis
1629 5003 1889 5068 librariis,
1925 5004 2014 5072 qui
2055 5018 2180 5058 ora-

585 5076 790 5134 tionem
834 5078 885 5131 in
927 5087 1038 5130 ant.
1094 5090 1226 5130 mss.
1253 5075 1604 5144 pependere,
1650 5091 1749 5129 nec
1781 5075 1998 5142 plenum
2047 5090 2175 5128 sen-

583 5163 704 5203 sum
733 5148 992 5204 exhibere
1020 5146 1579 5202 anidmadverterunt.
1613 5146 1945 5215 Quamquam
1995 5154 2175 5199 autem

584 5220 638 5274 in
671 5229 943 5289 receptam
975 5217 1268 5289 lectionem
1295 5216 1488 5270 vitium
1519 5232 1583 5289 es
1609 5218 1787 5285 aliqua
1814 5233 1947 5272 voce
1969 5217 2020 5289 in
2045 5231 2177 5270 mss.

585 5286 950 5359 praetermissa
1019 5286 1304 5359 irrepsisse
1363 5286 1852 5352 nondifliteamur,
1912 5286 2177 5359 malumus

584 5358 766 5417 tamen
845 5374 1092 5415 mancam
1146 5358 1393 5414 eamdem
1464 5359 1797 5428 relinquere,
1856 5373 2018 5427 quam
2076 5358 2178 5428 ipsi

583 5436 887 5488 membrum
918 5431 1061 5502 quod
1090 5429 1326 5502 alienum
1352 5429 1679 5502 judi_eemns,
1711 5445 1954 5484 assuere.

658 5503 684 5542 δ
713 5503 831 5559 Non
877 5500 1170 5558 defuerunt
1207 5501 1412 5570 antiqui
1456 5500 1647 5554 Patres
1679 5512 1745 5570 Wet
1771 5509 1898 5554 ante
1946 5510 2001 5555 et
2056 5509 2177 5567 post

584 5573 864 5630 Niemaum
895 5573 1216 5636 concilium,
1271 5569 1362 5642 qui
1409 5572 1624 5625 Patrem
1670 5569 1826 5642 Filio,
1853 5570 2178 5642 prmcepisse

583 5654 964 5714 agnoscerent,
1000 5653 1060 5698 ut
1093 5643 1336 5697 lrenzeus
1365 5643 1479 5714 libs
1511 5658 1590 5714 ut,
1636 5656 1756 5708 cap.
1806 5641 1860 5702 8,
1889 5652 1942 5694 et
1974 5641 2065 5714 lib.
2087 5655 2176 5714 _tv,

587 5710 708 5782 cap.
739 5717 844 5776 75:
873 5715 1075 5770 Marius
1101 5714 1278 5768 victor
1306 5714 1378 5767 lib
1408 5729 1424 5766 ι
1451 5713 1520 5767 de
1560 5713 1758 5767 Rerum
1782 5723 1978 5774 creat.,
2013 5710 2180 5764 Atha-

586 5785 770 5840 nasius
817 5786 912 5840 lib.
963 5785 1121 5840 Decr.
1173 5783 1368 5854 synodi
1421 5782 1688 5852 Nicaeum,
1735 5793 1792 5840 et
1842 5783 2075 5841 Basilius
2113 5783 2181 5839 de

2288 4733 2432 4784 esse,
2475 4733 2582 4774 non
2621 4718 2961 4788 despoticum
2991 4737 3002 4771 :
3032 4718 3350 4789 nullamque
3400 4724 3454 4778 in
3483 4718 3616 4777 Filio
3641 4719 3835 4789 servitu-

2291 4800 2396 4843 tem
2431 4790 2689 4844 inducere
2721 4787 2883 4844 iidem
2932 4787 3287 4846 existimant»:
3317 4787 3832 4861 quemadmodumlu-

2288 4861 2537 4916 culenter
2575 4861 2850 4932 explicant
2877 4861 3111 4916 Basilius
3145 4863 3237 4918 lib.
3279 4859 3374 4919 cit.
3399 4879 3520 4928 cap.
3548 4865 3600 4930 8,
3637 4859 3830 4932 Cyrillus

2288 4933 2446 4986 Alex.
2476 4932 2544 5004 _in
2567 4927 2822 5004 eumdem
2843 4933 3023 5004 locum
3051 4933 3349 5002 Geneseos,
3371 4945 3427 4990 et
3449 4927 3726 5004 Gregorius
3749 4927 3829 4981 Na-

2289 5003 2430 5085 ziati.
2462 5001 2612 5058 Orat.
2641 5003 2731 5057 56.
2763 5003 2899 5059 Vide
2930 5019 3049 5074 qua:
3077 5019 3175 5059 nos
3221 5007 3314 5060 lib.
3337 5001 3342 5002 γ
3363 5005 3433 5061 de
3461 5001 3589 5061 Fide
3619 5003 3718 5073 jam
3758 5011 3829 5051 n0-

2291 5084 2542 5128 lavimus.

2365 5156 2385 5181 ο
2428 5145 2651 5218 Amerb.
2679 5156 2729 5201 et
2764 5147 2942 5212 Eras.,
2973 5146 3231 5200 connubia
3255 5148 3506 5218 petiturus
3527 5150 3824 5218 optatamtss.

2289 5216 2537 5270 nonnulli
2558 5257 2572 5278 ,
2603 5219 2914 5288 connubium
2957 5220 3209 5288 petiturus
3239 5216 3501 5287 optatum;
3549 5217 3633 5271 alii
3662 5217 3824 5285 plures,

2289 5294 2488 5341 etcum
2511 5288 2594 5341 his
2620 5287 2750 5343 Gill.
2776 5303 2840 5342 ac
2869 5289 3025 5343 Rom.
3052 5288 3210 5353 edit.,
3240 5299 3297 5342 ut
3320 5289 3370 5343 in
3402 5296 3565 5344 textu.

2360 5354 2384 5392 ἀ
2419 5357 2494 5430 Ita
2519 5366 2624 5430 vet.
2655 5359 2788 5413 edit.
2813 5375 2935 5414 cum
2961 5375 3093 5414 mss.
3125 5344 3280 5430 longe
3319 5359 3578 5429 plurimis,
3603 5355 3692 5412 nisi
3716 5344 3823 5430 qutld

2291 5429 2344 5500 in
2378 5427 2697 5496 quibusdam
2727 5445 2824 5500 pro
2869 5431 3020 5485 dulce
3050 5422 3338 5499 praefertur
3382 5422 3822 5483 dulcedbmtedit.

2287 5499 2446 5553 Rom.
2479 5513 2606 5570 cum,
2663 5502 2939 5558 nonnullis
2989 5502 3109 5555 aliis
3152 5516 3286 5557 mss.
3326 5515 3425 5570 pro
3462 5509 3510 5553 et
3545 5501 3604 5552 de
3645 5499 3820 5562 potente.

2288 5571 2474 5640 legunt
2495 5581 2540 5623 et
2574 5569 2635 5623 de
2661 5571 2808 5638 forti,
2842 5581 2949 5629 etc.
3329 5569 3337 5570 ί
3623 5577 3654 5640 έ-

2363 5629 2385 5676 ἒ
2429 5641 2558 5694 Mss.
2585 5629 2692 5694 non
2722 5629 2909 5709 pauci,
2942 5661 3063 5711 apes
3118 5654 3335 5713 reperta,
3364 5657 3480 5713 quia
3499 5637 3710 5695 condidit
3729 5629 3816 5713 nul-

2290 5711 2498 5766 Rursus
2521 5727 2652 5767 vero
2678 5699 2767 5770 ubi
2797 5699 3006 5770 eun'ctm
3051 5699 3186 5771 edit:
3215 5699 3334 5770 cuni
3378 5699 3506 5767 inss.
3540 5724 3640 5765 uno
3670 5703 3740 5759 vel
3761 5699 3819 5752 δι’

2291 5793 2431 5850 tero,
2455 5793 2502 5839 et
2519 5785 2574 5840 in
2591 5801 2649 5841 eo
2671 5785 2773 5842 mel
2798 5787 2852 5840 in
2867 5786 3065 5858 ﬁgura;
3097 5801 3227 5844 mss.
3250 5783 3463 5856 reliqui,
3482 5782 3566 5838 sed
3580 5782 3631 5835 in
3651 5793 3718 5844 ea,
3736 5781 3816 5828 etc.
