3932 6176
61 255 156 315 ’115

1185 254 1272 310 DE
1311 252 1582 310 SPIRITU
1620 249 1891 309 SANCTO
1928 251 2058 308 LIB.
2101 251 2167 308 II.

3231 263 3335 318 746

55 363 282 429 invenit;
336 371 398 418 ut
434 362 680 436 reliquiae
724 363 887 419 salvae
929 364 1118 420 tierent
1170 364 1470 421 secundum
1520 365 1636 422 ele-
1665 375 1720 436 Α
1818 364 1906 420 ll.
1948 363 2254 421 Tantumne
2290 379 2420 437 ergo
2451 368 2712 424 momenti
2741 369 2924 426 crines
2971 372 3214 431 habuere
3245 391 3338 432 ca-

54 459 277 514 ctionem
301 456 498 527 gratim
529 455 705 528 (Rom.
735 472 812 524 xt,
839 454 959 527 27).

119 550 200 604 10.
242 547 312 602 Et
339 548 552 615 decidit,
587 549 786 619 inquit,
816 564 973 619 super
997 565 1113 604 eum
1143 549 1372 622 Spiritus
1398 549 1632 616 Domini,

56 652 96 695 et
121 640 379 696 descendit
411 641 468 694 in
497 641 820 708 Ascalonem,
850 650 898 696 et
927 644 1177 711 percussit
1226 641 1345 696 inde
1371 650 1398 678 ⁸
1429 641 1639 712 triginta

55 738 177 791 uiros
197 733 396 806 (Judic.
425 750 544 804 xlv,
565 735 782 807 19,20).
803 735 987 806 Neque
1022 736 1169 792 enim
1199 736 1638 806 potueratvicto-

59 830 182 884 riam
196 844 305 884 non
335 839 548 894 tenere,
565 828 659 901 qui
684 837 1028 885 sacramenta
1050 829 1331 885 cernebat.
1355 829 1642 898 Accipiunt

60 922 231 992 itaque
261 922 314 976 in
353 921 520 978 stolis
551 921 837 994 praemium
868 922 1148 992 sapientiae
1168 961 1184 989 ,
1214 922 1644 978 conversationis

61 1015 277 1086 insigne,
309 1015 404 1086 qui
435 1014 724 1071 absolvunt
751 1025 806 1071 et
834 1014 1148 1070 renuntiant
1171 1015 1552 1085 quaestionem.

127 1109 205 1164 11.
243 1106 463 1164 Rursus
496 1107 583 1164 hic
607 1108 712 1164 alia
763 1107 1093 1164 oboriuntur
1149 1108 1407 1179 mysteria
1433 1150 1448 1174 ,
1502 1109 1645 1180 quod

66 1217 186 1257 uxor
213 1200 333 1272 ejus
359 1199 639 1265 aufertur;
685 1209 742 1258 et
765 1200 889 1257 ideo
917 1201 1114 1272 vulpes
1140 1201 1436 1257 incendunt
1477 1202 1646 1257 mani-

67 1297 202 1366 pulos
250 1297 688 1369 alienigeuarum
722 1295 942 1368 (Judic.
974 1314 1067 1365 xv,
1119 1301 1143 1354 1
1192 1307 1243 1354 et
1269 1299 1429 1371 seq.).
1464 1297 1490 1336 δ
1541 1299 1650 1354 Eos

68 1393 197 1449 enim
241 1392 336 1463 qui
389 1391 657 1448 adversus
686 1391 868 1447 divina
900 1402 1242 1450 sacramenta
1273 1393 1648 1458 contendunt,

68 1485 296 1556 decipere
325 1501 426 1542 sua
455 1487 747 1542 consuevit
776 1486 998 1542 astutia.
1031 1485 1188 1543 Unde
1214 1486 1410 1542 iterum
1439 1486 1572 1543 dicit
1596 1486 1650 1542 in

72 1579 284 1634 Canticis
326 1578 675 1635 canticorum
709 1596 722 1632 :
769 1577 1020 1634 Prendite
1046 1579 1192 1634 nobis
1226 1578 1406 1650 vulpes
1434 1579 1654 1652 pusillas

73 1679 448 1732 exterminantes
474 1677 652 1731 vineas
671 1717 686 1742 ,
708 1685 763 1730 ut
781 1677 942 1732 uinea:
963 1685 1154 1731 nostra:
1164 1677 1382 1746 ﬂoreant
1406 1673 1652 1746 (Cant.tt,

1739 458 1884 528 pitis,
1904 467 1962 514 ut
1981 459 2328 516 manentibus
2350 459 2456 529 his,
2477 463 2650 518 virtus
2671 462 2870 520 invicta
2898 465 3150 523 duraret:
3177 479 3335 526 tonso

1739 561 1924 608 autem
1954 554 2154 624 capite,
2183 553 2442 611 fortitudo
2465 556 2642 612 omnis
2667 557 2768 612 viri
2797 559 2958 631 637
3017 561 3197 618 subito
3225 565 3336 617 sol-

1740 648 1992 703 veretur?
2020 646 2138 704 Non
2171 649 2241 703 ita
2295 657 2418 717 est,
2468 659 2520 706 ut
2565 658 2768 706 tantam
2817 653 2924 706 vim
2970 655 3334 726 corporalium

1741 742 2064 812 capillorum
2115 751 2389 814 putemus.
2441 742 2580 799 Sunt
2604 743 2822 813 quidam
2851 745 3030 802 crines
3054 747 3338 820 religionis

1743 845 1800 890 et
1824 835 1949 891 ﬁdei
1978 852 1993 893 :
2023 836 2202 892 crines
2244 836 2486 892 Nazarzei
2516 836 2570 892 in
2601 837 2744 909 Lege
2775 838 3040 908 perfecti,
3072 840 3125 895 in
3158 842 3340 911 parci-

1747 931 1932 984 monia
1961 939 2016 985 et
2038 929 2367 985 abstinentia
2397 931 2738 997 consecrati,
2771 931 2969 1002 quibus
3004 931 3093 986 illa
3128 933 3181 987 in
3215 942 3343 1004 typo

1748 1021 2012 1089 Ecclesia,
2046 1037 2167 1092 qua:
2201 1022 2414 1077 Domini
2451 1021 2622 1091 pedes
2647 1023 2770 1078 oleo
2814 1023 3149 1094 perfuderat,
3181 1024 3344 1080 Verbi

1747 1113 1990 1170 caelestis
2047 1114 2272 1184 vestigia
2325 1113 2648 1186 detergebat
2706 1114 2898 1186 (Joan.
2933 1131 3039 1181 xu,
3074 1117 3165 1186 5);
3216 1126 3346 1173 tunc

1751 1205 1899 1261 enim
1928 1215 1985 1261 et
2025 1207 2326 1262 secundum
2380 1221 2602 1262 carnem
2652 1217 2875 1263 noverat
2903 1205 3200 1264 Christum.
3254 1209 3345 1264 Isti

1752 1299 2004 1356 videlicet
2029 1301 2232 1368 crines,
2256 1299 2323 1356 de
2349 1300 2548 1371 quibus
2569 1301 2804 1357 dicitur:
2833 1301 3152 1373 Capillatura
3179 1313 3269 1356 tua
3294 1314 3348 1357 ut

1753 1409 1931 1465 greges
1957 1409 2232 1465 caprarum
2267 1392 2506 1463 (Cantia.
2539 1409 2622 1461 tv,
2657 1395 2748 1463 I);
2778 1411 2843 1449 ex
2877 1396 2970 1450 illo
3014 1398 3192 1467 capite
3229 1399 3349 1466 pul-

1755 1484 1990 1540 lulantes
2011 1525 2028 1551 ,
2082 1484 2152 1540 de
2179 1500 2289 1555 quo
2337 1484 2540 1540 dictum
2589 1494 2676 1541 est
2705 1505 2719 1540 :
2749 1485 2915 1558 Caput
2943 1488 3039 1541 viri
3059 1529 3074 1553 ,
3120 1489 3353 1544 Christus

1758 1575 1804 1648 (Ι
1826 1575 1946 1630 Cor.
1975 1592 2032 1631 xt
2056 1624 2070 1644 ,
2107 1576 2203 1649 '5);
2235 1585 2290 1632 et
2315 1577 2445 1632 alibi
2476 1596 2490 1631 :
2523 1575 2691 1649 Caput
2717 1581 2828 1650 ejus
2851 1595 3036 1633 aurum
3067 1582 3272 1652 cephas,
3305 1591 3353 1636 et

1759 1670 1927 1724 crines
1955 1670 2068 1739 ejus
2084 1668 2273 1724 abietes
2300 1671 2464 1742 nigra!
2490 1667 2664 1740 (Cant.
2696 1685 2750 1737 v,
2788 1669 2899 1740 11).
2929 1667 2959 1709 ιι
2987 1670 3052 1726 Et
3083 1671 3243 1727 bonte
3287 1688 3357 1730 ex

81 1767 183 1836 15).
233 1780 253 1807 ο
279 1767 427 1824 Bene
456 1767 688 1838 pusillas
713 1767 886 1832 dixit;
929 1768 1054 1838 quia
1084 1765 1323 1836 majores
1351 1767 1540 1824 vineas
1566 1782 1662 1823 ex-
1692 1778 1739 1839 Β
1765 1760 1946 1817 abiete
1992 1777 2160 1818 naves
2208 1760 2434 1818 Tbarsis
2458 1804 2472 1828 ,
2529 1777 2654 1833 quae
2701 1761 2956 1818 ﬂuctibus
3003 1773 3360 1834 supernatent

79 1860 352 1918 terminare
402 1876 515 1918 non
550 1869 828 1931 paterant,
854 1860 1000 1932 _licet
1049 1860 1285 1917 fortibus
1327 1872 1382 1917 et
1408 1859 1659 1918 diabolus

82 1955 142 2008 sit
167 1954 404 2025 pusillus.

138 2047 214 2104 η.
256 2047 397 2120 Ergo
427 2047 524 2103 ille
555 2046 638 2120 (ut
667 2046 1053 2118 compendium
1090 2047 1350 2103 faciamus
1379 2047 1656 2112 historiae;

83 2158 164 2198 suo
179 2144 312 2199 enim
341 2129 581 2215 tempori
606 2143 772 2198 totius
796 2143 1048 2198 lectionis
1074 2139 1308 2214 digestio
1332 2141 1662 2199 reservanda

86 2238 172 2306 est)
189 2238 409 2295 invictus
431 2245 578 2303 erat,
601 2235 858 2308 quamdiu
881 2235 1068 2291 habuit
1088 2235 1319 2307 gratiam
1333 2236 1660 2308 Spiritalem,

87 2330 206 2385 sicut
234 2331 328 2387 Dei
358 2330 600 2403 populus
651 2329 746 2386 ille
791 2328 1002 2386 electus
1029 2343 1060 2384 a
1089 2328 1342 2396 Domino,
1377 2328 1470 2384 ille
1496 2327 1666 2382 Naza-

88 2439 209 2479 nens
235 2424 284 2480 in
313 2423 480 2496 Lege.
519 2423 758 2479 Invictus
785 2437 918 2494 ergo
946 2422 1202 2489 Samson,
1225 2431 1392 2491 atque
1417 2422 1492 2476 ita
1515 2421 1668 2476 insu-

90 2517 336 2587 perabilis,
357 2528 416 2574 ut
443 2518 500 2573 in
529 2516 752 2572 maxilla
784 2515 928 2572 asini
959 2515 1108 2571 viros
1136 2513 1289 2570 mille
1320 2520 1664 2584 percuteret:

90 2608 150 2664 ita
169 2611 346 2682 plenus
375 2615 577 2685 gratia:
598 2612 864 2680 caelestis,
880 2621 937 2668 ut
963 2611 1126 2668 etiam
1147 2625 1342 2682 aquam
1371 2611 1425 2666 in
1449 2608 1670 2666 maxilla

95 2703 210 2760 asini
231 2707 413 2764 sitiens
428 2707 747 2781 reperiret(
766 2705 944 2764 Judic.
965 2722 1056 2775 xv,
1080 2705 1148 2762 15
1169 2715 1216 2762 et
1239 2705 1396 2778 seq.);
1421 2707 1539 2762 sive
1569 2706 1672 2763 hoc

96 2796 150 2850 ad
198 2799 512 2857 miraculum
552 2799 822 2867 conferas,
852 2799 968 2856 sive
993 2798 1060 2855 ad
1092 2799 1413 2870 mysterium
1465 2806 1668 2867 vertas,

98 2890 217 2959 quod
246 2892 297 2947 in
319 2893 502 2965 populi
542 2891 690 2948 foret
716 2891 1023 2947 humilitate
1045 2891 1266 2963 gentilis
1289 2899 1345 2946 et
1371 2891 1592 2960 requies
1621 2897 1678 2946 et

102 2984 392 3055 triumphus.
417 2985 588 3041 Juxta
607 2983 754 3056 quod
785 2984 1051 3055 scriptum
1081 2991 1168 3040 est
1202 3000 1216 3036 :
1253 2983 1356 3051 Qui
1385 2993 1432 3038 te
1461 2998 1676 3055 percus-

104 3079 204 3132 serit
226 3081 275 3134 in
300 3081 594 3148 maxillam,
617 3079 788 3153 prwbe
816 3081 863 3136 ei
893 3088 940 3135 et
967 3080 1182 3134 alteram
1226 3077 1444 3150 (Matth.
1476 3093 1534 3146 v,
1558 3076 1671 3148 59).

1763 1854 1980 1922 mundi,
2016 1855 2032 1892 ί
2068 1865 2121 1912 et
2144 1862 2319 1911 tutum
2348 1856 2634 1926 remigium
2661 1856 2855 1913 salutis
2885 1857 3199 1914 exhibeant.

1836 1948 1924 2003 15.
1955 1947 2111 2004 Unde
2133 1949 2265 2004 etin
2297 1949 2590 2019 Evangelio
2619 1949 2880 2005 Dominus
2904 1960 3094 2007 noster
3118 1951 3364 2008 visibiles

1762 2040 1959 2111 capitis
1997 2051 2052 2096 et
2083 2040 2458 2111 intelligibiles
2507 2041 2735 2111 capillos
2761 2041 3025 2111 quosdam
3051 2058 3174 2099 esse
3193 2044 3363 2115 signi-

1765 2132 2050 2199 ﬁcans,ait
2073 2151 2085 2187 :
2121 2133 2230 2190 Sed
2256 2134 2503 2205 eﬁcapilli
2523 2134 2709 2204 capitis
2737 2137 2888 2189 vestri
2913 2152 3087 2191 omnes
3110 2139 3368 2191 numerati

1765 2233 1883 2278 sunt
1921 2223 2139 2297 (Matth.
2164 2241 2218 2290 x,
2248 2224 2364 2296 31),
2399 2224 2726 2295 Spiritalium
2751 2227 3008 2282 videlicet
3055 2228 3367 2298 signiﬁcans

1766 2314 1909 2372 facta
1945 2317 2242 2382 virtutum;
2273 2331 2452 2387 neque
2484 2316 2629 2372 enim
2655 2316 2723 2373 de
2745 2318 2960 2388 capillis
3000 2319 3209 2374 nostris
3238 2334 3368 2374 cura

1768 2418 1855 2465 est
1875 2409 2007 2465 Deo.
2040 2409 2378 2479 Quamquam
2407 2417 2462 2463 et
2491 2408 2622 2463 illud
2647 2423 2754 2464 non
2798 2409 3095 2465 absurdum
3125 2411 3198 2465 sit
3225 2412 3373 2466 testi-

1770 2513 1956 2567 mare,
2015 2499 2142 2569 quia
2174 2513 2272 2569 pro
2326 2498 2614 2569 majestate
2638 2499 2819 2555 divina
2849 2515 2972 2556 eum
3018 2501 3188 2557 latere
3236 2501 3371 2558 nihil

1772 2593 1972 2663 possit.

1847 2686 1935 2742 16.
1981 2685 2090 2742 Sed
2121 2684 2250 2755 quid
2278 2685 2410 2740 mihi
2448 2687 2694 2756 prodest,
2731 2691 2744 2737 t
2777 2688 2823 2742 si
2858 2687 3003 2743 Deus
3030 2689 3151 2759 ipse
3181 2704 3374 2746 omnes

1774 2795 1926 2838 meos
1949 2781 2102 2837 novit
2127 2779 2404 2850 capillos?
2435 2779 2576 2836 lllud
2609 2780 2740 2836 mibi
2765 2780 3104 2838 redundatet
3129 2782 3373 2851 proﬁcit,

1773 2875 1820 2929 si
1851 2874 2119 2930 bonorum
2148 2887 2374 2942 operum
2404 2873 2632 2944 pervigil
2667 2874 2843 2940 testis,
2877 2874 3375 2930 remunerationem

1777 2968 1966 3040 gloria:
1989 2967 2160 3023 donet
2188 2974 2428 3022 aeternae.
2486 2965 2733 3037 Denique
2781 2977 2836 3021 et
2861 2966 2976 3036 ipse
3003 2965 3235 3023 Samson
3269 2984 3378 3023 non

1780 3059 2123 3131 corporales,
2151 3057 2249 3114 sed
2273 3057 2644 3130 intelligibiles
2671 3057 2771 3114 hos
2791 3058 3022 3130 capillos
3048 3074 3170 3115 esse
3193 3060 3376 3116 decla-

107 3166 190 3223 pe,
211 3169 339 3228 hanc
365 3174 508 3228 enim
558 3151 883 3243 iniuriarum
917 3170 1258 3241 pauemiam,
1299 3165 1326 3205 ιι
1357 3182 1520 3240 quam
1553 3183 1678 3224 em-
1705 3162 1751 3227 ο
1781 3168 1909 3208 rans
1937 3153 2016 3208 ait
2041 3169 2054 3206 :
2083 3151 2152 3205 Et
2179 3152 2225 3206 si
2255 3161 2434 3206 tonsus
2461 3151 2632 3220 fuero,
2657 3151 2888 3234 discedet
2912 3168 2944 3206 a
2967 3169 3046 3208 me
3083 3153 3241 3208 virtus
3267 3170 3381 3208 mea

107 3259 236 3317 diunt
259 3273 597 3323 sacramenta
616 3263 986 3336 baptismatis,
1009 3263 1078 3320 de
1099 3261 1423 3334 quibusdam
1445 3261 1680 3318 stimulis

111 3349 371 3414 iracundiae
402 3355 859 3430 triumphamus;
898 3364 974 3412 ut
1006 3366 1183 3413 morte
1211 3355 1357 3412 obita
1381 3397 1396 3424 ,
1427 3369 1677 3414 resurre-

112 3443 278 3502 ctionis
303 3449 548 3521 requiem
579 3463 1004 3519 consequamur.

172 3540 248 3597 13.
268 3541 428 3602 Ilione
451 3557 593 3616 ergo
622 3543 879 3610 Samson,
901 3542 992 3613 qui
1021 3542 1176 3598 funes
1205 3542 1447 3598 intextos
1471 3541 1677 3608 nervis,

117 3630 190 3700 qui
217 3649 370 3691 novas
395 3647 584 3694 restes
632 3635 774 3690 sicut
805 3634 991 3690 mollia
1040 3634 1128 3690 fila
1175 3634 1470 3690 dissolvit?
1510 3633 1680 3690 lllenc

118 3721 311 3783 Samson
344 3730 432 3800 qui
473 3727 714 3786 crinium
747 3742 969 3783 suorum
1001 3727 1126 3798 palo
1163 3727 1459 3784 constricta
1500 3725 1682 3782 deﬁxo

122 3816 270 3874 vincla
293 3836 395 3878 non
426 3822 644 3887 sensit,
678 3819 941 3892 quamdiu
981 3820 1169 3876 habuit
1211 3819 1441 3891 gratiam
1465 3819 1684 3888 spirita-

126 3907 246 3967 lem?
272 3912 346 3982 Is,
377 3916 624 3989 inquam,
658 3923 1010 3984 posteaquam
1043 3913 1276 3982 Spiritus
1307 3911 1404 3968 Dei
1433 3909 1688 3966 discessit

129 4001 183 4056 ab
206 4020 292 4072 eo,
345 4010 369 4038 °
406 4010 572 4082 longe
601 4017 842 4064 mutatus
867 4007 936 4063 ab
956 4007 1053 4063 illo
1083 4007 1375 4072 Samsone,
1407 4005 1498 4076 qui
1527 4003 1695 4060 rediit

131 4093 502 4170 Allopbylorum
531 4101 757 4157 indutus
781 4100 1005 4156 exuvias
1026 4142 1041 4166 ,
1077 4099 1131 4154 in
1160 4097 1521 4153 muliebribus
1541 4095 1695 4168 geni-

135 4185 216 4244 bus
237 4193 436 4252 virtutis
456 4213 574 4254 sua:
596 4195 856 4268 degener,
878 4194 897 4233 ί
926 4194 1178 4266 palpatus
1200 4204 1256 4249 et
1281 4201 1473 4264 captus
1490 4201 1516 4240 ϐ
1537 4206 1696 4248 sacro

137 4280 258 4339 crine
285 4287 524 4346 tondetur
557 4286 770 4360 (ludio.
798 4303 916 4356 ινι.
947 4287 981 4344 9
1011 4297 1056 4342 ει
1081 4285 1264 4357 σιρὸν

1785 3243 2006 3318 (Ιαάὶο.
2031 3261 2144 3312 xvi,
2178 3245 2248 3299 17
2273 3243 2314 3316 ).
2359 3243 2475 3300 Hoc
2516 3245 2584 3300 de
2609 3245 2872 3317 mysterio
2901 3262 2914 3298 :
2944 3262 3088 3303 nunc
3136 3248 3386 3304 lectionis

1783 3340 1982 3396 seriem
2012 3336 2453 3395 consideremus.

2305 3428 2537 3486 CAPUT
2577 3427 2874 3488 PRIMUM.

1785 3544 2044 3616 Spiritum
2068 3543 2281 3599 Domini
2307 3546 2460 3600 etiam
2491 3542 2775 3598 Dominum
2797 3561 2856 3599 ac
2876 3547 3114 3600 uirtutem
3135 3561 3263 3610 esse,
3297 3563 3388 3602 nec

2098 3638 2152 3691 in
2182 3638 2278 3692 hoc
2310 3635 2459 3690 Patri
2488 3636 2566 3689 uel
2594 3635 2738 3690 Filio
2768 3636 3081 3705 inferiorem.

1862 3730 1951 3785 I7.
1991 3729 2166 3798 Supra
2197 3727 2367 3782 habes
2388 3727 2516 3797 quia
2541 3725 2816 3782 Benedixit
2851 3728 2898 3781 ei
2925 3727 3196 3793 Dominus,
3221 3739 3267 3782 et
3285 3745 3388 3783 cce-

1793 3822 1867 3890 pit
1898 3821 2130 3892 Spiritus
2173 3817 2387 3874 Domini
2415 3819 2654 3874 comitari
2691 3835 2808 3873 cum
2833 3834 2892 3875 eo
2916 3818 3116 3889 (ludia.
3147 3836 3262 3888 xm,
3292 3821 3384 3886 Ἠ,

1790 3912 1906 3984 25).
1940 3912 2088 3968 Infra
2109 3913 2186 3967 ait
2216 3930 2228 3964 :
2282 3910 2308 3949 ιι
2340 3911 2410 3965 Et
2457 3912 2648 3967 direxit
2674 3928 2828 3983 super
2873 3929 2991 3967 eum
3025 3913 3255 3984 Spiritus
3284 3915 3393 3972 Da-

1790 4007 1919 4061 mini
1949 4005 2153 4074 (Judic.
2184 4019 2302 4069 xtv,
2331 4003 2409 4074 6).
2444 4003 2576 4058 Item
2607 4003 2685 4058 ait
2715 4022 2728 4057 :
2766 4004 2832 4059 Si
2860 4014 3036 4059 tonsus
3063 4011 3212 4077 fuero
3231 4050 3245 4074 ,
3276 4010 3388 4064 dis-

1794 4100 1936 4155 cedet
1955 4117 1986 4154 a
2015 4115 2096 4154 me
2126 4099 2286 4153 uirtus
2313 4112 2426 4152 mea
2460 4094 2673 4168 (Judic.
2725 4111 2843 4163 xvn,
2881 4097 3004 4168 17).
3033 4098 3390 4170 Posteaquam

1799 4201 1990 4247 tonsus
2010 4199 2116 4256 est,
2145 4187 2274 4245 vide
2297 4186 2580 4258 Scriptura
2599 4186 2731 4258 quid
2759 4186 2903 4243 dicat
2938 4206 2950 4242 :
2983 4186 3279 4259 Dominus,
3308 4193 3391 4246 in-

1800 4285 1946 4354 quit,
1978 4283 2212 4339 discessit
2231 4283 2372 4337 abeo
2405 4279 2590 4353 (Ibid.,
2623 4279 2742 4352 20).

199 4421 370 4498 “‘Post
403 4442 588 4493 voces,
641 4427 850 4498 triginta
878 4425 1033 4493 uiros,
1063 4422 1273 4479 addunt
1302 4429 1534 4494 quatuor
1560 4434 1690 4477 mss.
1721 4429 1776 4491 1)
1799 4491 1814 4498 _
1874 4429 1898 4498 ξ
1937 4418 2215 4498 Manifesta
2264 4417 2578 4498 hic-“etiam
2615 4415 2819 4489 Virgilii
2869 4432 2900 4475 e
2930 4417 3024 4474 lib.
3057 4434 3116 4487 η,
3172 4418 3392 4476 Αεῖηθίιι.

146 4497 332 4541 ttitnlenit
358 4500 473 4541 irin;

201 4493 332 4558 Plevit
358 4500 567 4570 triginta
595 4493 778 4553 annos.
1326 4493 1331 4494 “

201 4559 224 4598 δ
257 4563 372 4621 Mss.
401 4570 630 4641 aliquot,
690 4568 826 4625 Sunt
856 4567 990 4622 enim
1013 4567 1100 4636 qui
1134 4565 1379 4641 adversus
1404 4564 1580 4619 divina
1606 4581 1694 4619 sa-

148 4643 365 4710 tramenta
393 4637 620 4710 decipere
643 4656 736 4710 sua
758 4644 1065 4694 consuerunt
1089 4637 1298 4710 astutia.

181 4709 226 4781 ,ε
261 4705 458 4781 'I'huan.
490 4705 616 4768 cod.
643 4709 800 4781 Colb.
849 4724 987 4781 unus
1017 4718 1072 4764 et
1101 4708 1251 4781 Alb.,
1303 4706 1438 4781 Bene
1480 4707 1698 4781 pusillas

154 4779 320 4854 vineas;
345 4779 472 4837 Tell.
500 4794 555 4839 et
587 4790 700 4838 vel.
723 4780 880 4844 edit.,
912 4779 1052 4834 Bene
1067 4779 1287 4852 pusillas
1305 4779 1501 4850 vulpes.
1535 4779 1693 4833 Rom.

157 4843 340 4920 editae
366 4854 542 4920 plures
562 4867 694 4909 mss.
721 4861 779 4908 ut
801 4854 853 4908 in
870 4843 1057 4907 textu.

212 4914 397 4998 dublss;
424 4940 530 4998 non
562 4925 743 4998 pauci,
780 4940 934 4998 quam
984 4921 1228 4998 erudiunt
1276 4919 1566 4998 (quidam,
1595 4936 1700 4998 qua

160 4988 406 5060 erudimur)
436 4997 496 5050 de
522 4988 830 5068 quibusdam
858 4993 1146 5068 iracundiae
1164 4988 1699 5068 stimulis‘triumplt‘a-

163 5069 284 5140 ζηαξε
330 5072 380 5114 ut
404 5061 715 5140 sacrumenta
742 5066 1061 5140 baptismatis
1091 5061 1404 5140 capiamus_(
1421 5062 1704 5140 nonnulli;

165 5123 444 5208 ξ’σῃςίδηξαζίε
469 5137 663 5208 uideas)
714 5123 921 5208 triginta
948 5123 1200 5208 annorum
1232 5123 1555 5208 (baptiaatum
1581 5123 1707 5208 dicit

165 5194 282 5278 (alii,
305 5203 528 5278 dicimus)
561 5194 668 5264 esse
695 5194 1036 5264 Salvatorem.
1067 5205 1134 5260 In
1175 5194 1383 5278 triginta
1405 5205 1555 5278 annis
1570 5198 1705 5278 (alio

169 5273 240 5352 ‘lu‘i
265 5273 630 5352 ._post_triginta
659 5279 842 5348 annos)
889 5273 1535 5352 incarnationisDominus
1555 5273 1708 5352 Iesus

172 5335 384 5421 gludleis
403 5335 731 5421 interﬁcitur;
756 5361 811 5404 ut
824 5335 936 5421 post
952 5358 1165 5404 mortem
1188 5347 1409 5421 ubitam;
1429 5360 1533 5400 non
1551 5345 1710 5421 pauci

175 5417 362 5489 991lth
381 5417 710 5484 edit.,'marte
729 5417 897 5487 obita;
921 5430 1005 5475 est
1033 5421 1176 5474 enim
1201 5434 1308 5475 non
1336 5419 1567 5474 obscura
1587 5417 1711 5472 imi-

177 5482 286 5536 tatio
306 5482 570 5558 Virgiliani
597 5495 744 5549 illius
768 5507 800 5548 e
829 5482 924 5547 lib.
949 5508 1004 5558 x,
1036 5489 1252 5546 IEneid.

282 5573 424 5630 Morte
440 5583 584 5649 obita,
608 5585 784 5648 quales
803 5583 928 5634 fama
947 5589 1026 5635 est
1043 5582 1245 5633 volitare
1269 5581 1468 5644 ﬁguras.

238 5652 479 5734 Caeterum
501 5669 817 5740 superiores
849 5667 1144 5740 varietates
1196 5680 1262 5721 eo
1302 5663 1532 5721 consilio
1563 5660 1717 5718 exhi-

210 5723 389 5809 Ὴίῖηυεν
415 5744 471 5809 ut
498 5723 595 5796 hoc
615 5723 887 5809 tamquam
911 5737 1210 5808 specimine
1231 5744 1432 5809 pateat.
1455 5743 1716 5809 quantum

188 5792 272 5850 sibi
295 5792 594 5880 quandoque
619 5792 930 5868 scribarum
945 5792 1271 5876 permiserit
1297 5792 1544 5863 audacia.

567 5903 844 5968 Punon.
890 5900 1064 5966 XVI.

1799 4491 2060 4560 imitatio;
2090 4491 2167 4547 sic
2191 4490 2337 4546 enim
2365 4487 2507 4544 illic:

2408 4581 2656 4643 Quantum
2681 4590 2901 4635 mutatus
2917 4586 2981 4634 sb
3004 4584 3088 4634 illo

1924 4647 2173 4708 Hectore,
2206 4648 2290 4710 qui
2322 4645 2454 4695 redit
2483 4647 2687 4697 exuvias
2716 4649 2915 4698 indutus
2941 4647 3162 4698 Achillis.

1877 4731 1894 4770 ί
1937 4733 2014 4787 Ita
2043 4740 2159 4786 vet.
2180 4729 2311 4786 edit.
2345 4737 2401 4783 et
2435 4729 2618 4798 plures
2643 4745 2804 4796 mss.;
2829 4739 2884 4784 at
2911 4729 3070 4785 Rom.
3105 4730 3238 4787 edit.
3272 4745 3396 4786 cum

1800 4802 1924 4858 aliis
1955 4801 2250 4865 nonnullis,
2281 4799 2554 4869 colligatus
2573 4810 2620 4854 et
2648 4809 2848 4868 captus.

1765 4893 1804 4918 ο
1875 4884 1899 4922 s
1937 4871 2195 4927 Nonnulli
2226 4885 2384 4934 mss.,
2407 4871 2594 4924 inuicto
2620 4872 2762 4924 crine
2783 4871 3040 4926 tondetur.

1878 4942 1906 4980 ιι
1948 4943 2069 4998 Vet.
2091 4941 2247 5004 edit.,
2283 4939 2350 4994 Et
2373 4942 2518 4994 bona:
2538 4941 2724 5012 abietes
2753 4956 2904 4995 nares
2933 4940 3145 4996 Tharsis
3161 4960 3180 5008 ;
3215 4943 3400 5012 Rom.,

1812 5015 1880 5071 Et
1908 5016 2030 5068 bene
2054 5029 2117 5068 ετ
2143 5012 2306 5066 abiete
2333 5020 2454 5064 sunt
2483 5027 2632 5065 naves
2665 5010 2876 5066 Tharsis
2907 5029 2925 5066 :
2977 5027 3108 5067 mss.
3137 5029 3271 5070 vero
3300 5010 3402 5070 no;

1810 5085 2018 5142 hiscum
2050 5084 2276 5156 faciunt,
2297 5082 2540 5151 exceptis
2561 5083 2746 5152 paucis
2777 5081 2831 5137 in
2862 5083 3060 5154 quibus
3088 5084 3304 5156 legitur,
3335 5086 3404 5142 Et

1811 5159 1955 5212 bona:
1981 5155 2290 5209 adducentes
2321 5167 2492 5218 naves,
2523 5162 2628 5209 etc.

1893 5226 1909 5264 ί
1941 5225 2170 5294 Quidam
2197 5239 2354 5292 mss.,
2381 5234 2428 5278 et
2452 5234 2613 5279 totum
2630 5224 2918 5296 remigium.
2953 5225 3022 5281 Et
3047 5225 3207 5293 infra,
3237 5245 3412 5284 omnes

1815 5318 1846 5354 a
1868 5297 1978 5354 Deo
2004 5296 2257 5352 numerati
2285 5306 2425 5351 sunt.

1859 5347 2423 5454 j_'it's'§.aii§udi,}i
2466 5365 2608 5422 Deus
2635 5369 2953 5440 omnipotens
2979 5347 3119 5424 meos
3159 5371 3298 5424 nouit
3326 5387 3413 5425 ca-

1817 5442 2116 5567 pulltosliom.
2141 5511 2272 5568 edit.
2299 5511 2438 5577 sola,
2487 5520 2537 5565 et
2565 5510 2717 5564 irruit
2741 5526 2896 5580 super
2924 5527 3076 5579 eum;
3133 5528 3262 5567 mss.
3313 5513 3418 5567 ali-

1819 5595 1973 5657 quot,
2009 5584 2073 5657 Et
2102 5584 2294 5657 decidit
2323 5599 2478 5657 super
2502 5598 2660 5657 eum;
2687 5597 2793 5657 non
2817 5584 2980 5638 male.
3007 5583 3062 5637 ln
3089 5584 3411 5657 quibusdam

1819 5652 1965 5712 enim
1987 5655 2191 5712 Graecis
2217 5652 2620 5722 exemplaribus
2650 5653 2866 5722 legitur,
2894 5659 2982 5709 καὶ
3006 5652 3311 5714 κατήλαυνιν
3333 5658 3420 5710 ἐπὶ

1823 5730 1996 5810 ctu-rev,
2016 5728 2150 5852 licet
2176 5725 2440 5782 habeatur
2472 5724 2526 5780 in
2562 5723 2829 5795 pluribus,
2860 5729 2943 5780 καὶ
2965 5727 3142 5796 ἥλατο,
3171 5737 3215 5782 et
3243 5729 3424 5782 institit

1823 5811 1871 5856 ει
1899 5807 2071 5856 trrtttl.
2095 5812 2125 5854 θ
2151 5810 2201 5852 c.

2055 5839 2071 5867 ,
2095 5812 2201 5854 etc.

2826 5886 2904 5948 '21s
