3956 6170
547 268 653 323 747

1900 243 2150 302 SANCTl
2183 240 2517 299 Διωιωδιι

3729 230 3819 286 718

622 386 713 440 18.
762 381 922 437 Vides
944 388 1076 446 ergo
1100 372 1225 443 quia
1256 369 1349 425 ille
1369 367 1461 438 qui
1485 364 1868 428 comitabatur,
1894 363 2009 433 ipse
2034 361 2146 415 dis-
2177 362 2230 425 Α
2254 364 2424 431 factus
2460 367 2539 411 est
2568 354 2739 408 subito
2775 354 2841 407 de
2881 352 3010 406 εοειο
3052 365 3228 417 sonus,
3278 360 3539 417 tamquam
3576 345 3621 400 si
3658 361 3823 417 magno

553 478 741 533 cessit.
774 473 919 527 idem
950 479 1178 535 estergo
1209 463 1491 525 Dominus,
1523 461 1615 529 qui
1646 458 1883 527 Spiritus
1908 454 2147 519 Domini,

556 571 657 623 hoc
677 576 782 630 est,
825 564 1000 632 ipsum
1024 559 1284 628 Spiritum
1318 555 1436 614 Dei,
1464 552 1753 608 Dominum
1783 547 2147 615 nuncupauit,

552 665 694 717 sicut
718 669 774 714 et
800 655 1093 727 Apostolus
1132 653 1204 707 ait
1235 669 1249 706 :
1279 648 1537 704 Dominus
1574 656 1747 698 autent
1772 641 2000 712 Spiritus
2030 652 2102 694 est
2134 656 2152 691 .-

553 756 641 813 ιιθὶ
660 763 830 809 autem
859 752 1092 821 Spiritus
1121 745 1356 810 Domini,
1380 744 1449 797 ibi
1473 740 1763 814 libertas(ll
1785 738 1905 794 Cor.
1941 734 2149 803 111,17).

553 848 734 905 Habes
770 861 907 915 ergo
938 844 1229 900 Dominum
1268 839 1477 895 dictum
1507 838 1673 892 etiam
1721 832 1982 905 Spiritum
2028 845 2153 886 san-

552 948 735 1005 ctum;
761 952 867 995 non
893 936 1037 993 enim
1070 929 1338 998 unus,sed
1356 945 1521 987 unum
1537 938 1664 984 sunt
1680 927 1917 998 Spiritus
1937 932 2156 979 sanctus

554 1044 611 1092 ot
637 1034 829 1091 Filius.

626 1128 714 1182 19.
754 1108 871 1182 Hoc
900 1136 1119 1194 quoque
1165 1121 1289 1176 loco
1318 1119 1581 1173 virtutem
1615 1114 1776 1182 dixit,
1809 1122 1863 1169 et
1894 1111 2155 1181 Spiritum

549 1221 898 1293 signiﬁcavit.
930 1219 1087 1275 Sicut
1131 1215 1277 1271 enim
1327 1213 1491 1268 Pater
1532 1211 1723 1269 virtus,
1783 1208 1855 1261 ita
1908 1215 1965 1260 et
1989 1204 2159 1259 Filius

550 1317 751 1380 virtus,
778 1323 836 1369 et
858 1312 1096 1382 Spiritus
1138 1318 1363 1363 sanctus
1393 1313 1479 1360 est
1505 1305 1677 1359 virtus
1708 1301 1762 1363 (Ι
1788 1299 1950 1354 Joan.
1981 1314 2037 1363 v,
2066 1294 2153 1368 7).

553 1410 632 1466 De
659 1408 798 1464 Filio
829 1406 1039 1475 legisti,
1066 1401 1346 1458 Christum
1391 1399 1485 1453 Dei
1517 1399 1774 1451 virtutem
1807 1409 1954 1456 esse,
1986 1402 2039 1446 et
2064 1391 2159 1444 Dei

549 1502 879 1573 sapientiam
912 1497 971 1569 (1
996 1496 1119 1552 Cor.
1151 1492 1322 1564 hii).
1356 1491 1617 1560 Legimus
1642 1488 1809 1543 etiam
1837 1486 1960 1552 quia
1989 1484 2160 1536 virtus

552 1609 638 1653 est
686 1595 870 1657 Pater,
919 1593 1062 1646 sicut
1092 1587 1360 1656 scriptum
1396 1592 1524 1638 est:
1560 1579 1809 1635 Videbitis
1836 1575 2040 1629 Filium
2069 1574 2161 1628 lio-

552 1692 709 1749 minis
729 1686 990 1742 sedentem
1018 1681 1089 1741 ad
1119 1682 1383 1735 dexteram
1404 1676 1607 1730 virtutis
1635 1673 1730 1725 Dei
1759 1669 1974 1741 (Matth.
2006 1681 2157 1730 xxvr,

2257 452 2485 522 Spiritus
2513 453 2736 519 ferretur
2769 445 2907 517 (Act.
2934 460 2992 508 tt,
3016 443 3097 513 Ξ).

2324 544 2415 598 94.
2457 541 2565 597 Sed
2597 558 2662 596 ne
2690 554 2882 595 rursus
2911 549 3068 608 putes
3105 538 3171 592 ad
3222 535 3503 593 sensibilia
3555 544 3610 590 ct
3651 549 3825 600 corpo-

2254 636 2386 690 ralia
2415 636 2515 689 hoc
2545 649 2668 689 esse
2697 632 3043 697 vertendum,
3076 632 3264 701 accipe
3301 630 3426 699 quia
3456 631 3540 681 sic
3573 626 3828 681 descendit

2252 738 2309 781 et
2334 729 2587 797 Spiritus,
2612 724 3070 796 quemadmodum
3093 722 3454 777 descensurus
3473 729 3558 775 est
3580 717 3825 773 Christus.

2256 821 2391 877 Nam
2426 831 2483 877 et
2530 822 2648 891 ipse
2693 834 2818 873 cum
2850 819 3049 872 virtute
3091 815 3422 881 descendet,
3470 813 3609 868 sicut
3645 810 3829 865 habes:

2268 914 2523 970 Videbunt
2556 913 2755 967 Filium
2787 911 3010 965 hominis
3042 910 3322 963 venientem
3354 905 3409 959 in
3448 903 3665 958 nubibus
3699 901 3830 967 steti,

2258 1010 2311 1063 in
2347 1010 2529 1061 virtute
2548 1008 2779 1060 maxime
2795 1012 2844 1058 et
2874 1006 3148 1075 majestate
3172 997 3387 1071 (Matth.
3414 1011 3565 1062 xxrv,
3597 994 3706 1064 30).

2328 1102 2417 1157 25.
2439 1100 2728 1168 Quomodo
2743 1101 2892 1154 enim
2920 1112 3028 1151 non
3051 1104 3135 1150 est
3163 1108 3264 1148 una
3290 1091 3467 1147 virtus
3486 1099 3646 1160 atque
3667 1088 3832 1143 eadem

2260 1205 2538 1266 potestas;
2572 1210 2697 1249 cum
2726 1207 2889 1247 unum
2918 1206 3058 1260 opus
3085 1232 3100 1255 ,
3145 1204 3311 1241 unum
3339 1184 3631 1257 judicium,
3684 1196 3830 1237 unum

2263 1290 2561 1360 templum,
2613 1303 2719 1342 una
2776 1285 3099 1347 vivilicatio,
3148 1298 3252 1337 una
3282 1279 3834 1343 sanctiﬁcatio,unum

2261 1385 2424 1440 etiam
2456 1397 2682 1454 regnum
2710 1380 2780 1434 sit
2803 1379 2982 1433 Patris
2998 1386 3053 1431 et
3075 1375 3197 1430 Filii
3223 1382 3280 1428 et
3309 1373 3547 1443 Spiritus
3573 1367 3779 1424 sancti?

2870 1488 3103 1546 CAPUT
3144 1485 3236 1542 111.

2266 1588 2413 1643 Sicut
2443 1588 2547 1641 vita
2576 1596 2647 1641 est
2679 1599 2986 1658 cognoscere
3015 1581 3221 1635 Patrem
3266 1587 3315 1632 et
3341 1576 3574 1643 Filium,
3608 1578 3675 1629 ita
3700 1575 3839 1628 vitam

2337 1697 2445 1736 esse
2487 1694 2792 1749 cognoscere
2842 1676 3101 1746 Spiritum
3150 1681 3424 1738 sanctum;
3466 1668 3772 1741 proindeque
3814 1683 3839 1718 α

550 1782 672 1851 61).
702 1780 801 1835 Hic
827 1778 1012 1845 utique
1036 1775 1296 1829 virtutem
1327 1771 1538 1825 Patrem
1572 1765 1731 1827 dixit.
1754 1763 1911 1833 cujus
1937 1760 2001 1815 ad
2034 1760 2165 1813 des—
2194 1753 2242 1813 B
2342 1771 2522 1828 pam',
2550 1771 2816 1824 άευεηειαιε
2850 1784 2951 1821 non
2987 1764 3360 1835 separandum.

551 1885 735 1931 teram
764 1868 935 1926 Filius
962 1863 1296 1930 sedet,sicut
1316 1861 1485 1917 habes
1515 1877 1529 1911 :
1557 1857 1704 1911 Dixit
1731 1851 2160 1923 Dominusm

552 1964 781 2021 Domino
799 1974 945 2017 meo:
975 1956 1112 2012 Sede
1137 1954 1206 2011 ad
1225 1955 1493 2007 dexteram
1515 1964 1678 2003 meam
1703 1946 1723 2017 (
1745 1945 1893 2000 Psal.
1924 1959 2032 2006 ctx,
2069 1941 2157 2012 1).

554 2056 825 2112 Virtutem
848 2051 1012 2107 etiam
1036 2048 1300 2117 Spiritum
1322 2053 1569 2099 sanctum
1590 2042 1706 2112 ipse
1732 2040 1993 2093 Dominus
2022 2051 2160 2090 nun-

556 2145 779 2217 cupavit
823 2143 1052 2200 dicens:
1102 2149 1127 2177 ⁸
1152 2138 1430 2209 Accipietis
1459 2136 1734 2200 virtutem,
1780 2130 2084 2185 adveniente
2106 2128 2161 2181 in

559 2257 648 2297 vos
666 2239 871 2310 Spiritu
892 2245 1082 2293 sancto
1106 2233 1250 2301 (Act.
1266 2247 1307 2298 ι,
1323 2230 1403 2300 8).

1194 2386 1422 2445 CAPUT
1462 2387 1527 2441 ll.

561 2515 735 2571 Unum
762 2528 873 2571 esse
893 2509 1074 2566 Patris
1114 2516 1165 2561 et
1190 2504 1235 2559 F
1240 2506 1318 2561 itii
1338 2516 1383 2558 et
1412 2503 1647 2572 Spiritus
1672 2500 1840 2555 sancti
1864 2496 2158 2553 consilium.

629 2652 722 2705 20.
762 2649 883 2718 lpSe
928 2645 1072 2701 enim
1131 2640 1364 2711 Spiritus
1396 2638 1568 2691 virtus
1615 2643 1734 2698 est,
1784 2632 1904 2701 quia
1937 2628 2110 2700 legisti
2146 2644 2158 2680 :

565 2745 822 2814 Spiritum
847 2738 1051 2794 consilii
1078 2745 1231 2804 atque
1260 2732 1465 2785 virtutis
1487 2732 1503 2798 (
1522 2728 1669 2781 Esai.
1695 2743 1771 2791 χι,
1798 2727 1833 2780 2
1851 2726 1892 2795 ).
1926 2726 1993 2779 Et
2022 2724 2164 2776 sicut

562 2837 732 2891 Filius
758 2831 938 2902 magni
958 2827 1177 2884 consilii
1196 2825 1455 2894 Angelus,
1488 2823 1559 2874 ita
1588 2820 1751 2875 etiam
1780 2818 2015 2888 Spiritus
2039 2832 2162 2870 con-

561 2930 671 2986 silii
720 2938 801 2982 cst
831 2966 845 2989 ,
878 2923 908 2961 ι)
957 2930 1015 2975 ut
1037 2934 1207 2973 unum
1240 2916 1383 2970 scias
1415 2914 1589 2967 Patris
1621 2923 1676 2966 et
1704 2910 1824 2964 Filii
1849 2920 1903 2965 et
1929 2909 2165 2978 Spiritus

560 3018 734 3076 sancti
766 3030 887 3071 esse
902 3011 1211 3069 consilium.
1225 3005 1646 3075 Consiliumpon
1671 3003 1737 3057 de
1756 3002 1920 3056 rebus
1945 3000 2164 3054 incertis

563 3112 858 3183 aliquibus,
886 3106 979 3161 sed
1009 3101 1357 3173 prmcognitis
1382 3108 1436 3153 et
1465 3098 1704 3152 statutis.

632 3205 725 3259 2t.
768 3200 1047 3256 Arbitrum
1113 3205 1294 3250 autem
1361 3190 1530 3247 divini
1583 3189 1800 3243 consilii
1862 3189 2159 3257 Spiritum,

570 3312 590 3338 ε
616 3301 779 3355 etiam
805 3294 931 3349 inde
963 3304 1250 3362 cognosce.
1271 3287 1405 3342 Nam
1438 3302 1559 3340 cutn
1580 3280 1949 3353 supru(Lib.t,
1967 3297 2082 3350 cap.
2107 3279 2166 3346 6)

567 3389 913 3447 docuerimus
940 3384 1208 3438 arbitrum
1244 3379 1584 3451 baptismatis
1606 3390 1726 3432 esse
1755 3374 2021 3443 Spiritum
2048 3386 2170 3425 san-

569 3494 715 3538 ctum
745 3523 760 3547 ,
792 3460 1122 3548 baptismum
1157 3481 1335 3527 autem
1373 3470 1464 3524 Dei
1495 3484 1617 3524 esse
1647 3466 1936 3522 consilium
1968 3461 2170 3534 legeri-

570 3591 691 3632 mus
740 3573 880 3628 sicut
911 3568 1122 3623 habes:
1165 3563 1193 3602 σί
1229 3562 1483 3617 Pharisaei
1532 3568 1704 3613 autem
1754 3556 2031 3609 consilium
2075 3553 2171 3607 Dei

568 3661 865 3735 spreverunt
902 3663 955 3716 in
978 3676 1033 3715 se
1054 3700 1069 3725 ,
1112 3674 1214 3711 non
1238 3654 1483 3728 baptismi
1504 3654 1566 3707 ob
1596 3668 1656 3705 eo
1685 3650 1705 3722 (
1732 3649 1857 3704 Luc.
1893 3663 1987 3714 vn,
2018 3645 2125 3716 50)
2153 3663 2167 3711 ;

556 3762 775 3834 liquido
796 3759 993 3822 claret,
1027 3767 1151 3807 cum
1202 3751 1320 3805 sine
1364 3748 1575 3818 Spiritu
1604 3745 1869 3813 baptisma
1897 3755 2024 3796 esse
2060 3754 2171 3792 non

570 3857 767 3930 possit,
792 3856 910 3910 sine
934 3850 1142 3921 Spiritu
1174 3860 1391 3919 quoque
1414 3858 1521 3898 non
1550 3856 1671 3896 esse
1698 3838 1999 3893 consilium
2017 3834 2134 3889 Dei.

640 3950 737 4006 εἰ.
760 3950 829 4004 Et
858 3954 918 4002 ut
946 3947 1187 4002 sciamus
1213 3941 1422 4010 plenius
1450 3937 1709 3991 virtutem
1737 3948 1862 3988 esse
1886 3930 2170 4000 Spiritum,

576 4048 719 4104 scire
744 4044 1008 4099 debemus
1031 4042 1204 4110 ipsum
1238 4048 1360 4090 esse
1390 4031 1744 4104 promissum,
1790 4024 2009 4097 quando
2038 4022 2176 4089 dixit

579 4141 839 4197 Dominus
873 4155 885 4189 :
912 4134 1193 4203 Eﬂ‘undam
1212 4130 1278 4183 de
1304 4126 1502 4199 Spiritu
1526 4138 1637 4177 meo
1659 4137 1812 4191 super
1838 4133 2039 4172 omnem
2062 4129 2176 4168 car-

580 4251 694 4290 nem
715 4231 879 4305 (Jocl.
905 4244 964 4291 ιι,
993 4227 1107 4297 28).
1144 4226 1239 4279 ille
1265 4236 1396 4291 ergo
1427 4220 1517 4290 qui
1550 4218 1850 4288 promissus
1872 4221 1952 4267 est
1986 4209 2170 4274 nobis,

583 4330 698 4398 ipse
719 4303 804 4381 est
833 4324 1046 4385 virtus;
1096 4318 1235 4371 sicut
1265 4315 1424 4371 etiam
1456 4312 1511 4366 in
1568 4307 1860 4378 Evangelia
1892 4306 2031 4361 idem
2080 4303 2176 4357 Dei

579 4394 755 4476 Filius
781 4410 1078 4473 declaravit
1103 4410 1330 4465 dicens:
1387 4406 1455 4459 Et
1487 4419 1579 4474 ego
1610 4402 1754 4455 mitto
1779 4405 2031 4469 promissa
2063 4394 2175 4449 Pa-

2330 1888 2419 1942 Ξϐ.
2462 1886 2652 1940 Dicant
2700 1884 2843 1938 enim
2897 1881 2950 1936 in
2980 1896 3089 1952 quo
3139 1876 3638 1935 dissimilitudinem
3681 1872 3838 1929 divini

2259 1984 2443 2052 operis
2469 1981 2821 2034 arbitrentur.
2856 1974 3309 2044 Quandoquidem
3341 1972 3480 2026 sicut
3522 1970 3627 2024 vita
3651 1976 3735 2022 est
3756 1983 3839 2021 co-

2259 2090 2521 2149 gnoscere
2542 2074 2751 2128 Patrem
2770 2082 2823 2130 et
2844 2069 3061 2135 Filium,
3081 2066 3535 2139 quemadmodum
3555 2065 3667 2135 ipse
3685 2063 3842 2118 Domi-

2263 2190 2364 2229 nus
2386 2171 2598 2227 declara
2607 2170 2680 2223 vit
2693 2169 2881 2223 (licens
2898 2186 2908 2220 :
2924 2164 3091 2237 639
3103 2162 3232 2219 Haec
3250 2173 3321 2216 est
3338 2171 3510 2215 autem
3524 2161 3623 2214 vita
3646 2169 3839 2220 esterno,

2264 2277 2320 2319 ut
2347 2272 2658 2333 cognoscant
2706 2271 2753 2315 te
2778 2261 2946 2315 solum
2973 2275 3146 2312 verum
3178 2256 3376 2323 Deum,
3406 2266 3453 2309 et
3498 2271 3643 2327 quem
3684 2250 3871 2306 misisti.

2262 2357 2437 2414 Iesum
2471 2355 2729 2411 Christum
2762 2356 2778 2421 l
2801 2354 2960 2408 Joan.
2993 2367 3124 2419 xvtt,
3157 2350 3265 2422 '5);
3322 2348 3394 2404 ita
3424 2347 3588 2403 etiam
3641 2348 3748 2400 vita
3774 2352 3844 2398 est

2264 2465 2595 2521 cognoscere
2622 2447 2882 2519 Spiritum
2916 2453 3183 2498 sanctum.
3218 2440 3355 2495 Dicit
3380 2441 3524 2494 enim
3554 2436 3843 2492 Dominus:

2268 2543 2332 2600 Si
2364 2542 2585 2612 diligitis
2606 2557 2705 2606 me,
2760 2539 3005 2592 mandata
3032 2553 3145 2589 mea
3190 2543 3387 2589 servate
3419 2549 3437 2586 :
3468 2541 3513 2586 et
3553 2547 3645 2604 ego
3679 2527 3845 2601 rogabo

2268 2636 2502 2700 Patrem,
2535 2633 2752 2686 ctalium
2779 2630 3089 2703 paraclitum
3112 2628 3252 2681 dabit
3280 2625 3443 2690 vobis,
3476 2636 3529 2679 ut
3554 2633 3755 2677 maneat
3779 2637 3844 2675 ro-

2266 2728 2465 2781 biscum
2492 2728 2543 2779 in
2560 2734 2832 2787 (Pternum,
2865 2720 3122 2791 Spiritum
3169 2720 3418 2784 veritatis,
3463 2733 3613 2788 quem
3643 2715 3844 2769 mundus

2266 2837 2369 2874 non
2401 2828 2568 2889 potest
2593 2819 2863 2887 accipere;
2889 2815 3009 2886 quia
3039 2831 3142 2868 non
3172 2814 3305 2868 videt
3339 2829 3583 2877 eutn,nec
3607 2809 3844 2881 cognoscit

2267 2928 2415 2965 eum:
2438 2927 2522 2964 vos
2547 2920 2713 2963 autem
2737 2909 2878 2963 scitis
2910 2924 3043 2971 eum,
3075 2906 3198 2978 quia
3219 2905 3362 2976 apud
3388 2922 3476 2959 vos
3506 2915 3703 2971 manet,
3734 2912 3776 2957 et
3803 2903 3844 2954 in

2266 3006 2409 3060 vobis
2433 3014 2508 3058 est
2540 3001 2705 3072 (Ibid.
2736 3016 2847 3065 xw,
2876 3000 2941 3055 15
2970 3009 3018 3053 et
3047 2998 3204 3070 seq.).
3434 3060 3439 3064 ,

2336 3098 2427 3152 27.
2478 3095 2620 3166 Ergo
2661 3093 2893 3148 mundus
2948 3109 3051 3146 non
3098 3091 3329 3149 habebat
3375 3092 3539 3145 vitam
3581 3102 3840 3150 aeternam,

2269 3188 2530 3259 quianon
2571 3195 2855 3255 acceperat
2895 3184 3157 3253 Spiritum
3191 3202 3204 3238 :
3249 3184 3336 3239 tibi
3385 3193 3570 3237 autem
3616 3182 3843 3254 Spiritus,

2270 3282 2343 3335 ibi
2374 3280 2479 3333 vita
2508 3287 2745 3335 zetcrna:
2778 3279 2893 3347 ipse
2920 3286 3005 3333 est
3033 3278 3176 3332 enim
3206 3275 3442 3348 Spiritus
3467 3277 3594 3332 vita:
3620 3286 3847 3345 mergitur

2273 3387 2513 3427 amemur.
2560 3383 2583 3409 ε
2627 3371 2784 3428 Unde
2838 3372 3027 3435 miror,
3076 3384 3174 3424 cur
3216 3369 3283 3424 de
3313 3369 3434 3424 solo
3489 3379 3543 3424 et
3579 3386 3707 3424 vero
3759 3368 3847 3421 Deo

2274 3467 2460 3522 Ariani
2488 3473 2743 3520 moveant
2764 3464 3146 3535 quaestionem.
3170 3462 3322 3519 Sicut
3344 3461 3489 3517 enim
3526 3463 3634 3518 vita
3674 3471 3848 3517 :ctcrna

2273 3570 2352 3614 est
2385 3574 2713 3630 Cognoscere
2742 3560 2916 3613 stilum
2950 3567 3003 3612 ot
3033 3573 3219 3613 verum
3241 3558 3431 3625 Deum,
3452 3558 3524 3611 ita
3539 3558 3649 3612 vita
3671 3565 3849 3610 interna

2274 3662 2359 3710 est
2386 3668 2717 3723 Cognoscere
2753 3653 2938 3708 Jesum
2969 3651 3271 3718 Christum,
3307 3652 3377 3706 ita
3422 3652 3530 3707 vita
3559 3663 3754 3707 aeterna
3782 3655 3851 3702 est

2275 3762 2604 3819 cognoscere
2631 3747 2890 3817 Spiritum
2924 3757 3173 3801 sanctum
3206 3762 3219 3800 :
3267 3761 3428 3816 quem
3462 3746 3543 3799 sic
3584 3762 3688 3799 non
3728 3741 3851 3796 videt

2277 3838 2533 3903 mundus,
2564 3837 3016 3908 quemadu'iodum
3040 3835 3293 3890 Patrem:
3325 3835 3402 3890 sic
3433 3851 3541 3890 non
3573 3833 3849 3907 cognoscit,
3904 3860 3914 3875 ο

2281 3931 2300 3970 ί
2328 3932 2782 4002 quemadmodum
2828 3931 3044 3986 Filium.
3074 3932 3174 3998 Qui
3218 3939 3395 3985 autem
3428 3930 3497 3985 de
3527 3928 3633 3985 hoc
3675 3924 3849 3983 mundo

2279 4040 2385 4081 non
2417 4034 2518 4089 est,
2551 4024 2713 4079 habet
2738 4024 2899 4078 vitam
2947 4034 3231 4089 aeternam,
3281 4032 3336 4078 et
3367 4039 3492 4078 cum
3548 4025 3666 4095 ipso
3694 4026 3850 4077 manet

2278 4117 2515 4189 Spiritus
2547 4117 2600 4170 in
2632 4127 2915 4181 :rteruum,
2940 4118 3029 4184 qui
3060 4125 3145 4169 est
3170 4115 3351 4170 lumen
3377 4116 3505 4169 vita:
3528 4124 3757 4170 aeternae.

2349 4213 2440 4267 28.
2478 4212 2619 4281 Ergo
2650 4213 2692 4266 si
2738 4213 2840 4265 hoc
2885 4209 3099 4265 confert
3138 4210 3375 4281 cognitio
3405 4210 3580 4263 solius
3608 4208 3716 4263 veri
3749 4202 3849 4266 Dei,

2279 4306 2423 4378 quod
2449 4306 2656 4360 confert
2698 4304 2819 4359 Filii
2852 4304 3195 4374 Spiritusque
3230 4302 3500 4371 cognitio,
3547 4318 3644 4357 cur
3684 4297 3848 4353 Filium

2279 4410 2334 4456 et
2352 4397 2614 4469 Spiritum
2636 4414 2665 4452 a
2688 4397 2800 4452 veri
2826 4396 2922 4452 Dei
2948 4398 3158 4451 honore
3182 4396 3451 4461 secernis,
3474 4410 3601 4450 cum
3622 4409 3650 4447 a
3668 4387 3850 4460 magni-

576 4514 669 4567 tris
699 4509 798 4563 mei
828 4508 879 4559 in
900 4521 1008 4571 vos,
1055 4518 1141 4557 vos
1169 4509 1340 4555 autem
1369 4497 1535 4550 sedete
1560 4494 1613 4548 in
1646 4491 1882 4556 civitate,
1914 4504 2162 4557 quousqtu

2284 4494 2468 4550 tudine
2497 4493 2740 4549 beneﬁcii
2771 4506 2874 4546 nou
2912 4490 3208 4545 secernas?
3236 4490 3347 4544 Aut
3372 4489 3519 4544 enim
3552 4487 3739 4544 credas
3765 4495 3848 4537 ne-

576 4600 870 4659 induamini
888 4598 1071 4653 uirtute
1091 4610 1154 4649 ea:
1182 4593 1286 4646 atto
1310 4587 1468 4658 (Luc.
1496 4601 1629 4651 χιιι,
1659 4583 1772 4653 49).

647 4695 738 4749 25.
784 4692 1035 4759 Eousque
1078 4695 1255 4739 autem
1292 4682 1549 4735 virtutem
1599 4692 1721 4730 esse
1743 4676 2004 4744 Spiritum
2047 4690 2169 4729 san-

574 4802 720 4847 ctum
748 4783 1080 4855 evangelista
1100 4776 1386 4848 signiﬁcat,
1405 4780 1464 4826 ut
1490 4781 1545 4829 et
1572 4788 1692 4826 cum
1741 4770 1789 4824 vi
1833 4784 2023 4840 magna
2046 4786 2167 4825 eum

2281 4602 2434 4642 cesse
2465 4595 2547 4639 est
2582 4583 2750 4639 solius
2781 4598 2924 4638 vera:
2950 4581 3247 4637 divinitatis
3286 4596 3409 4637 esse
3442 4583 3547 4636 hoc
3582 4579 3849 4633 maximum

2280 4686 2563 4741 munus,ct
2588 4678 2759 4731 solam
2790 4685 2845 4731 et
2874 4690 3056 4730 veram
3084 4674 3422 4729 divinitatem
3449 4675 3594 4728 sicut
3613 4665 3849 4727 etPatris,

2277 4773 2351 4827 ita
2390 4782 2446 4826 et
2477 4770 2599 4825 Filii
2630 4778 2687 4824 et
2728 4767 2963 4837 Spiritus
3000 4765 3335 4822 conlitebere
3380 4783 3393 4819 ε
3438 4772 3533 4819 aut
3580 4766 3626 4817 si
3666 4756 3848 4816 dixeris

574 4893 794 4940 sanctus
832 4878 1008 4935 Lucas
1055 4867 1407 4933 descendisse
1438 4872 1800 4930 memoraret,
1829 4862 2018 4919 dicens
2045 4880 2057 4916 :
2101 4860 2196 4917 Et.
2277 4865 2398 4937 quia
2442 4863 2606 4917 vitam
2649 4869 2906 4917 aeternam
2935 4869 2960 4906 ε
2990 4865 3173 4929 potest
3196 4864 3251 4912 et
3280 4855 3323 4909 is
3355 4854 3630 4920 conferre,
3660 4850 3746 4925 qui
3777 4860 3848 4900 ve-

638 5075 664 5102 ει
706 5063 868 5119 Rom.
920 5056 1049 5114 edit.
1103 5069 1223 5109 cum
1263 5064 1394 5104 mss.
1446 5046 1741 5109 nonnuitis,
1784 5045 1873 5098 hic
1902 5055 1956 5119 et
1982 5044 2075 5119 lili.
2104 5061 2159 5112 ι,

566 5152 688 5203 cap.
709 5117 773 5198 V7,
799 5130 1059 5203 accipietis
1085 5127 1320 5203 virtutem
1348 5119 1695 5203 advenientem
1719 5120 1772 5170 in
1799 5132 1883 5169 vos
1907 5117 2165 5186 Spiritum

567 5188 821 5267 sanctum,
845 5188 951 5256 vel.
986 5200 1114 5255 edit.
1148 5196 1236 5251 hic
1284 5207 1404 5267 cum
1429 5188 1781 5267 aliisafiquot
1822 5203 1979 5267 mss,
2013 5189 2166 5241 adve-

571 5259 761 5333 nientis
793 5259 849 5327 in
886 5288 972 5325 vos
996 5268 1219 5333 Spiritus
1244 5262 1437 5323 sancti;
1465 5261 1666 5333 emdem
1699 5269 1804 5313 vel.
1840 5259 1970 5333 edit.
1999 5261 2164 5333 citato

573 5330 695 5405 loco
718 5348 813 5401 lih.
841 5355 931 5397 tet
964 5330 1093 5395 mss.
1122 5338 1304 5405 plures
1352 5332 1657 5405 utrobique,
1688 5370 1699 5382 .
1719 5373 1741 5405 _.
1775 5372 1786 5383 .
1827 5370 1838 5405 .
1868 5330 2166 5384 adveniente

642 5436 729 5474 vos
762 5416 964 5486 Spiritu
990 5401 1181 5464 sancto.
1210 5405 1316 5486 Sed
1345 5402 1692 5486 uitium-ultae
1718 5401 1980 5486 loctipncs
2012 5415 2165 5467 mque

568 5472 900 5559 respondent
928 5483 1132 5539 Graecis
1159 5478 1361 5543 verbis,
1394 5474 1688 5532 ἐπελθόντος
1715 5480 1805 5527 τοῦ
1838 5472 1985 5545 ἁγίου
2012 5473 2165 5527 nugo-

645 5583 756 5621 τος.

574 5586 756 5634 ματος.

634 5632 662 5670 ι»
701 5631 915 5685 Thuan.
964 5638 1092 5686 ms.,
1131 5630 1190 5675 ut
1232 5632 1393 5672 unum
1441 5615 1574 5669 scias
1600 5612 1829 5678 Patrem,
1866 5622 1914 5686 et
1940 5609 2162 5679 Filium,

565 5712 609 5752 et
643 5702 896 5768 Spiritum
927 5684 1157 5748 sanctum
1183 5706 1314 5768 esse,
1333 5688 1614 5768 consilium
1642 5684 1915 5768 non,‘etc.‘

639 5780 661 5806 ε
688 5753 928 5833 ’ρυίάίιίη
961 5781 1117 5829 mss.,
1145 5762 1304 5817 etiam
1327 5759 1446 5813 inde
1470 5755 1901 5825 cognoscendum,
1936 5753 2057 5825 quia
2078 5769 2168 5808 su-

2233 5044 2236 5047 ’
2271 5059 2389 5114 pro,
2422 5052 2529 5098 etc.

2342 5098 2620 5169 dI'lhuan.
2676 5125 2776 5166 ms.
2830 5110 3031 5179 Expos.
3088 5109 3142 5163 in
3191 5109 3347 5174 Luc.,
3406 5109 3501 5165 lib.
3529 5124 3602 5171 π.
3636 5098 3843 5179 luunt

2274 5184 2557 5242 Consilium
2590 5181 2689 5237 Dei
2729 5193 2804 5237 est
2851 5174 3243 5253 in'baptismate
3270 5179 3494 5235 Joannis
3518 5197 3537 5234 :
3562 5174 3846 5253 quisnigitur

2270 5258 2461 5311 dubitet
2495 5256 2590 5309 Dei
2620 5271 2728 5311 esse
2758 5247 3030 5309 consilium
3070 5253 3125 5306 in
3161 5251 3355 5305 Christi
3384 5247 3636 5307 lacero?
3660 5247 3763 5305 Hoc
3783 5250 3844 5297 est

2270 5327 2541 5381 consilium
2568 5327 2709 5396 quod
2738 5326 2912 5393 magni
2954 5324 3155 5378 consilii
3201 5323 3429 5394 Angelus
3459 5323 3649 5396 reperit
3673 5362 3703 5396 ,_
3727 5312 3844 5384 quod

2271 5415 2415 5452 nemo
2437 5392 2695 5467 cognovit.
2730 5396 2862 5467 Quis
2881 5397 3016 5450 enim
3029 5392 3474 5463 cogitonitsensutu
3498 5392 3723 5458 Domini;
3746 5396 3839 5440 etc.

2347 5480 2368 5503 ε’
2406 5466 2561 5521 Pauci
2593 5483 2751 5530 tuss.,
2786 5466 2935 5523 Unde
2954 5467 3209 5523 interdum
3239 5466 3422 5518 miror.

2346 5535 2367 5573 ί
2407 5538 2529 5590 Mss.
2574 5538 2801 5605 aliquot,
2832 5536 3266 5607 quemadmodum
3304 5534 3541 5593 Patrem.

2284 5649 2293 5652 ν
2346 5620 2369 5655 ἕ
2412 5604 2673 5662 Nonnulli
2700 5604 2855 5670 mss.,
2897 5618 3055 5678 potest
3102 5610 3333 5676 conferre
3359 5609 3447 5677 qui
3476 5623 3624 5663 verus
3658 5619 3752 5659 non
3778 5604 3837 5651 εει

2274 5679 2414 5735 Deus
2440 5695 2458 5733 :
2484 5696 2585 5733 non
2612 5680 2684 5734 sic
2707 5679 2898 5734 incides
2919 5689 3058 5734 et....
3091 5679 3238 5750 cujus
3260 5693 3510 5749 opusnon
3541 5685 3722 5749 potest,
3745 5681 3832 5726 etc.
