3932 6176
545 283 646 341 751

1905 263 2153 324 SANCTI
2195 259 2517 322 AMBROSII

3724 247 3812 306 759

554 409 638 455 est
667 417 678 452 :
709 394 986 451 Benedicta
1007 401 1058 445 tu
1087 392 1218 445 inter
1249 388 1514 450 mulieres,
1542 394 1586 438 et
1613 384 1909 438 benedictus
1943 383 2140 454 [ructus
2169 383 2217 445 Α
2246 378 2410 443 cabit;
2443 376 2566 446 quia
2609 373 2672 426 de
2719 386 2829 427 meo
2873 369 3087 438 accipiet
3120 368 3302 440 (Joan.
3332 382 3440 430 xvr,
3487 363 3599 432 N).
3630 361 3704 415 Ex
3737 379 3812 432 po-

557 492 749 548 uentris
782 489 852 542 tui
876 486 1067 557 (lbid.,
1105 483 1220 550 42).
1249 481 1397 551 Opus
1430 477 1668 547 Spiritus
1699 477 1797 530 ﬂos
1816 476 2016 530 radicis
2039 484 2153 529 cst:

555 585 673 649 ille,
707 583 949 650 inquam,
992 578 1115 642 ﬂos,
1160 575 1229 631 de
1269 589 1376 642 quo
1421 573 1561 627 bene
1601 580 1687 625 est
1729 571 2106 638 prOphctatum
2142 583 2155 620 :

557 676 714 731 Exiet
739 675 881 746 rirga
905 673 966 726 de
985 671 1166 726 radice
1181 668 1211 723 J
1219 685 1346 733 esse,
1380 677 1428 722 et
1449 667 1547 735 ﬁas
1571 665 1634 719 de
1654 664 1829 718 radice
1849 666 1960 735 ejus
1981 677 2159 714 ascen-

557 771 642 825 det
670 767 823 840 (Esa.
869 783 944 828 χι.
973 766 1050 834 Ι).
1078 763 1253 818 Radix
1296 761 1453 817 Jesse
1493 757 1817 830 patriarcha:
1842 756 2040 812 familia
2066 755 2159 809 Ju-

558 866 826 930 daeorum,
852 861 1000 932 virga
1039 858 1228 922 Maria,
1270 856 1372 911 ﬂos
1400 853 1584 910 Mariae
1625 851 1904 913 Christus;
1937 847 2027 918 qui
2059 847 2158 902 bo-

558 973 690 1013 num
729 955 950 1010 odorem
983 951 1106 1007 tidei
1139 959 1253 1004 toto
1295 959 1592 1018 sparsurus
1621 942 1776 1005 orbe,
1814 939 2061 1010 virginali
2093 953 2160 992 ex

557 1059 717 1105 utero
755 1044 1097 1118 germinavit,
1141 1042 1282 1096 sicut
1311 1041 1427 1109 ipse
1450 1036 1585 1092 dixit
1615 1054 1629 1090 :
1679 1034 1791 1106 Ego
1837 1033 1934 1102 ﬂos
1969 1030 2160 1102 campi,

559 1154 606 1198 et
636 1143 804 1197 tilium
833 1136 1142 1193 convallium
1168 1131 1342 1207 (Cant.
1373 1147 1432 1197 tt,
1465 1129 1539 1200 1).

633 1235 723 1292 59.
768 1233 895 1288 Flos
937 1230 1158 1286 odorem
1203 1240 1359 1281 suum
1403 1232 1460 1280 et
1504 1221 1752 1278 succisus
1782 1225 2057 1282 reservat,
2109 1224 2164 1270 et

560 1328 831 1388 contritus
859 1322 1190 1386 accumulat,
1219 1333 1319 1375 nec
1345 1316 1567 1372 avulsus
1605 1312 1838 1376 amittit;
1867 1311 1938 1366 ita
1968 1316 2024 1364 et
2059 1308 2164 1363 Do-

560 1423 743 1479 minus
771 1419 930 1475 Jesns
977 1416 1030 1470 in
1076 1413 1169 1468 illo
1199 1409 1442 1483 patibulo
1492 1405 1692 1470 crucis,
1747 1417 1849 1459 nec
1893 1399 2165 1456 contritus

562 1513 852 1576 emarcuit,
883 1523 984 1564 nec
1013 1505 1237 1561 avulsus
1267 1500 1484 1558 evanuit
1514 1516 1528 1562 ;
1572 1507 1628 1552 et
1671 1496 1760 1551 illa
1792 1496 1994 1549 lancea:
2030 1506 2167 1561 pun—

563 1602 1045 1665 ctione-succisus,
1077 1610 1234 1652 sacro
1269 1591 1572 1664 speciosior
1601 1588 1700 1642 insi
1732 1583 1948 1641 cruoris
1982 1582 2166 1638 colore

562 1698 832 1762 vernavit,
880 1693 1018 1749 mori
1057 1692 1173 1761 ipse
1205 1686 1443 1751 nescius,
1497 1693 1521 1720 δ
1566 1691 1622 1736 ct
1667 1677 1900 1735 mortuis
1944 1685 2165 1731 aeternae

2261 480 2457 527 testate
2486 476 2689 533 autem,
2723 466 2862 521 sicut
2893 464 3020 520 illud
3053 472 3138 520 est
3167 482 3179 517 :
3215 463 3360 518 Unus
3396 460 3541 515 Deus
3570 459 3734 524 Pater,
3765 475 3814 512 ex

2259 579 2360 632 quo
2389 560 2562 614 omnia
2593 557 2636 629 (l
2665 556 2786 612 Cor.
2812 573 2929 623 vm,
2962 555 3038 629 6).

2331 654 2421 708 45.
2441 651 2724 720 Quomodo
2749 665 2876 720 ergo
2901 649 2952 702 in
2977 655 3130 703 utero
3159 646 3344 700 habuit
3361 643 3528 698 Maria
3551 657 3616 697 ex
3641 640 3814 710 Spiritu

2261 743 2491 801 sancto?
2545 743 2600 798 Si
2645 742 2798 813 quasi
2845 757 2913 795 ex
2963 737 3263 794 substantia
3295 750 3472 806 :ergo
3521 732 3740 804 Spiritus
3777 733 3816 784 iu

2263 853 2482 894 carnem
2511 846 2564 892 et
2593 851 2716 892 ossa
2747 848 3049 890 conversus
3077 832 3198 889 est?
3227 830 3347 887 Non
3376 830 3584 900 utique.
3614 828 3667 884 Si
3694 828 3818 898 quasi

2263 949 2332 990 ex
2362 929 2677 1003 operatione
2707 939 2759 985 et
2789 937 3058 1000 potestate
3083 926 3200 996 ejus
3234 925 3393 996 Virgo
3421 922 3697 992 concepit;
3725 919 3820 992 quis

2263 1035 2424 1096 neget
2447 1025 2704 1096 Spiritum
2732 1021 3072 1078 creatorem?

2336 1119 2430 1174 44.
2463 1119 2602 1188 Quid
2627 1117 2769 1189 quod
2795 1115 3077 1172 etiamJob
3096 1123 3403 1170 creatorem
3418 1127 3574 1168 suum
3595 1110 3820 1181 Spiritum

2265 1212 2552 1269 evidenter
2576 1208 2814 1264 ostendit
2845 1207 3034 1263 dicens
3061 1224 3074 1259 :
3111 1205 3345 1273 Spiritus
3373 1203 3598 1271 divinus,
3630 1203 3710 1270 qui
3725 1201 3824 1272 fecit

2267 1322 2347 1360 me
2372 1304 2516 1376 (Job.
2549 1318 2746 1366 xxxnt,
2769 1300 2854 1373 4)?
2883 1300 2951 1355 Et
2984 1299 3228 1355 divinum
3272 1297 3462 1368 utique
3483 1304 3539 1350 et
3565 1303 3824 1349 creatorem

2268 1411 2376 1453 uno
2404 1393 2677 1450 versiculo
2708 1390 3125 1448 demonstravit.
3165 1387 3341 1461 [Alias
3377 1405 3496 1458 cap.
3529 1384 3716 1456 Vl.]Si
3744 1385 3825 1455 igi-

2270 1483 2926 1554 turcreatorestSpiritus
2941 1525 2955 1550 ,
2974 1498 3084 1537 non
3105 1489 3190 1537 est
3206 1481 3392 1551 utique
3417 1486 3692 1541 creatura;
3711 1492 3828 1532 crea-

2269 1589 2443 1636 turam
2473 1579 2616 1634 enim
2645 1575 2941 1648 Apostolus
2969 1585 3384 1644 creatoremque
3416 1572 3601 1628 divisit
3628 1571 3825 1626 dicens:

2270 1673 2566 1729 Servierunt
2593 1680 2844 1724 creatura:
2870 1669 3040 1738 potius
3061 1683 3216 1736 quam
3243 1665 3467 1720 creatori
3485 1665 3706 1736 (Reum,
3731 1663 3828 1731 25).

564 1795 690 1848 vita:
719 1757 912 1844 munus
937 1757 1222 1840 exhalans.
1253 1778 1315 1833 In
1343 1777 1445 1832 hoc
1473 1775 1638 1846 igitur
1665 1770 1903 1842 Spiritus
1943 1777 2164 1826 sanctus
2197 1784 2242 1844 B
2339 1768 2433 1823 45.
2469 1778 2490 1804 ο
2523 1764 2695 1821 Simul
2735 1762 2968 1818 creatori
3005 1761 3263 1816 admonet
3313 1759 3673 1825 serviendum,
3705 1757 3830 1812 dam-

568 1885 736 1953 virgae
763 1876 958 1950 regalis
986 1873 1120 1929 ﬂore
1142 1868 1430 1941 requievit.

761 1972 902 2027 Bona
924 1968 1092 2038 virga,
1110 1973 1169 2020 ut
1194 1961 1411 2035 quidam
1437 1965 1652 2029 putant,
1673 1964 1757 2012 est
1777 1968 1905 2010 caro
1930 1949 2162 2016 Domini,

567 2081 691 2139 qua:
739 2063 808 2119 de
851 2059 1034 2116 radice
1081 2067 1299 2112 terrena
1349 2052 1416 2106 ad
1472 2063 1707 2119 superna
1757 2061 1816 2101 se
1854 2043 2160 2110 subrigens,

565 2134 873 2214 odoriferos
907 2167 910 2170 '
940 2165 1110 2207 sacrze
1180 2147 1389 2201 fructus
1467 2140 1747 2213 religionis
1830 2134 2167 2193 circumtulit

563 2254 788 2316 mundo,
846 2245 1104 2319 mysteria
1148 2241 1348 2296 divinae
1392 2233 1790 2308 generationis,
1834 2241 1890 2285 et
1937 2229 2166 2299 gratiam

563 2345 880 2406 coelestibus
909 2338 1175 2397 altaribus
1202 2331 1624 2403 superiundeus.

639 2442 730 2498 41.
765 2437 1022 2494 Dubitare
1053 2447 1186 2503 ergo
1227 2445 1339 2484 non
1384 2442 1675 2498 possumus
1716 2426 1980 2498 Spiritum
2018 2434 2172 2476 crea-

569 2549 765 2598 torem,
800 2545 959 2603 quem
1004 2523 1307 2583 Dominicze
1356 2520 1736 2591 cognoscimus
1785 2512 2172 2573 incarnationis

568 2638 869 2685 auctorem.
894 2622 1028 2690 Quis
1053 2619 1196 2674 enim
1223 2613 1456 2680 dubitet,
1476 2628 1599 2666 cum
1625 2611 1677 2664 in
1705 2609 1975 2679 principio
1996 2606 2174 2660 Evan-

570 2721 698 2792 gelii
737 2718 960 2779 habeas,
989 2712 1114 2782 quia
1144 2705 1348 2762 Christi
1389 2704 1672 2774 generatio
1696 2699 1860 2772 642
1897 2700 1979 2753 sic
2009 2704 2125 2752 erat
2156 2713 2169 2748 :

572 2812 704 2867 Cum
729 2810 1039 2878 desponsata
1067 2809 1195 2856 esset
1227 2796 1399 2852 Maria
1435 2792 1656 2864 Ioseph,
1685 2802 1964 2859 antequam
1991 2803 2171 2840 conve-

580 2904 766 2965 nirent,
792 2900 999 2952 inuenta
1035 2901 1109 2948 est
1135 2893 1191 2944 in
1217 2898 1361 2943 utero
1401 2886 1589 2940 trabeas
1619 2884 1646 2921 ι)
1670 2899 1734 2938 ea:
1765 2881 1998 2954 Sptrituc
2025 2889 2174 2935 santo

572 2994 798 3066 (Matth.
837 3009 876 3057 ι,
914 2987 1043 3058 18)?

646 3090 736 3145 42.
769 3085 904 3142 Nam
931 3084 1059 3137 licet
1087 3078 1333 3150 plerique
1373 3073 1624 3138 habeant,
1655 3073 1718 3125 de
1756 3070 1992 3140 Spiritu,
2024 3068 2174 3124 Grae-

2271 1857 2450 1913 nando
2477 1871 2569 1912 eos
2603 1855 2692 1926 qui
2727 1853 2974 1909 serviunt
3002 1861 3292 1918 creatura),
3328 1866 3456 1906 cum
3489 1849 3712 1905 creatori
3739 1863 3831 1902 scr-

2270 1952 2457 2006 vitium
2488 1949 2812 2005 debeamus.
2860 1948 2928 2002 Et
2973 1946 3227 2017 quoniam
3273 1955 3584 2000 creatorem
3613 1943 3828 2012 Spiritum

2270 2054 2518 2109 noverat,
2568 2043 2730 2098 docet
2767 2041 2943 2097 cidem
2987 2039 3358 2106 serviendum,
3400 2038 3586 2093 dicens
3626 2054 3639 2090 :
3689 2035 3832 2088 Videte

2270 2153 2444 2202 canes,
2471 2135 2635 2190 videte
2661 2134 2827 2188 motos
2854 2133 3140 2203 operarios,
3170 2131 3336 2186 videte
3369 2130 3735 2193 concisionem;
3761 2142 3831 2180 nos

2271 2230 2403 2283 enim
2435 2243 2614 2282 sumus
2652 2226 2999 2288 circumcisio,
3039 2227 3067 2266 ιι
3107 2226 3193 2294 qui
3235 2222 3469 2291 Spiritui
3502 2222 3592 2276 Dei
3628 2221 3832 2276 servimus

2274 2318 2496 2392 (Philip.
2526 2335 2606 2385 tu,
2637 2319 2695 2382 2,
2727 2316 2805 2384 5)-

2343 2414 2432 2468 46.
2464 2412 2619 2480 Quod
2651 2414 2695 2466 si
2720 2412 2840 2482 quis
2871 2411 2942 2467 de
2979 2411 3294 2466 Latinorum
3339 2408 3589 2466 codicum
3614 2405 3834 2462 varietate

2271 2505 2571 2571 contendit,
2604 2519 2833 2574 quorum
2864 2504 3076 2574 aliquos
3102 2501 3295 2573 perﬁdi
3335 2501 3686 2565 falsavcrunt,
3713 2497 3830 2553 Gre:-

2273 2613 2368 2654 cos
2400 2597 2652 2668 inspiciat
2694 2596 2931 2662 codices,
2979 2605 3037 2652 et
3075 2595 3326 2650 advertat
3355 2595 3484 2666 quia
3515 2594 3585 2650 ibi
3618 2593 3832 2662 scriptum

2275 2699 2360 2746 est
2389 2707 2400 2742 :
2434 2691 2480 2744 oi
2506 2692 2751 2762 Πνεύματι
2775 2696 2903 2746 Θεοῦ
2930 2690 3286 2766 λατρεύοντες,
3317 2687 3468 2758 quod
3501 2687 3835 2757 interpretatur

2278 2783 2504 2838 Latinus
2529 2801 2543 2838 :
2571 2785 2658 2853 qui
2689 2783 2919 2854 Spiritui
2943 2782 3040 2838 Dei
3068 2783 3342 2837 servimus.

2350 2880 2439 2936 t7.
2486 2878 2629 2949 Ergo
2673 2893 2792 2933 cum
2863 2877 3212 2934 serviendum
3261 2877 3411 2934 dicat
3461 2876 3676 2948 Spiritui
3725 2875 3830 2930 idem

2278 2973 2598 3044 Apostolus,
2645 2971 2734 3042 qui
2777 2985 2884 3026 non
2937 2980 3221 3036 creaturae,
3271 2971 3370 3026 sed
3411 2971 3634 3028 creatori
3681 2967 3832 3024 asserit

2279 3063 2671 3128 serviendum;
2745 3063 3028 3119 evidenter
3099 3065 3286 3134 utique
3345 3073 3404 3121 et
3464 3064 3579 3135 ipse
3633 3069 3830 3118 sanctum

575 3198 672 3238 cus
701 3189 884 3234 tamen
917 3171 1061 3228 unde
1108 3168 1507 3225 transtulerunt
1541 3163 1748 3231 Latini,
1781 3165 1834 3217 ἐκ
1878 3164 2172 3235 ῐινεύματος
2201 3171 2246 3233 C
2278 3157 2515 3214 ostendit
2539 3155 2801 3226 Spiritum
2824 3165 3150 3223 creatorem,
3177 3169 3232 3212 et
3256 3157 3309 3211 in
3341 3167 3562 3213 aeterna:
3587 3154 3831 3211 divinitatis

576 3276 725 3348 ἁγίου
753 3269 909 3335 dixit,
945 3267 1045 3320 hoc
1071 3272 1173 3328 est,
1195 3278 1263 3316 ex
1292 3259 1497 3329 Spiritu
1520 3265 1728 3312 saneto.
1761 3257 1916 3322 Quod
1942 3254 2084 3308 enim
2111 3268 2176 3308 ex

573 3368 755 3437 aliquo
801 3370 906 3426 CSt,
947 3367 1040 3414 aut
1083 3373 1152 3412 ex
1194 3353 1495 3410 substantia
1538 3360 1642 3414 est,
1673 3357 1767 3404 aut
1801 3364 1868 3404 ex
1907 3355 2178 3418 potestate

579 3436 719 3530 ejus.
769 3457 850 3511 Ex
904 3447 1229 3510 substantia,
1279 3445 1420 3500 sicut
1451 3442 1638 3508 Filius,
1693 3440 1784 3511 qui
1823 3441 1935 3494 ait:
1973 3436 2058 3493 Ea:
2089 3454 2180 3493 ore

578 3550 832 3609 Attissimi
868 3545 1090 3618 pradivi,
1120 3542 1262 3598 sicut
1290 3539 1550 3610 Spiritus,
1583 3537 1669 3606 qui
1701 3553 1732 3589 a
1763 3534 1922 3589 Patre
1952 3534 2182 3606 procedit

579 3646 754 3717 (Eccl.
783 3657 939 3712 μιν,
970 3639 1065 3708 5);
1097 3636 1168 3693 de
1193 3648 1301 3706 quo
1329 3632 1459 3688 dicit
1488 3629 1655 3686 Filius
1687 3646 1699 3681 :
1743 3626 1849 3682 Ille
1874 3643 1954 3681 me
1983 3626 2177 3694 clariﬁ-

655 3810 682 3839 α
719 3795 972 3856 Nonnulli
1004 3806 1162 3854 mss.,
1186 3799 1232 3845 et
1253 3795 1507 3851 mortuus,
1534 3800 1640 3838 non
1668 3783 1799 3856 satis
1819 3791 1984 3838 recte.

651 3872 681 3910 δ
719 3852 849 3927 Mss.
882 3866 1110 3932 aliquot,
1143 3852 1211 3932 de
1233 3859 1438 3929 Spiritu
1468 3865 1670 3910 sancto.
1713 3852 1854 3932 Nam
1891 3856 2006 3932 licet
2029 3854 2184 3923 ριενέ-

585 3961 684 4014 que
723 3925 1122 4014 nonhab'eant,
1171 3925 1383 4014 Graecus
1429 3937 1772 4014 tamenhetc.
1813 3925 1950 4014 Quid
2007 3933 2184 4014 autem

586 3995 1003 4086 prmpositiones
1033 3995 1277 4086 cncede
1303 4001 1532 4086 inter'se
1571 3995 1846 4086 digerant,
1882 3996 2182 4086 luculenter

586 4064 822 4154 Eiidem
849 4079 1180 4154 Augustinus
1203 4074 1295 4129 lib.
1319 4073 1388 4154 de
1413 4069 1613 4152 Natura
1644 4069 1799 4131 Boni,
1829 4081 1950 4149 cap.
1982 4067 2084 4154 εἷς
2112 4064 2182 4118 ibi

583 4139 728 4212 enim
786 4153 889 4207 hoc
935 4139 1182 4218 Apostoli
1220 4152 1392 4218 textu
1439 4141 1684 4218 quoniam
1736 4154 1810 4218 ex_
1841 4139 1966 4218 ipso
1995 4147 2043 4191 et
2097 4151 2188 4217 per

582 4208 775 4298 ipsum,
813 4235 947 4284 etc.,
991 4208 1043 4274 in
1095 4208 1871 4298 Manichacus)irttpositq,lita
1914 4208 2139 4298 disse‘rit
2157 4224 2178 4298 ὲ

587 4277 1012 4365 ign-ipsovautem
1044 4305 1144 4341 tton
1171 4288 1266 4338 hoc
1287 4277 1577 4365 signiﬁcat,
1602 4280 1736 4350 quod
1759 4279 1829 4334 de
1856 4280 1994 4365 ipso.
2033 4277 2183 4344 Quod

587 4353 808 4446 enini-de
833 4366 945 4446 ipso
972 4369 1066 4424 est,
1107 4365 1270 4446 potest
1287 4353 1408 4446 Jdigi
1436 4367 1499 4406 ea:
1510 4353 1641 4446 jpsp
1666 4369 1682 4404 .'
1710 4358 2013 4446 norirautem
2040 4364 2187 4430 omne

751 4418 813 4491 ea:
849 4418 964 4500 ipso
993 4418 1086 4493 est,
1108 4418 1250 4510 recte
1280 4424 1470 4511 dicitur
1505 4418 1569 4474 de
1607 4422 1739 4491 ipso.
1790 4418 1874 4473 Ex
1907 4421 2018 4511 ipso
2046 4420 2187 4502 enim

586 4492 772 4566 Eretum
791 4515 838 4560 et
869 4492 1035 4564 ierra,
1061 4492 1183 4568 quia
1201 4497 1312 4563 ipse
1341 4494 1459 4564 fecit
1489 4509 1551 4546 ea
1576 4507 1727 4568 :_non
1748 4501 1918 4568 autem
1949 4492 2011 4568 de
2039 4492 2187 4558 ipso;

586 4561 711 4650 quia
739 4594 849 4650 non
877 4573 944 4650 de
969 4561 1251 4650 subitantia
1298 4561 1432 4637 ejus,
1462 4573 1572 4650 etc.
1605 4563 1736 4642 Item
1785 4562 1838 4615 in
1871 4561 2020 4616 Actis
2065 4575 2188 4650 cum

591 4632 774 4707 Felice
807 4644 1105 4702 Maniehzeo
1140 4639 1233 4692 lib.
1268 4632 1332 4700 ιιξ
1355 4650 1476 4689 cum
1504 4632 2093 4707 hmreticusqumrerct
2124 4633 2191 4686 de

589 4702 767 4777 56min
801 4714 1049 4772 rationali
1101 4721 1273 4763 utrum
1305 4723 1417 4761 vere
1462 4721 1525 4759 ex
1563 4702 1674 4757 Deo
1705 4705 1825 4757 est?
1859 4702 2190 4772 Augustinus

591 4796 755 4849 dixit:
782 4786 866 4844 Ea;
897 4787 1025 4852 Deo,
1056 4799 1158 4836 non
1187 4780 1248 4832 de
1275 4777 1807 4852 Deo.\_lerumtamen
1843 4789 1947 4828 non
1973 4790 2191 4852 semper

594 4845 980 4921 caiiseveritate
1005 4845 1303 4924 loquuntur
1332 4849 1461 4924 boni
1493 4857 1765 4924 auctores,
1801 4857 1854 4899 at
1886 4845 2191 4924 promiscue

595 4917 897 5002 eodemque
916 4917 1206 5002 sensu'has
1237 4921 1530 5002 particulas
1563 4919 1761 4987 passim
1795 4925 2080 5002 usurpant.
2125 4917 2193 4971 Et

596 4989 730 5061 sane
757 4989 825 5058 in'
853 5000 1079 5070 Vulgata
1121 4989 1397 5055 versione,
1427 4992 1517 5070 ubi
1560 5005 1656 5070 par
1683 4999 1766 5044 est
1793 4989 2188 5070 religiosiprem

599 5059 722 5132 esse
754 5059 988 5128 tralatoF
1006 5075 1234 5124 cunctos
1263 5079 1434 5132 prope
1465 5059 1614 5132 locos
1644 5060 1695 5113 in
1727 5061 1923 5130 quibus
1947 5059 2193 5132 s’xGrmci

598 5131 816 5203 codices
847 5143 1067 5203 habent,
1093 5153 1187 5206 per
1211 5131 1277 5188 de
1303 5131 1554 5206 reddidit,
1584 5131 1697 5186 lmo
1723 5146 1853 5206 vero
1883 5131 2188 5206 cautionem

601 5218 742 5272 hanc
770 5203 1172 5281 nonnumquam
1197 5205 1518 5281 Ambrosius
1545 5203 1946 5281 ipseneglexit,
1963 5210 2022 5256 ut
2042 5203 2190 5281 vide-

599 5289 742 5344 bitur
763 5287 897 5341 intra
915 5273 1108 5356 cap-9,
1137 5293 1293 5356 nunt.
1315 5276 1383 5356 Sii
1408 5285 1462 5356 et
1483 5289 1605 5356 seq.
1621 5289 1635 5326 :
1666 5275 1735 5328 ibi
1757 5275 1979 5355 enimut
2003 5273 2192 5356 probet

597 5372 762 5414 voces
787 5373 847 5411 ea:
874 5344 998 5427 ipso:
1013 5344 1174 5427 etiam
1203 5346 1426 5417 Spiritui
1459 5352 1646 5426 sancto
1690 5344 2019 5427 convenire,
2041 5345 2192 5427 testi-

598 5429 779 5487 monia
808 5428 860 5482 in
887 5417 1175 5495 quibusAde
1219 5433 1314 5495 pro
1345 5433 1406 5470 ea:
1434 5417 1670 5495 ponitur,
1705 5417 1903 5495 passim
1935 5417 2184 5480 adhibet;

596 5486 652 5555 ct
681 5513 841 5568 supra
868 5486 1016 5551 num.
1048 5491 1118 5548 88
1147 5486 1316 5545 oninia
1341 5504 1450 5543 esse
1478 5487 1541 5539 de
1571 5486 1794 5555 Spiritu,
1829 5487 2030 5541 diserte
2057 5502 2187 5555 pro-

595 5574 799 5626 litetur.

675 5653 696 5678 ο
727 5637 953 5706 Quidam
985 5648 1137 5694 mss.,

602 5696 863 5772 ciendum,
893 5703 1217 5760 damnandos
1247 5718 1331 5755 eos
1359 5699 1602 5772 ostendit,
1630 5697 1814 5768 qui....
1852 5696 1916 5751 Et
1945 5698 2188 5768 quoniam

599 5788 793 5834 creator
817 5771 891 5830 est
917 5774 1166 5843 Spiritus,
1192 5789 1286 5827 nos
1312 5771 1551 5837 addocet,
1577 5777 1683 5826 etc.

1193 5631 1362 5687 Simul
1409 5644 1526 5682 cum
1561 5626 1778 5680 creatori
1802 5625 2042 5679 admonet
2084 5643 2189 5680 ser-

2282 3250 2492 3306 honore
2530 3249 2932 3314 venerandum;
2969 3251 3092 3320 quia
3139 3251 3404 3322 scriptum
3437 3261 3560 3307 est:
3602 3249 3830 3304 Dominum

2282 3341 2450 3398 Deum
2470 3352 2614 3396 tuum
2636 3342 2899 3406 adorabis,
2919 3353 2966 3396 et
2992 3343 3092 3414 ipsi
3109 3343 3205 3398 soli
3233 3343 3645 3417 servies(Matth.
3671 3337 3828 3405 "1.10).

2805 3434 2968 3508 643
3005 3433 3236 3492 CAPUT
3277 3435 3373 3491 γι.

2293 3529 2672 3604 Objicientibus
2694 3545 2757 3584 ea:
2775 3531 2943 3584 verbis
2964 3529 3119 3583 Amos
3149 3529 3320 3583 creari
3353 3529 3628 3600 Spiritum,
3674 3523 3832 3593 reponi-

2357 3637 2437 3680 tur
2457 3625 2591 3680 hanc
2605 3640 2777 3679 vocem
2793 3623 2899 3678 illic
2916 3623 3303 3694 intelligendam
3323 3624 3390 3678 de
3406 3633 3573 3691 vento,
3590 3621 3670 3693 qui
3688 3618 3833 3689 sapius

2358 3780 2386 3820 ἀ
2418 3783 2492 3836 Ita
2515 3798 2674 3864 “mss.
2723 3793 2968 3864 septem;
3002 3798 3211 3864 _o_m_nes_
3245 3785 3590 3864 autem__edit.
3619 3799 3676 3839 ac
3707 3783 3832 3864 pauci

2289 3869 2448 3936 mss...
2507 3854 2736 3936 Spiritui
2776 3854 2887 3936 Deo
2901 3871 2919 3936 ί
2967 3853 3057 3909 alii
3091 3855 3542 3936 denique__adhuc
3582 3854 3832 3936 pauciores.

2291 3923 2650 4007 SpirituﬂDeo.
2685 3926 3022 4007 Augustinus
3060 3923 3276 4007 quidem
3309 3926 3412 4007 lib.
3451 3945 3529 4007 tu,
3568 3923 3699 4007 cont.
3732 3923 3834 3976 duas

2290 3995 2466 4075 Epist.
2495 3996 2703 4075 P_elag.,
2734 4011 2862 4075 Cap.
2890 3997 2943 4062 7,
2976 4005 3088 4075 tre_s
3113 3996 3339 4075 hujusce
3373 3999 3478 4054 loci
3507 3998 3753 4075 lectiones
3770 4005 3833 4075 r33-

2291 4062 2414 4132 fert,
2443 4067 2538 4122 sed
2572 4062 2730 4136 quam
2776 4067 2896 4121 aliis
2933 4062 3326 4136 praeferendam
3361 4079 3534 4135 putet,
3565 4085 3662 4123 non
3701 4062 3830 4118 addit.

2289 4137 2488 4220 Verum
2521 4138 2617 4220 lib;
2644 4154 2662 4192 ι
2685 4139 2752 4220 de
2774 4137 3118 4220 Triqitzcap.
3153 4141 3208 4220 ti,
3231 4139 3586 4220 _iu‘omni.bns
3624 4147 3833 4220 aut-pene

2289 4208 2542 4262 omnibus
2574 4209 2778 4264 Graecis
2807 4209 3088 4279 codicibus
3115 4218 3168 4264 et
3192 4209 3442 4279 pluribus
3473 4209 3661 4266 Latinis
3682 4207 3829 4279 observ

2291 4289 2380 4332 vat
2409 4281 2694 4347 scriptum,
2722 4280 2943 4349 Spiritui
2958 4278 3086 4334 Dei:
3108 4275 3250 4348 quod
3277 4292 3462 4336 autem
3495 4284 3542 4336 in
3564 4275 3829 4348 quibusdam

2295 4352 2621 4421 reperiatur,
2663 4351 2866 4420 Spiritu
2911 4349 3043 4416 Deo,
3087 4365 3336 4406 errorem
3371 4368 3512 4409 esse.
3544 4351 3666 4407 Cum
3691 4356 3829 4421 autem

2297 4416 2459 4504 paulo
2496 4416 3019 4504 .antenAlt‘nhrosium
3059 4437 3186 4504 _non
3236 4423 3472 4480 obscure
3523 4416 3832 4504 designarent

2296 4492 2463 4563 (quod
2495 4492 2814 4566 intelligitur
2846 4509 2950 4546 non
2993 4493 3168 4566 solum
3201 4509 3266 4549 ex
3303 4509 3372 4549 eo
3402 4495 3543 4566 quod
3571 4489 3677 4566 hos
3699 4489 3829 4566 libros

2293 4559 2507 4635 constat
2535 4559 2703 4635 lectos
2746 4578 2866 4619 esse
2894 4565 2961 4618 ab
3006 4565 3195 4620 eodem
3235 4559 3556 4635 Augustino,
3596 4562 3677 4619 sed
3702 4559 3827 4635 etiattt

2293 4634 2654 4718 QHOdAeadem
2683 4635 2828 4718 Pauli
2851 4646 3010 4704 atque
3037 4627 3617 4718 MatthzeiIEstimonia,
3639 4627 3826 4718 qurelbic

2293 4701 2556 4793 cingitur,
2580 4707 2893 4793 allegantu'r
2919 4701 3131 4776 quoque
3167 4708 3224 4790 in
3270 4709 3489 4764 laudato
3511 4701 3676 4793 capite
3707 4701 3825 4780 lib._l

2293 4766 2750 4858 de.'l‘ririit:_).inde
2770 4766 2964 4858 collige
2985 4766 3416 4858 corruptionem,
3437 4766 3826 4858 cujus'lneretici,

2294 4845 2479 4901 Ariani
2503 4845 2734 4913 scilicet,
2770 4848 2858 4903 hic
2891 4845 3236 4912 accusantur.
3266 4852 3318 4904 in
3350 4845 3418 4905 eo
3443 4845 3602 4905 fuisse
3622 4845 3823 4915 positam,

2293 4919 2453 5001 quod
2489 4934 2587 4988 pro
2631 4920 2853 5001 Spiritui
2898 4918 3016 4986 Dei,
3067 4923 3430 5001 reltostterint,
3474 4913 3659 4992 Spiritu
3701 4913 3824 5001 Deo:

2293 4989 2491 5045 deinde
2533 4989 2983 5061 vero'legitimam
3027 4989 3148 5047 esse
3201 4989 3524 5056 lectionem,
3560 5001 3702 5060 quam
3737 4995 3824 5036 am-

2295 5061 2601 5130 plectimur.
2645 5061 2784 5133 Namﬁ
2818 5063 2943 5117 licet
2984 5063 3139 5118 Eras.
3168 5065 3300 5119 edit.
3343 5075 3400 5118 et
3424 5078 3537 5133 seq.
3568 5074 3664 5133 non
3702 5062 3822 5133 secus

2294 5128 2357 5186 ac
2383 5147 2514 5187 mss.
2532 5134 2735 5203 aliquot
2756 5132 2974 5189 Grzecas
3001 5149 3162 5189 voces
3190 5135 3260 5188 ita
3290 5128 3537 5198 eil'erani,
3557 5130 3599 5186 oi
3619 5128 3820 5203 Πγεύματι

2293 5211 2402 5276 Θεῷ
2431 5199 2782 5279 impatienter,
2818 5216 2996 5260 tamen
3033 5205 3214 5272 plures
3244 5221 3374 5279 mss.
3415 5216 3464 5279 et
3497 5199 3818 5279 Amet-Ibatur:

2296 5266 2576 5352 Ellitlllqdo
2625 5266 3217 5352 exitibettt,__nvsdpan
3259 5277 3597 5352 λατρεύοντες·
3635 5266 3820 5352 Qui"

2292 5343 2449 5398 Eras.
2482 5347 2596 5416 ipse
2624 5347 2679 5400 in
2701 5347 2856 5411 cujus
2877 5346 3008 5401 edit.
3025 5343 3500 5401 Ambrosianorum
3523 5354 3717 5416 operum
3730 5343 3814 5416 ,νοξ

2292 5423 2402 5488 Θεῷ
2429 5407 2657 5488 primum
2690 5407 2905 5472 inducta
2933 5426 3036 5483 est,
3071 5418 3122 5472 in
3164 5434 3259 5472 sua
3289 5426 3467 5472 tamen
3500 5407 3815 5488 observatione

2291 5484 2646 5559 ad'eumdem
2671 5488 2916 5559 Apostoli
2943 5497 3148 5559 textum
3179 5489 3425 5559 agnoscit
3447 5485 3709 5559 lectionem
3746 5484 3814 5559 ηεξ

2292 5549 2760 5639 ξιτιιηιᾉῐηὺτοξῖἱ
2801 5575 2944 5615 esse.
2971 5558 3132 5639 Hanc_
3156 5549 3326 5630 ἱβξθῐη
3368 5556 3600 5639 ξθίῐυξὲυτ
3636 5549 3814 5639 W335

2291 5627 2347 5681 in
2375 5625 2564 5710 eadem
2595 5628 2786 5710 verba,
2820 5640 2890 5710 et
2918 5644 3027 5710 non
3054 5619 3228 5710 solum
3271 5619 3712 5710 Anthrosii'atqtte
3737 5619 3812 5667 Λιι·

2289 5698 2518 5770 gustini,
2549 5699 2644 5757 sed
2667 5691 2829 5757 etiam
2858 5700 3096 5757 Salviani
3125 5701 3443 5758 auctoritate
3468 5691 3706 5754 defendit.
