3932 6176
139 240 230 296 755

1261 243 1348 298 DE
1385 242 1659 302 SPIRITU
1700 245 1972 307 SANC'I'O
2010 251 2140 309 LIB.
2183 255 2245 310 ll.

3290 270 3393 327 754

197 364 376 407 creatur
404 369 423 407 :
450 354 585 423 quod
631 371 755 409 sane
809 356 914 410 dici
985 374 1089 412 non
1144 368 1309 432 potest
1367 364 1432 419 de
1485 365 1691 432 Spiritu
1715 369 1770 430 Α
1797 380 1955 439 taret,
1986 385 2162 432 tamen
2184 379 2308 448 quia
2327 381 2748 450 prasdestinatus
2772 395 2894 441 erat
2916 387 3128 444 Domini
3149 390 3394 448 Salvato—

191 455 383 511 sancto;
417 449 608 516 quippe
635 449 724 515 qui
753 459 800 502 et
842 460 1067 504 arternus
1110 454 1199 520 sit,
1234 471 1326 508 nec
1367 467 1550 523 morte,
1606 469 1694 512 aut

189 537 408 592 haeretica
433 539 485 590 in
516 537 726 592 Patrem
746 542 1011 612 refusione
1036 545 1226 598 resolvi
1255 548 1436 614 possit.
1473 549 1627 616 Quod
1648 553 1694 605 si

190 639 391 701 urgeant
409 633 728 702 pervicacius
753 634 989 688 eumdem
1015 638 1188 690 locum
1203 637 1268 693 de
1290 639 1494 712 Spiritu
1515 653 1692 699 sancto

189 724 411 795 scriptum
437 725 616 794 fuisse,
659 725 803 778 docet
831 729 1200 782 recurrendnnt
1226 731 1294 783 ad
1319 735 1692 803 expositionem

186 817 520 886 spiritualem;
545 817 803 872 Christum
825 819 958 873 enim
1003 820 1226 877 adventu
1252 840 1346 880 suo
1363 828 1610 892 tonitrua,
1637 827 1692 881 id

185 916 264 970 est,
338 906 601 962 uerborum
668 908 957 963 divinorum
1018 913 1119 965 vim
1197 914 1482 982 ﬁrmavisse
1533 935 1550 971 :
1599 935 1692 990 per

184 998 419 1062 Spiritum
492 1009 659 1054 autem
730 1001 1008 1056 humanam
1061 1004 1287 1059 animant
1356 1008 1650 1079 signiﬁcari
1674 1052 1688 1074 ,

183 1093 296 1146 sicut
332 1103 376 1146 et
395 1109 602 1147 carnem
631 1112 662 1148 a
691 1092 895 1150 Christo
942 1108 1250 1169 susceptam.
1312 1100 1486 1174 Hujus
1534 1120 1690 1173 porro

184 1202 281 1237 rum
311 1185 545 1252 quwlibet
593 1185 855 1241 Trinitatis
898 1205 1119 1258 persona
1173 1206 1289 1244 vere
1333 1193 1398 1246 sit
1441 1197 1685 1265 creatrix,

181 1277 284 1330 inde
331 1279 579 1332 astruitur
617 1277 874 1346 Spiritum
908 1279 1143 1334 similiter
1187 1281 1558 1339 incarnationis
1578 1283 1688 1339 Do-

181 1371 290 1423 mini
313 1380 566 1424 auctorem
593 1387 717 1436 esse,
747 1373 834 1442 qui
877 1389 1048 1428 rerum
1098 1375 1325 1429 omnium
1353 1387 1553 1432 creator
1567 1381 1685 1451 jam

177 1471 280 1515 ante
304 1472 525 1517 assertus
565 1475 660 1518 est.

177 1554 255 1609 l8.
296 1554 468 1627 [Alias
491 1573 610 1626 cap.
643 1555 792 1623 νη]
818 1556 928 1613 Nec
980 1574 1065 1613 me
1110 1563 1355 1631 praeterit
1395 1563 1684 1619 haereticos

122 1646 354 1714 objectare
381 1649 729 1705 consuevisse
756 1649 878 1706 ideo
907 1651 1085 1707 videri
1111 1667 1358 1710 creatum
1401 1657 1668 1726 Spiritum

1795 465 1870 520 ris
1896 466 2190 535 adventus;
2212 470 2379 544 6M
2400 489 2509 529 non
2534 475 2707 542 dixit,
2733 489 2884 534 creat
2909 496 3016 549 me,
3046 482 3142 538 sed
3173 485 3395 552 creavit;

1795 572 1862 612 ne
1887 555 2220 630 frequenter,
2255 565 2348 619 sed
2387 567 2554 622 semel
2583 569 2874 626 crederent
2901 588 2966 628 cx
2993 572 3199 645 virgine
3225 576 3393 633 Maria

1790 647 1917 705 Jesu
1945 665 2141 722 corpus
2167 669 2290 710 esse
2315 659 2706 726 generandum.

1863 728 2063 797 5‘2.‘Et
2095 744 2197 799 hoc
2226 744 2393 816 igitur
2419 750 2560 823 quod
2598 752 2746 807 velut
2789 755 3162 825 quotidianam
3195 774 3396 830 opera-

1793 831 1992 886 tionem
2031 834 2125 890 Dei
2168 836 2220 891 in
2279 840 2499 894 tonitrtti
2549 842 2914 911 firmamento,
2963 859 3018 904 et
3052 851 3106 904 in
3155 851 3391 921 Spiritus

1791 927 2070 984 creatione
2097 931 2359 1000 prOpheta
2401 934 2720 1006 declaravit,
2771 941 3078 1014 intelligere
3104 945 3259 1002 nefas
3284 957 3392 1012 est,

1792 1028 1852 1073 ut
1887 1021 1952 1075 de
1991 1021 2194 1091 Spiritu
2239 1037 2427 1083 sancto
2465 1030 2570 1085 tale
2599 1032 2801 1103 aliquid
2831 1037 3191 1108 aestimemus,
3223 1056 3387 1110 quem

1792 1113 1890 1180 ipsi
1925 1115 2074 1183 impii
2098 1128 2225 1174 ante
2249 1121 2443 1176 saecula
2467 1137 2589 1179 esse
2617 1141 2816 1196 negare
2835 1143 2939 1183 non
2965 1140 3218 1201 possunt;
3249 1133 3393 1189 unde

1790 1213 1844 1259 et
1865 1220 2084 1276 semper
2123 1225 2246 1265 eum
2286 1227 2430 1280 esse,
2462 1224 2518 1269 et
2555 1229 2774 1289 semper
2817 1236 3036 1278 manere
3083 1225 3170 1294 pia
3213 1240 3394 1282 asser-

1791 1297 1936 1352 tione
1963 1308 2243 1356 testamur.
2268 1302 2452 1374 Neque
2476 1307 2620 1362 enim
2648 1311 2740 1379 qui
2757 1321 2885 1367 ante
2909 1314 3166 1370 mundum
3198 1331 3392 1387 super-

1787 1388 2063 1446 ferebatur
2095 1409 2258 1464 super
2285 1411 2453 1466 aquas
2487 1399 2649 1471 (Gen.
2675 1418 2714 1467 ι,
2749 1403 2838 1476 σι),
2873 1416 3050 1475 potest
3076 1409 3250 1465 videri
3276 1425 3387 1466 coe-

1789 1486 1934 1554 pisse
1962 1498 2082 1556 post
2102 1489 2359 1544 mundum
2380 1507 2393 1548 :
2413 1503 2507 1548 aut
2536 1496 2739 1551 multos
2765 1513 2887 1555 esse
2909 1501 3142 1570 Spiritus
3168 1514 3388 1560 sanctos

1785 1575 2042 1630 aestimari
2079 1577 2156 1631 fas
2187 1589 2292 1645 est,
2326 1581 2417 1651 qui
2461 1584 2626 1640 veluti
2674 1589 2987 1658 quotidiana
3017 1597 3380 1664 generatione

1785 1679 2136 1736 generentur.
2161 1671 2316 1727 Absit
2345 1682 2402 1728 ut
2430 1688 2488 1729 se
2509 1677 2796 1747 quisquam
2831 1682 2921 1736 tali
2954 1683 3231 1754 impietate
3255 1702 3389 1742 con-

121 1749 349 1804 sanctum,
394 1740 517 1811 quia
553 1742 792 1812 plerique
834 1757 1024 1798 eorum
1071 1744 1138 1800 ad
1163 1758 1544 1817 argumentum
1594 1765 1681 1804 as-
1713 1753 1760 1813 B
1789 1761 2040 1826 taminet;
2078 1771 2133 1816 ut
2181 1763 2326 1820 dicat
2373 1740 2688 1838 frequenter
2729 1773 2945 1841 creari,
2993 1740 3086 1831 aut
3134 1792 3394 1847 umquam

122 1831 327 1886 truendte
346 1848 458 1887 sua:
492 1833 790 1904 impietatis
819 1833 1129 1891 adsciscunt
1169 1837 1322 1904 illud,
1348 1840 1491 1910 quod
1513 1843 1680 1896 Amos

120 1919 173 1975 tle
197 1924 306 1976 flatu
335 1932 617 1978 ventorum
663 1925 873 1980 locutus
914 1935 1018 1991 est,
1072 1937 1132 1982 ut
1174 1931 1290 2000 ipse
1333 1931 1678 2002 propheticus

119 2014 571 2070 scrmodeclarat.
603 2014 693 2072 Sic
727 2017 872 2072 enim
907 2017 1076 2073 habes
1109 2019 1284 2076 :Ecce
1329 2039 1422 2094 ego
1461 2025 1680 2093 ﬁrmans

121 2108 376 2172 tonitruum,
408 2118 452 2162 et
473 2125 657 2164 creans
686 2111 948 2180 spiritum,
979 2123 1025 2166 et
1057 2115 1302 2170 nuntians
1357 2118 1412 2170 in
1443 2116 1680 2176 homines

121 2194 338 2250 Christum
368 2215 539 2265 suum,
572 2201 763 2270 faciens
781 2202 942 2256 lucem
969 2212 1016 2258 et
1045 2206 1304 2271 nebulam,
1329 2218 1376 2262 et
1403 2209 1680 2265 ascendens

118 2303 243 2356 super
262 2292 470 2358 excelsa,
515 2291 776 2348 Domitius
805 2292 946 2350 Deus
968 2297 1292 2368 omnipotens
1322 2316 1507 2354 nomen
1532 2311 1610 2355 est
1636 2303 1681 2356 ei

120 2382 496 2454 (Aniostv,15).

174 2473 250 2529 49.
288 2475 342 2530 Si
389 2477 510 2533 hinc
561 2478 766 2534 faciunt
810 2481 1192 2551 quaestionem,
1242 2484 1395 2558 quod,
1430 2496 1676 2542 creatum

119 2564 339 2636 Spiritum
370 2569 528 2638 dixit,
555 2573 682 2642 quia
704 2583 922 2629 creatur
947 2575 1184 2643 Spiritus
1216 2577 1423 2635 Esdras
1449 2595 1552 2635 nos
1575 2581 1678 2636 do-

118 2659 227 2725 cuit,
262 2661 441 2718 dicens
478 2673 503 2700 α
543 2665 596 2718 in
642 2676 837 2734 quarto
871 2666 1012 2721 libro
1059 2684 1072 2722 :
1109 2666 1176 2721 Et
1207 2670 1258 2723 in
1322 2671 1408 2725 die
1451 2674 1677 2728 secundo

117 2749 272 2804 iterum
292 2757 470 2809 creasti
519 2757 764 2826 spiritum
795 2759 1109 2826 ﬁrmamenti
1135 2761 1225 2831 (IV
1248 2761 1406 2817 Esdr.
1430 2781 1501 2830 Vl,
1536 2765 1672 2838 M);

119 2850 265 2900 tamen
292 2853 316 2892 b
341 2857 396 2902 ut
422 2850 721 2920 prapositis
758 2850 1146 2921 inlitereamus,
1176 2855 1258 2911 his
1281 2855 1530 2913 videlicet
1557 2874 1678 2929 quae

119 2937 257 2992 Amos
293 2941 442 3008 dixit,
478 2957 668 2998 nonne
708 2943 992 3000 evidenter
1032 2946 1302 3003 dictorum
1356 2951 1678 3008 testificatur

118 3032 257 3087 series
280 3033 342 3090 de
363 3036 522 3091 istius
551 3047 800 3092 creatura
842 3038 1027 3094 mundi
1058 3040 1295 3096 locutum
1328 3044 1675 3114 prophetam?

1782 1851 1958 1906 creari
1979 1852 2239 1923 Spiritum
2261 1866 2530 1914 sanctum.
2567 1859 2677 1916 Cur
2707 1864 2853 1918 enim
2878 1864 3195 1936 frequenter
3210 1870 3391 1925 creari

1782 1944 2045 2013 videatur,
2081 1963 2187 2004 non
2221 1949 2494 2022 intelligo;
2530 1954 2632 2008 nisi
2657 1955 2794 2012 forte
2833 1968 2888 2012 et
2924 1961 3060 2014 mori
3099 1976 3224 2016 eum
3267 1977 3389 2018 cre—

1781 2034 1914 2091 dant
1956 2039 2286 2108 frequenter,
2317 2051 2373 2098 et
2416 2043 2725 2114 frequenter
2769 2049 3093 2106 creari.Sed
3119 2052 3384 2122 quemad—

1784 2128 2003 2182 modum
2034 2132 2169 2185 mori
2200 2142 2376 2200 potest
2398 2135 2630 2206 Spiritus
2659 2138 2820 2193 vitae?
2852 2141 2992 2210 Ergo
3018 2143 3063 2196 si
3093 2144 3230 2198 mori
3267 2159 3378 2200 non

1784 2228 1984 2290 potest,
2016 2237 2234 2278 causam
2268 2242 2374 2280 non
2408 2227 2572 2283 habet
2595 2246 2692 2284 cur
2717 2232 2917 2301 saepius
2952 2234 3024 2287 sit
3045 2236 3338 2291 creandus.

1853 2314 1943 2371 55.
1985 2312 2009 2351 ἀ
2036 2315 2107 2369 Αῑ
2135 2318 2226 2386 qui
2254 2319 2412 2374 aliter
2437 2329 2647 2390 putant,
2675 2323 2726 2376 in
2759 2323 2889 2378 illud
2920 2325 3266 2397 sacrilegium
3291 2342 3379 2382 re-

1781 2405 1990 2473 cidunt,
2024 2416 2082 2461 ιιι
2111 2423 2218 2463 non
2249 2409 2584 2481 distinguant
2615 2413 2879 2485 Spiritum
2911 2425 3186 2482 sanctum,
3225 2427 3248 2454 ο
3289 2419 3386 2488 qui

1783 2501 2105 2571 prolatirum
2134 2504 2372 2561 Verbum
2401 2516 2589 2575 putant
2612 2509 2664 2561 in
2707 2508 2921 2564 Patrem
2955 2511 3151 2578 redire,
3184 2511 3372 2582 prola-

1783 2591 1952 2647 tivum
2001 2594 2260 2664 Spiritum
2294 2597 2346 2651 in
2390 2597 2556 2652 Deum
2587 2599 2828 2666 refundi;
2878 2610 2935 2656 ut
2980 2601 3142 2657 unius
3169 2601 3376 2658 refusio

1782 2683 1875 2751 sit,
1914 2694 1968 2740 et
1995 2686 2242 2756 quaedam
2271 2687 2584 2744 vicissitudo
2618 2691 2671 2746 in
2700 2691 2878 2747 varias
2915 2693 3117 2748 formas
3143 2708 3202 2749 se
3231 2709 3379 2764 saepe

1783 2779 2044 2834 mutantis
2075 2798 2088 2834 :
2115 2795 2236 2836 cum
2270 2782 2446 2837 Patris
2472 2794 2526 2838 et
2559 2784 2679 2840 Filii
2705 2795 2758 2841 et
2797 2786 3034 2856 Spiritus
3061 2787 3236 2842 sancti
3263 2802 3378 2844 ma-

1782 2887 1918 2926 nens
1935 2872 2632 2946 semperimmutabilisque
2655 2877 2954 2946 distinctio,
2981 2879 3245 2935 unitatem
3267 2894 3381 2934 sua:

1783 2971 1965 3018 teneat
1995 2967 2302 3034 potestatis.

1855 3055 1946 3111 54.
1989 3057 2044 3111 Si
2073 3058 2195 3128 quis
2226 3068 2406 3115 tamen
2439 3062 2820 3133 propheticum
2847 3064 3053 3121 dictum
3087 3066 3212 3121 ideo
3233 3065 3378 3121 deri-

173 3125 251 3179 50-
290 3127 523 3199 Denique
549 3127 621 3182 ita
648 3131 813 3198 C(Bpil
839 3147 852 3184 ε
876 3127 990 3200 Ego
1016 3129 1265 3185 Dominus
1289 3133 1502 3201 ﬁrmam
1531 3136 1671 3189 εοηί-
1703 3135 1747 3198 C
1779 3147 2018 3202 vandum
2056 3125 2212 3218 putat
2257 3151 2322 3206 ad
2366 3125 2876 3224 interpretationem
2912 3157 3151 3228 Spiritus
3183 3159 3382 3222 sancti,

118 3228 276 3290 tntum,
303 3232 344 3276 et
370 3239 553 3279 creans
580 3226 840 3294 spiritum.
870 3225 990 3294 Ipse
1012 3227 1146 3283 ordo
1170 3243 1268 3282 nos
1292 3228 1518 3296 doceat;
1547 3246 1669 3286 nam

115 3315 150 3362 si
176 3311 232 3366 de
249 3313 437 3382 Spiritu
467 3325 664 3370 sancto
685 3315 866 3370 dicere
891 3316 1175 3385 voluisset,
1207 3333 1310 3373 non
1336 3319 1402 3374 de
1432 3321 1673 3377 tonitrno

118 3404 270 3474 utique
300 3409 670 3476 prmmisisset.
702 3407 891 3478 Neque
913 3410 1059 3464 enim
1090 3412 1398 3481 antiquiora
1434 3415 1672 3469 tonitrua

116 3508 236 3564 sunt,
279 3516 429 3571 quam
471 3501 712 3572 Spiritus
751 3511 972 3558 sanctus
1005 3521 1018 3558 :
1049 3506 1298 3574 quamvis
1328 3506 1479 3577 impii
1531 3507 1664 3574 sint,

117 3595 264 3644 tamen
289 3593 336 3646 id
361 3608 464 3648 non
496 3593 704 3648 audent
727 3592 932 3649 dicere.
969 3595 1173 3651 Deinde
1203 3611 1326 3651 cum
1359 3599 1666 3670 subjecttun

117 3680 358 3739 videamus
383 3701 502 3742 esse
533 3686 604 3741 de
633 3686 754 3741 luce
776 3696 829 3741 et
861 3687 1076 3754 nebula,
1112 3705 1294 3744 nonne
1320 3691 1666 3746 manifestum

117 3777 344 3845 estquod
385 3777 452 3834 de
496 3791 749 3834 creatura
783 3779 969 3834 mundi
1010 3779 1214 3835 dictum
1261 3783 1672 3857 intelligendum

116 3867 341 3929 sit?Cum
361 3877 504 3930 enim
529 3875 665 3930 fiunt
691 3876 887 3946 aliquae
907 3886 1255 3945 tempestates
1279 3879 1437 3935 istius
1461 3879 1672 3941 mundi,

117 3965 387 4026 praecedere
427 3966 691 4032 tonitrua,
733 3969 885 4038 sequi
932 3979 1216 4024 ventorum
1247 3971 1428 4032 ﬂatus,
1473 3970 1673 4025 caelum

116 4055 296 4111 nebulis
323 4061 578 4131 caligare,
599 4059 775 4114 lucem
799 4058 1009 4114 refundi
1043 4075 1109 4114 ex
1133 4059 1392 4127 tenebris,
1424 4063 1543 4130 ipso
1564 4077 1666 4116 usu

117 4148 416 4219 quotidiana,
464 4154 823 4223 exemploque
867 4153 1268 4223 cognoscimus.
1314 4155 1448 4209 Nam
1503 4155 1669 4210 etiam

117 4237 250 4294 ﬂatus
272 4256 552 4300 ventorum
582 4246 804 4316 spiritus
831 4246 1047 4311 dicitur,
1092 4245 1233 4302 sicut
1257 4247 1516 4320 scriptum
1547 4259 1631 4304 est
1657 4267 1670 4302 :

117 4327 237 4398 Ignis
254 4345 300 4388 et
323 4337 565 4408 sulphur,
580 4349 624 4392 et
647 4337 874 4410 Spiritus
896 4339 1136 4407 procella:
1163 4337 1343 4410 (Psal.
1367 4354 1421 4404 χ,
1439 4339 1533 4409 7).

174 4426 251 4480 51.
292 4427 354 4483 Et
395 4442 451 4485 ut
493 4432 667 4486 scires
704 4431 830 4500 quia
861 4430 1002 4486 hunc
1047 4432 1297 4501 spiritum
1339 4431 1497 4498 dixit,
1550 4432 1628 4488 ait
1661 4451 1673 4486 :

1775 3239 1900 3309 quia
1950 3240 2114 3296 habet
2151 3260 2165 3295 :
2205 3243 2528 3301 Annuntians
2576 3249 2629 3300 in
2675 3247 2907 3302 homines
2933 3247 3199 3304 Christum
3225 3266 3377 3304 suum

1779 3333 1967 3404 (Amos
2011 3351 2083 3400 tv,
2125 3335 2257 3406 15);
2294 3338 2338 3391 is
2364 3338 2430 3392 ad
2489 3339 3218 3410 incarnationislbominicm
3260 3357 3382 3412 my-

1777 3427 2002 3480 sterium
2035 3425 2242 3483 dictum
2275 3427 2486 3486 facilius
2526 3431 2812 3488 derivabit.
2843 3432 2975 3487 Nam
3020 3435 3065 3486 si
3103 3443 3154 3490 te
3195 3444 3380 3490 movet

1776 3517 1902 3588 quia
1935 3518 2182 3587 spiritum
2211 3523 2366 3588 dixit,
2411 3530 2469 3577 et
2498 3524 2624 3579 ideo
2652 3541 2760 3580 non
2794 3525 2898 3579 hoc
2936 3537 3094 3594 putas
3129 3525 3382 3582 derivan-

1776 3611 1904 3665 dum
1950 3613 2018 3667 ad
2061 3617 2375 3686 mysterium
2423 3617 2812 3686 assumptionis
2854 3617 3140 3681 humanae;
3189 3632 3379 3687 prose-
3444 3633 3448 3636 '

1776 3726 1943 3781 quere
1988 3709 2314 3778 Scripturas,
2362 3716 2418 3762 et
2465 3708 2709 3763 invenies
2737 3708 2942 3777 optime
2985 3723 3288 3778 congruere
3308 3709 3380 3764 de

1776 3801 2015 3868 Christo,
2044 3801 2112 3856 de
2135 3815 2244 3869 quo
2264 3800 2404 3855 bene
2431 3802 2690 3856 convenit
2710 3800 2968 3856 aestimari
2991 3800 3116 3871 quia
3146 3800 3380 3856 firmavit

1780 3895 2020 3949 tonitrua
2053 3891 2294 3947 adventu
2327 3905 2452 3957 suo,
2496 3893 2604 3947 vim
2649 3893 2906 3948 videlicet
2925 3900 2982 3948 et
3029 3906 3221 3948 sonum
3266 3907 3381 3948 cm-

1778 3985 1995 4040 lestium
2024 3983 2449 4052 Scripturarum,
2497 3998 2724 4051 quarum
2767 3982 2918 4037 velut
2963 3984 3197 4054 quodam
3237 3986 3379 4041 toni-

1781 4085 1904 4130 truo
1933 4083 2145 4129 mentes
2189 4080 2389 4127 nostra!
2437 4072 2737 4148 redduntur
2765 4075 3011 4129 attonitae
3032 4118 3046 4140 ,
3079 4086 3138 4131 ut
3186 4079 3380 4134 timere

1781 4167 2076 4232 discamus,
2099 4175 2154 4220 et
2185 4166 2545 4220 reverentiam
2575 4165 2893 4225 caelestibus
2919 4165 3228 4225 deferamus
3253 4184 3379 4225 ora.

1781 4257 1941 4312 culis.

1853 4349 1944 4406 55.
1985 4349 2228 4421 Denique
2255 4350 2306 4404 in
2325 4349 2620 4422 Evangelio
2651 4349 2846 4408 fratres
2872 4353 3081 4408 Domini
3109 4352 3203 4409 {iiii
3227 4355 3378 4410 toni-

1783 4445 1885 4500 trui
1908 4443 2258 4510 dicebantur;
2283 4452 2478 4498 etcum
2501 4459 2602 4499 vox
2623 4444 2800 4500 Patris
2814 4443 2953 4501 facta
2975 4453 3123 4501 esset
3145 4445 3378 4501 dicentis

110 4505 329 4573 'Firmans
355 4525 914 4591 tonitruum,etcrcans
934 4523 1344 4596 spiritum;quia
1370 4524 1678 4596 frequenter
1705 4517 1759 4575 D
1785 4537 1851 4593 ad
1884 4537 2077 4592 Filium
2123 4555 2136 4589 ;
2187 4536 2249 4590 Et
2289 4537 2659 4607 honoriﬁcam,
2711 4548 2757 4593 et
2801 4539 2986 4593 iterum
3028 4537 3381 4606 honoriﬁcabo

119 4620 339 4670 creantur
377 4616 500 4682 ista,
541 4633 664 4671 cum
712 4618 848 4671 fiunt
882 4635 894 4670 :
926 4617 1160 4686 Spiritus
1205 4627 1384 4672 autem
1451 4626 1674 4673 sanctus

120 4711 324 4761 internus
345 4719 455 4771 est;
480 4725 638 4780 quem
663 4709 710 4762 si
732 4709 851 4775 quis
871 4707 1032 4762 audet
1057 4708 1238 4763 dicere
1268 4717 1534 4775 creatum,
1565 4725 1672 4765 non

121 4805 271 4858 potest
291 4810 462 4855 tamen
485 4801 668 4858 dicere
696 4801 839 4871 quod
871 4799 1113 4870 quotidie
1135 4810 1374 4869 creatur,
1402 4804 1543 4858 sicut
1572 4802 1672 4858 lla-

121 4883 197 4936 bra
255 4899 553 4948 ventorum.
602 4893 848 4963 Denique
905 4894 1019 4963 ipsa
1059 4892 1334 4962 Sapientia
1374 4895 1672 4951 secundum

121 4987 364 5054 "suscepti
389 4987 564 5041 locuta
583 4988 829 5057 corporis
853 4998 1278 5053 sacramentum,
1296 4987 1372 5042 ait
1392 5005 1406 5044 :
1423 4988 1679 5044 Dominus

118 5077 279 5128 creavit
300 5095 376 5133 me
396 5080 414 5150 (
431 5078 586 5135 Prov.
605 5097 718 5145 vnt,
737 5079 809 5134 2‘2
825 5080 865 5150 ).
889 5081 1144 5150 Quamvis
1180 5092 1407 5137 ventura
1447 5083 1679 5153 prophe-

182 5244 202 5269 θ
237 5235 352 5292 Vet.
377 5240 506 5294 edit.
533 5256 596 5296 ac
618 5255 750 5295 mss.
775 5255 944 5311 prope
961 5240 1028 5295 ad
1053 5256 1240 5307 unum,
1263 5241 1316 5295 in
1349 5242 1476 5296 libro
1500 5244 1670 5298 tertio.

123 5299 180 5384 lit
205 5319 324 5363 sane
349 5313 477 5379 quin
505 5299 937 5384 Ambrosii-haec
987 5313 1149 5384 lectio
1178 5299 1270 5384 si},
1306 5313 1438 5367 nihil
1488 5315 1673 5384 prohi-

124 5371 226 5439 bet;
261 5393 289 5432 a
319 5371 474 5434 nobis
499 5384 640 5436 enim
690 5381 743 5435 in
773 5380 1038 5434 Admonit.
1090 5383 1154 5436 ad
1190 5371 1384 5437 librum
1417 5371 1500 5437 de.
1529 5383 1677 5438 Bono

125 5448 279 5500 mortis
303 5449 642 5506 observatum
670 5460 753 5505 est
782 5452 878 5504 hos
905 5451 1092 5506 Esdra:
1125 5453 1292 5508 libros
1315 5456 1463 5509 varie
1498 5456 1549 5509 in
1583 5471 1678 5509 va-

128 5513 209 5592 riis
235 5519 504 5592 codicibus
534 5524 820 5592 distinctos
869 5537 1010 5576 esse.

189 5584 215 5661 if
250 5587 370 5661 Mss.
402 5591 629 5660 aliquot,
659 5603 715 5646 ut
742 5584 1100 5661 proposuistis,
1129 5593 1494 5661 inluereamus,
1521 5607 1627 5652 etc.

193 5660 216 5730 ξ
251 5655 588 5730 l‘i‘tlet‘tthmss“
611 5655 921 5730 suscipiendi
954 5662 1124 5715 locuta
1148 5668 1400 5730 corporis,
1432 5655 1534 5720 etc.

196 5712 216 5748 ⁴
255 5718 464 5783 Noniiltt
489 5712 858 5799 insaniunt
873 5712 1291 5788 rana-"striata;

1787 4631 1976 4702 (Jonn.
2003 4650 2096 4699 xtl,
2135 4631 2278 4700 28);
2313 4630 2484 4685 Judaei
2517 4629 2771 4685 dicebant
2799 4649 2813 4685 :
2845 4629 3145 4684 Tonitruum
3183 4634 3381 4699 factum

1784 4735 1858 4780 est
1888 4727 1968 4779 illi
1996 4725 2193 4795 (Ibid.,
2224 4723 2351 4791 ‘29).
2383 4723 2516 4777 Nam
2546 4723 2677 4777 licet
2706 4724 2932 4792 gratiam
2962 4724 3206 4777 veritatis
3238 4721 3377 4777 hau-

1784 4816 1894 4870 rire
1916 4831 2023 4869 non
2057 4822 2298 4884 possent,
2343 4823 2522 4867 tamen
2573 4812 2970 4867 confitebantur
2997 4812 3178 4876 inviti,
3210 4821 3264 4868 et
3294 4812 3374 4882 ig-

1781 4908 1896 4961 nari
1935 4907 2247 4976 mysterium
2287 4903 2680 4974 loquebantur;
2713 4919 2781 4958 eo
2810 4903 2952 4973 quod
2981 4919 3235 4974 magnum
3275 4904 3378 4959 Pa-

1782 4997 1880 5051 tris
1905 4995 1973 5050 de
2003 4994 2141 5049 Filio
2168 4992 2537 5048 testimonium
2579 4993 2902 5048 resultabat.
2936 4993 2991 5048 ln
3033 4993 3137 5049 Job
3163 5010 3380 5065 quoque

1779 5087 1920 5141 libro
1947 5087 2228 5155 Scriptura
2264 5083 2398 5139 dicit
2438 5101 2450 5138 ι
2481 5081 2891 5140 Firmamentum
2929 5102 3129 5155 quoque
3169 5088 3386 5142 tonitrui

1855 5245 1880 5273 θ
1924 5243 2000 5298 De
2048 5242 2150 5297 hac
2176 5240 2345 5297 Verbi
2397 5247 2449 5297 in
2498 5243 2713 5299 Patrem
2765 5243 3042 5300 refusione
3077 5243 3323 5301 nonnihil
3353 5260 3382 5299 a

1789 5315 1948 5368 nobis
2001 5312 2349 5368 observatum
2419 5324 2504 5370 est
2557 5314 2623 5368 ad
2653 5329 2777 5383 cap.
2824 5315 2891 5369 15
2941 5316 3034 5369 lib.
3069 5332 3100 5368 v
3129 5316 3206 5371 De
3258 5316 3388 5381 fide,

1784 5400 1933 5439 num.
1970 5384 2090 5456 I62.
2126 5383 2222 5456 Hic
2250 5392 2428 5456 autem
2461 5384 2593 5440 illud
2637 5384 3075 5456 admonebimus,
3119 5402 3241 5456 quae
3270 5395 3386 5440 toto

1789 5456 1896 5512 hoc
1923 5455 2101 5527 capite
2133 5454 2201 5508 ad
2243 5455 2516 5522 obiectum
2541 5470 2608 5527 ex
2641 5453 2808 5527 Amos
2838 5455 3015 5510 locum
3050 5453 3390 5527 responden-

1792 5536 1898 5592 tur,
1937 5541 1965 5578 a
2013 5525 2240 5595 Didymo
2266 5540 2486 5594 quoque
2531 5525 2698 5580 fuisse
2728 5525 3028 5592 diSputata,
3079 5525 3220 5581 sicut
3269 5534 3324 5580 et
3353 5541 3388 5580 a

1793 5595 1991 5650 Basilio
2018 5596 2110 5650 lib.
2141 5611 2197 5648 ιιι
2227 5595 2489 5650 adversus
2525 5595 2888 5661 Eunomium;
2921 5611 3022 5652 nec
3060 5597 3231 5652 aliena
3261 5609 3389 5654 esse

1793 5668 1863 5720 ab
1894 5666 2237 5737 expositione
2261 5665 2435 5720 sancti
2467 5664 2784 5734 Hieronymi
2814 5667 2865 5720 itt
2895 5666 3144 5723 eumdem
3171 5661 3385 5737 allegat]

1799 5731 2079 5802 "militum
2103 5731 2301 5788 lotium.
