3932 6176
545 245 649 303 755

1906 238 2150 302 SANL‘TI
2188 236 2513 302 MlBRUSﬂ
3708 250 3790 305 756

542 365 624 418 sui
653 364 765 435 quis
789 365 882 417 scit
911 364 1120 434 quando
1147 364 1300 432 faciet
1333 361 1489 433 (Job.
1524 378 1677 429 xm,
1708 362 1837 432 id)?
1866 361 2062 431 Utique
2098 364 2142 417 si
2173 366 2227 426 Α
2252 361 2437 425 Filius,
2474 361 2548 415 ita
2578 370 2731 416 creat
2760 373 2813 415 et
2839 361 3076 430 Spiritus
3116 371 3356 430 sanctus,
3402 364 3539 418 sicut
3581 363 3791 435 legimus,

539 455 608 509 ad
654 456 767 509 haec
812 452 1238 509 commotionum
1294 453 1597 510 coalestium
1633 455 1868 508 tonitrua
1900 454 2138 523 pertine-

540 557 688 612 rent,
747 562 855 601 non
896 545 1075 601 futura
1113 562 1303 601 eorum
1355 548 1834 615 iirmatnenta,sed
1878 547 2013 602 facta
2053 547 2137 601 di-

545 639 739 695 xisset.

611 730 701 786 56.
748 731 890 801 Ergo
923 732 1159 786 tonitrua
1209 732 1276 787 ad
1327 747 1615 789 sermones
1664 733 1873 787 Domini
1928 733 2136 801 retulit,

540 837 770 894 quorum
822 824 874 879 in
922 838 1141 879 onmem
1194 835 1397 880 terram
1446 826 1612 880 exivit
1653 838 1819 880 sonus
1849 843 1862 878 :
1893 828 2140 895 spiritum

539 925 722 972 autem
745 918 849 971 hoc
873 916 992 971 loco
1039 918 1297 982 animant,
1325 932 1482 987 quam
1504 919 1744 986 suscepit
1765 917 2142 973 rationabilem

535 1016 699 1078 atque
752 1006 1069 1077 perfectam,
1113 1008 1494 1078 intelligimus;
1544 1010 1670 1077 quia
1722 1010 2003 1077 Scriptura
2037 1010 2144 1064 ire-

539 1108 774 1169 quenter
796 1108 852 1154 et
882 1100 1119 1153 animam
1151 1100 1388 1155 hominis
1419 1098 1584 1173 εδδ
1627 1100 1850 1170 spiritus
1881 1101 2144 1156 vocabulo

540 1192 809 1262 designat,
842 1192 982 1247 sicut
1012 1191 1222 1248 babes:
1259 1192 1362 1259 Qui
1398 1203 1537 1247 creut
1560 1194 1806 1263 spiritum
1840 1192 2062 1247 hominis
2092 1195 2145 1247 in

538 1285 656 1352 ipso
685 1283 883 1355 (Zach.
918 1301 1012 1351 χιι,
1047 1287 1129 1353 1).
1167 1284 1320 1343 Unde
1346 1296 1400 1340 et
1428 1286 1690 1341 Dominus
1724 1287 1958 1341 animam
1989 1300 2143 1341 suam

543 1378 782 1449 spiritus
814 1379 1182 1450 appellatione
1212 1380 1527 1449 signiticans
1565 1380 1643 1434 ait
1672 1398 1687 1434 :
1713 1379 1779 1433 in
1818 1396 2003 1434 manus
2036 1389 2148 1436 tuas

541 1472 844 1527 commendo
880 1472 1119 1543 spiritum
1147 1488 1314 1525 meum
1348 1469 1685 1540 (Luc.xxttt,
1719 1471 1844 1541 46).

607 1567 697 1621 57.
745 1566 810 1619 Et
834 1575 888 1619 ut
914 1567 1088 1620 scires
1117 1565 1243 1635 quia
1270 1564 1338 1620 de
1365 1563 1493 1618 Jesu
1539 1564 1753 1618 Domini
1789 1563 2147 1620 descensione

544 1656 890 1720 memoravit,
916 1654 1129 1709 addidit
1156 1656 1299 1724 quod
1326 1654 1602 1708 nuntiaret
1639 1657 1690 1708 in
1722 1656 1970 1709 homines
1992 1655 2149 1709 Citri-

2240 454 2459 508 dicente
2496 452 2698 509 Paulo:
2732 454 2824 508 Dei
2856 456 2988 508 enim
3016 455 3210 509 donum
3236 465 3327 522 est,
3364 472 3469 510 non
3494 471 3555 509 ex
3571 456 3791 524 operibus,

2243 560 2308 599 ne
2354 545 2469 614 quis
2514 545 2794 615 glorietur;
2824 546 2991 614 ipsius
3018 548 3155 600 enim
3205 563 3381 601 sumus
3428 550 3644 618 factura,
3672 550 3794 601 creati

2243 638 2294 690 in
2324 634 2527 691 Christo
2549 635 2675 692 Jesu
2704 639 2756 691 in
2788 639 3025 709 operibus
3051 640 3195 693 bonis
3224 639 3243 710 (
3258 638 3453 711 Ephes,
3482 652 3540 692 tt.
3558 639 3591 694 8
3619 641 3792 709 etseq.).

2850 729 3081 787 CAPUT
3121 730 3230 788 Vl].

2247 821 2541 877 Creationis
2579 825 2836 895 spiritalis
2866 840 2953 878 seu
2986 825 3390 895 regenerationis
3417 842 3518 879 non
3543 825 3696 878 minus
3726 842 3799 880 au-

2320 924 2511 969 ctorem
2546 916 2803 985 Spiritum
2834 933 2963 985 esse,
2995 930 3153 986 quam
3183 916 3395 972 Patrem
3432 930 3493 971 ac
3539 915 3726 972 Filium.
3749 919 3798 973 in

2318 1022 2421 1077 quo
2467 1011 2712 1063 consistat
2758 992 2859 1063 illa
2895 1010 3111 1077 erratio,
3162 1011 3377 1081 ejusque
3425 1011 3799 1081 priestantiont

2319 1102 2574 1169 quomodo
2605 1102 2744 1173 quod
2773 1102 3001 1155 membra
3032 1113 3077 1155 et
3105 1118 3291 1168 corpus
3338 1100 3452 1156 Deo
3500 1100 3705 1157 tribuere
3745 1105 3800 1155 ri-

2322 1194 2505 1247 dentur
2534 1196 2670 1248 sacri
2698 1196 2921 1260 codices,
2952 1195 3127 1250 debeat
3155 1194 3421 1268 intelligi?

2322 1285 2410 1339 62.
2455 1285 2636 1358 [Alias
2663 1303 2777 1354 cap.
2809 1286 2900 1341 IX.
2926 1286 2945 1359 ]
2977 1287 3119 1358 Ergo
3141 1303 3234 1343 cre
3254 1292 3289 1341 ti
3316 1288 3485 1344 Pater
3510 1289 3561 1344 in
3588 1280 3801 1359 operibus

2251 1379 2410 1435 bonis
2444 1398 2456 1433 :
2490 1389 2639 1435 creat
2668 1390 2723 1435 et
2756 1380 2958 1446 Filius;
2986 1380 3115 1451 quia
3142 1383 3407 1451 scriptum
3432 1390 3515 1437 eat
3541 1400 3553 1436 :
3584 1381 3802 1450 Quotquot

2251 1481 2419 1525 autem
2448 1489 2563 1526 eum
2594 1484 2915 1545 receperunt,
2950 1474 3089 1528 dedit
3115 1475 3187 1528 eis
3230 1482 3534 1546 potestatem
3563 1474 3687 1544 ﬁlios
3728 1473 3803 1527 Dei

2252 1566 2390 1634 ﬁeri,
2420 1568 2499 1620 Itis
2526 1568 2612 1637 qui
2638 1569 2848 1621 credunt
2875 1569 2928 1620 in
2958 1568 3164 1621 nomine
3192 1571 3308 1640 ejus
3339 1584 3358 1621 :
3388 1568 3478 1637 qui
3507 1584 3602 1622 non
3628 1583 3687 1620 ex
3705 1583 3802 1619 san-

2251 1660 2515 1729 guinibus,
2550 1676 2710 1730 neque
2736 1676 2799 1713 ea:
2826 1662 3084 1714 voluntate
3114 1662 3477 1732 carnis,neque
3507 1677 3567 1715 ex
3589 1662 3802 1715 voluntate

542 1761 686 1805 stum
732 1764 888 1805 suum
913 1748 1094 1819 (Amos
1114 1764 1188 1817 tv,
1213 1749 1278 1805 15
1306 1747 1357 1820 );
1386 1750 1728 1803 annuntiavit
1768 1751 1911 1803 enim
1956 1752 2010 1804 in
2053 1750 2147 1805 ba-
2179 1737 2227 1797 B
2255 1753 2371 1818 viri,
2395 1755 2493 1833 sed
2523 1770 2586 1807 ea:
2611 1753 2722 1807 Deo
2751 1756 2857 1807 nati
2887 1758 3005 1808 sunt
3034 1752 3227 1826 (Joan.
3254 1771 3293 1822 ι,
3327 1755 3416 1821 12,
3452 1754 3520 1810 15
3544 1759 3579 1824 ).

542 1843 816 1910 ptismate,
869 1841 1098 1897 dicens:
1139 1842 1221 1896 Tu
1252 1859 1305 1895 es
1353 1840 1399 1894 F
1403 1841 1525 1895 ilius
1577 1857 1717 1896 meus
1755 1840 2140 1910 dilectissimus,

542 1938 598 1990 in
627 1953 725 2006 quo
773 1937 897 1990 bene
926 1936 1213 2007 complacui
1247 1934 1474 2005 (Matth.
1508 1950 1585 2000 ιιι,
1622 1936 1743 2004 i7).
1794 1936 2147 1990 Annuntiavit

548 2030 602 2082 itt
628 2039 840 2093 monte,
869 2028 1059 2082 dicens
1085 2046 1098 2079 :
1127 2026 1227 2081 Hic
1255 2037 1328 2081 est
1355 2024 1404 2078 F
1406 2027 1530 2081 ilius
1557 2042 1696 2081 meus
1717 2028 1953 2094 dilectus,
1974 2029 2146 2099 ipsum

478 2140 481 2143 λ
548 2122 727 2175 audite
757 2119 984 2192 (Matth.
1022 2134 1154 2186 xvn,
1206 2119 1327 2189 17).
1376 2117 1739 2174 Annuutiavit
1785 2121 1837 2173 in
1873 2121 2141 2189 passione,

545 2234 669 2274 cum
715 2218 799 2274 soi
842 2217 1093 2283 recessit,
1141 2219 1309 2271 maria
1344 2225 1609 2286 terraeque
1644 2224 1998 2270 tremuerunt.
2040 2217 2149 2271 An-

548 2311 821 2366 nuntiavit
847 2310 902 2365 in
930 2309 1276 2376 centurione,
1312 2308 1401 2379 qui
1431 2310 1539 2363 ait:
1574 2305 1697 2361 Vere
1718 2307 1817 2362 Dei
1849 2305 2018 2361 Filius
2041 2316 2147 2362 erat

547 2406 644 2460 iste
669 2404 895 2477 (Matth.
930 2420 1046 2471 xu,
1080 2401 1207 2475 55).

623 2500 715 2554 58.
756 2498 954 2555 Totum
986 2496 1149 2568 igitur
1188 2495 1333 2552 hunc
1381 2496 1564 2550 locum
1613 2502 1708 2550 aut
1739 2494 1803 2548 ad
1845 2496 2146 2564 simplicem

552 2593 898 2648 intellectum
927 2592 1083 2645 istius
1113 2589 1272 2645 ﬂatus
1300 2589 1394 2660 qui
1418 2588 1650 2643 vivendo
1677 2587 1946 2653 hauritur,
1970 2595 2062 2641 aut
2081 2586 2148 2641 ad

550 2686 869 2757 mysterium
896 2685 1166 2739 Dotninici
1195 2684 1443 2753 corporis
1470 2682 1678 2737 referre
1703 2681 1970 2736 debemus
1989 2722 2002 2746 ,
2026 2695 2147 2734 nam

551 2782 596 2832 si
631 2780 718 2832 hic
746 2789 988 2833 creatum
1020 2779 1247 2833 dixisset
1277 2776 1539 2846 Spiritum
1574 2788 1840 2841 sanetum,
1880 2776 2065 2844 utique
2097 2785 2153 2831 ct

550 2870 679 2926 alibi
699 2869 841 2925 idem
866 2871 1145 2939 Scriptura
1163 2869 1442 2925 declarare
1466 2868 1751 2938 potuisset,
1768 2868 1908 2923 sicut
1925 2868 1992 2922 de
2014 2868 2150 2923 Filio

552 2964 648 3017 Dei
694 2962 1007 3031 frequenter
1050 2963 1281 3030 legimus
1312 2963 1437 3031 quia
1485 2960 1790 3014 secundum
1824 2975 2043 3014 carnem
2096 2969 2150 3014 et

554 3056 731 3110 factus
758 3066 841 3108 est
872 3064 927 3108 et
958 3063 1176 3108 creatus
1206 3053 1392 3127 (Rom.
1421 3068 1459 3120 ι,
1492 3052 1581 3123 ὃ).

2316 1847 2482 1920 65.6
2504 1852 2592 1903 63.
2632 1849 2898 1905 Snniliter
2924 1864 2990 1904 ex
3021 1849 3227 1920 Spiritu
3273 1851 3571 1905 secundum
3597 1848 3790 1921 gratiam

2251 1953 2351 1994 nos
2400 1941 2609 1995 renasci
2665 1940 2927 1995 Dominus
2957 1939 3075 2009 ipse
3122 1949 3382 2007 testatur,
3434 1936 3805 2007 dicenszauod

2250 2041 2424 2084 natum
2450 2041 2525 2085 est
2551 2048 2614 2085 ea:
2643 2046 2817 2099 carne,
2848 2044 2967 2087 caro
2988 2042 3094 2096 est;
3116 2038 3237 2103 quia
3264 2030 3328 2088 de
3356 2048 3513 2088 carne
3543 2044 3700 2089 natum
3719 2042 3803 2088 est:

2251 2132 2296 2177 et
2322 2124 2458 2193 quod
2482 2134 2662 2177 natum
2694 2135 2766 2179 est
2794 2125 2858 2178 de
2887 2127 3072 2195 spiritu
3102 2169 3117 2195 ,
3150 2127 3365 2197 spiritus
3408 2136 3517 2194 est;
3544 2118 3657 2198 quia
3692 2123 3803 2179 Deus

2251 2216 2466 2284 spiritus
2497 2225 2594 2270 est.
2629 2214 2758 2271 Noli
2807 2218 2985 2271 mirari
3027 2218 3147 2288 quia
3187 2220 3301 2273 dixi
3351 2219 3487 2274 tibi:
3512 2220 3703 2291 Oportet
3737 2233 3804 2270 ros

2251 2310 2395 2363 nasci
2443 2314 2630 2364 denuo.
2670 2310 2900 2380 Spiritus
2945 2311 3029 2364 ubi
3065 2312 3172 2365 vult
3217 2312 3411 2381 spirat,
3456 2321 3502 2366 et
3540 2326 3695 2365 vocem
3719 2310 3804 2376 ejus

2253 2401 2404 2454 nudis
2432 2417 2451 2453 :
2479 2403 2568 2454 sed
2598 2404 2764 2455 nescis
2794 2403 2931 2456 unde
2958 2402 3145 2465 veniat,
3179 2414 3271 2456 aut
3321 2420 3426 2475 quo
3455 2405 3600 2458 vadat
3622 2419 3640 2467 ;
3664 2400 3727 2455 sic
3750 2407 3807 2453 est

2254 2494 2421 2547 omnis
2450 2495 2537 2563 qui
2567 2504 2723 2549 natus
2748 2494 2910 2549 estde
2938 2494 3148 2563 Spiritu
3195 2497 3214 2565 (
3239 2493 3405 2550 Joan.
3432 2486 3519 2565 lii,
3554 2496 3586 2550 6
3611 2506 3652 2548 et
3668 2491 3799 2563 seq.).

2325 2587 2413 2642 6t.
2455 2587 2638 2643 Claret
2690 2588 2854 2657 igitur
2903 2588 3167 2658 spiritalis
3213 2604 3436 2661 quoque
3480 2587 3804 2660 generationis

2252 2690 2528 2737 auctorem
2577 2697 2701 2739 esse
2740 2682 3508 2756 Spiritutn‘sanCtnm{quia
3552 2679 3802 2739 secundum

2254 2774 2423 2831 Deum
2446 2792 2717 2841 creamur,
2754 2786 2811 2832 ut
2841 2777 2932 2832 lilii
2956 2777 3051 2832 Dei
3083 2780 3280 2832 simus.
3313 2778 3459 2849 Ergo
3488 2792 3603 2832 cum
3636 2775 3712 2829 ille
3731 2785 3804 2827 nos

2254 2868 2307 2921 in
2340 2884 2565 2940 regnum
2596 2885 2751 2924 suum
2776 2886 2872 2941 per
2899 2868 3248 2941 adoptionem
3273 2884 3450 2928 sacra:
3482 2866 3805 2939 regeneratio-

2257 2962 2341 3016 nis
2369 2965 2750 3033 assumpserit,
2784 2979 2885 3019 nos
2914 2967 2961 3019 ei
2992 2965 3137 3035 quod
3167 2978 3324 3019 suum
3358 2957 3805 3034 est,dcncgatnus?

2257 3054 2350 3108 ille
2377 3072 2475 3108 nos
2504 3072 2754 3126 superum
2807 3058 3240 3127 regenerationis
3290 3056 3425 3112 fecit
3459 3055 3705 3117 Inetedes,
3731 3064 3805 3104 nhs

626 3144 715 3201 δε).
757 3145 924 3215 Cujus
957 3153 1135 3198 tamen
1165 3146 1504 3214 maiestatem
1538 3147 1589 3199 in
1617 3160 1683 3200 eo
1718 3146 1836 3215 ipso
1859 3146 2004 3216 quod
2032 3160 2148 3201 ear-
2179 3122 2223 3184 C
2260 3148 2632 3204 ineretlitatem
2662 3148 3023 3215 vindicamus,
3054 3150 3359 3206 refutamus
3388 3147 3698 3206 auctorem?
3723 3143 3803 3201 Sid

558 3254 681 3292 nem
716 3253 812 3307 pro
844 3237 1002 3291 nobis
1046 3238 1307 3306 suscepit,
1349 3239 1696 3293 considerare
1725 3253 1824 3292 nos
1861 3239 2148 3302 convenit;

556 3343 616 3387 ttt
659 3333 894 3386 divinam
925 3332 1223 3400 potentiam
1259 3333 1310 3386 in
1356 3332 1472 3400 ipsa
1509 3332 1752 3401 corporis
1784 3334 2151 3402 assumptione

554 3424 835 3478 videamus
863 3421 1052 3495 [Alias
1083 3439 1200 3493 cap.
1252 3422 1422 3494 Vill].
1486 3422 1697 3477 Etenim
1740 3426 1876 3478 sicut
1920 3424 2152 3492 legimus

557 3518 683 3587 quia
723 3516 929 3571 creavit
976 3515 1137 3570 Pater
1181 3515 1473 3571 Dominicis:
1526 3516 1916 3572 incarnationis
1963 3531 2151 3571 saera-

555 3614 823 3674 mentum,
851 3608 1055 3662 creavit
1078 3618 1130 3662 et
1158 3609 1425 3677 Spiritus;
1460 3611 1528 3660 ita
1558 3609 1725 3663 etiam
1756 3610 1987 3678 legimus
2008 3610 2151 3681 quod

557 3710 613 3756 et
645 3700 762 3770 ipse
791 3700 1043 3755 Christus
1071 3712 1229 3755 suum
1267 3712 1467 3770 corpus
1495 3700 1735 3765 creavit;
1770 3703 1976 3758 creavit
2005 3705 2151 3759 enim

562 3795 744 3859 Pater,
776 3793 1074 3849 secundum
1105 3793 1251 3864 quod
1279 3794 1541 3865 scriptum
1568 3794 1654 3850 est
1683 3812 1696 3848 :
1733 3794 1990 3851 Dominus
2014 3812 2157 3850 crea-

559 3888 626 3939 nit
654 3901 736 3938 me
767 3885 956 3957 (Prov.
987 3900 1104 3952 vnt,
1128 3886 1268 3956 ‘25);
1301 3894 1356 3941 et
1386 3887 1515 3941 alibi
1545 3903 1557 3939 :
1598 3886 1741 3941 Misit
1781 3886 1920 3943 Deus
1954 3885 2156 3941 Filium

559 3988 713 4029 suum
728 3983 755 4012 ι
777 3981 973 4045 factum
989 3992 1052 4031 ea:
1072 3979 1306 4042 muliere,
1327 3982 1520 4049 factum
1541 3979 1634 4033 sub
1657 3979 1792 4051 Lege
1810 3979 1962 4051 (Gal.
1982 3995 2054 4045 tv,
2072 3978 2152 4050 4).

561 4063 779 4121 Creavit
805 4073 861 4122 et
887 4065 1123 4137 Spiritus
1146 4067 1277 4122 illud
1301 4082 1463 4138 omne
1486 4070 1830 4138 mysterium,
1856 4070 2153 4125 secundum

559 4157 706 4229 quod
739 4159 989 4230 legimus,
1021 4160 1147 4230 quia
1175 4160 1381 4214 inventa
1406 4171 1480 4215 est
1510 4159 1686 4216 Maria
1714 4164 1768 4217 in
1794 4173 1936 4217 utero
1964 4162 2158 4218 habens

560 4267 625 4305 ea:
649 4250 857 4322 Spiritu
884 4261 1062 4304 sancto
1095 4250 1322 4321 (Matth.
1352 4266 1391 4315 ι,
1419 4250 1543 4319 i8).

632 4344 724 4399 ϐο.
764 4340 944 4398 Habes
974 4344 1096 4413 quia
1109 4343 1314 4396 creavit
1346 4341 1527 4408 Pater,
1556 4344 1764 4398 creavit
1793 4352 1853 4399 et
1878 4340 2111 4415 Spiritus
2141 4364 2153 4399 :

558 4437 747 4505 accipe
764 4436 890 4505 quia
918 4433 1203 4489 creavitet
1232 4430 1402 4488 Filius
1433 4432 1547 4500 Dei,
1580 4433 1800 4490 dicente
1827 4435 2156 4493 Salomone:

2258 3256 2361 3295 nOn
2400 3250 2581 3308 potest
2630 3257 2853 3299 manere
2888 3242 3230 3308 benelit'lunt,
3266 3254 3391 3298 cuni
3444 3254 3630 3299 auctor
3656 3241 3798 3295 (ποιαί

2255 3333 2449 3397 ditur;
2482 3349 2581 3388 nec
2632 3343 2823 3390 auctor
2869 3336 2989 3390 sine
3020 3350 3270 3401 munere,
3323 3350 3427 3392 nec
3477 3338 3591 3390 sine
3629 3341 3806 3387 auctore

2259 3440 2476 3480 munus.
2509 3426 2565 3480 Si
2593 3428 2837 3482 vindicas
2858 3428 3110 3498 gratiam,
3141 3429 3303 3481 crede
3336 3426 3630 3498 potentiam
3656 3443 3667 3478 :
3691 3424 3726 3477 si
3744 3435 3805 3473 re-

2266 3516 2408 3571 i‘ntas
2443 3521 2763 3589 potentiam,
2805 3521 3032 3591 gratiam
3065 3535 3133 3575 ne
3181 3521 3452 3590 requiras.
3490 3530 3513 3559 ε
3540 3518 3633 3584 Qui
3676 3512 3807 3583 Spiri-

2260 3617 2370 3663 tum
2400 3612 2614 3680 uegavit
2640 3653 2653 3675 ,
2684 3614 2867 3667 statim
2901 3613 3120 3683 negavit
3160 3619 3215 3666 et
3258 3612 3490 3666 donum.
3523 3610 3647 3665 Nam
3675 3608 3713 3662 Si
3738 3618 3809 3656 tu-

2259 3713 2377 3757 ctor
2399 3702 2546 3771 vilis,
2579 3705 2852 3774 quomodo
2884 3708 3020 3760 dona
3068 3704 3341 3775 pretiosa?
3368 3704 3478 3762 Cur
3511 3704 3699 3760 nostris
3730 3698 3807 3767 ipsi

2259 3796 2574 3852 muneribus
2617 3797 2951 3865 invidemus,
2996 3813 3146 3869 spem
3180 3799 3573 3864 itnminuimus,
3615 3793 3805 3868 dignita~

2262 3898 2365 3943 tem
2397 3888 2771 3958 repudiamus,
2799 3890 3197 3947 consolatorem
3221 3892 3512 3962 negamus?

2332 3980 2420 4037 65.
2464 3981 2572 4038 Sed
2604 3982 2752 4037 illum
2777 3982 3020 4055 negaret1
3048 3999 3151 4039 non
3182 3998 3497 4054 possumus.
3528 3982 3674 4040 Absit
3693 3975 3805 4033 enim

2260 4082 2319 4131 ut
2344 4090 2601 4147 negemus
2620 4076 3080 4149 quodmaximum
3100 4086 3205 4145 est,
3227 4094 3353 4134 cum
3371 4076 3654 4150 Apostolus
3666 4074 3803 4129 dicat:

2268 4166 2373 4221 Vos
2403 4178 2595 4235 autent,
2631 4173 2841 4241 fratres,
2866 4170 3146 4224 secundum
3181 4169 3334 4225 Isaac
3376 4168 3710 4241 promissionis
3732 4160 3807 4232 ﬁlii

2267 4262 2549 4316 estis:sed
2605 4263 2739 4316 sicut
2790 4272 2911 4316 tunc
2961 4265 3047 4330 qui
3110 4262 3394 4316 secundum
3462 4276 3652 4316 carnem
3687 4265 3807 4310 natus

2263 4364 2357 4420 est,
2434 4354 2830 4424 persequebatur
2893 4368 3010 4407 eum
3078 4355 3167 4424 qui
3242 4356 3524 4409 secundum
3598 4351 3806 4421 Spiritum

2263 4445 2471 4518 (Galat.
2516 4460 2595 4512 tv,
2634 4445 2725 4512 28,
2764 4441 2887 4515 29).
2941 4445 3141 4501 lterum
3196 4448 3383 4517 utique
3432 4444 3725 4502 subauditur
3755 4436 3806 4488 de

563 4503 837 4599 Sapientia
874 4526 995 4597 fecit
1016 4524 1113 4578 sibi
1152 4523 1361 4578 domum
1389 4520 1586 4595 (Prov.
1626 4539 1698 4589 ιι,
1735 4525 1824 4594 1).
1865 4526 2009 4598 Ergo
2037 4527 2158 4599 Spi—
2184 4503 2239 4563 D
2262 4503 2659 4607 superioribus,
2689 4503 2779 4607 qui
2809 4503 3107 4592 secundum
3139 4503 3404 4607 Spiriium
3436 4546 3588 4593 natus
3615 4541 3704 4589 est.
3726 4526 3804 4593 Olli

560 4623 699 4677 ritus
754 4629 975 4675 sanctus
1016 4619 1107 4689 qui
1157 4618 1369 4672 creavit
1417 4617 1715 4672 Dominicm
1762 4619 2155 4679 incarnationis

563 4724 997 4780 sacramentum,
1025 4712 1167 4783 quod
1197 4725 1363 4781 super
1386 4724 1578 4766 omnes
1598 4720 2001 4783 estcreaturas,
2020 4730 2159 4786 quo-

563 4811 728 4867 modo
753 4824 875 4867 esse
904 4812 1091 4879 potest
1113 4814 1359 4862 creatura
1383 4805 1406 4859 τ

633 4904 726 4958 6i.
768 4902 845 4956 De
867 4899 1224 4973 generalitate
1245 4908 1422 4954 autem
1447 4910 1608 4969 supra
1627 4900 2001 4975 ostettdimus(
2020 4904 2152 4979 Sup.

475 4994 477 4998 ⁴
562 5006 677 5068 cap.
709 4993 783 5065 5)
813 4995 937 5064 quia
966 4991 1265 5047 secundum
1322 5004 1543 5047 carnem
1591 4998 1809 5048 creator
1847 5000 1931 5051 est
1970 5005 2156 5054 uoster

558 5084 798 5159 Spiritus
857 5092 1085 5141 sanctus
1156 5086 1209 5138 in
1258 5083 1481 5143 homine
1550 5087 1868 5143 exteriore:
1921 5087 1948 5127 b
2012 5094 2159 5148 hunc

562 5178 916 5236 ostendamus
947 5176 1073 5245 quia
1092 5185 1307 5229 creator
1335 5182 1421 5229 est
1443 5185 1649 5240 noster,
1664 5178 1828 5231 etiam
1854 5181 2156 5236 secundum

555 5273 746 5344 gratiae
766 5276 1188 5325 sacramentum.
1209 5266 1274 5321 Et
1294 5267 1437 5321 sicut
1457 5274 1606 5323 creat
1626 5260 1806 5341 Paier,
1830 5272 1899 5329 ita
1923 5284 2076 5330 creat
2103 5285 2158 5333 et

633 5454 660 5484 α
701 5449 827 5504 Mss.
882 5447 1114 5515 aliqum,
1156 5448 1335 5498 natum
1383 5444 1475 5513 ex]
1493 5443 1727 5499 muliere.
1763 5446 1827 5500 Et
1874 5446 2040 5514 infra,
2092 5452 2147 5503 in

561 5532 706 5579 utero
736 5519 925 5572 habens
949 5517 1021 5569 de
1045 5516 1245 5586 Spiritu
1270 5522 1471 5586 sancto.

628 5591 659 5633 δ
699 5590 863 5644 [idem
894 5601 1049 5649 mss.,
1081 5584 1216 5640 nunc
1256 5584 1582 5639 ostendamus
1612 5584 1665 5637 in
1692 5584 1958 5640 interiore.
1992 5585 2152 5645 Pater

556 5660 634 5715 ita
659 5656 865 5725 creavit,
901 5668 948 5713 et
980 5660 1151 5713 Filius
1177 5661 1249 5714 ita
1277 5661 1484 5726 creavit,
1518 5658 1825 5727 etSpiritus
1850 5667 2078 5715 sanctus.

636 5739 656 5767 ο
697 5729 897 5784 Omnes
939 5728 1068 5785 edit.
1098 5739 1153 5784 et
1180 5743 1313 5786 mss.
1368 5746 1475 5788 non
1509 5732 1697 5805 pauci,"
1740 5730 1843 5799 Qui
1884 5728 2152 5788 Christum

2265 4643 2393 4699 ergo
2421 4628 2717 4684 secundum
2743 4627 3005 4699 Spiritum
3037 4631 3302 4697 nascitur,
3354 4629 3643 4686 secundum
3664 4622 3801 4677 Deum

2264 4722 2527 4776 nascitur.
2576 4719 2936 4776 Renascimur
2965 4733 3170 4789 autem,
3220 4722 3440 4793 quando
3491 4722 3542 4777 in
3588 4715 3803 4773 interiore

2262 4828 2593 4871 renovamur
2618 4814 2836 4880 aliectu,
2871 4825 2927 4870 ct
2956 4815 3245 4872 exterioris
3294 4815 3528 4870 hominis
3560 4817 3583 4845 ε
3609 4816 3803 4865 vetusta-

2263 4916 2370 4963 tem
2409 4906 2750 4976 deponimus.
2781 4908 2850 4962 Et
2889 4908 3009 4962 ideo
3036 4909 3110 4960 ait
3154 4907 3350 4963 iterum
3380 4904 3656 4977 Aposwlus
3684 4917 3696 4953 :
3721 4897 3801 4952 Ile-

2266 4999 2526 5053 novantini
2548 5000 2718 5051 autem
2746 4997 2949 5068 Spiritu
2972 4998 3155 5052 mentis
3185 5010 3385 5067 vestrte,
3429 5006 3475 5052 et
3514 4994 3694 5051 induite
3731 5003 3801 5039 uo-

2266 5096 2389 5144 cum
2444 5088 2721 5157 hontinem,
2768 5090 2857 5160 qui
2893 5088 3176 5161 secundum
3224 5089 3388 5145 Deum
3439 5098 3631 5143 creatus
3675 5078 3799 5138 estin

2265 5186 2491 5251 veritate,
2515 5194 2561 5238 et
2583 5184 2813 5256 justitia,
2838 5193 2883 5236 et
2928 5186 3197 5236 sanctitate
3238 5183 3467 5255 (Ephes.
3492 5199 3560 5248 tv,
3590 5181 3673 5243 23,
3696 5171 3792 5241 24)·

2266 5270 2503 5330 Audiant
2523 5274 2983 5346 quemadmodum
3009 5271 3270 5330 unitatem
3297 5275 3491 5333 divinae
3511 5263 3795 5346 Operationis

2254 5449 2475 5520 negavit,
2499 5449 2674 5503 statim
2702 5450 2876 5503 amisit
2902 5459 2950 5504 et
2974 5465 3158 5505 nomen
3182 5467 3201 5504 :
3234 5459 3287 5506 at
3329 5451 3498 5507 luulto
3523 5443 3792 5505 conciunius

2255 5520 2347 5574 alii
2377 5526 2522 5584 octo,
2556 5527 2613 5572 ut
2644 5534 2743 5575 nos
2766 5521 2818 5574 in
2854 5530 3021 5576 textu.

2326 5586 2368 5667 d_
2391 5578 2519 5667 Mss:
2552 5589 2781 5659 aliquot,
2811 5607 2913 5646 non
2946 5600 3237 5662 possumus.
3283 5591 3396 5648 Nos
3420 5587 3691 5667 negamus?
3710 5578 3792 5639 διό

2256 5663 2414 5737 absit.
2428 5734 2439 5737 _
2452 5665 2627 5719 Minus
2647 5667 2947 5737 eleganter.

2333 5743 2355 5771 °
2400 5734 2512 5791 Non
2553 5738 2711 5808 pauci
2739 5734 2903 5807 mss.,
2935 5748 3132 5797 vetusta
3159 5739 3411 5796 desideria
3439 5736 3733 5809 deponimus.
