  <div class='ocr_page' id='page_1' title='image "/cluster/home/n/w/nwhite01/storage/ocr_20150623/16/uva.x000826550/388.png"; bbox 0 0 3932 6176; ppageno 0'>
   <div class='ocr_carea' id='block_1_1' title="bbox 119 263 2212 324">
    <p class='ocr_par' dir='ltr' id='par_1_1' title="bbox 119 263 2212 324">
     <span class='ocr_line' id='line_1_1' title="bbox 119 263 2212 324; baseline 0 -2"><span class='ocrx_word' id='word_1_1' title='bbox 119 268 198 324; x_wconf 64' lang='lat' dir='ltr'><strong>illi</strong></span> <span class='ocrx_word' id='word_1_2' title='bbox 1215 265 1304 321; x_wconf 86' lang='lat' dir='ltr'><strong>DE</strong></span> <span class='ocrx_word' id='word_1_3' title='bbox 1343 263 1617 322; x_wconf 80' lang='lat' dir='ltr'><strong>SPIRITU</strong></span> <span class='ocrx_word' id='word_1_4' title='bbox 1660 263 1934 323; x_wconf 77' lang='lat' dir='ltr'><strong>SANC&#39;I&#39;O</strong></span> <span class='ocrx_word' id='word_1_5' title='bbox 1972 267 2104 324; x_wconf 84' lang='lat' dir='ltr'><strong>LIB.</strong></span> <span class='ocrx_word' id='word_1_6' title='bbox 2146 268 2212 323; x_wconf 86' lang='lat' dir='ltr'><strong>ll.</strong></span> 
     </span>
    </p>
   </div>
   <div class='ocr_carea' id='block_1_2' title="bbox 3258 278 3366 334">
    <p class='ocr_par' dir='ltr' id='par_1_2' title="bbox 3258 278 3366 334">
     <span class='ocr_line' id='line_1_2' title="bbox 3258 278 3366 334; baseline 0.019 -2"><span class='ocrx_word' id='word_1_7' title='bbox 3258 278 3366 334; x_wconf 73' lang='lat'><strong>762</strong></span> 
     </span>
    </p>
   </div>
   <div class='ocr_carea' id='block_1_3' title="bbox 111 377 3366 462">
    <p class='ocr_par' dir='ltr' id='par_1_3' title="bbox 111 377 3366 462">
     <span class='ocr_line' id='line_1_3' title="bbox 111 377 3366 462; baseline 0.003 -26"><span class='ocrx_word' id='word_1_8' title='bbox 111 397 247 446; x_wconf 86' lang='lat' dir='ltr'><strong>nam;</strong></span> <span class='ocrx_word' id='word_1_9' title='bbox 281 393 394 436; x_wconf 89' lang='lat' dir='ltr'><strong>cum</strong></span> <span class='ocrx_word' id='word_1_10' title='bbox 438 378 673 450; x_wconf 75' lang='lat' dir='ltr'><strong>Spiritus</strong></span> <span class='ocrx_word' id='word_1_11' title='bbox 714 378 879 434; x_wconf 90' lang='lat' dir='ltr'><strong>etiam</strong></span> <span class='ocrx_word' id='word_1_12' title='bbox 917 377 1190 448; x_wconf 85' lang='lat' dir='ltr'><strong>disjuncta</strong></span> <span class='ocrx_word' id='word_1_13' title='bbox 1219 387 1530 444; x_wconf 83' lang='lat' dir='ltr'><strong>connectat,</strong></span> <span class='ocrx_word' id='word_1_14' title='bbox 1562 395 1657 450; x_wconf 89' lang='lat' dir='ltr'><strong>per</strong></span> <span class='ocrx_word' id='word_1_15' title='bbox 1684 392 1738 450; x_wconf 72' lang='grc' dir='ltr'><strong>Α</strong></span> <span class='ocrx_word' id='word_1_16' title='bbox 1760 382 1958 438; x_wconf 88' lang='lat' dir='ltr'><strong>ctore?</strong></span> <span class='ocrx_word' id='word_1_17' title='bbox 1989 393 2083 437; x_wconf 90' lang='lat' dir='ltr'><strong>aut</strong></span> <span class='ocrx_word' id='word_1_18' title='bbox 2132 382 2392 454; x_wconf 91' lang='lat' dir='ltr'><strong>numquid</strong></span> <span class='ocrx_word' id='word_1_19' title='bbox 2430 381 2642 439; x_wconf 88' lang='lat' dir='ltr'><strong>alienus</strong></span> <span class='ocrx_word' id='word_1_20' title='bbox 2694 382 2864 440; x_wconf 87' lang='lat' dir='ltr'><strong>Filius</strong></span> <span class='ocrx_word' id='word_1_21' title='bbox 2898 400 2928 441; x_wconf 88' lang='lat' dir='ltr'><strong>a</strong></span> <span class='ocrx_word' id='word_1_22' title='bbox 2959 385 3165 456; x_wconf 89' lang='lat' dir='ltr'><strong>Spiritu</strong></span> <span class='ocrx_word' id='word_1_23' title='bbox 3193 405 3208 456; x_wconf 91' lang='lat'><strong>;</strong></span> <span class='ocrx_word' id='word_1_24' title='bbox 3240 391 3366 462; x_wconf 90' lang='lat' dir='ltr'><strong>quia</strong></span> 
     </span>
    </p>
   </div>
   <div class='ocr_carea' id='block_1_4' title="bbox 109 471 1143 546">
    <p class='ocr_par' dir='ltr' id='par_1_4' title="bbox 109 471 1143 546">
     <span class='ocr_line' id='line_1_4' title="bbox 109 471 1143 546; baseline 0.001 -19"><span class='ocrx_word' id='word_1_25' title='bbox 109 489 243 546; x_wconf 87' lang='lat' dir='ltr'><strong>quem</strong></span> <span class='ocrx_word' id='word_1_26' title='bbox 271 473 459 529; x_wconf 75' lang='lat' dir='ltr'><strong>Christi</strong></span> <span class='ocrx_word' id='word_1_27' title='bbox 483 472 752 530; x_wconf 80' lang='lat' dir='ltr'><strong>efﬁcimur</strong></span> <span class='ocrx_word' id='word_1_28' title='bbox 780 471 1143 529; x_wconf 69' lang='lat' dir='ltr'><strong>cohaeredes?</strong></span> 
     </span>
    </p>
   </div>
   <div class='ocr_carea' id='block_1_5' title="bbox 165 566 1661 640">
    <p class='ocr_par' dir='ltr' id='par_1_5' title="bbox 165 566 1661 640">
     <span class='ocr_line' id='line_1_5' title="bbox 165 566 1661 640; baseline 0 -17"><span class='ocrx_word' id='word_1_29' title='bbox 165 568 310 640; x_wconf 78' lang='lat'><strong>650</strong></span> <span class='ocrx_word' id='word_1_30' title='bbox 328 567 412 623; x_wconf 79' lang='grc'><strong>85.</strong></span> <span class='ocrx_word' id='word_1_31' title='bbox 437 566 498 623; x_wconf 90' lang='lat' dir='ltr'><strong>Si</strong></span> <span class='ocrx_word' id='word_1_32' title='bbox 525 576 715 633; x_wconf 78' lang='lat' dir='ltr'><strong>tanmt,</strong></span> <span class='ocrx_word' id='word_1_33' title='bbox 755 567 954 638; x_wconf 79' lang='lat' dir='ltr'><strong>inquit,</strong></span> <span class='ocrx_word' id='word_1_34' title='bbox 982 570 1342 639; x_wconf 86' lang='lat' dir='ltr'><strong>compatimur,</strong></span> <span class='ocrx_word' id='word_1_35' title='bbox 1369 578 1427 622; x_wconf 88' lang='lat' dir='ltr'><strong>ut</strong></span> <span class='ocrx_word' id='word_1_36' title='bbox 1455 578 1502 623; x_wconf 90' lang='lat' dir='ltr'><strong>et</strong></span> <span class='ocrx_word' id='word_1_37' title='bbox 1532 584 1661 623; x_wconf 78' lang='lat' dir='ltr'><strong>con-</strong></span> 
     </span>
    </p>
   </div>
   <div class='ocr_carea' id='block_1_6' title="bbox 108 656 1662 734">
    <p class='ocr_par' dir='ltr' id='par_1_6' title="bbox 108 656 1662 734">
     <span class='ocr_line' id='line_1_6' title="bbox 108 656 1662 734; baseline 0.002 -19"><span class='ocrx_word' id='word_1_38' title='bbox 108 663 421 733; x_wconf 76' lang='lat' dir='ltr'><strong>gloriﬁcemur</strong></span> <span class='ocrx_word' id='word_1_39' title='bbox 447 659 664 732; x_wconf 86' lang='lat' dir='ltr'><strong>(lbid.).</strong></span> <span class='ocrx_word' id='word_1_40' title='bbox 695 656 752 717; x_wconf 87' lang='lat' dir='ltr'><strong>Si</strong></span> <span class='ocrx_word' id='word_1_41' title='bbox 794 677 896 716; x_wconf 89' lang='lat' dir='ltr'><strong>nos</strong></span> <span class='ocrx_word' id='word_1_42' title='bbox 942 677 1074 734; x_wconf 87' lang='lat' dir='ltr'><strong>ergo</strong></span> <span class='ocrx_word' id='word_1_43' title='bbox 1125 663 1662 734; x_wconf 84' lang='lat' dir='ltr'><strong>conglorilicabitnur</strong></span> 
     </span>
    </p>
   </div>
   <div class='ocr_carea' id='block_1_7' title="bbox 108 752 1661 825">
    <p class='ocr_par' dir='ltr' id='par_1_7' title="bbox 108 752 1661 825">
     <span class='ocr_line' id='line_1_7' title="bbox 108 752 1661 825; baseline -0.001 -15"><span class='ocrx_word' id='word_1_44' title='bbox 108 768 208 810; x_wconf 89' lang='lat' dir='ltr'><strong>cum</strong></span> <span class='ocrx_word' id='word_1_45' title='bbox 228 752 431 808; x_wconf 85' lang='lat' dir='ltr'><strong>Christo</strong></span> <span class='ocrx_word' id='word_1_46' title='bbox 461 767 560 823; x_wconf 91' lang='lat' dir='ltr'><strong>per</strong></span> <span class='ocrx_word' id='word_1_47' title='bbox 590 752 876 823; x_wconf 88' lang='lat' dir='ltr'><strong>Spiritum,</strong></span> <span class='ocrx_word' id='word_1_48' title='bbox 906 753 1178 823; x_wconf 90' lang='lat' dir='ltr'><strong>quomodo</strong></span> <span class='ocrx_word' id='word_1_49' title='bbox 1235 767 1290 809; x_wconf 87' lang='lat' dir='ltr'><strong>et</strong></span> <span class='ocrx_word' id='word_1_50' title='bbox 1326 757 1502 825; x_wconf 91' lang='lat' dir='ltr'><strong>ipsum</strong></span> <span class='ocrx_word' id='word_1_51' title='bbox 1530 770 1661 810; x_wconf 88' lang='lat' dir='ltr'><strong>con-</strong></span> 
     </span>
    </p>
   </div>
   <div class='ocr_carea' id='block_1_8' title="bbox 107 842 1660 915">
    <p class='ocr_par' dir='ltr' id='par_1_8' title="bbox 107 842 1660 915">
     <span class='ocr_line' id='line_1_8' title="bbox 107 842 1660 915; baseline 0.001 -16"><span class='ocrx_word' id='word_1_52' title='bbox 107 843 359 914; x_wconf 76' lang='lat' dir='ltr'><strong>gloriﬁcari</strong></span> <span class='ocrx_word' id='word_1_53' title='bbox 402 843 620 899; x_wconf 84' lang='lat' dir='ltr'><strong>Christo</strong></span> <span class='ocrx_word' id='word_1_54' title='bbox 673 842 938 915; x_wconf 89' lang='lat' dir='ltr'><strong>Spiritum</strong></span> <span class='ocrx_word' id='word_1_55' title='bbox 996 847 1355 902; x_wconf 86' lang='lat' dir='ltr'><strong>recusamus?</strong></span> <span class='ocrx_word' id='word_1_56' title='bbox 1387 847 1660 903; x_wconf 88' lang='lat' dir='ltr'><strong>Dissocia-</strong></span> 
     </span>
    </p>
   </div>
   <div class='ocr_carea' id='block_1_9' title="bbox 108 937 1661 1012">
    <p class='ocr_par' dir='ltr' id='par_1_9' title="bbox 108 937 1661 1012">
     <span class='ocr_line' id='line_1_9' title="bbox 108 937 1661 1012; baseline 0.003 -19"><span class='ocrx_word' id='word_1_57' title='bbox 108 953 206 993; x_wconf 87' lang='lat' dir='ltr'><strong>mus</strong></span> <span class='ocrx_word' id='word_1_58' title='bbox 232 937 383 992; x_wconf 88' lang='lat' dir='ltr'><strong>vitam</strong></span> <span class='ocrx_word' id='word_1_59' title='bbox 409 937 614 994; x_wconf 88' lang='lat' dir='ltr'><strong>Christi</strong></span> <span class='ocrx_word' id='word_1_60' title='bbox 646 947 703 994; x_wconf 88' lang='lat' dir='ltr'><strong>et</strong></span> <span class='ocrx_word' id='word_1_61' title='bbox 756 939 993 1010; x_wconf 86' lang='lat' dir='ltr'><strong>Spiritus</strong></span> <span class='ocrx_word' id='word_1_62' title='bbox 1021 940 1219 1007; x_wconf 87' lang='lat' dir='ltr'><strong>sancti,</strong></span> <span class='ocrx_word' id='word_1_63' title='bbox 1271 955 1394 997; x_wconf 92' lang='lat' dir='ltr'><strong>cum</strong></span> <span class='ocrx_word' id='word_1_64' title='bbox 1424 941 1661 1012; x_wconf 85' lang='lat' dir='ltr'><strong>Spiritus</strong></span> 
     </span>
    </p>
   </div>
   <div class='ocr_carea' id='block_1_10' title="bbox 107 1029 1663 1100">
    <p class='ocr_par' dir='ltr' id='par_1_10' title="bbox 107 1029 1663 1100">
     <span class='ocr_line' id='line_1_10' title="bbox 107 1029 1663 1100; baseline 0.005 -17"><span class='ocrx_word' id='word_1_65' title='bbox 107 1030 227 1084; x_wconf 83' lang='lat' dir='ltr'><strong>dicat</strong></span> <span class='ocrx_word' id='word_1_66' title='bbox 271 1029 408 1100; x_wconf 89' lang='lat' dir='ltr'><strong>quod</strong></span> <span class='ocrx_word' id='word_1_67' title='bbox 457 1030 621 1086; x_wconf 90' lang='lat' dir='ltr'><strong>simul</strong></span> <span class='ocrx_word' id='word_1_68' title='bbox 665 1030 867 1088; x_wconf 82' lang='lat' dir='ltr'><strong>victuri</strong></span> <span class='ocrx_word' id='word_1_69' title='bbox 914 1049 1105 1090; x_wconf 91' lang='lat' dir='ltr'><strong>sumus</strong></span> <span class='ocrx_word' id='word_1_70' title='bbox 1147 1049 1270 1089; x_wconf 93' lang='lat' dir='ltr'><strong>cum</strong></span> <span class='ocrx_word' id='word_1_71' title='bbox 1325 1035 1416 1090; x_wconf 90' lang='lat' dir='ltr'><strong>Dei</strong></span> <span class='ocrx_word' id='word_1_72' title='bbox 1473 1035 1663 1091; x_wconf 85' lang='lat' dir='ltr'><strong>Filio?</strong></span> 
     </span>
    </p>
   </div>
   <div class='ocr_carea' id='block_1_11' title="bbox 107 1121 1662 1193">
    <p class='ocr_par' dir='ltr' id='par_1_11' title="bbox 107 1121 1662 1193">
     <span class='ocr_line' id='line_1_11' title="bbox 107 1121 1662 1193; baseline 0.004 -17"><span class='ocrx_word' id='word_1_73' title='bbox 107 1122 222 1177; x_wconf 88' lang='lat' dir='ltr'><strong>Dicit</strong></span> <span class='ocrx_word' id='word_1_74' title='bbox 259 1121 395 1178; x_wconf 90' lang='lat' dir='ltr'><strong>enim</strong></span> <span class='ocrx_word' id='word_1_75' title='bbox 435 1123 733 1193; x_wconf 81' lang='lat' dir='ltr'><strong>Apostolus</strong></span> <span class='ocrx_word' id='word_1_76' title='bbox 760 1141 774 1179; x_wconf 90' lang='lat'>:</span> <span class='ocrx_word' id='word_1_77' title='bbox 807 1124 868 1181; x_wconf 90' lang='lat' dir='ltr'><strong>Si</strong></span> <span class='ocrx_word' id='word_1_78' title='bbox 899 1135 1073 1179; x_wconf 88' lang='lat' dir='ltr'><strong>autem</strong></span> <span class='ocrx_word' id='word_1_79' title='bbox 1099 1127 1295 1181; x_wconf 81' lang='lat' dir='ltr'><strong>mortui</strong></span> <span class='ocrx_word' id='word_1_80' title='bbox 1337 1143 1516 1181; x_wconf 87' lang='lat' dir='ltr'><strong>sumus</strong></span> <span class='ocrx_word' id='word_1_81' title='bbox 1546 1145 1662 1182; x_wconf 87' lang='lat' dir='ltr'><strong>cum</strong></span> 
     </span>
    </p>
   </div>
   <div class='ocr_carea' id='block_1_12' title="bbox 107 1214 1662 1288">
    <p class='ocr_par' dir='ltr' id='par_1_12' title="bbox 107 1214 1662 1288">
     <span class='ocr_line' id='line_1_12' title="bbox 107 1214 1662 1288; baseline 0.005 -19"><span class='ocrx_word' id='word_1_82' title='bbox 107 1214 296 1282; x_wconf 79' lang='lat' dir='ltr'><strong>Christo,</strong></span> <span class='ocrx_word' id='word_1_83' title='bbox 327 1217 583 1272; x_wconf 73' lang='lat' dir='ltr'><strong>credimus</strong></span> <span class='ocrx_word' id='word_1_84' title='bbox 610 1217 749 1288; x_wconf 81' lang='lat' dir='ltr'><strong>quod</strong></span> <span class='ocrx_word' id='word_1_85' title='bbox 783 1219 938 1274; x_wconf 88' lang='lat' dir='ltr'><strong>etiam</strong></span> <span class='ocrx_word' id='word_1_86' title='bbox 973 1221 1128 1276; x_wconf 87' lang='lat' dir='ltr'><strong>simul</strong></span> <span class='ocrx_word' id='word_1_87' title='bbox 1173 1221 1399 1276; x_wconf 78' lang='lat' dir='ltr'><strong>vivemus</strong></span> <span class='ocrx_word' id='word_1_88' title='bbox 1427 1239 1542 1275; x_wconf 89' lang='lat' dir='ltr'><strong>cum</strong></span> <span class='ocrx_word' id='word_1_89' title='bbox 1569 1223 1662 1277; x_wconf 92' lang='lat' dir='ltr'><strong>illo</strong></span> 
     </span>
    </p>
   </div>
   <div class='ocr_carea' id='block_1_13' title="bbox 106 1308 1657 1386">
    <p class='ocr_par' dir='ltr' id='par_1_13' title="bbox 106 1308 1657 1386">
     <span class='ocr_line' id='line_1_13' title="bbox 106 1308 1657 1386; baseline 0.007 -25"><span class='ocrx_word' id='word_1_90' title='bbox 106 1308 251 1377; x_wconf 83' lang='lat' dir='ltr'><strong>(Rom.</strong></span> <span class='ocrx_word' id='word_1_91' title='bbox 280 1326 349 1377; x_wconf 86' lang='lat' dir='ltr'><strong>vt,</strong></span> <span class='ocrx_word' id='word_1_92' title='bbox 395 1311 491 1382; x_wconf 85' lang='lat'><strong>8);</strong></span> <span class='ocrx_word' id='word_1_93' title='bbox 526 1311 726 1368; x_wconf 87' lang='lat' dir='ltr'><strong>deinde</strong></span> <span class='ocrx_word' id='word_1_94' title='bbox 771 1314 898 1370; x_wconf 85' lang='lat' dir='ltr'><strong>alibi</strong></span> <span class='ocrx_word' id='word_1_95' title='bbox 933 1335 946 1370; x_wconf 88' lang='lat'>:</span> <span class='ocrx_word' id='word_1_96' title='bbox 979 1315 1041 1371; x_wconf 87' lang='lat' dir='ltr'><strong>Si</strong></span> <span class='ocrx_word' id='word_1_97' title='bbox 1096 1318 1230 1371; x_wconf 85' lang='lat' dir='ltr'><strong>enim</strong></span> <span class='ocrx_word' id='word_1_98' title='bbox 1288 1318 1657 1386; x_wconf 86' lang='lat' dir='ltr'><strong>compatimur,</strong></span> 
     </span>
    </p>
   </div>
   <div class='ocr_carea' id='block_1_14' title="bbox 106 1401 1662 1474">
    <p class='ocr_par' dir='ltr' id='par_1_14' title="bbox 106 1401 1662 1474">
     <span class='ocr_line' id='line_1_14' title="bbox 106 1401 1662 1474; baseline 0.007 -21"><span class='ocrx_word' id='word_1_99' title='bbox 106 1401 267 1471; x_wconf 91' lang='lat' dir='ltr'><strong>inquit,</strong></span> <span class='ocrx_word' id='word_1_100' title='bbox 311 1412 356 1456; x_wconf 87' lang='lat' dir='ltr'><strong>ct</strong></span> <span class='ocrx_word' id='word_1_101' title='bbox 397 1403 767 1459; x_wconf 82' lang='lat' dir='ltr'><strong>convivemus:</strong></span> <span class='ocrx_word' id='word_1_102' title='bbox 811 1422 900 1460; x_wconf 86' lang='lat' dir='ltr'><strong>nec</strong></span> <span class='ocrx_word' id='word_1_103' title='bbox 951 1408 1119 1462; x_wconf 86' lang='lat' dir='ltr'><strong>solum</strong></span> <span class='ocrx_word' id='word_1_104' title='bbox 1150 1410 1473 1464; x_wconf 78' lang='lat' dir='ltr'><strong>convivemus</strong></span> <span class='ocrx_word' id='word_1_105' title='bbox 1499 1451 1513 1474; x_wconf 93' lang='lat'><strong>,</strong></span> <span class='ocrx_word' id='word_1_106' title='bbox 1573 1411 1662 1464; x_wconf 86' lang='lat' dir='ltr'><strong>sed</strong></span> 
     </span>
    </p>
   </div>
   <div class='ocr_carea' id='block_1_15' title="bbox 105 1494 1656 1574">
    <p class='ocr_par' dir='ltr' id='par_1_15' title="bbox 105 1494 1656 1574">
     <span class='ocr_line' id='line_1_15' title="bbox 105 1494 1656 1574; baseline 0.008 -28"><span class='ocrx_word' id='word_1_107' title='bbox 105 1494 228 1548; x_wconf 76' lang='lat' dir='ltr'><strong>etiam</strong></span> <span class='ocrx_word' id='word_1_108' title='bbox 246 1496 742 1565; x_wconf 77' lang='lat' dir='ltr'><strong>congloriﬁeabimur</strong></span> <span class='ocrx_word' id='word_1_109' title='bbox 763 1515 782 1554; x_wconf 91' lang='lat'><strong><em>:</em></strong></span> <span class='ocrx_word' id='word_1_110' title='bbox 813 1516 904 1554; x_wconf 89' lang='lat' dir='ltr'><strong>nec</strong></span> <span class='ocrx_word' id='word_1_111' title='bbox 931 1501 1100 1555; x_wconf 88' lang='lat' dir='ltr'><strong>solum</strong></span> <span class='ocrx_word' id='word_1_112' title='bbox 1122 1503 1656 1574; x_wconf 78' lang='lat' dir='ltr'><strong>conglorificabimur,</strong></span> 
     </span>
    </p>
   </div>
   <div class='ocr_carea' id='block_1_16' title="bbox 104 1588 1376 1668">
    <p class='ocr_par' dir='ltr' id='par_1_16' title="bbox 104 1588 1376 1668">
     <span class='ocr_line' id='line_1_16' title="bbox 104 1588 1376 1668; baseline 0.007 -28"><span class='ocrx_word' id='word_1_113' title='bbox 104 1589 173 1640; x_wconf 81' lang='lat' dir='ltr'><strong>sed</strong></span> <span class='ocrx_word' id='word_1_114' title='bbox 193 1588 328 1641; x_wconf 88' lang='lat' dir='ltr'><strong>etiam</strong></span> <span class='ocrx_word' id='word_1_115' title='bbox 347 1592 768 1662; x_wconf 85' lang='lat' dir='ltr'><strong>conregnabimus</strong></span> <span class='ocrx_word' id='word_1_116' title='bbox 797 1591 865 1664; x_wconf 91' lang='lat' dir='ltr'><strong>(ll</strong></span> <span class='ocrx_word' id='word_1_117' title='bbox 887 1593 1020 1647; x_wconf 84' lang='lat' dir='ltr'><strong>Tim.</strong></span> <span class='ocrx_word' id='word_1_118' title='bbox 1054 1609 1112 1662; x_wconf 88' lang='grc' dir='ltr'>ιι,</span> <span class='ocrx_word' id='word_1_119' title='bbox 1139 1595 1226 1660; x_wconf 79' lang='lat' dir='ltr'><strong>ll,</strong></span> <span class='ocrx_word' id='word_1_120' title='bbox 1259 1595 1376 1668; x_wconf 73' lang='grc'><strong>12).</strong></span> 
     </span>
    </p>
   </div>
   <div class='ocr_carea' id='block_1_17' title="bbox 159 1678 1656 1758">
    <p class='ocr_par' dir='ltr' id='par_1_17' title="bbox 159 1678 1656 1758">
     <span class='ocr_line' id='line_1_17' title="bbox 159 1678 1656 1758; baseline 0.007 -22"><span class='ocrx_word' id='word_1_121' title='bbox 159 1678 233 1736; x_wconf 81' lang='grc'><strong>84.</strong></span> <span class='ocrx_word' id='word_1_122' title='bbox 261 1680 370 1736; x_wconf 89' lang='lat' dir='ltr'><strong>Non</strong></span> <span class='ocrx_word' id='word_1_123' title='bbox 397 1693 482 1739; x_wconf 90' lang='lat' dir='ltr'><strong>est</strong></span> <span class='ocrx_word' id='word_1_124' title='bbox 530 1684 698 1755; x_wconf 78' lang='lat' dir='ltr'><strong>igitur</strong></span> <span class='ocrx_word' id='word_1_125' title='bbox 737 1687 789 1741; x_wconf 93' lang='lat' dir='ltr'><strong>in</strong></span> <span class='ocrx_word' id='word_1_126' title='bbox 816 1687 1047 1757; x_wconf 86' lang='lat' dir='ltr'><strong>syllabis</strong></span> <span class='ocrx_word' id='word_1_127' title='bbox 1071 1688 1324 1743; x_wconf 90' lang='lat' dir='ltr'><strong>lstisnlla</strong></span> <span class='ocrx_word' id='word_1_128' title='bbox 1359 1691 1656 1758; x_wconf 85' lang='lat' dir='ltr'><strong>discretio;</strong></span> 
     </span>
    </p>
   </div>
   <div class='ocr_carea' id='block_1_18' title="bbox 1763 475 3370 550">
    <p class='ocr_par' dir='ltr' id='par_1_18' title="bbox 1763 475 3370 550">
     <span class='ocr_line' id='line_1_18' title="bbox 1763 475 3370 550; baseline 0.006 -20"><span class='ocrx_word' id='word_1_129' title='bbox 1763 475 1832 531; x_wconf 91' lang='lat' dir='ltr'><strong>ab</strong></span> <span class='ocrx_word' id='word_1_130' title='bbox 1864 475 2206 532; x_wconf 89' lang='lat' dir='ltr'><strong>instrumenti</strong></span> <span class='ocrx_word' id='word_1_131' title='bbox 2255 491 2458 546; x_wconf 85' lang='lat' dir='ltr'><strong>genere</strong></span> <span class='ocrx_word' id='word_1_132' title='bbox 2497 486 2592 533; x_wconf 92' lang='lat' dir='ltr'><strong>aut</strong></span> <span class='ocrx_word' id='word_1_133' title='bbox 2621 478 2772 534; x_wconf 90' lang='lat' dir='ltr'><strong>locus</strong></span> <span class='ocrx_word' id='word_1_134' title='bbox 2800 489 3086 550; x_wconf 82' lang='lat' dir='ltr'><strong>separatur</strong></span> <span class='ocrx_word' id='word_1_135' title='bbox 3113 492 3205 539; x_wconf 90' lang='lat' dir='ltr'><strong>aut</strong></span> <span class='ocrx_word' id='word_1_136' title='bbox 3233 492 3370 540; x_wconf 60' lang='lat' dir='ltr'><strong>tem-</strong></span> 
     </span>
    </p>
   </div>
   <div class='ocr_carea' id='block_1_19' title="bbox 1764 569 1913 640">
    <p class='ocr_par' dir='ltr' id='par_1_19' title="bbox 1764 569 1913 640">
     <span class='ocr_line' id='line_1_19' title="bbox 1764 569 1913 640; baseline -0.02 -15"><span class='ocrx_word' id='word_1_137' title='bbox 1764 584 1865 640; x_wconf 90' lang='lat' dir='ltr'><strong>pus</strong></span> <span class='ocrx_word' id='word_1_138' title='bbox 1889 569 1913 622; x_wconf 87' lang='lat'><strong>?</strong></span> 
     </span>
    </p>
   </div>
   <div class='ocr_carea' id='block_1_20' title="bbox 1835 664 3367 732">
    <p class='ocr_par' dir='ltr' id='par_1_20' title="bbox 1835 664 3367 732">
     <span class='ocr_line' id='line_1_20' title="bbox 1835 664 3367 732; baseline 0.005 -14"><span class='ocrx_word' id='word_1_139' title='bbox 1835 664 1925 718; x_wconf 84' lang='lat'><strong>87.</strong></span> <span class='ocrx_word' id='word_1_140' title='bbox 1951 664 2233 732; x_wconf 60' lang='lat' dir='ltr'><strong>Compara}</strong></span> <span class='ocrx_word' id='word_1_141' title='bbox 2260 678 2404 719; x_wconf 92' lang='lat' dir='ltr'><strong>nunc</strong></span> <span class='ocrx_word' id='word_1_142' title='bbox 2429 665 2764 720; x_wconf 88' lang='lat' dir='ltr'><strong>assertiones</strong></span> <span class='ocrx_word' id='word_1_143' title='bbox 2792 674 3027 721; x_wconf 89' lang='lat' dir='ltr'><strong>nostras.</strong></span> <span class='ocrx_word' id='word_1_144' title='bbox 3063 666 3147 723; x_wconf 88' lang='lat' dir='ltr'><strong>Illi</strong></span> <span class='ocrx_word' id='word_1_145' title='bbox 3177 668 3367 725; x_wconf 92' lang='lat' dir='ltr'><strong>volunt</strong></span> 
     </span>
    </p>
   </div>
   <div class='ocr_carea' id='block_1_21' title="bbox 1759 760 3365 838">
    <p class='ocr_par' dir='ltr' id='par_1_21' title="bbox 1759 760 3365 838">
     <span class='ocr_line' id='line_1_21' title="bbox 1759 760 3365 838; baseline 0.004 -22"><span class='ocrx_word' id='word_1_146' title='bbox 1759 775 1827 816; x_wconf 85' lang='lat' dir='ltr'><strong>ex</strong></span> <span class='ocrx_word' id='word_1_147' title='bbox 1855 760 1966 816; x_wconf 88' lang='lat' dir='ltr'><strong>Deo</strong></span> <span class='ocrx_word' id='word_1_148' title='bbox 1987 770 2257 832; x_wconf 84' lang='lat' dir='ltr'><strong>tamquam</strong></span> <span class='ocrx_word' id='word_1_149' title='bbox 2283 777 2350 818; x_wconf 81' lang='lat' dir='ltr'><strong>ex</strong></span> <span class='ocrx_word' id='word_1_150' title='bbox 2379 770 2572 817; x_wconf 89' lang='lat' dir='ltr'><strong>natura</strong></span> <span class='ocrx_word' id='word_1_151' title='bbox 2602 762 2696 819; x_wconf 91' lang='lat' dir='ltr'><strong>Dei</strong></span> <span class='ocrx_word' id='word_1_152' title='bbox 2723 778 2844 820; x_wconf 91' lang='lat' dir='ltr'><strong>esse</strong></span> <span class='ocrx_word' id='word_1_153' title='bbox 2870 765 3031 837; x_wconf 77' lang='lat'><strong>651</strong></span> <span class='ocrx_word' id='word_1_154' title='bbox 3063 768 3365 838; x_wconf 81' lang='lat' dir='ltr'><strong>materiam,</strong></span> 
     </span>
    </p>
   </div>
   <div class='ocr_carea' id='block_1_22' title="bbox 1764 854 3367 931">
    <p class='ocr_par' dir='ltr' id='par_1_22' title="bbox 1764 854 3367 931">
     <span class='ocr_line' id='line_1_22' title="bbox 1764 854 3367 931; baseline 0.007 -23"><span class='ocrx_word' id='word_1_155' title='bbox 1764 863 1821 908; x_wconf 92' lang='lat' dir='ltr'><strong>ut</strong></span> <span class='ocrx_word' id='word_1_156' title='bbox 1847 854 1893 908; x_wconf 88' lang='lat' dir='ltr'><strong>si</strong></span> <span class='ocrx_word' id='word_1_157' title='bbox 1917 854 2068 910; x_wconf 90' lang='lat' dir='ltr'><strong>dicas</strong></span> <span class='ocrx_word' id='word_1_158' title='bbox 2090 870 2154 910; x_wconf 86' lang='lat' dir='ltr'><strong>ex</strong></span> <span class='ocrx_word' id='word_1_159' title='bbox 2183 856 2332 927; x_wconf 91' lang='lat' dir='ltr'><strong>ligno</strong></span> <span class='ocrx_word' id='word_1_160' title='bbox 2355 872 2534 912; x_wconf 88' lang='lat' dir='ltr'><strong>arcam</strong></span> <span class='ocrx_word' id='word_1_161' title='bbox 2559 872 2680 913; x_wconf 91' lang='lat' dir='ltr'><strong>esse</strong></span> <span class='ocrx_word' id='word_1_162' title='bbox 2703 858 2920 925; x_wconf 81' lang='lat' dir='ltr'><strong>factam,</strong></span> <span class='ocrx_word' id='word_1_163' title='bbox 2948 876 3019 916; x_wconf 79' lang='lat' dir='ltr'><strong>ex</strong></span> <span class='ocrx_word' id='word_1_164' title='bbox 3046 861 3228 931; x_wconf 90' lang='lat' dir='ltr'><strong>lapide</strong></span> <span class='ocrx_word' id='word_1_165' title='bbox 3258 871 3367 918; x_wconf 88' lang='lat' dir='ltr'><strong>sta-</strong></span> 
     </span>
    </p>
   </div>
   <div class='ocr_carea' id='block_1_23' title="bbox 1765 951 3366 1022">
    <p class='ocr_par' dir='ltr' id='par_1_23' title="bbox 1765 951 3366 1022">
     <span class='ocr_line' id='line_1_23' title="bbox 1765 951 3366 1022; baseline 0.005 -20"><span class='ocrx_word' id='word_1_166' title='bbox 1765 959 1912 1004; x_wconf 83' lang='lat' dir='ltr'><strong>tuam</strong></span> <span class='ocrx_word' id='word_1_167' title='bbox 1939 968 1951 1003; x_wconf 90' lang='lat'><strong>:</strong></span> <span class='ocrx_word' id='word_1_168' title='bbox 1985 951 2054 1004; x_wconf 90' lang='lat' dir='ltr'><strong>ita</strong></span> <span class='ocrx_word' id='word_1_169' title='bbox 2086 965 2154 1006; x_wconf 79' lang='lat' dir='ltr'><strong>ex</strong></span> <span class='ocrx_word' id='word_1_170' title='bbox 2191 951 2298 1006; x_wconf 89' lang='lat' dir='ltr'><strong>Deo</strong></span> <span class='ocrx_word' id='word_1_171' title='bbox 2329 953 2612 1007; x_wconf 80' lang='lat' dir='ltr'><strong>materiam</strong></span> <span class='ocrx_word' id='word_1_172' title='bbox 2647 954 3011 1022; x_wconf 83' lang='lat' dir='ltr'><strong>processisse,</strong></span> <span class='ocrx_word' id='word_1_173' title='bbox 3043 963 3097 1010; x_wconf 90' lang='lat' dir='ltr'><strong>et</strong></span> <span class='ocrx_word' id='word_1_174' title='bbox 3119 956 3366 1012; x_wconf 91' lang='lat' dir='ltr'><strong>eamdem</strong></span> 
     </span>
    </p>
   </div>
   <div class='ocr_carea' id='block_1_24' title="bbox 1763 1046 3370 1116">
    <p class='ocr_par' dir='ltr' id='par_1_24' title="bbox 1763 1046 3370 1116">
     <span class='ocr_line' id='line_1_24' title="bbox 1763 1046 3370 1116; baseline 0.002 -18"><span class='ocrx_word' id='word_1_175' title='bbox 1763 1046 2045 1099; x_wconf 82' lang='lat' dir='ltr'><strong>materiam</strong></span> <span class='ocrx_word' id='word_1_176' title='bbox 2080 1052 2355 1115; x_wconf 80' lang='lat' dir='ltr'><strong>tamquam</strong></span> <span class='ocrx_word' id='word_1_177' title='bbox 2408 1060 2504 1114; x_wconf 90' lang='lat' dir='ltr'><strong>per</strong></span> <span class='ocrx_word' id='word_1_178' title='bbox 2547 1046 2969 1101; x_wconf 83' lang='lat' dir='ltr'><strong>inStrumentum</strong></span> <span class='ocrx_word' id='word_1_179' title='bbox 3018 1047 3239 1116; x_wconf 82' lang='lat' dir='ltr'><strong>aliquod</strong></span> <span class='ocrx_word' id='word_1_180' title='bbox 3289 1047 3370 1102; x_wconf 85' lang='lat' dir='ltr'><strong>fa-</strong></span> 
     </span>
    </p>
   </div>
   <div class='ocr_carea' id='block_1_25' title="bbox 1762 1137 3371 1210">
    <p class='ocr_par' dir='ltr' id='par_1_25' title="bbox 1762 1137 3371 1210">
     <span class='ocr_line' id='line_1_25' title="bbox 1762 1137 3371 1210; baseline 0.003 -20"><span class='ocrx_word' id='word_1_181' title='bbox 1762 1145 1904 1191; x_wconf 89' lang='lat' dir='ltr'><strong>ctam</strong></span> <span class='ocrx_word' id='word_1_182' title='bbox 1938 1151 2060 1192; x_wconf 86' lang='lat' dir='ltr'><strong>esse</strong></span> <span class='ocrx_word' id='word_1_183' title='bbox 2089 1152 2185 1207; x_wconf 90' lang='lat' dir='ltr'><strong>per</strong></span> <span class='ocrx_word' id='word_1_184' title='bbox 2212 1137 2414 1192; x_wconf 87' lang='lat' dir='ltr'><strong>Filium</strong></span> <span class='ocrx_word' id='word_1_185' title='bbox 2441 1155 2455 1204; x_wconf 91' lang='lat'><strong>;</strong></span> <span class='ocrx_word' id='word_1_186' title='bbox 2485 1147 2545 1192; x_wconf 91' lang='lat' dir='ltr'><strong>ut</strong></span> <span class='ocrx_word' id='word_1_187' title='bbox 2590 1153 2696 1193; x_wconf 91' lang='lat' dir='ltr'><strong>non</strong></span> <span class='ocrx_word' id='word_1_188' title='bbox 2759 1148 2866 1192; x_wconf 90' lang='lat' dir='ltr'><strong>tam</strong></span> <span class='ocrx_word' id='word_1_189' title='bbox 2897 1148 3247 1210; x_wconf 86' lang='lat' dir='ltr'><strong>operatorem</strong></span> <span class='ocrx_word' id='word_1_190' title='bbox 3281 1141 3371 1195; x_wconf 86' lang='lat' dir='ltr'><strong>Fi-</strong></span> 
     </span>
    </p>
   </div>
   <div class='ocr_carea' id='block_1_26' title="bbox 1763 1229 3368 1302">
    <p class='ocr_par' dir='ltr' id='par_1_26' title="bbox 1763 1229 3368 1302">
     <span class='ocr_line' id='line_1_26' title="bbox 1763 1229 3368 1302; baseline 0.002 -18"><span class='ocrx_word' id='word_1_191' title='bbox 1763 1229 1916 1298; x_wconf 91' lang='lat' dir='ltr'><strong>lium,</strong></span> <span class='ocrx_word' id='word_1_192' title='bbox 1947 1247 2108 1300; x_wconf 90' lang='lat' dir='ltr'><strong>quam</strong></span> <span class='ocrx_word' id='word_1_193' title='bbox 2135 1230 2563 1288; x_wconf 82' lang='lat' dir='ltr'><strong>inStrumentum</strong></span> <span class='ocrx_word' id='word_1_194' title='bbox 2589 1233 2772 1302; x_wconf 91' lang='lat' dir='ltr'><strong>operis</strong></span> <span class='ocrx_word' id='word_1_195' title='bbox 2797 1248 2921 1288; x_wconf 90' lang='lat' dir='ltr'><strong>esse</strong></span> <span class='ocrx_word' id='word_1_196' title='bbox 2948 1233 3233 1289; x_wconf 83' lang='lat' dir='ltr'><strong>declarent</strong></span> <span class='ocrx_word' id='word_1_197' title='bbox 3267 1253 3279 1289; x_wconf 89' lang='lat'><strong>:</strong></span> <span class='ocrx_word' id='word_1_198' title='bbox 3312 1245 3368 1288; x_wconf 89' lang='lat' dir='ltr'><strong>et</strong></span> 
     </span>
    </p>
   </div>
   <div class='ocr_carea' id='block_1_27' title="bbox 1764 1322 3367 1398">
    <p class='ocr_par' dir='ltr' id='par_1_27' title="bbox 1764 1322 3367 1398">
     <span class='ocr_line' id='line_1_27' title="bbox 1764 1322 3367 1398; baseline 0.004 -21"><span class='ocrx_word' id='word_1_199' title='bbox 1764 1323 1947 1378; x_wconf 90' lang='lat' dir='ltr'><strong>omnia</strong></span> <span class='ocrx_word' id='word_1_200' title='bbox 1977 1323 2047 1378; x_wconf 91' lang='lat' dir='ltr'><strong>ita</strong></span> <span class='ocrx_word' id='word_1_201' title='bbox 2078 1322 2218 1379; x_wconf 80' lang='lat' dir='ltr'><strong>facta</strong></span> <span class='ocrx_word' id='word_1_202' title='bbox 2273 1325 2325 1378; x_wconf 91' lang='lat' dir='ltr'><strong>in</strong></span> <span class='ocrx_word' id='word_1_203' title='bbox 2356 1326 2586 1395; x_wconf 82' lang='lat' dir='ltr'><strong>Spiritu,</strong></span> <span class='ocrx_word' id='word_1_204' title='bbox 2621 1334 2898 1396; x_wconf 84' lang='lat' dir='ltr'><strong>tamquam</strong></span> <span class='ocrx_word' id='word_1_205' title='bbox 2946 1327 2999 1382; x_wconf 93' lang='lat' dir='ltr'><strong>in</strong></span> <span class='ocrx_word' id='word_1_206' title='bbox 3031 1327 3216 1398; x_wconf 90' lang='lat' dir='ltr'><strong>aliquo</strong></span> <span class='ocrx_word' id='word_1_207' title='bbox 3243 1327 3367 1383; x_wconf 92' lang='lat' dir='ltr'><strong>loco</strong></span> 
     </span>
    </p>
   </div>
   <div class='ocr_carea' id='block_1_28' title="bbox 1763 1415 3363 1490">
    <p class='ocr_par' dir='ltr' id='par_1_28' title="bbox 1763 1415 3363 1490">
     <span class='ocr_line' id='line_1_28' title="bbox 1763 1415 3363 1490; baseline 0.002 -19"><span class='ocrx_word' id='word_1_208' title='bbox 1763 1415 1905 1471; x_wconf 76' lang='lat' dir='ltr'><strong>facta</strong></span> <span class='ocrx_word' id='word_1_209' title='bbox 1951 1416 2034 1470; x_wconf 86' lang='lat' dir='ltr'><strong>vel</strong></span> <span class='ocrx_word' id='word_1_210' title='bbox 2090 1426 2382 1488; x_wconf 90' lang='lat' dir='ltr'><strong>tempore:</strong></span> <span class='ocrx_word' id='word_1_211' title='bbox 2431 1418 2642 1490; x_wconf 85' lang='lat' dir='ltr'><strong>singula</strong></span> <span class='ocrx_word' id='word_1_212' title='bbox 2692 1419 2922 1490; x_wconf 84' lang='lat' dir='ltr'><strong>singulis</strong></span> <span class='ocrx_word' id='word_1_213' title='bbox 2970 1420 3265 1486; x_wconf 84' lang='lat' dir='ltr'><strong>tribuunt,</strong></span> <span class='ocrx_word' id='word_1_214' title='bbox 3311 1420 3363 1475; x_wconf 95' lang='lat' dir='ltr'><strong>iu</strong></span> 
     </span>
    </p>
   </div>
   <div class='ocr_carea' id='block_1_29' title="bbox 1761 1510 2503 1579">
    <p class='ocr_par' dir='ltr' id='par_1_29' title="bbox 1761 1510 2503 1579">
     <span class='ocr_line' id='line_1_29' title="bbox 1761 1510 2503 1579; baseline 0.001 -17"><span class='ocrx_word' id='word_1_215' title='bbox 1761 1522 2052 1563; x_wconf 78' lang='lat' dir='ltr'><strong>commune</strong></span> <span class='ocrx_word' id='word_1_216' title='bbox 2079 1510 2259 1563; x_wconf 90' lang='lat' dir='ltr'><strong>omnia</strong></span> <span class='ocrx_word' id='word_1_217' title='bbox 2284 1518 2503 1579; x_wconf 86' lang='lat' dir='ltr'><strong>negant.</strong></span> 
     </span>
    </p>
   </div>
   <div class='ocr_carea' id='block_1_30' title="bbox 1833 1603 3368 1660">
    <p class='ocr_par' dir='ltr' id='par_1_30' title="bbox 1833 1603 3368 1660">
     <span class='ocr_line' id='line_1_30' title="bbox 1833 1603 3368 1660; baseline 0.001 -2"><span class='ocrx_word' id='word_1_218' title='bbox 1833 1604 1924 1659; x_wconf 84' lang='lat'><strong>88.</strong></span> <span class='ocrx_word' id='word_1_219' title='bbox 1973 1603 2168 1657; x_wconf 82' lang='lat' dir='ltr'><strong>Verum</strong></span> <span class='ocrx_word' id='word_1_220' title='bbox 2200 1618 2298 1658; x_wconf 89' lang='lat' dir='ltr'><strong>nos</strong></span> <span class='ocrx_word' id='word_1_221' title='bbox 2325 1603 2666 1658; x_wconf 88' lang='lat' dir='ltr'><strong>ostendimus</strong></span> <span class='ocrx_word' id='word_1_222' title='bbox 2703 1605 2775 1659; x_wconf 89' lang='lat' dir='ltr'><strong>ita</strong></span> <span class='ocrx_word' id='word_1_223' title='bbox 2804 1619 2866 1659; x_wconf 80' lang='lat' dir='ltr'><strong>es</strong></span> <span class='ocrx_word' id='word_1_224' title='bbox 2901 1604 3014 1660; x_wconf 90' lang='lat' dir='ltr'><strong>Deo</strong></span> <span class='ocrx_word' id='word_1_225' title='bbox 3053 1604 3214 1660; x_wconf 91' lang='lat' dir='ltr'><strong>Patre</strong></span> <span class='ocrx_word' id='word_1_226' title='bbox 3244 1619 3368 1660; x_wconf 86' lang='lat' dir='ltr'><strong>esse</strong></span> 
     </span>
    </p>
   </div>
   <div class='ocr_carea' id='block_1_31' title="bbox 1762 1693 3366 1767">
    <p class='ocr_par' dir='ltr' id='par_1_31' title="bbox 1762 1693 3366 1767">
     <span class='ocr_line' id='line_1_31' title="bbox 1762 1693 3366 1767; baseline 0.003 -20"><span class='ocrx_word' id='word_1_227' title='bbox 1762 1694 1964 1758; x_wconf 90' lang='lat' dir='ltr'><strong>omnia,</strong></span> <span class='ocrx_word' id='word_1_228' title='bbox 2009 1703 2063 1746; x_wconf 91' lang='lat' dir='ltr'><strong>ut</strong></span> <span class='ocrx_word' id='word_1_229' title='bbox 2109 1709 2208 1749; x_wconf 89' lang='lat' dir='ltr'><strong>nec</strong></span> <span class='ocrx_word' id='word_1_230' title='bbox 2249 1693 2496 1749; x_wconf 89' lang='lat' dir='ltr'><strong>amiserit</strong></span> <span class='ocrx_word' id='word_1_231' title='bbox 2542 1694 2688 1750; x_wconf 89' lang='lat' dir='ltr'><strong>Deus</strong></span> <span class='ocrx_word' id='word_1_232' title='bbox 2731 1696 2922 1762; x_wconf 84' lang='lat' dir='ltr'><strong>Pater,</strong></span> <span class='ocrx_word' id='word_1_233' title='bbox 2955 1696 3098 1766; x_wconf 92' lang='lat' dir='ltr'><strong>quod</strong></span> <span class='ocrx_word' id='word_1_234' title='bbox 3145 1698 3229 1752; x_wconf 91' lang='lat' dir='ltr'><strong>vel</strong></span> <span class='ocrx_word' id='word_1_235' title='bbox 3270 1712 3366 1767; x_wconf 87' lang='lat' dir='ltr'><strong>per</strong></span> 
     </span>
    </p>
   </div>
   <div class='ocr_carea' id='block_1_32' title="bbox 105 1775 3368 1859">
    <p class='ocr_par' dir='ltr' id='par_1_32' title="bbox 105 1775 3368 1859">
     <span class='ocr_line' id='line_1_32' title="bbox 105 1775 3368 1859; baseline 0.006 -35"><span class='ocrx_word' id='word_1_236' title='bbox 105 1780 295 1844; x_wconf 90' lang='lat' dir='ltr'><strong>utraque</strong></span> <span class='ocrx_word' id='word_1_237' title='bbox 333 1775 476 1830; x_wconf 90' lang='lat' dir='ltr'><strong>enim</strong></span> <span class='ocrx_word' id='word_1_238' title='bbox 527 1778 735 1848; x_wconf 83' lang='lat' dir='ltr'><strong>syllaba</strong></span> <span class='ocrx_word' id='word_1_239' title='bbox 789 1780 1344 1848; x_wconf 72' lang='lat' dir='ltr'><strong>conjunctionisest.</strong></span> <span class='ocrx_word' id='word_1_240' title='bbox 1408 1783 1653 1854; x_wconf 87' lang='lat' dir='ltr'><strong>Denique</strong></span> <span class='ocrx_word' id='word_1_241' title='bbox 1686 1777 1732 1836; x_wconf 88' lang='grc' dir='ltr'><strong>Β</strong></span> <span class='ocrx_word' id='word_1_242' title='bbox 1760 1785 1934 1855; x_wconf 91' lang='lat' dir='ltr'><strong>ipsum</strong></span> <span class='ocrx_word' id='word_1_243' title='bbox 1961 1797 2010 1840; x_wconf 90' lang='lat' dir='ltr'><strong>et</strong></span> <span class='ocrx_word' id='word_1_244' title='bbox 2039 1786 2092 1840; x_wconf 90' lang='lat' dir='ltr'><strong>iu</strong></span> <span class='ocrx_word' id='word_1_245' title='bbox 2123 1786 2241 1858; x_wconf 87' lang='lat' dir='ltr'><strong>ipso</strong></span> <span class='ocrx_word' id='word_1_246' title='bbox 2270 1787 2450 1840; x_wconf 90' lang='lat' dir='ltr'><strong>omnia</strong></span> <span class='ocrx_word' id='word_1_247' title='bbox 2489 1787 2632 1853; x_wconf 90' lang='lat' dir='ltr'><strong>sint,</strong></span> <span class='ocrx_word' id='word_1_248' title='bbox 2675 1803 2778 1843; x_wconf 91' lang='lat' dir='ltr'><strong>nec</strong></span> <span class='ocrx_word' id='word_1_249' title='bbox 2819 1796 3095 1859; x_wconf 87' lang='lat' dir='ltr'><strong>tamquam</strong></span> <span class='ocrx_word' id='word_1_250' title='bbox 3144 1804 3210 1844; x_wconf 86' lang='lat' dir='ltr'><strong>ex</strong></span> <span class='ocrx_word' id='word_1_251' title='bbox 3252 1804 3368 1843; x_wconf 90' lang='lat' dir='ltr'><strong>ma-</strong></span> 
     </span>
    </p>
   </div>
   <div class='ocr_carea' id='block_1_33' title="bbox 103 1868 1654 1946">
    <p class='ocr_par' dir='ltr' id='par_1_33' title="bbox 103 1868 1654 1946">
     <span class='ocr_line' id='line_1_33' title="bbox 103 1868 1654 1946; baseline 0.007 -28"><span class='ocrx_word' id='word_1_252' title='bbox 103 1877 219 1934; x_wconf 74' lang='lat' dir='ltr'><strong>ttepe</strong></span> <span class='ocrx_word' id='word_1_253' title='bbox 243 1868 538 1936; x_wconf 87' lang='lat' dir='ltr'><strong>reperimus</strong></span> <span class='ocrx_word' id='word_1_254' title='bbox 567 1870 623 1922; x_wconf 92' lang='lat' dir='ltr'><strong>in</strong></span> <span class='ocrx_word' id='word_1_255' title='bbox 657 1869 961 1940; x_wconf 88' lang='lat' dir='ltr'><strong>Scripturis</strong></span> <span class='ocrx_word' id='word_1_256' title='bbox 988 1873 1212 1928; x_wconf 88' lang='lat' dir='ltr'><strong>alteram</strong></span> <span class='ocrx_word' id='word_1_257' title='bbox 1259 1875 1654 1946; x_wconf 82' lang='lat' dir='ltr'><strong>interpositam,</strong></span> 
     </span>
    </p>
   </div>
   <div class='ocr_carea' id='block_1_34' title="bbox 103 1956 1657 2036">
    <p class='ocr_par' dir='ltr' id='par_1_34' title="bbox 103 1956 1657 2036">
     <span class='ocr_line' id='line_1_34' title="bbox 103 1956 1657 2036; baseline 0.011 -28"><span class='ocrx_word' id='word_1_258' title='bbox 103 1963 146 2009; x_wconf 83' lang='lat' dir='ltr'><strong>et</strong></span> <span class='ocrx_word' id='word_1_259' title='bbox 170 1956 373 2012; x_wconf 86' lang='lat' dir='ltr'><strong>alteram</strong></span> <span class='ocrx_word' id='word_1_260' title='bbox 406 1960 764 2028; x_wconf 88' lang='lat' dir='ltr'><strong>intellectam,</strong></span> <span class='ocrx_word' id='word_1_261' title='bbox 797 1964 940 2018; x_wconf 89' lang='lat' dir='ltr'><strong>sicut</strong></span> <span class='ocrx_word' id='word_1_262' title='bbox 974 1965 1233 2036; x_wconf 88' lang='lat' dir='ltr'><strong>scriptum</strong></span> <span class='ocrx_word' id='word_1_263' title='bbox 1263 1979 1344 2021; x_wconf 87' lang='lat' dir='ltr'><strong>est</strong></span> <span class='ocrx_word' id='word_1_264' title='bbox 1378 1986 1389 2021; x_wconf 97' lang='lat'>:</span> <span class='ocrx_word' id='word_1_265' title='bbox 1424 1968 1657 2025; x_wconf 80' lang='lat' dir='ltr'><strong>lntroibo</strong></span> 
     </span>
    </p>
   </div>
   <div class='ocr_carea' id='block_1_35' title="bbox 103 2047 1654 2130">
    <p class='ocr_par' dir='ltr' id='par_1_35' title="bbox 103 2047 1654 2130">
     <span class='ocr_line' id='line_1_35' title="bbox 103 2047 1654 2130; baseline 0.01 -33"><span class='ocrx_word' id='word_1_266' title='bbox 103 2048 142 2098; x_wconf 83' lang='lat' dir='ltr'><strong>in</strong></span> <span class='ocrx_word' id='word_1_267' title='bbox 165 2047 347 2104; x_wconf 83' lang='lat' dir='ltr'><strong>domum</strong></span> <span class='ocrx_word' id='word_1_268' title='bbox 368 2060 508 2106; x_wconf 84' lang='lat' dir='ltr'><strong>luam</strong></span> <span class='ocrx_word' id='word_1_269' title='bbox 532 2055 588 2108; x_wconf 92' lang='lat' dir='ltr'><strong>in</strong></span> <span class='ocrx_word' id='word_1_270' title='bbox 613 2055 928 2111; x_wconf 82' lang='lat' dir='ltr'><strong>holocaustis</strong></span> <span class='ocrx_word' id='word_1_271' title='bbox 957 2056 1075 2130; x_wconf 91' lang='lat' dir='ltr'><strong>(Ps.</strong></span> <span class='ocrx_word' id='word_1_272' title='bbox 1110 2075 1231 2124; x_wconf 82' lang='lat' dir='ltr'><strong>va,</strong></span> <span class='ocrx_word' id='word_1_273' title='bbox 1268 2057 1383 2130; x_wconf 77' lang='lat' dir='ltr'><strong>l3),</strong></span> <span class='ocrx_word' id='word_1_274' title='bbox 1417 2061 1519 2116; x_wconf 92' lang='lat' dir='ltr'><strong>boc</strong></span> <span class='ocrx_word' id='word_1_275' title='bbox 1549 2074 1654 2128; x_wconf 87' lang='grc' dir='ltr'>εει,</span> 
     </span>
    </p>
   </div>
   <div class='ocr_carea' id='block_1_36' title="bbox 102 2142 1656 2222">
    <p class='ocr_par' dir='ltr' id='par_1_36' title="bbox 102 2142 1656 2222">
     <span class='ocr_line' id='line_1_36' title="bbox 102 2142 1656 2222; baseline 0.01 -29"><span class='ocrx_word' id='word_1_276' title='bbox 102 2154 198 2195; x_wconf 85' lang='lat' dir='ltr'><strong>cum</strong></span> <span class='ocrx_word' id='word_1_277' title='bbox 221 2142 533 2201; x_wconf 90' lang='lat' dir='ltr'><strong>holocaustis</strong></span> <span class='ocrx_word' id='word_1_278' title='bbox 560 2163 575 2210; x_wconf 91' lang='lat'><strong>;</strong></span> <span class='ocrx_word' id='word_1_279' title='bbox 608 2155 666 2202; x_wconf 90' lang='lat' dir='ltr'><strong>et</strong></span> <span class='ocrx_word' id='word_1_280' title='bbox 689 2146 821 2202; x_wconf 88' lang='lat' dir='ltr'><strong>alibi</strong></span> <span class='ocrx_word' id='word_1_281' title='bbox 858 2164 872 2202; x_wconf 89' lang='lat'><strong>:</strong></span> <span class='ocrx_word' id='word_1_282' title='bbox 904 2147 1122 2215; x_wconf 75' lang='lat' dir='ltr'><strong>Eduxit,</strong></span> <span class='ocrx_word' id='word_1_283' title='bbox 1155 2151 1350 2222; x_wconf 86' lang='lat' dir='ltr'><strong>inquit,</strong></span> <span class='ocrx_word' id='word_1_284' title='bbox 1371 2169 1457 2207; x_wconf 88' lang='lat' dir='ltr'><strong>eos</strong></span> <span class='ocrx_word' id='word_1_285' title='bbox 1477 2155 1530 2207; x_wconf 90' lang='lat' dir='ltr'><strong>in</strong></span> <span class='ocrx_word' id='word_1_286' title='bbox 1571 2171 1656 2207; x_wconf 85' lang='lat' dir='ltr'><strong>ar-</strong></span> 
     </span>
    </p>
   </div>
   <div class='ocr_carea' id='block_1_37' title="bbox 100 2235 1658 2313">
    <p class='ocr_par' dir='ltr' id='par_1_37' title="bbox 100 2235 1658 2313">
     <span class='ocr_line' id='line_1_37' title="bbox 100 2235 1658 2313; baseline 0.012 -31"><span class='ocrx_word' id='word_1_287' title='bbox 100 2245 220 2298; x_wconf 81' lang='lat' dir='ltr'><strong>gento</strong></span> <span class='ocrx_word' id='word_1_288' title='bbox 242 2243 284 2286; x_wconf 82' lang='lat' dir='ltr'><strong>et</strong></span> <span class='ocrx_word' id='word_1_289' title='bbox 307 2252 431 2290; x_wconf 88' lang='lat' dir='ltr'><strong>auro</strong></span> <span class='ocrx_word' id='word_1_290' title='bbox 451 2235 573 2309; x_wconf 88' lang='lat' dir='ltr'><strong>(Ps.</strong></span> <span class='ocrx_word' id='word_1_291' title='bbox 607 2252 718 2303; x_wconf 81' lang='lat' dir='ltr'><strong>CIV,</strong></span> <span class='ocrx_word' id='word_1_292' title='bbox 749 2238 863 2311; x_wconf 78' lang='lat'><strong>57).</strong></span> <span class='ocrx_word' id='word_1_293' title='bbox 903 2240 1006 2294; x_wconf 91' lang='lat' dir='ltr'><strong>hoc</strong></span> <span class='ocrx_word' id='word_1_294' title='bbox 1049 2250 1154 2305; x_wconf 89' lang='grc' dir='ltr'>εει,</span> <span class='ocrx_word' id='word_1_295' title='bbox 1184 2258 1306 2296; x_wconf 83' lang='grc' dir='ltr'>ειιιιι</span> <span class='ocrx_word' id='word_1_296' title='bbox 1349 2253 1576 2313; x_wconf 89' lang='lat' dir='ltr'><strong>argento</strong></span> <span class='ocrx_word' id='word_1_297' title='bbox 1603 2257 1658 2300; x_wconf 90' lang='lat' dir='ltr'><strong>et</strong></span> 
     </span>
    </p>
   </div>
   <div class='ocr_carea' id='block_1_38' title="bbox 100 2326 1658 2405">
    <p class='ocr_par' dir='ltr' id='par_1_38' title="bbox 100 2326 1658 2405">
     <span class='ocr_line' id='line_1_38' title="bbox 100 2326 1658 2405; baseline 0.01 -29"><span class='ocrx_word' id='word_1_298' title='bbox 100 2337 220 2378; x_wconf 89' lang='lat' dir='ltr'><strong>auro.</strong></span> <span class='ocrx_word' id='word_1_299' title='bbox 242 2326 374 2383; x_wconf 82' lang='lat' dir='ltr'><strong>Alibi</strong></span> <span class='ocrx_word' id='word_1_300' title='bbox 414 2344 636 2400; x_wconf 88' lang='lat' dir='ltr'><strong>quoque</strong></span> <span class='ocrx_word' id='word_1_301' title='bbox 661 2332 737 2385; x_wconf 90' lang='lat' dir='ltr'><strong>ait</strong></span> <span class='ocrx_word' id='word_1_302' title='bbox 771 2331 934 2386; x_wconf 87' lang='lat' dir='ltr'><strong>:Non</strong></span> <span class='ocrx_word' id='word_1_303' title='bbox 977 2335 1251 2405; x_wconf 84' lang='lat' dir='ltr'><strong>egredieris</strong></span> <span class='ocrx_word' id='word_1_304' title='bbox 1280 2336 1332 2388; x_wconf 89' lang='lat' dir='ltr'><strong>in</strong></span> <span class='ocrx_word' id='word_1_305' title='bbox 1385 2338 1658 2391; x_wconf 86' lang='lat' dir='ltr'><strong>virtutibus</strong></span> 
     </span>
    </p>
   </div>
   <div class='ocr_carea' id='block_1_39' title="bbox 99 2417 1658 2496">
    <p class='ocr_par' dir='ltr' id='par_1_39' title="bbox 99 2417 1658 2496">
     <span class='ocr_line' id='line_1_39' title="bbox 99 2417 1658 2496; baseline 0.011 -30"><span class='ocrx_word' id='word_1_306' title='bbox 99 2417 321 2472; x_wconf 85' lang='lat' dir='ltr'><strong>nobiscum</strong></span> <span class='ocrx_word' id='word_1_307' title='bbox 349 2419 466 2493; x_wconf 90' lang='lat' dir='ltr'><strong>(Ps.</strong></span> <span class='ocrx_word' id='word_1_308' title='bbox 493 2437 656 2489; x_wconf 81' lang='lat' dir='ltr'><strong>xutt,</strong></span> <span class='ocrx_word' id='word_1_309' title='bbox 687 2422 812 2495; x_wconf 71' lang='lat'><strong>10);</strong></span> <span class='ocrx_word' id='word_1_310' title='bbox 846 2439 945 2494; x_wconf 89' lang='lat' dir='ltr'><strong>pro</strong></span> <span class='ocrx_word' id='word_1_311' title='bbox 971 2440 1038 2480; x_wconf 91' lang='lat' dir='ltr'><strong>eo</strong></span> <span class='ocrx_word' id='word_1_312' title='bbox 1067 2426 1208 2496; x_wconf 92' lang='lat' dir='ltr'><strong>quod</strong></span> <span class='ocrx_word' id='word_1_313' title='bbox 1245 2436 1349 2491; x_wconf 88' lang='lat' dir='ltr'><strong>est,</strong></span> <span class='ocrx_word' id='word_1_314' title='bbox 1376 2442 1498 2482; x_wconf 89' lang='lat' dir='ltr'><strong>cum</strong></span> <span class='ocrx_word' id='word_1_315' title='bbox 1549 2429 1658 2482; x_wconf 89' lang='lat' dir='ltr'><strong>vir-</strong></span> 
     </span>
    </p>
   </div>
   <div class='ocr_carea' id='block_1_40' title="bbox 101 2510 1656 2584">
    <p class='ocr_par' dir='ltr' id='par_1_40' title="bbox 101 2510 1656 2584">
     <span class='ocr_line' id='line_1_40' title="bbox 101 2510 1656 2584; baseline 0.009 -24"><span class='ocrx_word' id='word_1_316' title='bbox 101 2510 288 2567; x_wconf 87' lang='lat' dir='ltr'><strong>tutibus.</strong></span> <span class='ocrx_word' id='word_1_317' title='bbox 317 2513 453 2584; x_wconf 84' lang='lat' dir='ltr'><strong>Ergo</strong></span> <span class='ocrx_word' id='word_1_318' title='bbox 482 2530 608 2570; x_wconf 91' lang='lat' dir='ltr'><strong>cum</strong></span> <span class='ocrx_word' id='word_1_319' title='bbox 640 2524 696 2570; x_wconf 88' lang='lat' dir='ltr'><strong>et</strong></span> <span class='ocrx_word' id='word_1_320' title='bbox 725 2516 777 2570; x_wconf 92' lang='lat' dir='ltr'><strong>in</strong></span> <span class='ocrx_word' id='word_1_321' title='bbox 810 2530 908 2570; x_wconf 93' lang='lat' dir='ltr'><strong>usu</strong></span> <span class='ocrx_word' id='word_1_322' title='bbox 931 2520 1206 2572; x_wconf 88' lang='lat' dir='ltr'><strong>sermonis</strong></span> <span class='ocrx_word' id='word_1_323' title='bbox 1239 2518 1508 2572; x_wconf 89' lang='lat' dir='ltr'><strong>calumnia</strong></span> <span class='ocrx_word' id='word_1_324' title='bbox 1536 2533 1656 2574; x_wconf 91' lang='lat' dir='ltr'><strong>esse</strong></span> 
     </span>
    </p>
   </div>
   <div class='ocr_carea' id='block_1_41' title="bbox 99 2607 1655 2673">
    <p class='ocr_par' dir='ltr' id='par_1_41' title="bbox 99 2607 1655 2673">
     <span class='ocr_line' id='line_1_41' title="bbox 99 2607 1655 2673; baseline 0.01 -20"><span class='ocrx_word' id='word_1_325' title='bbox 99 2616 183 2655; x_wconf 90' lang='lat' dir='ltr'><strong>non</strong></span> <span class='ocrx_word' id='word_1_326' title='bbox 209 2607 386 2673; x_wconf 86' lang='lat' dir='ltr'><strong>possit,</strong></span> <span class='ocrx_word' id='word_1_327' title='bbox 416 2617 469 2663; x_wconf 88' lang='lat' dir='ltr'><strong>et</strong></span> <span class='ocrx_word' id='word_1_328' title='bbox 501 2623 571 2663; x_wconf 82' lang='lat' dir='ltr'><strong>ex</strong></span> <span class='ocrx_word' id='word_1_329' title='bbox 616 2623 877 2665; x_wconf 88' lang='lat' dir='ltr'><strong>sermone</strong></span> <span class='ocrx_word' id='word_1_330' title='bbox 929 2611 1196 2665; x_wconf 80' lang='lat' dir='ltr'><strong>calumnia</strong></span> <span class='ocrx_word' id='word_1_331' title='bbox 1239 2611 1510 2666; x_wconf 86' lang='lat' dir='ltr'><strong>divinitati</strong></span> <span class='ocrx_word' id='word_1_332' title='bbox 1545 2627 1655 2668; x_wconf 92' lang='lat' dir='ltr'><strong>non</strong></span> 
     </span>
    </p>
   </div>
   <div class='ocr_carea' id='block_1_42' title="bbox 101 2693 1658 2774">
    <p class='ocr_par' dir='ltr' id='par_1_42' title="bbox 101 2693 1658 2774">
     <span class='ocr_line' id='line_1_42' title="bbox 101 2693 1658 2774; baseline 0.01 -27"><span class='ocrx_word' id='word_1_333' title='bbox 101 2693 263 2752; x_wconf 84' lang='lat' dir='ltr'><strong>debeat</strong></span> <span class='ocrx_word' id='word_1_334' title='bbox 284 2699 522 2769; x_wconf 77' lang='lat' dir='ltr'><strong>excitari,</strong></span> <span class='ocrx_word' id='word_1_335' title='bbox 556 2716 702 2771; x_wconf 83' lang='lat' dir='ltr'><strong>Opus</strong></span> <span class='ocrx_word' id='word_1_336' title='bbox 731 2714 814 2758; x_wconf 89' lang='lat' dir='ltr'><strong>est</strong></span> <span class='ocrx_word' id='word_1_337' title='bbox 857 2712 914 2757; x_wconf 92' lang='lat' dir='ltr'><strong>ut</strong></span> <span class='ocrx_word' id='word_1_338' title='bbox 942 2704 1010 2758; x_wconf 90' lang='lat' dir='ltr'><strong>ad</strong></span> <span class='ocrx_word' id='word_1_339' title='bbox 1044 2704 1310 2774; x_wconf 90' lang='lat' dir='ltr'><strong>justitiam</strong></span> <span class='ocrx_word' id='word_1_340' title='bbox 1338 2705 1504 2761; x_wconf 92' lang='lat' dir='ltr'><strong>corde</strong></span> <span class='ocrx_word' id='word_1_341' title='bbox 1533 2721 1658 2762; x_wconf 91' lang='lat' dir='ltr'><strong>crc-</strong></span> 
     </span>
    </p>
   </div>
   <div class='ocr_carea' id='block_1_43' title="bbox 97 2787 1659 2856">
    <p class='ocr_par' dir='ltr' id='par_1_43' title="bbox 97 2787 1659 2856">
     <span class='ocr_line' id='line_1_43' title="bbox 97 2787 1659 2856; baseline 0.009 -16"><span class='ocrx_word' id='word_1_342' title='bbox 97 2787 243 2856; x_wconf 82' lang='lat' dir='ltr'><strong>damr,</strong></span> <span class='ocrx_word' id='word_1_343' title='bbox 272 2802 323 2848; x_wconf 90' lang='lat' dir='ltr'><strong>et</strong></span> <span class='ocrx_word' id='word_1_344' title='bbox 346 2809 410 2849; x_wconf 81' lang='lat' dir='ltr'><strong>ex</strong></span> <span class='ocrx_word' id='word_1_345' title='bbox 439 2795 544 2851; x_wconf 89' lang='lat' dir='ltr'><strong>lide</strong></span> <span class='ocrx_word' id='word_1_346' title='bbox 574 2797 760 2852; x_wconf 89' lang='lat' dir='ltr'><strong>cordis</strong></span> <span class='ocrx_word' id='word_1_347' title='bbox 815 2797 907 2852; x_wconf 85' lang='lat' dir='ltr'><strong>liat</strong></span> <span class='ocrx_word' id='word_1_348' title='bbox 934 2797 1000 2852; x_wconf 90' lang='lat' dir='ltr'><strong>ad</strong></span> <span class='ocrx_word' id='word_1_349' title='bbox 1028 2799 1258 2853; x_wconf 78' lang='lat' dir='ltr'><strong>salutem</strong></span> <span class='ocrx_word' id='word_1_350' title='bbox 1307 2799 1358 2853; x_wconf 91' lang='lat' dir='ltr'><strong>in</strong></span> <span class='ocrx_word' id='word_1_351' title='bbox 1406 2815 1501 2855; x_wconf 84' lang='lat' dir='ltr'><strong>ore</strong></span> <span class='ocrx_word' id='word_1_352' title='bbox 1527 2815 1659 2856; x_wconf 90' lang='lat' dir='ltr'><strong>cou-</strong></span> 
     </span>
    </p>
   </div>
   <div class='ocr_carea' id='block_1_44' title="bbox 99 2882 1655 2961">
    <p class='ocr_par' dir='ltr' id='par_1_44' title="bbox 99 2882 1655 2961">
     <span class='ocr_line' id='line_1_44' title="bbox 99 2882 1655 2961; baseline 0.008 -26"><span class='ocrx_word' id='word_1_353' title='bbox 99 2882 233 2937; x_wconf 87' lang='lat' dir='ltr'><strong>lessio</strong></span> <span class='ocrx_word' id='word_1_354' title='bbox 258 2885 422 2957; x_wconf 87' lang='lat' dir='ltr'><strong>(Rom.</strong></span> <span class='ocrx_word' id='word_1_355' title='bbox 457 2905 512 2955; x_wconf 78' lang='grc' dir='ltr'><strong>κ,</strong></span> <span class='ocrx_word' id='word_1_356' title='bbox 537 2888 656 2960; x_wconf 80' lang='grc'><strong>10).</strong></span> <span class='ocrx_word' id='word_1_357' title='bbox 681 2889 788 2946; x_wconf 90' lang='lat' dir='ltr'><strong>Sed</strong></span> <span class='ocrx_word' id='word_1_358' title='bbox 816 2891 906 2961; x_wconf 91' lang='lat' dir='ltr'><strong>qui</strong></span> <span class='ocrx_word' id='word_1_359' title='bbox 935 2891 1098 2947; x_wconf 87' lang='lat' dir='ltr'><strong>corde</strong></span> <span class='ocrx_word' id='word_1_360' title='bbox 1140 2906 1246 2947; x_wconf 93' lang='lat' dir='ltr'><strong>non</strong></span> <span class='ocrx_word' id='word_1_361' title='bbox 1292 2891 1540 2957; x_wconf 89' lang='lat' dir='ltr'><strong>credunt,</strong></span> <span class='ocrx_word' id='word_1_362' title='bbox 1565 2907 1655 2947; x_wconf 89' lang='lat' dir='ltr'><strong>ca-</strong></span> 
     </span>
    </p>
   </div>
   <div class='ocr_carea' id='block_1_45' title="bbox 100 2976 749 3042">
    <p class='ocr_par' dir='ltr' id='par_1_45' title="bbox 100 2976 749 3042">
     <span class='ocr_line' id='line_1_45' title="bbox 100 2976 749 3042; baseline 0.017 -13"><span class='ocrx_word' id='word_1_363' title='bbox 100 2976 318 3037; x_wconf 85' lang='lat' dir='ltr'><strong>lumniam</strong></span> <span class='ocrx_word' id='word_1_364' title='bbox 340 2992 514 3040; x_wconf 88' lang='lat' dir='ltr'><strong>strunt</strong></span> <span class='ocrx_word' id='word_1_365' title='bbox 541 2986 749 3042; x_wconf 85' lang='lat' dir='ltr'><strong>verbis.</strong></span> 
     </span>
    </p>
   </div>
   <div class='ocr_carea' id='block_1_46' title="bbox 637 3078 1005 3136">
    <p class='ocr_par' dir='ltr' id='par_1_46' title="bbox 637 3078 1005 3136">
     <span class='ocr_line' id='line_1_46' title="bbox 637 3078 1005 3136; baseline -0.003 -1"><span class='ocrx_word' id='word_1_366' title='bbox 637 3078 865 3136; x_wconf 81' lang='lat' dir='ltr'><strong>CAPUT</strong></span> <span class='ocrx_word' id='word_1_367' title='bbox 911 3079 1005 3135; x_wconf 83' lang='lat' dir='ltr'><strong>IX.</strong></span> 
     </span>
    </p>
   </div>
   <div class='ocr_carea' id='block_1_47' title="bbox 1763 1879 3364 1950">
    <p class='ocr_par' dir='ltr' id='par_1_47' title="bbox 1763 1879 3364 1950">
     <span class='ocr_line' id='line_1_47' title="bbox 1763 1879 3364 1950; baseline 0.002 -19"><span class='ocrx_word' id='word_1_368' title='bbox 1763 1879 1895 1932; x_wconf 90' lang='lat' dir='ltr'><strong>teria</strong></span> <span class='ocrx_word' id='word_1_369' title='bbox 1933 1893 1998 1934; x_wconf 82' lang='lat' dir='ltr'><strong>ex</strong></span> <span class='ocrx_word' id='word_1_370' title='bbox 2043 1880 2160 1947; x_wconf 89' lang='lat' dir='ltr'><strong>ipso</strong></span> <span class='ocrx_word' id='word_1_371' title='bbox 2201 1879 2382 1934; x_wconf 89' lang='lat' dir='ltr'><strong>omnia</strong></span> <span class='ocrx_word' id='word_1_372' title='bbox 2415 1880 2558 1933; x_wconf 89' lang='lat' dir='ltr'><strong>sint:</strong></span> <span class='ocrx_word' id='word_1_373' title='bbox 2589 1881 2660 1933; x_wconf 89' lang='lat' dir='ltr'><strong>ita</strong></span> <span class='ocrx_word' id='word_1_374' title='bbox 2689 1894 2908 1950; x_wconf 89' lang='lat' dir='ltr'><strong>quoque</strong></span> <span class='ocrx_word' id='word_1_375' title='bbox 2940 1895 3036 1950; x_wconf 89' lang='lat' dir='ltr'><strong>per</strong></span> <span class='ocrx_word' id='word_1_376' title='bbox 3075 1879 3364 1935; x_wconf 91' lang='lat' dir='ltr'><strong>Dominum</strong></span> 
     </span>
    </p>
   </div>
   <div class='ocr_carea' id='block_1_48' title="bbox 1762 1969 3364 2044">
    <p class='ocr_par' dir='ltr' id='par_1_48' title="bbox 1762 1969 3364 2044">
     <span class='ocr_line' id='line_1_48' title="bbox 1762 1969 3364 2044; baseline 0.004 -22"><span class='ocrx_word' id='word_1_377' title='bbox 1762 1969 1958 2023; x_wconf 85' lang='lat' dir='ltr'><strong>Filium</strong></span> <span class='ocrx_word' id='word_1_378' title='bbox 1992 1985 2113 2026; x_wconf 78' lang='lat' dir='ltr'><strong>esse</strong></span> <span class='ocrx_word' id='word_1_379' title='bbox 2143 1972 2347 2037; x_wconf 90' lang='lat' dir='ltr'><strong>omnia,</strong></span> <span class='ocrx_word' id='word_1_380' title='bbox 2383 1981 2439 2025; x_wconf 94' lang='lat' dir='ltr'><strong>ut</strong></span> <span class='ocrx_word' id='word_1_381' title='bbox 2471 1986 2575 2025; x_wconf 92' lang='lat' dir='ltr'><strong>non</strong></span> <span class='ocrx_word' id='word_1_382' title='bbox 2610 1972 2850 2040; x_wconf 89' lang='lat' dir='ltr'><strong>privatus</strong></span> <span class='ocrx_word' id='word_1_383' title='bbox 2892 1971 2962 2026; x_wconf 89' lang='lat' dir='ltr'><strong>sit</strong></span> <span class='ocrx_word' id='word_1_384' title='bbox 3005 1987 3094 2038; x_wconf 88' lang='lat' dir='ltr'><strong>eo,</strong></span> <span class='ocrx_word' id='word_1_385' title='bbox 3122 1973 3266 2044; x_wconf 90' lang='lat' dir='ltr'><strong>quod</strong></span> <span class='ocrx_word' id='word_1_386' title='bbox 3298 1989 3364 2028; x_wconf 81' lang='lat' dir='ltr'><strong>cx</strong></span> 
     </span>
    </p>
   </div>
   <div class='ocr_carea' id='block_1_49' title="bbox 1764 2064 3363 2135">
    <p class='ocr_par' dir='ltr' id='par_1_49' title="bbox 1764 2064 3363 2135">
     <span class='ocr_line' id='line_1_49' title="bbox 1764 2064 3363 2135; baseline 0.001 -17"><span class='ocrx_word' id='word_1_387' title='bbox 1764 2064 1900 2119; x_wconf 85' lang='lat' dir='ltr'><strong>Filio</strong></span> <span class='ocrx_word' id='word_1_388' title='bbox 1944 2066 2053 2119; x_wconf 88' lang='lat' dir='ltr'><strong>sint</strong></span> <span class='ocrx_word' id='word_1_389' title='bbox 2095 2064 2310 2128; x_wconf 74' lang='lat' dir='ltr'><strong>omnia,</strong></span> <span class='ocrx_word' id='word_1_390' title='bbox 2356 2074 2380 2102; x_wconf 73' lang='grc' dir='ltr'>α</span> <span class='ocrx_word' id='word_1_391' title='bbox 2423 2075 2478 2120; x_wconf 86' lang='grc' dir='ltr'><strong>ει</strong></span> <span class='ocrx_word' id='word_1_392' title='bbox 2524 2068 2575 2119; x_wconf 94' lang='lat' dir='ltr'><strong>in</strong></span> <span class='ocrx_word' id='word_1_393' title='bbox 2619 2066 2736 2135; x_wconf 92' lang='lat' dir='ltr'><strong>ipso</strong></span> <span class='ocrx_word' id='word_1_394' title='bbox 2771 2065 2882 2121; x_wconf 88' lang='lat' dir='ltr'><strong>sint</strong></span> <span class='ocrx_word' id='word_1_395' title='bbox 2920 2067 3100 2121; x_wconf 88' lang='lat' dir='ltr'><strong>omnia</strong></span> <span class='ocrx_word' id='word_1_396' title='bbox 3143 2084 3156 2120; x_wconf 91' lang='lat'><strong>:</strong></span> <span class='ocrx_word' id='word_1_397' title='bbox 3191 2075 3246 2122; x_wconf 88' lang='lat' dir='ltr'><strong>et</strong></span> <span class='ocrx_word' id='word_1_398' title='bbox 3292 2067 3363 2121; x_wconf 87' lang='lat' dir='ltr'><strong>ita</strong></span> 
     </span>
    </p>
   </div>
   <div class='ocr_carea' id='block_1_50' title="bbox 1761 2155 3365 2227">
    <p class='ocr_par' dir='ltr' id='par_1_50' title="bbox 1761 2155 3365 2227">
     <span class='ocr_line' id='line_1_50' title="bbox 1761 2155 3365 2227; baseline 0.002 -19"><span class='ocrx_word' id='word_1_399' title='bbox 1761 2155 1942 2208; x_wconf 88' lang='lat' dir='ltr'><strong>omnia</strong></span> <span class='ocrx_word' id='word_1_400' title='bbox 1978 2169 2100 2210; x_wconf 91' lang='lat' dir='ltr'><strong>esse</strong></span> <span class='ocrx_word' id='word_1_401' title='bbox 2130 2155 2181 2208; x_wconf 93' lang='lat' dir='ltr'><strong>in</strong></span> <span class='ocrx_word' id='word_1_402' title='bbox 2221 2155 2449 2224; x_wconf 91' lang='lat' dir='ltr'><strong>Spiritu,</strong></span> <span class='ocrx_word' id='word_1_403' title='bbox 2484 2163 2542 2210; x_wconf 90' lang='lat' dir='ltr'><strong>ut</strong></span> <span class='ocrx_word' id='word_1_404' title='bbox 2575 2155 2872 2210; x_wconf 90' lang='lat' dir='ltr'><strong>doceamus</strong></span> <span class='ocrx_word' id='word_1_405' title='bbox 2901 2157 3081 2210; x_wconf 90' lang='lat' dir='ltr'><strong>omnia</strong></span> <span class='ocrx_word' id='word_1_406' title='bbox 3112 2171 3235 2212; x_wconf 89' lang='lat' dir='ltr'><strong>esse</strong></span> <span class='ocrx_word' id='word_1_407' title='bbox 3264 2171 3365 2227; x_wconf 89' lang='lat' dir='ltr'><strong>per</strong></span> 
     </span>
    </p>
   </div>
   <div class='ocr_carea' id='block_1_51' title="bbox 1760 2246 2834 2318">
    <p class='ocr_par' dir='ltr' id='par_1_51' title="bbox 1760 2246 2834 2318">
     <span class='ocr_line' id='line_1_51' title="bbox 1760 2246 2834 2318; baseline -0.004 -13"><span class='ocrx_word' id='word_1_408' title='bbox 1760 2247 2045 2318; x_wconf 91' lang='lat' dir='ltr'><strong>Spiritum,</strong></span> <span class='ocrx_word' id='word_1_409' title='bbox 2073 2256 2128 2300; x_wconf 91' lang='grc' dir='ltr'><strong>ει</strong></span> <span class='ocrx_word' id='word_1_410' title='bbox 2154 2246 2332 2300; x_wconf 89' lang='lat' dir='ltr'><strong>omnia</strong></span> <span class='ocrx_word' id='word_1_411' title='bbox 2363 2261 2487 2301; x_wconf 86' lang='lat' dir='ltr'><strong>esse</strong></span> <span class='ocrx_word' id='word_1_412' title='bbox 2514 2247 2581 2301; x_wconf 91' lang='lat' dir='ltr'><strong>dc</strong></span> <span class='ocrx_word' id='word_1_413' title='bbox 2609 2246 2834 2315; x_wconf 86' lang='lat' dir='ltr'><strong>Spiritu.</strong></span> 
     </span>
    </p>
   </div>
   <div class='ocr_carea' id='block_1_52' title="bbox 1831 2338 3364 2412">
    <p class='ocr_par' dir='ltr' id='par_1_52' title="bbox 1831 2338 3364 2412">
     <span class='ocr_line' id='line_1_52' title="bbox 1831 2338 3364 2412; baseline 0.001 -17"><span class='ocrx_word' id='word_1_414' title='bbox 1831 2339 1920 2395; x_wconf 84' lang='lat'><strong>89.</strong></span> <span class='ocrx_word' id='word_1_415' title='bbox 1965 2338 2096 2393; x_wconf 83' lang='lat' dir='ltr'><strong>Nam</strong></span> <span class='ocrx_word' id='word_1_416' title='bbox 2125 2339 2240 2393; x_wconf 76' lang='lat' dir='ltr'><strong>ista:</strong></span> <span class='ocrx_word' id='word_1_417' title='bbox 2272 2339 2522 2408; x_wconf 64' lang='lat' dir='ltr'><strong>syllabae,</strong></span> <span class='ocrx_word' id='word_1_418' title='bbox 2556 2339 2694 2393; x_wconf 87' lang='lat' dir='ltr'><strong>sicut</strong></span> <span class='ocrx_word' id='word_1_419' title='bbox 2732 2339 2838 2393; x_wconf 74' lang='lat' dir='ltr'><strong>illm</strong></span> <span class='ocrx_word' id='word_1_420' title='bbox 2867 2340 2936 2394; x_wconf 91' lang='lat' dir='ltr'><strong>de</strong></span> <span class='ocrx_word' id='word_1_421' title='bbox 2971 2340 3168 2410; x_wconf 90' lang='lat' dir='ltr'><strong>quibus</strong></span> <span class='ocrx_word' id='word_1_422' title='bbox 3196 2355 3364 2412; x_wconf 83' lang='lat' dir='ltr'><strong>supe-</strong></span> 
     </span>
    </p>
   </div>
   <div class='ocr_carea' id='block_1_53' title="bbox 1761 2430 3364 2502">
    <p class='ocr_par' dir='ltr' id='par_1_53' title="bbox 1761 2430 3364 2502">
     <span class='ocr_line' id='line_1_53' title="bbox 1761 2430 3364 2502; baseline 0.001 -13"><span class='ocrx_word' id='word_1_423' title='bbox 1761 2436 1874 2490; x_wconf 87' lang='lat' dir='ltr'><strong>rius</strong></span> <span class='ocrx_word' id='word_1_424' title='bbox 1901 2433 2159 2498; x_wconf 73' lang='lat' dir='ltr'><strong>diximus,</strong></span> <span class='ocrx_word' id='word_1_425' title='bbox 2187 2448 2245 2486; x_wconf 86' lang='lat' dir='ltr'><strong>se</strong></span> <span class='ocrx_word' id='word_1_426' title='bbox 2275 2430 2508 2486; x_wconf 86' lang='lat' dir='ltr'><strong>invicem</strong></span> <span class='ocrx_word' id='word_1_427' title='bbox 2532 2433 2768 2502; x_wconf 85' lang='lat' dir='ltr'><strong>signant.</strong></span> <span class='ocrx_word' id='word_1_428' title='bbox 2798 2432 2916 2488; x_wconf 87' lang='lat' dir='ltr'><strong>Non</strong></span> <span class='ocrx_word' id='word_1_429' title='bbox 2945 2434 3090 2488; x_wconf 78' lang='lat' dir='ltr'><strong>ettim</strong></span> <span class='ocrx_word' id='word_1_430' title='bbox 3122 2435 3192 2488; x_wconf 91' lang='lat' dir='ltr'><strong>ita</strong></span> <span class='ocrx_word' id='word_1_431' title='bbox 3227 2436 3364 2490; x_wconf 81' lang='lat' dir='ltr'><strong>dixit</strong></span> 
     </span>
    </p>
   </div>
   <div class='ocr_carea' id='block_1_54' title="bbox 1761 2529 3364 2599">
    <p class='ocr_par' dir='ltr' id='par_1_54' title="bbox 1761 2529 3364 2599">
     <span class='ocr_line' id='line_1_54' title="bbox 1761 2529 3364 2599; baseline 0 -15"><span class='ocrx_word' id='word_1_432' title='bbox 1761 2529 2059 2598; x_wconf 81' lang='lat' dir='ltr'><strong>Apostolus</strong></span> <span class='ocrx_word' id='word_1_433' title='bbox 2085 2547 2097 2582; x_wconf 90' lang='lat'>:</span> <span class='ocrx_word' id='word_1_434' title='bbox 2135 2530 2212 2592; x_wconf 73' lang='lat' dir='ltr'><strong>Ex</strong></span> <span class='ocrx_word' id='word_1_435' title='bbox 2251 2531 2362 2584; x_wconf 92' lang='lat' dir='ltr'><strong>Deo</strong></span> <span class='ocrx_word' id='word_1_436' title='bbox 2393 2532 2596 2594; x_wconf 90' lang='lat' dir='ltr'><strong>omnia,</strong></span> <span class='ocrx_word' id='word_1_437' title='bbox 2631 2540 2685 2584; x_wconf 83' lang='lat' dir='ltr'><strong>et</strong></span> <span class='ocrx_word' id='word_1_438' title='bbox 2715 2545 2810 2599; x_wconf 92' lang='lat' dir='ltr'><strong>per</strong></span> <span class='ocrx_word' id='word_1_439' title='bbox 2837 2529 3032 2584; x_wconf 82' lang='lat' dir='ltr'><strong>Filium</strong></span> <span class='ocrx_word' id='word_1_440' title='bbox 3063 2530 3273 2596; x_wconf 86' lang='lat' dir='ltr'><strong>omnia;</strong></span> <span class='ocrx_word' id='word_1_441' title='bbox 3305 2540 3364 2585; x_wconf 92' lang='lat' dir='ltr'><strong>ut</strong></span> 
     </span>
    </p>
   </div>
   <div class='ocr_carea' id='block_1_55' title="bbox 1760 2621 3359 2691">
    <p class='ocr_par' dir='ltr' id='par_1_55' title="bbox 1760 2621 3359 2691">
     <span class='ocr_line' id='line_1_55' title="bbox 1760 2621 3359 2691; baseline 0 -15"><span class='ocrx_word' id='word_1_442' title='bbox 1760 2622 2122 2690; x_wconf 88' lang='lat' dir='ltr'><strong>separabilem</strong></span> <span class='ocrx_word' id='word_1_443' title='bbox 2173 2622 2530 2676; x_wconf 87' lang='lat' dir='ltr'><strong>substantiam</strong></span> <span class='ocrx_word' id='word_1_444' title='bbox 2579 2621 2754 2675; x_wconf 84' lang='lat' dir='ltr'><strong>Patris</strong></span> <span class='ocrx_word' id='word_1_445' title='bbox 2802 2621 3030 2691; x_wconf 86' lang='lat' dir='ltr'><strong>Filiique</strong></span> <span class='ocrx_word' id='word_1_446' title='bbox 3073 2621 3359 2691; x_wconf 82' lang='lat' dir='ltr'><strong>signaret:</strong></span> 
     </span>
    </p>
   </div>
   <div class='ocr_carea' id='block_1_56' title="bbox 1761 2712 3359 2783">
    <p class='ocr_par' dir='ltr' id='par_1_56' title="bbox 1761 2712 3359 2783">
     <span class='ocr_line' id='line_1_56' title="bbox 1761 2712 3359 2783; baseline 0 -15"><span class='ocrx_word' id='word_1_447' title='bbox 1761 2713 1856 2768; x_wconf 87' lang='lat' dir='ltr'><strong>scd</strong></span> <span class='ocrx_word' id='word_1_448' title='bbox 1902 2724 1958 2768; x_wconf 93' lang='lat' dir='ltr'><strong>ut</strong></span> <span class='ocrx_word' id='word_1_449' title='bbox 1991 2712 2356 2770; x_wconf 82' lang='lat' dir='ltr'><strong>inconlnsibili</strong></span> <span class='ocrx_word' id='word_1_450' title='bbox 2407 2713 2760 2769; x_wconf 89' lang='lat' dir='ltr'><strong>distinctione</strong></span> <span class='ocrx_word' id='word_1_451' title='bbox 2804 2713 2950 2783; x_wconf 88' lang='lat' dir='ltr'><strong>quod</strong></span> <span class='ocrx_word' id='word_1_452' title='bbox 2996 2713 3135 2767; x_wconf 89' lang='lat' dir='ltr'><strong>alius</strong></span> <span class='ocrx_word' id='word_1_453' title='bbox 3163 2713 3359 2783; x_wconf 43' lang='lat' dir='ltr'><strong>:Pater,</strong></span> 
     </span>
    </p>
   </div>
   <div class='ocr_carea' id='block_1_57' title="bbox 1759 2803 3362 2875">
    <p class='ocr_par' dir='ltr' id='par_1_57' title="bbox 1759 2803 3362 2875">
     <span class='ocr_line' id='line_1_57' title="bbox 1759 2803 3362 2875; baseline -0.001 -16"><span class='ocrx_word' id='word_1_454' title='bbox 1759 2805 1900 2860; x_wconf 89' lang='lat' dir='ltr'><strong>alius</strong></span> <span class='ocrx_word' id='word_1_455' title='bbox 1930 2806 2001 2861; x_wconf 90' lang='lat' dir='ltr'><strong>sit</strong></span> <span class='ocrx_word' id='word_1_456' title='bbox 2030 2805 2222 2871; x_wconf 89' lang='lat' dir='ltr'><strong>Filius,</strong></span> <span class='ocrx_word' id='word_1_457' title='bbox 2257 2805 2533 2861; x_wconf 82' lang='lat' dir='ltr'><strong>edoceret.</strong></span> <span class='ocrx_word' id='word_1_458' title='bbox 2567 2803 2682 2859; x_wconf 87' lang='lat' dir='ltr'><strong>Non</strong></span> <span class='ocrx_word' id='word_1_459' title='bbox 2712 2804 2873 2875; x_wconf 77' lang='lat' dir='ltr'><strong>igitur</strong></span> <span class='ocrx_word' id='word_1_460' title='bbox 2904 2813 3179 2874; x_wconf 85' lang='lat' dir='ltr'><strong>tamquam</strong></span> <span class='ocrx_word' id='word_1_461' title='bbox 3211 2819 3362 2859; x_wconf 90' lang='lat' dir='ltr'><strong>com-</strong></span> 
     </span>
    </p>
   </div>
   <div class='ocr_carea' id='block_1_58' title="bbox 1760 2897 3362 2971">
    <p class='ocr_par' dir='ltr' id='par_1_58' title="bbox 1760 2897 3362 2971">
     <span class='ocr_line' id='line_1_58' title="bbox 1760 2897 3362 2971; baseline -0.001 -17"><span class='ocrx_word' id='word_1_462' title='bbox 1760 2913 2065 2971; x_wconf 89' lang='lat' dir='ltr'><strong>pugnantes</strong></span> <span class='ocrx_word' id='word_1_463' title='bbox 2106 2900 2332 2971; x_wconf 62' lang='lat' dir='ltr'><strong>syllaba:</strong></span> <span class='ocrx_word' id='word_1_464' title='bbox 2377 2903 2491 2954; x_wconf 73' lang='lat' dir='ltr'><strong>istm</strong></span> <span class='ocrx_word' id='word_1_465' title='bbox 2514 2941 2529 2964; x_wconf 92' lang='lat'><strong>,</strong></span> <span class='ocrx_word' id='word_1_466' title='bbox 2559 2899 2652 2953; x_wconf 89' lang='lat' dir='ltr'><strong>sed</strong></span> <span class='ocrx_word' id='word_1_467' title='bbox 2686 2908 2961 2968; x_wconf 83' lang='lat' dir='ltr'><strong>tamquam</strong></span> <span class='ocrx_word' id='word_1_468' title='bbox 3007 2897 3172 2952; x_wconf 76' lang='lat' dir='ltr'><strong>socia:</strong></span> <span class='ocrx_word' id='word_1_469' title='bbox 3202 2906 3362 2966; x_wconf 86' lang='lat' dir='ltr'><strong>atque</strong></span> 
     </span>
    </p>
   </div>
   <div class='ocr_carea' id='block_1_59' title="bbox 1759 2989 3364 3058">
    <p class='ocr_par' dir='ltr' id='par_1_59' title="bbox 1759 2989 3364 3058">
     <span class='ocr_line' id='line_1_59' title="bbox 1759 2989 3364 3058; baseline -0.002 -13"><span class='ocrx_word' id='word_1_470' title='bbox 1759 2990 2062 3047; x_wconf 87' lang='lat' dir='ltr'><strong>concordes</strong></span> <span class='ocrx_word' id='word_1_471' title='bbox 2091 3000 2252 3055; x_wconf 88' lang='lat' dir='ltr'><strong>sunt;</strong></span> <span class='ocrx_word' id='word_1_472' title='bbox 2279 3000 2335 3044; x_wconf 90' lang='lat' dir='ltr'><strong>ut</strong></span> <span class='ocrx_word' id='word_1_473' title='bbox 2362 2991 2527 3044; x_wconf 90' lang='lat' dir='ltr'><strong>etiam</strong></span> <span class='ocrx_word' id='word_1_474' title='bbox 2557 2989 2648 3043; x_wconf 92' lang='lat' dir='ltr'><strong>uni</strong></span> <span class='ocrx_word' id='word_1_475' title='bbox 2672 3003 2818 3058; x_wconf 65' lang='lat' dir='ltr'><strong>saepe</strong></span> <span class='ocrx_word' id='word_1_476' title='bbox 2840 2989 3192 3053; x_wconf 89' lang='lat' dir='ltr'><strong>conveniant,</strong></span> <span class='ocrx_word' id='word_1_477' title='bbox 3221 2989 3364 3043; x_wconf 89' lang='lat' dir='ltr'><strong>sicut</strong></span> 
     </span>
    </p>
   </div>
   <div class='ocr_carea' id='block_1_60' title="bbox 1759 3080 3362 3154">
    <p class='ocr_par' dir='ltr' id='par_1_60' title="bbox 1759 3080 3362 3154">
     <span class='ocr_line' id='line_1_60' title="bbox 1759 3080 3362 3154; baseline -0.003 -15"><span class='ocrx_word' id='word_1_478' title='bbox 1759 3085 2021 3154; x_wconf 88' lang='lat' dir='ltr'><strong>scriptum</strong></span> <span class='ocrx_word' id='word_1_479' title='bbox 2069 3092 2153 3138; x_wconf 88' lang='lat' dir='ltr'><strong>est</strong></span> <span class='ocrx_word' id='word_1_480' title='bbox 2182 3103 2194 3136; x_wconf 84' lang='lat'><strong>:</strong></span> <span class='ocrx_word' id='word_1_481' title='bbox 2229 3083 2366 3151; x_wconf 84' lang='lat' dir='ltr'><strong>Quia</strong></span> <span class='ocrx_word' id='word_1_482' title='bbox 2399 3099 2460 3137; x_wconf 78' lang='lat' dir='ltr'><strong>ea:</strong></span> <span class='ocrx_word' id='word_1_483' title='bbox 2497 3082 2632 3154; x_wconf 87' lang='lat' dir='ltr'><strong>ipso,</strong></span> <span class='ocrx_word' id='word_1_484' title='bbox 2666 3091 2713 3135; x_wconf 83' lang='lat' dir='ltr'><strong>et</strong></span> <span class='ocrx_word' id='word_1_485' title='bbox 2751 3097 2842 3151; x_wconf 87' lang='lat' dir='ltr'><strong>per</strong></span> <span class='ocrx_word' id='word_1_486' title='bbox 2868 3082 3059 3151; x_wconf 88' lang='lat' dir='ltr'><strong>ipsum,</strong></span> <span class='ocrx_word' id='word_1_487' title='bbox 3091 3091 3137 3134; x_wconf 83' lang='lat' dir='ltr'><strong>et</strong></span> <span class='ocrx_word' id='word_1_488' title='bbox 3165 3081 3218 3134; x_wconf 91' lang='lat' dir='ltr'><strong>in</strong></span> <span class='ocrx_word' id='word_1_489' title='bbox 3248 3080 3362 3149; x_wconf 88' lang='lat' dir='ltr'><strong>ipso</strong></span> 
     </span>
    </p>
   </div>
   <div class='ocr_carea' id='block_1_61' title="bbox 97 3162 2541 3245">
    <p class='ocr_par' dir='ltr' id='par_1_61' title="bbox 97 3162 2541 3245">
     <span class='ocr_line' id='line_1_61' title="bbox 97 3162 2541 3245; baseline 0.006 -31"><span class='ocrx_word' id='word_1_490' title='bbox 97 3163 401 3231; x_wconf 75' lang='lat' dir='ltr'><strong>Apostolicum</strong></span> <span class='ocrx_word' id='word_1_491' title='bbox 423 3171 602 3226; x_wconf 88' lang='lat' dir='ltr'><strong>locum</strong></span> <span class='ocrx_word' id='word_1_492' title='bbox 629 3188 729 3242; x_wconf 84' lang='lat' dir='ltr'><strong>quo</strong></span> <span class='ocrx_word' id='word_1_493' title='bbox 769 3171 1022 3237; x_wconf 72' lang='lat' dir='ltr'><strong>hwretici,</strong></span> <span class='ocrx_word' id='word_1_494' title='bbox 1058 3181 1112 3225; x_wconf 89' lang='lat' dir='ltr'><strong>ut</strong></span> <span class='ocrx_word' id='word_1_495' title='bbox 1134 3172 1412 3226; x_wconf 81' lang='lat' dir='ltr'><strong>discrimen</strong></span> <span class='ocrx_word' id='word_1_496' title='bbox 1443 3172 1653 3225; x_wconf 86' lang='lat' dir='ltr'><strong>induce-</strong></span> <span class='ocrx_word' id='word_1_497' title='bbox 1681 3162 1726 3225; x_wconf 87' lang='lat' dir='ltr'><strong>C</strong></span> <span class='ocrx_word' id='word_1_498' title='bbox 1757 3187 1878 3231; x_wconf 88' lang='lat' dir='ltr'><strong>sunt</strong></span> <span class='ocrx_word' id='word_1_499' title='bbox 1906 3176 2078 3230; x_wconf 87' lang='lat' dir='ltr'><strong>omnia</strong></span> <span class='ocrx_word' id='word_1_500' title='bbox 2108 3175 2290 3243; x_wconf 86' lang='lat' dir='ltr'><strong>(Rom.</strong></span> <span class='ocrx_word' id='word_1_501' title='bbox 2325 3190 2399 3240; x_wconf 73' lang='lat' dir='ltr'><strong>st,</strong></span> <span class='ocrx_word' id='word_1_502' title='bbox 2429 3174 2541 3245; x_wconf 76' lang='grc'><strong>56).</strong></span> 
     </span>
    </p>
   </div>
   <div class='ocr_carea' id='block_1_62' title="bbox 153 3261 1653 3334">
    <p class='ocr_par' dir='ltr' id='par_1_62' title="bbox 153 3261 1653 3334">
     <span class='ocr_line' id='line_1_62' title="bbox 153 3261 1653 3334; baseline 0.003 -23"><span class='ocrx_word' id='word_1_503' title='bbox 153 3269 245 3313; x_wconf 84' lang='lat' dir='ltr'><strong>rent</strong></span> <span class='ocrx_word' id='word_1_504' title='bbox 272 3261 394 3317; x_wconf 87' lang='lat' dir='ltr'><strong>inter</strong></span> <span class='ocrx_word' id='word_1_505' title='bbox 431 3281 682 3334; x_wconf 77' lang='lat' dir='ltr'><strong>personas</strong></span> <span class='ocrx_word' id='word_1_506' title='bbox 733 3265 954 3329; x_wconf 86' lang='lat' dir='ltr'><strong>divinas,</strong></span> <span class='ocrx_word' id='word_1_507' title='bbox 988 3263 1351 3326; x_wconf 84' lang='lat' dir='ltr'><strong>abutebantur,</strong></span> <span class='ocrx_word' id='word_1_508' title='bbox 1395 3270 1653 3332; x_wconf 74' lang='lat' dir='ltr'><strong>exponit:</strong></span> 
     </span>
    </p>
   </div>
   <div class='ocr_carea' id='block_1_63' title="bbox 149 3354 1650 3429">
    <p class='ocr_par' dir='ltr' id='par_1_63' title="bbox 149 3354 1650 3429">
     <span class='ocr_line' id='line_1_63' title="bbox 149 3354 1650 3429; baseline 0.008 -27"><span class='ocrx_word' id='word_1_509' title='bbox 149 3360 189 3402; x_wconf 79' lang='lat' dir='ltr'><strong>ct</strong></span> <span class='ocrx_word' id='word_1_510' title='bbox 235 3354 486 3411; x_wconf 80' lang='lat' dir='ltr'><strong>declarata</strong></span> <span class='ocrx_word' id='word_1_511' title='bbox 537 3357 1299 3429; x_wconf 24' lang='lat' dir='ltr'><strong>licerelicre,interpretationis</strong></span> <span class='ocrx_word' id='word_1_512' title='bbox 1354 3357 1650 3429; x_wconf 84' lang='lat' dir='ltr'><strong>impietate,</strong></span> 
     </span>
    </p>
   </div>
   <div class='ocr_carea' id='block_1_64' title="bbox 147 3445 1652 3522">
    <p class='ocr_par' dir='ltr' id='par_1_64' title="bbox 147 3445 1652 3522">
     <span class='ocr_line' id='line_1_64' title="bbox 147 3445 1652 3522; baseline 0.005 -27"><span class='ocrx_word' id='word_1_513' title='bbox 147 3445 339 3501; x_wconf 85' lang='lat' dir='ltr'><strong>ostendit</strong></span> <span class='ocrx_word' id='word_1_514' title='bbox 359 3449 524 3515; x_wconf 84' lang='lat' dir='ltr'><strong>locum</strong></span> <span class='ocrx_word' id='word_1_515' title='bbox 548 3451 808 3521; x_wconf 81' lang='lat' dir='ltr'><strong>integrum</strong></span> <span class='ocrx_word' id='word_1_516' title='bbox 829 3449 891 3504; x_wconf 84' lang='lat' dir='ltr'><strong>de</strong></span> <span class='ocrx_word' id='word_1_517' title='bbox 913 3450 1130 3521; x_wconf 80' lang='lat' dir='ltr'><strong>singulis</strong></span> <span class='ocrx_word' id='word_1_518' title='bbox 1146 3451 1381 3522; x_wconf 83' lang='lat' dir='ltr'><strong>personis</strong></span> <span class='ocrx_word' id='word_1_519' title='bbox 1397 3461 1532 3505; x_wconf 86' lang='lat' dir='ltr'><strong>recte</strong></span> <span class='ocrx_word' id='word_1_520' title='bbox 1549 3451 1652 3503; x_wconf 87' lang='lat' dir='ltr'><strong>dici</strong></span> 
     </span>
    </p>
   </div>
   <div class='ocr_carea' id='block_1_65' title="bbox 146 3540 1648 3613">
    <p class='ocr_par' dir='ltr' id='par_1_65' title="bbox 146 3540 1648 3613">
     <span class='ocr_line' id='line_1_65' title="bbox 146 3540 1648 3613; baseline 0.003 -25"><span class='ocrx_word' id='word_1_521' title='bbox 146 3549 472 3604; x_wconf 83' lang='lat' dir='ltr'><strong>passe;quem</strong></span> <span class='ocrx_word' id='word_1_522' title='bbox 501 3551 683 3594; x_wconf 86' lang='lat' dir='ltr'><strong>tamen</strong></span> <span class='ocrx_word' id='word_1_523' title='bbox 715 3542 926 3610; x_wconf 86' lang='lat' dir='ltr'><strong>proprie</strong></span> <span class='ocrx_word' id='word_1_524' title='bbox 964 3541 1033 3594; x_wconf 68' lang='lat' dir='ltr'><strong>all</strong></span> <span class='ocrx_word' id='word_1_525' title='bbox 1071 3540 1267 3595; x_wconf 84' lang='lat' dir='ltr'><strong>Filium</strong></span> <span class='ocrx_word' id='word_1_526' title='bbox 1290 3543 1542 3613; x_wconf 86' lang='lat' dir='ltr'><strong>pertinere</strong></span> <span class='ocrx_word' id='word_1_527' title='bbox 1562 3557 1648 3594; x_wconf 87' lang='lat' dir='ltr'><strong>as-</strong></span> 
     </span>
    </p>
   </div>
   <div class='ocr_carea' id='block_1_66' title="bbox 142 3627 1650 3706">
    <p class='ocr_par' dir='ltr' id='par_1_66' title="bbox 142 3627 1650 3706">
     <span class='ocr_line' id='line_1_66' title="bbox 142 3627 1650 3706; baseline 0.007 -30"><span class='ocrx_word' id='word_1_528' title='bbox 142 3627 245 3681; x_wconf 87' lang='lat' dir='ltr'><strong>truit</strong></span> <span class='ocrx_word' id='word_1_529' title='bbox 273 3642 577 3703; x_wconf 78' lang='lat' dir='ltr'><strong>:postrento</strong></span> <span class='ocrx_word' id='word_1_530' title='bbox 624 3633 763 3702; x_wconf 86' lang='lat' dir='ltr'><strong>quod</strong></span> <span class='ocrx_word' id='word_1_531' title='bbox 797 3633 1151 3703; x_wconf 77' lang='lat' dir='ltr'><strong>afﬁrmaverat</strong></span> <span class='ocrx_word' id='word_1_532' title='bbox 1203 3636 1374 3688; x_wconf 88' lang='lat' dir='ltr'><strong>omnia</strong></span> <span class='ocrx_word' id='word_1_533' title='bbox 1414 3635 1650 3706; x_wconf 86' lang='lat' dir='ltr'><strong>ejusdem</strong></span> 
     </span>
    </p>
   </div>
   <div class='ocr_carea' id='block_1_67' title="bbox 145 3719 1650 3799">
    <p class='ocr_par' dir='ltr' id='par_1_67' title="bbox 145 3719 1650 3799">
     <span class='ocr_line' id='line_1_67' title="bbox 145 3719 1650 3799; baseline 0.008 -29"><span class='ocrx_word' id='word_1_534' title='bbox 145 3719 228 3772; x_wconf 87' lang='lat' dir='ltr'><strong>loci</strong></span> <span class='ocrx_word' id='word_1_535' title='bbox 253 3727 463 3780; x_wconf 85' lang='lat' dir='ltr'><strong>membra</strong></span> <span class='ocrx_word' id='word_1_536' title='bbox 511 3728 798 3796; x_wconf 76' lang='lat' dir='ltr'><strong>unicuique</strong></span> <span class='ocrx_word' id='word_1_537' title='bbox 852 3743 1088 3799; x_wconf 76' lang='lat' dir='ltr'><strong>persona:</strong></span> <span class='ocrx_word' id='word_1_538' title='bbox 1139 3730 1424 3793; x_wconf 87' lang='lat' dir='ltr'><strong>convenire,</strong></span> <span class='ocrx_word' id='word_1_539' title='bbox 1476 3729 1650 3782; x_wconf 88' lang='lat' dir='ltr'><strong>multis</strong></span> 
     </span>
    </p>
   </div>
   <div class='ocr_carea' id='block_1_68' title="bbox 145 3813 1646 3889">
    <p class='ocr_par' dir='ltr' id='par_1_68' title="bbox 145 3813 1646 3889">
     <span class='ocr_line' id='line_1_68' title="bbox 145 3813 1646 3889; baseline 0.005 -26"><span class='ocrx_word' id='word_1_540' title='bbox 145 3813 386 3882; x_wconf 79' lang='lat' dir='ltr'><strong>conﬁrmat</strong></span> <span class='ocrx_word' id='word_1_541' title='bbox 435 3819 745 3873; x_wconf 85' lang='lat' dir='ltr'><strong>testimoniis</strong></span> <span class='ocrx_word' id='word_1_542' title='bbox 777 3834 796 3872; x_wconf 90' lang='lat'><strong><em>:</em></strong></span> <span class='ocrx_word' id='word_1_543' title='bbox 824 3827 872 3871; x_wconf 87' lang='lat' dir='ltr'><strong>et</strong></span> <span class='ocrx_word' id='word_1_544' title='bbox 902 3834 961 3872; x_wconf 90' lang='lat' dir='ltr'><strong>eo</strong></span> <span class='ocrx_word' id='word_1_545' title='bbox 992 3819 1104 3887; x_wconf 82' lang='lat' dir='ltr'><strong>ipso</strong></span> <span class='ocrx_word' id='word_1_546' title='bbox 1155 3821 1294 3889; x_wconf 86' lang='lat' dir='ltr'><strong>quod</strong></span> <span class='ocrx_word' id='word_1_547' title='bbox 1325 3819 1476 3874; x_wconf 88' lang='lat' dir='ltr'><strong>Patri</strong></span> <span class='ocrx_word' id='word_1_548' title='bbox 1499 3835 1646 3872; x_wconf 89' lang='lat' dir='ltr'><strong>com-</strong></span> 
     </span>
    </p>
   </div>
   <div class='ocr_carea' id='block_1_69' title="bbox 144 3907 1650 3977">
    <p class='ocr_par' dir='ltr' id='par_1_69' title="bbox 144 3907 1650 3977">
     <span class='ocr_line' id='line_1_69' title="bbox 144 3907 1650 3977; baseline 0.003 -20"><span class='ocrx_word' id='word_1_549' title='bbox 144 3907 272 3972; x_wconf 85' lang='lat' dir='ltr'><strong>petit,</strong></span> <span class='ocrx_word' id='word_1_550' title='bbox 292 3919 344 3962; x_wconf 90' lang='lat' dir='ltr'><strong>ut</strong></span> <span class='ocrx_word' id='word_1_551' title='bbox 388 3911 597 3965; x_wconf 84' lang='lat' dir='ltr'><strong>dicatur</strong></span> <span class='ocrx_word' id='word_1_552' title='bbox 626 3925 690 3965; x_wconf 79' lang='lat' dir='ltr'><strong>ex</strong></span> <span class='ocrx_word' id='word_1_553' title='bbox 744 3911 838 3964; x_wconf 91' lang='lat' dir='ltr'><strong>illo</strong></span> <span class='ocrx_word' id='word_1_554' title='bbox 865 3911 1068 3977; x_wconf 88' lang='lat' dir='ltr'><strong>omnia,</strong></span> <span class='ocrx_word' id='word_1_555' title='bbox 1098 3911 1262 3965; x_wconf 83' lang='lat' dir='ltr'><strong>eidem</strong></span> <span class='ocrx_word' id='word_1_556' title='bbox 1311 3911 1466 3964; x_wconf 83' lang='lat' dir='ltr'><strong>etiam</strong></span> <span class='ocrx_word' id='word_1_557' title='bbox 1493 3909 1650 3962; x_wconf 87' lang='lat' dir='ltr'><strong>tribui</strong></span> 
     </span>
    </p>
   </div>
   <div class='ocr_carea' id='block_1_70' title="bbox 143 3995 1480 4076">
    <p class='ocr_par' dir='ltr' id='par_1_70' title="bbox 143 3995 1480 4076">
     <span class='ocr_line' id='line_1_70' title="bbox 143 3995 1480 4076; baseline 0.003 -23"><span class='ocrx_word' id='word_1_558' title='bbox 143 4016 271 4069; x_wconf 83' lang='lat' dir='ltr'><strong>posse</strong></span> <span class='ocrx_word' id='word_1_559' title='bbox 290 3995 382 4074; x_wconf 74' lang='lat' dir='ltr'><strong>per</strong></span> <span class='ocrx_word' id='word_1_560' title='bbox 408 4007 569 4061; x_wconf 90' lang='lat' dir='ltr'><strong>illum</strong></span> <span class='ocrx_word' id='word_1_561' title='bbox 600 4017 657 4062; x_wconf 91' lang='lat' dir='ltr'><strong>et</strong></span> <span class='ocrx_word' id='word_1_562' title='bbox 690 4009 739 4060; x_wconf 90' lang='lat' dir='ltr'><strong>in</strong></span> <span class='ocrx_word' id='word_1_563' title='bbox 772 4006 864 4060; x_wconf 91' lang='lat' dir='ltr'><strong>illo</strong></span> <span class='ocrx_word' id='word_1_564' title='bbox 895 4007 1076 4061; x_wconf 89' lang='lat' dir='ltr'><strong>omnia</strong></span> <span class='ocrx_word' id='word_1_565' title='bbox 1107 4007 1231 4060; x_wconf 88' lang='lat' dir='ltr'><strong>scite</strong></span> <span class='ocrx_word' id='word_1_566' title='bbox 1259 4006 1480 4076; x_wconf 83' lang='lat' dir='ltr'><strong>colligit.</strong></span> 
     </span>
    </p>
   </div>
   <div class='ocr_carea' id='block_1_71' title="bbox 143 4092 1648 4170">
    <p class='ocr_par' dir='ltr' id='par_1_71' title="bbox 143 4092 1648 4170">
     <span class='ocr_line' id='line_1_71' title="bbox 143 4092 1648 4170; baseline 0.002 -21"><span class='ocrx_word' id='word_1_567' title='bbox 143 4092 219 4148; x_wconf 80' lang='grc'><strong>85.</strong></span> <span class='ocrx_word' id='word_1_568' title='bbox 246 4096 481 4170; x_wconf 88' lang='lat' dir='ltr'><strong>Denique</strong></span> <span class='ocrx_word' id='word_1_569' title='bbox 507 4100 696 4155; x_wconf 86' lang='lat' dir='ltr'><strong>simile</strong></span> <span class='ocrx_word' id='word_1_570' title='bbox 723 4109 774 4154; x_wconf 89' lang='lat' dir='ltr'><strong>et</strong></span> <span class='ocrx_word' id='word_1_571' title='bbox 806 4101 938 4155; x_wconf 92' lang='lat' dir='ltr'><strong>illud</strong></span> <span class='ocrx_word' id='word_1_572' title='bbox 967 4109 1073 4167; x_wconf 91' lang='lat' dir='ltr'><strong>est,</strong></span> <span class='ocrx_word' id='word_1_573' title='bbox 1093 4098 1234 4166; x_wconf 84' lang='lat' dir='ltr'><strong>quod</strong></span> <span class='ocrx_word' id='word_1_574' title='bbox 1261 4101 1410 4153; x_wconf 89' lang='lat' dir='ltr'><strong>aiunt</strong></span> <span class='ocrx_word' id='word_1_575' title='bbox 1439 4099 1648 4152; x_wconf 88' lang='lat' dir='ltr'><strong>discre-</strong></span> 
     </span>
    </p>
   </div>
   <div class='ocr_carea' id='block_1_72' title="bbox 91 4179 1647 4263">
    <p class='ocr_par' dir='ltr' id='par_1_72' title="bbox 91 4179 1647 4263">
     <span class='ocr_line' id='line_1_72' title="bbox 91 4179 1647 4263; baseline 0.008 -31"><span class='ocrx_word' id='word_1_576' title='bbox 91 4179 254 4242; x_wconf 82' lang='lat' dir='ltr'><strong>tionem</strong></span> <span class='ocrx_word' id='word_1_577' title='bbox 279 4205 417 4257; x_wconf 86' lang='lat' dir='ltr'><strong>esse,</strong></span> <span class='ocrx_word' id='word_1_578' title='bbox 440 4195 574 4263; x_wconf 90' lang='lat' dir='ltr'><strong>quia</strong></span> <span class='ocrx_word' id='word_1_579' title='bbox 627 4194 889 4262; x_wconf 86' lang='lat' dir='ltr'><strong>scriptum</strong></span> <span class='ocrx_word' id='word_1_580' title='bbox 939 4204 1024 4248; x_wconf 90' lang='lat' dir='ltr'><strong>est</strong></span> <span class='ocrx_word' id='word_1_581' title='bbox 1059 4210 1072 4245; x_wconf 89' lang='lat'>:</span> <span class='ocrx_word' id='word_1_582' title='bbox 1104 4190 1270 4245; x_wconf 86' lang='lat' dir='ltr'><strong>Nobis</strong></span> <span class='ocrx_word' id='word_1_583' title='bbox 1295 4201 1466 4246; x_wconf 89' lang='lat' dir='ltr'><strong>autem</strong></span> <span class='ocrx_word' id='word_1_584' title='bbox 1513 4207 1647 4245; x_wconf 88' lang='lat' dir='ltr'><strong>unus</strong></span> 
     </span>
    </p>
   </div>
   <div class='ocr_carea' id='block_1_73' title="bbox 90 4272 1646 4357">
    <p class='ocr_par' dir='ltr' id='par_1_73' title="bbox 90 4272 1646 4357">
     <span class='ocr_line' id='line_1_73' title="bbox 90 4272 1646 4357; baseline 0.008 -33"><span class='ocrx_word' id='word_1_585' title='bbox 90 4272 202 4331; x_wconf 84' lang='lat' dir='ltr'><strong>Dens</strong></span> <span class='ocrx_word' id='word_1_586' title='bbox 222 4279 384 4351; x_wconf 83' lang='lat' dir='ltr'><strong>Pater,</strong></span> <span class='ocrx_word' id='word_1_587' title='bbox 418 4302 481 4340; x_wconf 83' lang='lat' dir='ltr'><strong>ea:</strong></span> <span class='ocrx_word' id='word_1_588' title='bbox 508 4302 615 4357; x_wconf 84' lang='lat' dir='ltr'><strong>quo</strong></span> <span class='ocrx_word' id='word_1_589' title='bbox 665 4287 859 4352; x_wconf 89' lang='lat' dir='ltr'><strong>omnia,</strong></span> <span class='ocrx_word' id='word_1_590' title='bbox 905 4296 951 4340; x_wconf 90' lang='lat' dir='ltr'><strong>et</strong></span> <span class='ocrx_word' id='word_1_591' title='bbox 987 4302 1079 4339; x_wconf 89' lang='lat' dir='ltr'><strong>nos</strong></span> <span class='ocrx_word' id='word_1_592' title='bbox 1121 4286 1173 4338; x_wconf 91' lang='lat' dir='ltr'><strong>in</strong></span> <span class='ocrx_word' id='word_1_593' title='bbox 1196 4285 1343 4338; x_wconf 89' lang='lat' dir='ltr'><strong>illum</strong></span> <span class='ocrx_word' id='word_1_594' title='bbox 1387 4301 1405 4337; x_wconf 87' lang='lat'><strong><em>:</em></strong></span> <span class='ocrx_word' id='word_1_595' title='bbox 1437 4293 1487 4338; x_wconf 89' lang='lat' dir='ltr'><strong>et</strong></span> <span class='ocrx_word' id='word_1_596' title='bbox 1516 4300 1646 4337; x_wconf 88' lang='lat' dir='ltr'><strong>unus</strong></span> 
     </span>
    </p>
   </div>
   <div class='ocr_carea' id='block_1_74' title="bbox 92 4362 1647 4449">
    <p class='ocr_par' dir='ltr' id='par_1_74' title="bbox 92 4362 1647 4449">
     <span class='ocr_line' id='line_1_74' title="bbox 92 4362 1647 4449; baseline 0.011 -34"><span class='ocrx_word' id='word_1_597' title='bbox 92 4362 304 4427; x_wconf 84' lang='lat' dir='ltr'><strong>Dominus</strong></span> <span class='ocrx_word' id='word_1_598' title='bbox 349 4377 504 4431; x_wconf 79' lang='lat' dir='ltr'><strong>Jesus</strong></span> <span class='ocrx_word' id='word_1_599' title='bbox 533 4377 768 4433; x_wconf 85' lang='lat' dir='ltr'><strong>Christus</strong></span> <span class='ocrx_word' id='word_1_600' title='bbox 818 4395 908 4449; x_wconf 89' lang='lat' dir='ltr'><strong>per</strong></span> <span class='ocrx_word' id='word_1_601' title='bbox 936 4395 1085 4446; x_wconf 85' lang='lat' dir='ltr'><strong>quem</strong></span> <span class='ocrx_word' id='word_1_602' title='bbox 1130 4380 1325 4445; x_wconf 86' lang='lat' dir='ltr'><strong>omnia,</strong></span> <span class='ocrx_word' id='word_1_603' title='bbox 1356 4388 1403 4431; x_wconf 90' lang='lat' dir='ltr'><strong>et</strong></span> <span class='ocrx_word' id='word_1_604' title='bbox 1434 4395 1527 4431; x_wconf 88' lang='lat' dir='ltr'><strong>nos</strong></span> <span class='ocrx_word' id='word_1_605' title='bbox 1554 4395 1647 4448; x_wconf 89' lang='lat' dir='ltr'><strong>per</strong></span> 
     </span>
    </p>
   </div>
   <div class='ocr_carea' id='block_1_75' title="bbox 89 4455 1646 4540">
    <p class='ocr_par' dir='ltr' id='par_1_75' title="bbox 89 4455 1646 4540">
     <span class='ocr_line' id='line_1_75' title="bbox 89 4455 1646 4540; baseline 0.002 -17"><span class='ocrx_word' id='word_1_606' title='bbox 89 4455 224 4523; x_wconf 74' lang='grc' dir='ltr'>ίνιιιηι</span> <span class='ocrx_word' id='word_1_607' title='bbox 248 4466 289 4537; x_wconf 89' lang='grc'><strong>(1</strong></span> <span class='ocrx_word' id='word_1_608' title='bbox 333 4467 454 4524; x_wconf 88' lang='lat' dir='ltr'><strong>Cor.</strong></span> <span class='ocrx_word' id='word_1_609' title='bbox 486 4486 549 4536; x_wconf 89' lang='lat' dir='ltr'><strong>tt,</strong></span> <span class='ocrx_word' id='word_1_610' title='bbox 581 4471 660 4540; x_wconf 81' lang='lat' dir='ltr'><strong>ti).</strong></span> <span class='ocrx_word' id='word_1_611' title='bbox 696 4469 894 4526; x_wconf 85' lang='lat' dir='ltr'><strong>Volunt</strong></span> <span class='ocrx_word' id='word_1_612' title='bbox 945 4470 1089 4526; x_wconf 88' lang='lat' dir='ltr'><strong>enim</strong></span> <span class='ocrx_word' id='word_1_613' title='bbox 1147 4486 1270 4525; x_wconf 90' lang='lat' dir='ltr'><strong>cum</strong></span> <span class='ocrx_word' id='word_1_614' title='bbox 1327 4471 1546 4536; x_wconf 89' lang='lat' dir='ltr'><strong>dicitur,</strong></span> <span class='ocrx_word' id='word_1_615' title='bbox 1582 4487 1646 4526; x_wconf 81' lang='lat' dir='ltr'><strong>ea:</strong></span> 
     </span>
    </p>
   </div>
   <div class='ocr_carea' id='block_1_76' title="bbox 1829 3265 3359 3335">
    <p class='ocr_par' dir='ltr' id='par_1_76' title="bbox 1829 3265 3359 3335">
     <span class='ocr_line' id='line_1_76' title="bbox 1829 3265 3359 3335; baseline -0.003 -12"><span class='ocrx_word' id='word_1_616' title='bbox 1829 3267 1919 3323; x_wconf 88' lang='lat'><strong>90.</strong></span> <span class='ocrx_word' id='word_1_617' title='bbox 1963 3267 2116 3335; x_wconf 86' lang='lat' dir='ltr'><strong>Quod</strong></span> <span class='ocrx_word' id='word_1_618' title='bbox 2149 3268 2192 3321; x_wconf 84' lang='lat' dir='ltr'><strong>si</strong></span> <span class='ocrx_word' id='word_1_619' title='bbox 2222 3281 2350 3320; x_wconf 91' lang='lat' dir='ltr'><strong>vere</strong></span> <span class='ocrx_word' id='word_1_620' title='bbox 2379 3267 2694 3321; x_wconf 86' lang='lat' dir='ltr'><strong>consideres</strong></span> <span class='ocrx_word' id='word_1_621' title='bbox 2727 3265 2868 3321; x_wconf 88' lang='lat' dir='ltr'><strong>unde</strong></span> <span class='ocrx_word' id='word_1_622' title='bbox 2902 3265 3220 3322; x_wconf 89' lang='lat' dir='ltr'><strong>translatum</strong></span> <span class='ocrx_word' id='word_1_623' title='bbox 3265 3265 3359 3330; x_wconf 86' lang='lat' dir='ltr'><strong>sit,</strong></span> 
     </span>
    </p>
   </div>
   <div class='ocr_carea' id='block_1_77' title="bbox 1756 3359 3352 3428">
    <p class='ocr_par' dir='ltr' id='par_1_77' title="bbox 1756 3359 3352 3428">
     <span class='ocr_line' id='line_1_77' title="bbox 1756 3359 3352 3428; baseline -0.001 -14"><span class='ocrx_word' id='word_1_624' title='bbox 1756 3359 1822 3415; x_wconf 90' lang='lat' dir='ltr'><strong>de</strong></span> <span class='ocrx_word' id='word_1_625' title='bbox 1855 3359 1992 3414; x_wconf 83' lang='lat' dir='ltr'><strong>Filio</strong></span> <span class='ocrx_word' id='word_1_626' title='bbox 2023 3359 2226 3414; x_wconf 82' lang='lat' dir='ltr'><strong>dietum</strong></span> <span class='ocrx_word' id='word_1_627' title='bbox 2258 3373 2380 3413; x_wconf 81' lang='lat' dir='ltr'><strong>esse</strong></span> <span class='ocrx_word' id='word_1_628' title='bbox 2412 3375 2516 3413; x_wconf 91' lang='lat' dir='ltr'><strong>non</strong></span> <span class='ocrx_word' id='word_1_629' title='bbox 2547 3359 2810 3427; x_wconf 81' lang='lat' dir='ltr'><strong>ambiges.</strong></span> <span class='ocrx_word' id='word_1_630' title='bbox 2845 3359 2983 3413; x_wconf 89' lang='lat' dir='ltr'><strong>Dicit</strong></span> <span class='ocrx_word' id='word_1_631' title='bbox 3011 3360 3155 3414; x_wconf 90' lang='lat' dir='ltr'><strong>enim</strong></span> <span class='ocrx_word' id='word_1_632' title='bbox 3205 3359 3352 3428; x_wconf 83' lang='lat' dir='ltr'><strong>Apo-</strong></span> 
     </span>
    </p>
   </div>
   <div class='ocr_carea' id='block_1_78' title="bbox 1755 3452 3361 3524">
    <p class='ocr_par' dir='ltr' id='par_1_78' title="bbox 1755 3452 3361 3524">
     <span class='ocr_line' id='line_1_78' title="bbox 1755 3452 3361 3524; baseline -0.001 -16"><span class='ocrx_word' id='word_1_633' title='bbox 1755 3453 1928 3508; x_wconf 90' lang='lat' dir='ltr'><strong>stolus</strong></span> <span class='ocrx_word' id='word_1_634' title='bbox 1973 3453 2270 3508; x_wconf 90' lang='lat' dir='ltr'><strong>secundum</strong></span> <span class='ocrx_word' id='word_1_635' title='bbox 2321 3452 2663 3522; x_wconf 84' lang='lat' dir='ltr'><strong>prophetiam</strong></span> <span class='ocrx_word' id='word_1_636' title='bbox 2700 3453 2874 3507; x_wconf 76' lang='lat' dir='ltr'><strong>Esaia:</strong></span> <span class='ocrx_word' id='word_1_637' title='bbox 2905 3472 2918 3506; x_wconf 89' lang='lat'><strong>:</strong></span> <span class='ocrx_word' id='word_1_638' title='bbox 2956 3454 3083 3520; x_wconf 85' lang='lat' dir='ltr'><strong>Quis</strong></span> <span class='ocrx_word' id='word_1_639' title='bbox 3122 3455 3361 3524; x_wconf 80' lang='lat' dir='ltr'><strong>cognorit</strong></span> 
     </span>
    </p>
   </div>
   <div class='ocr_carea' id='block_1_79' title="bbox 1753 3541 3356 3615">
    <p class='ocr_par' dir='ltr' id='par_1_79' title="bbox 1753 3541 3356 3615">
     <span class='ocr_line' id='line_1_79' title="bbox 1753 3541 3356 3615; baseline -0.001 -16"><span class='ocrx_word' id='word_1_640' title='bbox 1753 3561 1962 3599; x_wconf 85' lang='lat' dir='ltr'><strong>sensum</strong></span> <span class='ocrx_word' id='word_1_641' title='bbox 1997 3544 2225 3609; x_wconf 87' lang='lat' dir='ltr'><strong>Domini,</strong></span> <span class='ocrx_word' id='word_1_642' title='bbox 2264 3556 2351 3598; x_wconf 85' lang='lat' dir='ltr'><strong>aut</strong></span> <span class='ocrx_word' id='word_1_643' title='bbox 2395 3546 2507 3615; x_wconf 88' lang='lat' dir='ltr'><strong>quis</strong></span> <span class='ocrx_word' id='word_1_644' title='bbox 2548 3544 2878 3596; x_wconf 79' lang='lat' dir='ltr'><strong>consiliarius</strong></span> <span class='ocrx_word' id='word_1_645' title='bbox 2903 3547 3017 3614; x_wconf 88' lang='lat' dir='ltr'><strong>ejus</strong></span> <span class='ocrx_word' id='word_1_646' title='bbox 3049 3546 3148 3613; x_wconf 75' lang='lat' dir='ltr'><strong>fuit</strong></span> <span class='ocrx_word' id='word_1_647' title='bbox 3185 3541 3356 3612; x_wconf 59' lang='grc' dir='ltr'><strong>(Επεὶ.</strong></span> 
     </span>
    </p>
   </div>
   <div class='ocr_carea' id='block_1_80' title="bbox 1753 3635 3358 3706">
    <p class='ocr_par' dir='ltr' id='par_1_80' title="bbox 1753 3635 3358 3706">
     <span class='ocr_line' id='line_1_80' title="bbox 1753 3635 3358 3706; baseline -0.002 -16"><span class='ocrx_word' id='word_1_648' title='bbox 1753 3652 1845 3700; x_wconf 65' lang='grc' dir='ltr'><strong>ιι..</strong></span> <span class='ocrx_word' id='word_1_649' title='bbox 1881 3635 2008 3706; x_wconf 78' lang='lat' dir='ltr'><strong>l3)?</strong></span> <span class='ocrx_word' id='word_1_650' title='bbox 2036 3638 2102 3690; x_wconf 85' lang='lat' dir='ltr'><strong>Et</strong></span> <span class='ocrx_word' id='word_1_651' title='bbox 2127 3636 2335 3690; x_wconf 87' lang='lat' dir='ltr'><strong>addidit</strong></span> <span class='ocrx_word' id='word_1_652' title='bbox 2362 3654 2374 3688; x_wconf 92' lang='lat'>:</span> <span class='ocrx_word' id='word_1_653' title='bbox 2409 3636 2543 3700; x_wconf 84' lang='lat' dir='ltr'><strong>Quia</strong></span> <span class='ocrx_word' id='word_1_654' title='bbox 2567 3653 2631 3690; x_wconf 79' lang='lat' dir='ltr'><strong>ea:</strong></span> <span class='ocrx_word' id='word_1_655' title='bbox 2659 3637 2795 3704; x_wconf 88' lang='lat' dir='ltr'><strong>ipso,</strong></span> <span class='ocrx_word' id='word_1_656' title='bbox 2822 3645 2868 3688; x_wconf 90' lang='lat' dir='ltr'><strong>et</strong></span> <span class='ocrx_word' id='word_1_657' title='bbox 2893 3652 2983 3704; x_wconf 88' lang='lat' dir='ltr'><strong>per</strong></span> <span class='ocrx_word' id='word_1_658' title='bbox 3004 3636 3194 3705; x_wconf 83' lang='lat' dir='ltr'><strong>ipsum,</strong></span> <span class='ocrx_word' id='word_1_659' title='bbox 3227 3645 3273 3688; x_wconf 87' lang='lat' dir='ltr'><strong>et</strong></span> <span class='ocrx_word' id='word_1_660' title='bbox 3304 3637 3358 3688; x_wconf 90' lang='lat' dir='ltr'><strong>in</strong></span> 
     </span>
    </p>
   </div>
   <div class='ocr_carea' id='block_1_81' title="bbox 1753 3725 3355 3799">
    <p class='ocr_par' dir='ltr' id='par_1_81' title="bbox 1753 3725 3355 3799">
     <span class='ocr_line' id='line_1_81' title="bbox 1753 3725 3355 3799; baseline -0.002 -18"><span class='ocrx_word' id='word_1_661' title='bbox 1753 3730 1866 3799; x_wconf 88' lang='lat' dir='ltr'><strong>ipso</strong></span> <span class='ocrx_word' id='word_1_662' title='bbox 1911 3738 2029 3781; x_wconf 88' lang='lat' dir='ltr'><strong>sunt</strong></span> <span class='ocrx_word' id='word_1_663' title='bbox 2069 3729 2262 3782; x_wconf 88' lang='lat' dir='ltr'><strong>onmia.</strong></span> <span class='ocrx_word' id='word_1_664' title='bbox 2293 3728 2444 3792; x_wconf 85' lang='lat' dir='ltr'><strong>Quod</strong></span> <span class='ocrx_word' id='word_1_665' title='bbox 2479 3727 2518 3780; x_wconf 86' lang='lat' dir='ltr'><strong>E</strong></span> <span class='ocrx_word' id='word_1_666' title='bbox 2557 3727 2669 3780; x_wconf 53' lang='lat' dir='ltr'><strong>nias</strong></span> <span class='ocrx_word' id='word_1_667' title='bbox 2698 3727 2764 3780; x_wconf 90' lang='lat' dir='ltr'><strong>de</strong></span> <span class='ocrx_word' id='word_1_668' title='bbox 2793 3736 3081 3795; x_wconf 89' lang='lat' dir='ltr'><strong>operatore</strong></span> <span class='ocrx_word' id='word_1_669' title='bbox 3115 3725 3355 3778; x_wconf 92' lang='lat' dir='ltr'><strong>omnium</strong></span> 
     </span>
    </p>
   </div>
   <div class='ocr_carea' id='block_1_82' title="bbox 1751 3820 3357 3888">
    <p class='ocr_par' dir='ltr' id='par_1_82' title="bbox 1751 3820 3357 3888">
     <span class='ocr_line' id='line_1_82' title="bbox 1751 3820 3357 3888; baseline -0.002 -12"><span class='ocrx_word' id='word_1_670' title='bbox 1751 3822 1908 3886; x_wconf 81' lang='lat' dir='ltr'><strong>dixit,</strong></span> <span class='ocrx_word' id='word_1_671' title='bbox 1939 3821 2082 3876; x_wconf 89' lang='lat' dir='ltr'><strong>sicut</strong></span> <span class='ocrx_word' id='word_1_672' title='bbox 2113 3821 2281 3876; x_wconf 89' lang='lat' dir='ltr'><strong>babes</strong></span> <span class='ocrx_word' id='word_1_673' title='bbox 2309 3838 2321 3873; x_wconf 91' lang='lat'><strong>:</strong></span> <span class='ocrx_word' id='word_1_674' title='bbox 2359 3820 2486 3884; x_wconf 86' lang='lat' dir='ltr'><strong>Quis</strong></span> <span class='ocrx_word' id='word_1_675' title='bbox 2528 3837 2733 3874; x_wconf 85' lang='lat' dir='ltr'><strong>mensus</strong></span> <span class='ocrx_word' id='word_1_676' title='bbox 2773 3831 2845 3873; x_wconf 88' lang='lat' dir='ltr'><strong>est</strong></span> <span class='ocrx_word' id='word_1_677' title='bbox 2886 3836 3039 3872; x_wconf 87' lang='lat' dir='ltr'><strong>manu</strong></span> <span class='ocrx_word' id='word_1_678' title='bbox 3065 3835 3277 3888; x_wconf 85' lang='lat' dir='ltr'><strong>aquam,</strong></span> <span class='ocrx_word' id='word_1_679' title='bbox 3311 3833 3357 3873; x_wconf 86' lang='lat' dir='ltr'><strong>et</strong></span> 
     </span>
    </p>
   </div>
   <div class='ocr_carea' id='block_1_83' title="bbox 1751 3911 3358 3981">
    <p class='ocr_par' dir='ltr' id='par_1_83' title="bbox 1751 3911 3358 3981">
     <span class='ocr_line' id='line_1_83' title="bbox 1751 3911 3358 3981; baseline 0.001 -16"><span class='ocrx_word' id='word_1_680' title='bbox 1751 3913 1931 3966; x_wconf 74' lang='lat' dir='ltr'><strong>coelum</strong></span> <span class='ocrx_word' id='word_1_681' title='bbox 1961 3911 2154 3981; x_wconf 86' lang='lat' dir='ltr'><strong>palmo,</strong></span> <span class='ocrx_word' id='word_1_682' title='bbox 2178 3922 2225 3965; x_wconf 89' lang='lat' dir='ltr'><strong>et</strong></span> <span class='ocrx_word' id='word_1_683' title='bbox 2253 3913 2540 3966; x_wconf 88' lang='lat' dir='ltr'><strong>universam</strong></span> <span class='ocrx_word' id='word_1_684' title='bbox 2571 3921 2758 3966; x_wconf 88' lang='lat' dir='ltr'><strong>terram</strong></span> <span class='ocrx_word' id='word_1_685' title='bbox 2801 3912 2979 3965; x_wconf 88' lang='lat' dir='ltr'><strong>clausa</strong></span> <span class='ocrx_word' id='word_1_686' title='bbox 3001 3913 3193 3966; x_wconf 85' lang='lat' dir='ltr'><strong>manu?</strong></span> <span class='ocrx_word' id='word_1_687' title='bbox 3227 3912 3358 3980; x_wconf 87' lang='lat' dir='ltr'><strong>Quis</strong></span> 
     </span>
    </p>
   </div>
   <div class='ocr_carea' id='block_1_84' title="bbox 1751 4005 3357 4078">
    <p class='ocr_par' dir='ltr' id='par_1_84' title="bbox 1751 4005 3357 4078">
     <span class='ocr_line' id='line_1_84' title="bbox 1751 4005 3357 4078; baseline 0.002 -20"><span class='ocrx_word' id='word_1_688' title='bbox 1751 4005 1926 4058; x_wconf 86' lang='lat' dir='ltr'><strong>statuit</strong></span> <span class='ocrx_word' id='word_1_689' title='bbox 1954 4015 2148 4059; x_wconf 86' lang='lat' dir='ltr'><strong>montes</strong></span> <span class='ocrx_word' id='word_1_690' title='bbox 2172 4006 2226 4058; x_wconf 90' lang='lat' dir='ltr'><strong>in</strong></span> <span class='ocrx_word' id='word_1_691' title='bbox 2247 4005 2401 4069; x_wconf 84' lang='lat' dir='ltr'><strong>libra,</strong></span> <span class='ocrx_word' id='word_1_692' title='bbox 2427 4014 2474 4058; x_wconf 90' lang='lat' dir='ltr'><strong>et</strong></span> <span class='ocrx_word' id='word_1_693' title='bbox 2495 4020 2650 4072; x_wconf 83' lang='lat' dir='ltr'><strong>rupes</strong></span> <span class='ocrx_word' id='word_1_694' title='bbox 2671 4005 2723 4056; x_wconf 90' lang='lat' dir='ltr'><strong>in</strong></span> <span class='ocrx_word' id='word_1_695' title='bbox 2745 4012 2931 4056; x_wconf 83' lang='lat' dir='ltr'><strong>statera</strong></span> <span class='ocrx_word' id='word_1_696' title='bbox 2951 4005 2978 4056; x_wconf 71' lang='lat'><strong>.9</strong></span> <span class='ocrx_word' id='word_1_697' title='bbox 3009 4005 3138 4072; x_wconf 89' lang='lat' dir='ltr'><strong>Quis</strong></span> <span class='ocrx_word' id='word_1_698' title='bbox 3165 4022 3357 4078; x_wconf 86' lang='lat' dir='ltr'><strong>cogno-</strong></span> 
     </span>
    </p>
   </div>
   <div class='ocr_carea' id='block_1_85' title="bbox 1753 4093 3355 4168">
    <p class='ocr_par' dir='ltr' id='par_1_85' title="bbox 1753 4093 3355 4168">
     <span class='ocr_line' id='line_1_85' title="bbox 1753 4093 3355 4168; baseline 0.001 -17"><span class='ocrx_word' id='word_1_699' title='bbox 1753 4098 1819 4151; x_wconf 88' lang='lat' dir='ltr'><strong>vit</strong></span> <span class='ocrx_word' id='word_1_700' title='bbox 1870 4113 2074 4151; x_wconf 86' lang='lat' dir='ltr'><strong>sensum</strong></span> <span class='ocrx_word' id='word_1_701' title='bbox 2119 4093 2366 4156; x_wconf 87' lang='lat' dir='ltr'><strong>Domini,</strong></span> <span class='ocrx_word' id='word_1_702' title='bbox 2422 4105 2509 4147; x_wconf 85' lang='lat' dir='ltr'><strong>aut</strong></span> <span class='ocrx_word' id='word_1_703' title='bbox 2558 4095 2672 4164; x_wconf 85' lang='lat' dir='ltr'><strong>quis</strong></span> <span class='ocrx_word' id='word_1_704' title='bbox 2719 4094 3052 4148; x_wconf 77' lang='lat' dir='ltr'><strong>consiliarius</strong></span> <span class='ocrx_word' id='word_1_705' title='bbox 3102 4099 3212 4166; x_wconf 85' lang='lat' dir='ltr'><strong>ejus</strong></span> <span class='ocrx_word' id='word_1_706' title='bbox 3257 4099 3355 4168; x_wconf 76' lang='lat' dir='ltr'><strong>fuit</strong></span> 
     </span>
    </p>
   </div>
   <div class='ocr_carea' id='block_1_86' title="bbox 1751 4189 2201 4262">
    <p class='ocr_par' dir='ltr' id='par_1_86' title="bbox 1751 4189 2201 4262">
     <span class='ocr_line' id='line_1_86' title="bbox 1751 4189 2201 4262; baseline 0 -20"><span class='ocrx_word' id='word_1_707' title='bbox 1751 4189 1924 4262; x_wconf 81' lang='lat' dir='ltr'><strong>(Esai.</strong></span> <span class='ocrx_word' id='word_1_708' title='bbox 1954 4206 2042 4256; x_wconf 71' lang='lat' dir='ltr'><strong>XL,</strong></span> <span class='ocrx_word' id='word_1_709' title='bbox 2073 4190 2201 4260; x_wconf 69' lang='lat'><strong>12)?</strong></span> 
     </span>
    </p>
   </div>
   <div class='ocr_carea' id='block_1_87' title="bbox 1819 4281 3355 4354">
    <p class='ocr_par' dir='ltr' id='par_1_87' title="bbox 1819 4281 3355 4354">
     <span class='ocr_line' id='line_1_87' title="bbox 1819 4281 3355 4354; baseline -0.001 -16"><span class='ocrx_word' id='word_1_710' title='bbox 1819 4283 1912 4338; x_wconf 88' lang='lat'><strong>9|.</strong></span> <span class='ocrx_word' id='word_1_711' title='bbox 1956 4283 2021 4337; x_wconf 87' lang='lat' dir='ltr'><strong>Et</strong></span> <span class='ocrx_word' id='word_1_712' title='bbox 2050 4283 2260 4337; x_wconf 88' lang='lat' dir='ltr'><strong>addidit</strong></span> <span class='ocrx_word' id='word_1_713' title='bbox 2283 4283 2576 4353; x_wconf 83' lang='lat' dir='ltr'><strong>Apostolus</strong></span> <span class='ocrx_word' id='word_1_714' title='bbox 2602 4300 2614 4335; x_wconf 89' lang='lat'>:</span> <span class='ocrx_word' id='word_1_715' title='bbox 2649 4281 2905 4348; x_wconf 82' lang='lat' dir='ltr'><strong>Quoniam</strong></span> <span class='ocrx_word' id='word_1_716' title='bbox 2937 4298 3000 4336; x_wconf 74' lang='lat' dir='ltr'><strong>ea:</strong></span> <span class='ocrx_word' id='word_1_717' title='bbox 3029 4285 3163 4353; x_wconf 87' lang='lat' dir='ltr'><strong>ipso,</strong></span> <span class='ocrx_word' id='word_1_718' title='bbox 3189 4293 3236 4337; x_wconf 87' lang='lat' dir='ltr'><strong>et</strong></span> <span class='ocrx_word' id='word_1_719' title='bbox 3265 4301 3355 4354; x_wconf 78' lang='lat' dir='ltr'><strong>per</strong></span> 
     </span>
    </p>
   </div>
   <div class='ocr_carea' id='block_1_88' title="bbox 1748 4375 3353 4448">
    <p class='ocr_par' dir='ltr' id='par_1_88' title="bbox 1748 4375 3353 4448">
     <span class='ocr_line' id='line_1_88' title="bbox 1748 4375 3353 4448; baseline 0.001 -18"><span class='ocrx_word' id='word_1_720' title='bbox 1748 4377 1941 4448; x_wconf 88' lang='lat' dir='ltr'><strong>ipsum,</strong></span> <span class='ocrx_word' id='word_1_721' title='bbox 1973 4387 2018 4431; x_wconf 90' lang='lat' dir='ltr'><strong>et</strong></span> <span class='ocrx_word' id='word_1_722' title='bbox 2047 4380 2100 4430; x_wconf 89' lang='lat' dir='ltr'><strong>in</strong></span> <span class='ocrx_word' id='word_1_723' title='bbox 2130 4378 2243 4447; x_wconf 87' lang='lat' dir='ltr'><strong>ipso</strong></span> <span class='ocrx_word' id='word_1_724' title='bbox 2269 4387 2385 4431; x_wconf 89' lang='lat' dir='ltr'><strong>sunt</strong></span> <span class='ocrx_word' id='word_1_725' title='bbox 2416 4378 2607 4431; x_wconf 87' lang='lat' dir='ltr'><strong>omnia.</strong></span> <span class='ocrx_word' id='word_1_726' title='bbox 2633 4375 2773 4444; x_wconf 86' lang='lat' dir='ltr'><strong>Quid</strong></span> <span class='ocrx_word' id='word_1_727' title='bbox 2805 4387 2910 4441; x_wconf 89' lang='lat' dir='ltr'><strong>est,</strong></span> <span class='ocrx_word' id='word_1_728' title='bbox 2937 4393 3000 4430; x_wconf 82' lang='lat' dir='ltr'><strong>ea:</strong></span> <span class='ocrx_word' id='word_1_729' title='bbox 3027 4376 3178 4446; x_wconf 81' lang='lat' dir='ltr'><strong>ipso?</strong></span> <span class='ocrx_word' id='word_1_730' title='bbox 3199 4375 3353 4443; x_wconf 85' lang='lat' dir='ltr'><strong>Quod</strong></span> 
     </span>
    </p>
   </div>
   <div class='ocr_carea' id='block_1_89' title="bbox 1748 4469 3356 4541">
    <p class='ocr_par' dir='ltr' id='par_1_89' title="bbox 1748 4469 3356 4541">
     <span class='ocr_line' id='line_1_89' title="bbox 1748 4469 3356 4541; baseline -0.001 -15"><span class='ocrx_word' id='word_1_731' title='bbox 1748 4486 1814 4526; x_wconf 77' lang='lat' dir='ltr'><strong>ex</strong></span> <span class='ocrx_word' id='word_1_732' title='bbox 1849 4470 2019 4541; x_wconf 89' lang='lat' dir='ltr'><strong>ipsius</strong></span> <span class='ocrx_word' id='word_1_733' title='bbox 2047 4473 2327 4527; x_wconf 77' lang='lat' dir='ltr'><strong>voluntate</strong></span> <span class='ocrx_word' id='word_1_734' title='bbox 2355 4483 2546 4526; x_wconf 90' lang='lat' dir='ltr'><strong>natura</strong></span> <span class='ocrx_word' id='word_1_735' title='bbox 2589 4469 2662 4525; x_wconf 93' lang='lat' dir='ltr'><strong>sit</strong></span> <span class='ocrx_word' id='word_1_736' title='bbox 2706 4471 2982 4535; x_wconf 87' lang='lat' dir='ltr'><strong>onmium,</strong></span> <span class='ocrx_word' id='word_1_737' title='bbox 3021 4479 3077 4525; x_wconf 92' lang='grc' dir='ltr'><strong>ει</strong></span> <span class='ocrx_word' id='word_1_738' title='bbox 3124 4470 3240 4539; x_wconf 91' lang='lat' dir='ltr'><strong>ipse</strong></span> <span class='ocrx_word' id='word_1_739' title='bbox 3285 4471 3356 4524; x_wconf 88' lang='lat' dir='ltr'><strong>sit</strong></span> 
     </span>
    </p>
   </div>
   <div class='ocr_carea' id='block_1_90' title="bbox 90 4548 3352 4636">
    <p class='ocr_par' dir='ltr' id='par_1_90' title="bbox 90 4548 3352 4636">
     <span class='ocr_line' id='line_1_90' title="bbox 90 4548 3352 4636; baseline 0.005 -38"><span class='ocrx_word' id='word_1_740' title='bbox 90 4548 162 4603; x_wconf 86' lang='lat' dir='ltr'><strong>illo</strong></span> <span class='ocrx_word' id='word_1_741' title='bbox 188 4595 200 4619; x_wconf 90' lang='lat'><strong>,</strong></span> <span class='ocrx_word' id='word_1_742' title='bbox 244 4563 518 4616; x_wconf 78' lang='lat' dir='ltr'><strong>materiam</strong></span> <span class='ocrx_word' id='word_1_743' title='bbox 576 4562 887 4633; x_wconf 87' lang='lat' dir='ltr'><strong>designari:</strong></span> <span class='ocrx_word' id='word_1_744' title='bbox 919 4578 1042 4617; x_wconf 90' lang='lat' dir='ltr'><strong>cum</strong></span> <span class='ocrx_word' id='word_1_745' title='bbox 1093 4564 1312 4630; x_wconf 88' lang='lat' dir='ltr'><strong>dicitur,</strong></span> <span class='ocrx_word' id='word_1_746' title='bbox 1347 4580 1436 4633; x_wconf 82' lang='lat' dir='ltr'><strong>per</strong></span> <span class='ocrx_word' id='word_1_747' title='bbox 1466 4565 1640 4630; x_wconf 88' lang='lat' dir='ltr'><strong>illum,</strong></span> <span class='ocrx_word' id='word_1_748' title='bbox 1670 4549 1723 4609; x_wconf 84' lang='lat' dir='ltr'><strong>D</strong></span> <span class='ocrx_word' id='word_1_749' title='bbox 1747 4574 1934 4619; x_wconf 88' lang='lat' dir='ltr'><strong>auctor</strong></span> <span class='ocrx_word' id='word_1_750' title='bbox 1982 4565 2262 4632; x_wconf 90' lang='lat' dir='ltr'><strong>omnium,</strong></span> <span class='ocrx_word' id='word_1_751' title='bbox 2313 4581 2434 4636; x_wconf 72' lang='lat' dir='ltr'><strong>qum</strong></span> <span class='ocrx_word' id='word_1_752' title='bbox 2483 4579 2607 4620; x_wconf 88' lang='lat' dir='ltr'><strong>esse</strong></span> <span class='ocrx_word' id='word_1_753' title='bbox 2653 4573 2960 4633; x_wconf 60' lang='lat' dir='ltr'><strong>coeperunt.</strong></span> <span class='ocrx_word' id='word_1_754' title='bbox 3015 4561 3119 4616; x_wconf 74' lang='lat' dir='ltr'><strong>Per</strong></span> <span class='ocrx_word' id='word_1_755' title='bbox 3159 4564 3352 4633; x_wconf 88' lang='lat' dir='ltr'><strong>ipsum,</strong></span> 
     </span>
    </p>
   </div>
   <div class='ocr_carea' id='block_1_91' title="bbox 89 4646 1639 4724">
    <p class='ocr_par' dir='ltr' id='par_1_91' title="bbox 89 4646 1639 4724">
     <span class='ocr_line' id='line_1_91' title="bbox 89 4646 1639 4724; baseline 0.007 -25"><span class='ocrx_word' id='word_1_756' title='bbox 89 4646 318 4708; x_wconf 75' lang='lat' dir='ltr'><strong>Quoddam</strong></span> <span class='ocrx_word' id='word_1_757' title='bbox 349 4654 436 4708; x_wconf 90' lang='lat' dir='ltr'><strong>vel</strong></span> <span class='ocrx_word' id='word_1_758' title='bbox 466 4655 894 4709; x_wconf 89' lang='lat' dir='ltr'><strong>instrumentum</strong></span> <span class='ocrx_word' id='word_1_759' title='bbox 924 4656 1128 4724; x_wconf 87' lang='lat' dir='ltr'><strong>operis,</strong></span> <span class='ocrx_word' id='word_1_760' title='bbox 1156 4656 1236 4710; x_wconf 87' lang='lat' dir='ltr'><strong>vel</strong></span> <span class='ocrx_word' id='word_1_761' title='bbox 1280 4656 1639 4711; x_wconf 90' lang='lat' dir='ltr'><strong>ministerium</strong></span> 
     </span>
    </p>
   </div>
   <div class='ocr_carea' id='block_1_92' title="bbox 88 4731 1641 4812">
    <p class='ocr_par' dir='ltr' id='par_1_92' title="bbox 88 4731 1641 4812">
     <span class='ocr_line' id='line_1_92' title="bbox 88 4731 1641 4812; baseline 0.009 -24"><span class='ocrx_word' id='word_1_762' title='bbox 88 4731 314 4796; x_wconf 80' lang='lat' dir='ltr'><strong>declarari</strong></span> <span class='ocrx_word' id='word_1_763' title='bbox 339 4761 353 4797; x_wconf 89' lang='lat'><strong>:</strong></span> <span class='ocrx_word' id='word_1_764' title='bbox 376 4760 499 4798; x_wconf 90' lang='lat' dir='ltr'><strong>cum</strong></span> <span class='ocrx_word' id='word_1_765' title='bbox 555 4754 737 4800; x_wconf 89' lang='lat' dir='ltr'><strong>autem</strong></span> <span class='ocrx_word' id='word_1_766' title='bbox 769 4745 986 4810; x_wconf 88' lang='lat' dir='ltr'><strong>dicitur,</strong></span> <span class='ocrx_word' id='word_1_767' title='bbox 1029 4747 1084 4800; x_wconf 90' lang='lat' dir='ltr'><strong>in</strong></span> <span class='ocrx_word' id='word_1_768' title='bbox 1109 4747 1220 4812; x_wconf 87' lang='lat' dir='ltr'><strong>illo,</strong></span> <span class='ocrx_word' id='word_1_769' title='bbox 1253 4759 1346 4802; x_wconf 89' lang='lat' dir='ltr'><strong>aut</strong></span> <span class='ocrx_word' id='word_1_770' title='bbox 1375 4748 1525 4802; x_wconf 92' lang='lat' dir='ltr'><strong>locus</strong></span> <span class='ocrx_word' id='word_1_771' title='bbox 1563 4747 1641 4802; x_wconf 87' lang='lat' dir='ltr'><strong>si-</strong></span> 
     </span>
    </p>
   </div>
   <div class='ocr_carea' id='block_1_93' title="bbox 87 4827 1644 4909">
    <p class='ocr_par' dir='ltr' id='par_1_93' title="bbox 87 4827 1644 4909">
     <span class='ocr_line' id='line_1_93' title="bbox 87 4827 1644 4909; baseline 0.009 -31"><span class='ocrx_word' id='word_1_772' title='bbox 87 4827 335 4888; x_wconf 74' lang='lat' dir='ltr'><strong>gniﬁcetur</strong></span> <span class='ocrx_word' id='word_1_773' title='bbox 371 4846 465 4891; x_wconf 89' lang='lat' dir='ltr'><strong>aut</strong></span> <span class='ocrx_word' id='word_1_774' title='bbox 496 4848 746 4908; x_wconf 90' lang='lat' dir='ltr'><strong>tempus,</strong></span> <span class='ocrx_word' id='word_1_775' title='bbox 777 4839 832 4892; x_wconf 94' lang='lat' dir='ltr'><strong>iu</strong></span> <span class='ocrx_word' id='word_1_776' title='bbox 882 4851 990 4909; x_wconf 91' lang='lat' dir='ltr'><strong>quo</strong></span> <span class='ocrx_word' id='word_1_777' title='bbox 1016 4840 1194 4894; x_wconf 91' lang='lat' dir='ltr'><strong>omnia</strong></span> <span class='ocrx_word' id='word_1_778' title='bbox 1247 4839 1388 4894; x_wconf 82' lang='lat' dir='ltr'><strong>facta</strong></span> <span class='ocrx_word' id='word_1_779' title='bbox 1421 4838 1644 4894; x_wconf 84' lang='lat' dir='ltr'><strong>vidcan-</strong></span> 
     </span>
    </p>
   </div>
   <div class='ocr_carea' id='block_1_94' title="bbox 89 4925 173 4973">
    <p class='ocr_par' dir='ltr' id='par_1_94' title="bbox 89 4925 173 4973">
     <span class='ocr_line' id='line_1_94' title="bbox 89 4925 173 4973; baseline 0.071 -6"><span class='ocrx_word' id='word_1_780' title='bbox 89 4925 173 4973; x_wconf 81' lang='lat' dir='ltr'><strong>llll&#39;.</strong></span> 
     </span>
    </p>
   </div>
   <div class='ocr_carea' id='block_1_95' title="bbox 143 5013 1638 5096">
    <p class='ocr_par' dir='ltr' id='par_1_95' title="bbox 143 5013 1638 5096">
     <span class='ocr_line' id='line_1_95' title="bbox 143 5013 1638 5096; baseline 0.009 -29"><span class='ocrx_word' id='word_1_781' title='bbox 143 5013 220 5069; x_wconf 83' lang='lat'><strong>86.</strong></span> <span class='ocrx_word' id='word_1_782' title='bbox 275 5019 344 5075; x_wconf 92' lang='lat' dir='ltr'><strong>lta</strong></span> <span class='ocrx_word' id='word_1_783' title='bbox 393 5023 556 5094; x_wconf 78' lang='lat' dir='ltr'><strong>igitur</strong></span> <span class='ocrx_word' id='word_1_784' title='bbox 604 5024 918 5080; x_wconf 87' lang='lat' dir='ltr'><strong>distantiam</strong></span> <span class='ocrx_word' id='word_1_785' title='bbox 975 5024 1263 5096; x_wconf 89' lang='lat' dir='ltr'><strong>quamtlam</strong></span> <span class='ocrx_word' id='word_1_786' title='bbox 1319 5025 1638 5080; x_wconf 77' lang='lat' dir='ltr'><strong>substantia:</strong></span> 
     </span>
    </p>
   </div>
   <div class='ocr_carea' id='block_1_96' title="bbox 85 5107 1640 5187">
    <p class='ocr_par' dir='ltr' id='par_1_96' title="bbox 85 5107 1640 5187">
     <span class='ocr_line' id='line_1_96' title="bbox 85 5107 1640 5187; baseline 0.012 -33"><span class='ocrx_word' id='word_1_787' title='bbox 85 5107 285 5168; x_wconf 85' lang='lat' dir='ltr'><strong>probare</strong></span> <span class='ocrx_word' id='word_1_788' title='bbox 311 5112 645 5183; x_wconf 78' lang='lat' dir='ltr'><strong>desiderant,</strong></span> <span class='ocrx_word' id='word_1_789' title='bbox 666 5124 941 5187; x_wconf 89' lang='lat' dir='ltr'><strong>tamquam</strong></span> <span class='ocrx_word' id='word_1_790' title='bbox 963 5117 1382 5172; x_wconf 88' lang='lat' dir='ltr'><strong>instrumentum</strong></span> <span class='ocrx_word' id='word_1_791' title='bbox 1413 5117 1480 5170; x_wconf 90' lang='lat' dir='ltr'><strong>ab</strong></span> <span class='ocrx_word' id='word_1_792' title='bbox 1507 5131 1640 5186; x_wconf 86' lang='lat' dir='ltr'><strong>0pc-</strong></span> 
     </span>
    </p>
   </div>
   <div class='ocr_carea' id='block_1_97' title="bbox 84 5209 1644 5281">
    <p class='ocr_par' dir='ltr' id='par_1_97' title="bbox 84 5209 1644 5281">
     <span class='ocr_line' id='line_1_97' title="bbox 84 5209 1644 5281; baseline 0.011 -32"><span class='ocrx_word' id='word_1_793' title='bbox 84 5209 238 5257; x_wconf 83' lang='lat' dir='ltr'><strong>ratore</strong></span> <span class='ocrx_word' id='word_1_794' title='bbox 266 5211 480 5278; x_wconf 87' lang='lat' dir='ltr'><strong>proprio</strong></span> <span class='ocrx_word' id='word_1_795' title='bbox 511 5212 601 5265; x_wconf 85' lang='lat' dir='ltr'><strong>vel</strong></span> <span class='ocrx_word' id='word_1_796' title='bbox 625 5221 867 5276; x_wconf 87' lang='lat' dir='ltr'><strong>auctore,</strong></span> <span class='ocrx_word' id='word_1_797' title='bbox 892 5220 948 5266; x_wconf 84' lang='lat' dir='ltr'><strong>et</strong></span> <span class='ocrx_word' id='word_1_798' title='bbox 1005 5221 1279 5281; x_wconf 86' lang='lat' dir='ltr'><strong>tamquam</strong></span> <span class='ocrx_word' id='word_1_799' title='bbox 1309 5220 1521 5280; x_wconf 91' lang='lat' dir='ltr'><strong>tempus</strong></span> <span class='ocrx_word' id='word_1_800' title='bbox 1551 5220 1644 5266; x_wconf 88' lang='lat' dir='ltr'><strong>aut</strong></span> 
     </span>
    </p>
   </div>
   <div class='ocr_carea' id='block_1_98' title="bbox 84 5286 1640 5373">
    <p class='ocr_par' dir='ltr' id='par_1_98' title="bbox 84 5286 1640 5373">
     <span class='ocr_line' id='line_1_98' title="bbox 84 5286 1640 5373; baseline 0.012 -34"><span class='ocrx_word' id='word_1_801' title='bbox 84 5286 235 5348; x_wconf 91' lang='lat' dir='ltr'><strong>locum</strong></span> <span class='ocrx_word' id='word_1_802' title='bbox 263 5299 327 5352; x_wconf 91' lang='lat' dir='ltr'><strong>ab</strong></span> <span class='ocrx_word' id='word_1_803' title='bbox 353 5303 716 5358; x_wconf 88' lang='lat' dir='ltr'><strong>instrumento</strong></span> <span class='ocrx_word' id='word_1_804' title='bbox 740 5303 996 5357; x_wconf 86' lang='lat' dir='ltr'><strong>dirimere</strong></span> <span class='ocrx_word' id='word_1_805' title='bbox 1024 5305 1338 5372; x_wconf 84' lang='lat' dir='ltr'><strong>gestientes.</strong></span> <span class='ocrx_word' id='word_1_806' title='bbox 1368 5302 1640 5373; x_wconf 88' lang='lat' dir='ltr'><strong>Numquid</strong></span> 
     </span>
    </p>
   </div>
   <div class='ocr_carea' id='block_1_99' title="bbox 83 5388 1637 5467">
    <p class='ocr_par' dir='ltr' id='par_1_99' title="bbox 83 5388 1637 5467">
     <span class='ocr_line' id='line_1_99' title="bbox 83 5388 1637 5467; baseline 0.008 -29"><span class='ocrx_word' id='word_1_807' title='bbox 83 5391 193 5450; x_wconf 65' lang='lat' dir='ltr'><strong>Ergo</strong></span> <span class='ocrx_word' id='word_1_808' title='bbox 217 5388 415 5446; x_wconf 84' lang='lat' dir='ltr'><strong>alienus</strong></span> <span class='ocrx_word' id='word_1_809' title='bbox 443 5395 741 5450; x_wconf 87' lang='lat' dir='ltr'><strong>secundum</strong></span> <span class='ocrx_word' id='word_1_810' title='bbox 764 5405 1007 5450; x_wconf 90' lang='lat' dir='ltr'><strong>naturam</strong></span> <span class='ocrx_word' id='word_1_811' title='bbox 1031 5395 1201 5451; x_wconf 69' lang='lat' dir='ltr'><strong>Filius</strong></span> <span class='ocrx_word' id='word_1_812' title='bbox 1232 5411 1264 5449; x_wconf 88' lang='lat' dir='ltr'><strong>a</strong></span> <span class='ocrx_word' id='word_1_813' title='bbox 1284 5396 1446 5451; x_wconf 88' lang='lat' dir='ltr'><strong>Patre</strong></span> <span class='ocrx_word' id='word_1_814' title='bbox 1471 5412 1485 5461; x_wconf 90' lang='lat'><strong>;</strong></span> <span class='ocrx_word' id='word_1_815' title='bbox 1515 5397 1637 5467; x_wconf 86' lang='lat' dir='ltr'><strong>quia</strong></span> 
     </span>
    </p>
   </div>
   <div class='ocr_carea' id='block_1_100' title="bbox 83 5471 1641 5557">
    <p class='ocr_par' dir='ltr' id='par_1_100' title="bbox 83 5471 1641 5557">
     <span class='ocr_line' id='line_1_100' title="bbox 83 5471 1641 5557; baseline 0.012 -33"><span class='ocrx_word' id='word_1_816' title='bbox 83 5471 287 5532; x_wconf 83' lang='lat' dir='ltr'><strong>alienum</strong></span> <span class='ocrx_word' id='word_1_817' title='bbox 317 5482 731 5541; x_wconf 89' lang='lat' dir='ltr'><strong>instrumentum</strong></span> <span class='ocrx_word' id='word_1_818' title='bbox 755 5486 825 5541; x_wconf 91' lang='lat' dir='ltr'><strong>ab</strong></span> <span class='ocrx_word' id='word_1_819' title='bbox 867 5497 1154 5557; x_wconf 88' lang='lat' dir='ltr'><strong>operatore</strong></span> <span class='ocrx_word' id='word_1_820' title='bbox 1187 5487 1406 5557; x_wconf 88' lang='lat' dir='ltr'><strong>proprio</strong></span> <span class='ocrx_word' id='word_1_821' title='bbox 1428 5488 1514 5544; x_wconf 93' lang='lat' dir='ltr'><strong>vel</strong></span> <span class='ocrx_word' id='word_1_822' title='bbox 1544 5503 1641 5542; x_wconf 91' lang='lat' dir='ltr'><strong>au-</strong></span> 
     </span>
    </p>
   </div>
   <div class='ocr_carea' id='block_1_101' title="bbox 143 5609 1634 5688">
    <p class='ocr_par' dir='ltr' id='par_1_101' title="bbox 143 5609 1634 5688">
     <span class='ocr_line' id='line_1_101' title="bbox 143 5609 1634 5688; baseline 0.011 -26"><span class='ocrx_word' id='word_1_823' title='bbox 143 5617 162 5688; x_wconf 68' lang='lat' dir='ltr'><strong>f‘</strong></span> <span class='ocrx_word' id='word_1_824' title='bbox 192 5609 252 5664; x_wconf 80' lang='lat' dir='ltr'><strong>Et</strong></span> <span class='ocrx_word' id='word_1_825' title='bbox 291 5616 340 5667; x_wconf 88' lang='lat' dir='ltr'><strong>in</strong></span> <span class='ocrx_word' id='word_1_826' title='bbox 379 5619 492 5687; x_wconf 87' lang='lat' dir='ltr'><strong>ipso</strong></span> <span class='ocrx_word' id='word_1_827' title='bbox 531 5620 634 5674; x_wconf 89' lang='lat' dir='ltr'><strong>sint</strong></span> <span class='ocrx_word' id='word_1_828' title='bbox 673 5621 874 5684; x_wconf 87' lang='lat' dir='ltr'><strong>omnia,</strong></span> <span class='ocrx_word' id='word_1_829' title='bbox 908 5619 1287 5676; x_wconf 76' lang='lat' dir='ltr'><strong>deSIderantur</strong></span> <span class='ocrx_word' id='word_1_830' title='bbox 1325 5621 1380 5676; x_wconf 91' lang='lat' dir='ltr'><strong>iu</strong></span> <span class='ocrx_word' id='word_1_831' title='bbox 1421 5624 1634 5678; x_wconf 87' lang='lat' dir='ltr'><strong>cunctis</strong></span> 
     </span>
    </p>
   </div>
   <div class='ocr_carea' id='block_1_102' title="bbox 83 5675 1634 5784">
    <p class='ocr_par' dir='ltr' id='par_1_102' title="bbox 83 5675 1634 5784">
     <span class='ocr_line' id='line_1_102' title="bbox 83 5675 1634 5784; baseline 0.014 -57"><span class='ocrx_word' id='word_1_832' title='bbox 83 5675 195 5784; x_wconf 47' lang='grc' dir='ltr'><strong>ξιιιὶιι.</strong></span> <span class='ocrx_word' id='word_1_833' title='bbox 222 5697 282 5737; x_wconf 89' lang='lat' dir='ltr'><strong>ac</strong></span> <span class='ocrx_word' id='word_1_834' title='bbox 309 5675 438 5742; x_wconf 65' lang='lat' dir='ltr'><strong>moi.</strong></span> <span class='ocrx_word' id='word_1_835' title='bbox 463 5705 580 5761; x_wconf 81' lang='lat' dir='ltr'><strong>nou</strong></span> <span class='ocrx_word' id='word_1_836' title='bbox 597 5693 782 5764; x_wconf 80' lang='lat' dir='ltr'><strong>paucis</strong></span> <span class='ocrx_word' id='word_1_837' title='bbox 802 5702 816 5753; x_wconf 72' lang='grc' dir='ltr'>ε</span> <span class='ocrx_word' id='word_1_838' title='bbox 833 5675 909 5752; x_wconf 69' lang='lat' dir='ltr'><strong>ea</strong></span> <span class='ocrx_word' id='word_1_839' title='bbox 936 5701 1114 5746; x_wconf 81' lang='lat' dir='ltr'><strong>tamen</strong></span> <span class='ocrx_word' id='word_1_840' title='bbox 1143 5675 1212 5747; x_wconf 79' lang='grc' dir='ltr'><strong>ει</strong></span> <span class='ocrx_word' id='word_1_841' title='bbox 1241 5691 1382 5784; x_wconf 42' lang='lat' dir='ltr'><strong>aliti</strong></span> <span class='ocrx_word' id='word_1_842' title='bbox 1396 5675 1634 5761; x_wconf 48' lang='lat' dir='ltr'><strong>sistite;</strong></span> 
     </span>
     <span class='ocr_line' id='line_1_103' title="bbox 120 5756 1634 5784; baseline 0 0"><span class='ocrx_word' id='word_1_843' title='bbox 120 5757 215 5784; x_wconf 72' lang='grc' dir='ltr'><strong>Μ’.</strong></span> <span class='ocrx_word' id='word_1_844' title='bbox 257 5762 391 5784; x_wconf 68' lang='grc' dir='ltr'>ιιοιι...</span> <span class='ocrx_word' id='word_1_845' title='bbox 438 5756 767 5784; x_wconf 62' lang='grc' dir='ltr'><strong>..ιιιΙΙΑΑΙΔΔ-ιιρ</strong></span> <span class='ocrx_word' id='word_1_846' title='bbox 841 5757 892 5784; x_wconf 63' lang='grc' dir='ltr'><strong>Α.</strong></span> <span class='ocrx_word' id='word_1_847' title='bbox 943 5770 1058 5784; x_wconf 55' lang='grc' dir='ltr'>..μ-ι</span> <span class='ocrx_word' id='word_1_848' title='bbox 1108 5764 1271 5784; x_wconf 56' lang='grc' dir='ltr'><strong>μιαί-Λ</strong></span> <span class='ocrx_word' id='word_1_849' title='bbox 1314 5773 1340 5784; x_wconf 83' lang='grc' dir='ltr'>ι.</span> <span class='ocrx_word' id='word_1_850' title='bbox 1388 5757 1400 5784; x_wconf 71' lang='grc' dir='ltr'><strong>Ι</strong></span> <span class='ocrx_word' id='word_1_851' title='bbox 1450 5772 1634 5784; x_wconf 52' lang='grc' dir='ltr'><strong>Αμ-Α--Α</strong></span> 
     </span>
    </p>
   </div>
   <div class='ocr_carea' id='block_1_103' title="bbox 93 5739 1636 5831">
    <p class='ocr_par' dir='ltr' id='par_1_103' title="bbox 93 5739 1636 5831">
     <span class='ocr_line' id='line_1_104' title="bbox 93 5739 1636 5831; baseline 0.016 -38"><span class='ocrx_word' id='word_1_852' title='bbox 93 5739 216 5807; x_wconf 80' lang='lat' dir='ltr'><strong>Horis</strong></span> <span class='ocrx_word' id='word_1_853' title='bbox 257 5739 413 5812; x_wconf 50' lang='lat' dir='ltr'><strong>notas</strong></span> <span class='ocrx_word' id='word_1_854' title='bbox 438 5739 785 5816; x_wconf 45' lang='lat' dir='ltr'><strong>senatus;</strong></span> <span class='ocrx_word' id='word_1_855' title='bbox 804 5739 909 5816; x_wconf 72' lang='grc' dir='ltr'><strong>’Ᾰῖ</strong></span> <span class='ocrx_word' id='word_1_856' title='bbox 938 5739 1636 5831; x_wconf 29' lang='lat' dir='ltr'><strong>Eonpiﬁdfhhﬁhiﬁé:</strong></span> 
     </span>
    </p>
   </div>
   <div class='ocr_carea' id='block_1_104' title="bbox 1747 4656 3350 4730">
    <p class='ocr_par' dir='ltr' id='par_1_104' title="bbox 1747 4656 3350 4730">
     <span class='ocr_line' id='line_1_105' title="bbox 1747 4656 3350 4730; baseline -0.001 -21"><span class='ocrx_word' id='word_1_857' title='bbox 1747 4659 1873 4730; x_wconf 86' lang='lat' dir='ltr'><strong>quid</strong></span> <span class='ocrx_word' id='word_1_858' title='bbox 1915 4661 2035 4715; x_wconf 90' lang='lat' dir='ltr'><strong>est?</strong></span> <span class='ocrx_word' id='word_1_859' title='bbox 2085 4660 2219 4728; x_wconf 84' lang='lat' dir='ltr'><strong>Quia</strong></span> <span class='ocrx_word' id='word_1_860' title='bbox 2273 4674 2371 4728; x_wconf 91' lang='lat' dir='ltr'><strong>per</strong></span> <span class='ocrx_word' id='word_1_861' title='bbox 2427 4659 2600 4727; x_wconf 88' lang='lat' dir='ltr'><strong>ipsum</strong></span> <span class='ocrx_word' id='word_1_862' title='bbox 2643 4656 2963 4713; x_wconf 86' lang='lat' dir='ltr'><strong>constitutio</strong></span> <span class='ocrx_word' id='word_1_863' title='bbox 3002 4664 3056 4709; x_wconf 92' lang='lat' dir='ltr'><strong>ct</strong></span> <span class='ocrx_word' id='word_1_864' title='bbox 3097 4669 3350 4724; x_wconf 87' lang='lat' dir='ltr'><strong>perseve-</strong></span> 
     </span>
    </p>
   </div>
   <div class='ocr_carea' id='block_1_105' title="bbox 1747 4746 3353 4820">
    <p class='ocr_par' dir='ltr' id='par_1_105' title="bbox 1747 4746 3353 4820">
     <span class='ocr_line' id='line_1_106' title="bbox 1747 4746 3353 4820; baseline -0.003 -15"><span class='ocrx_word' id='word_1_865' title='bbox 1747 4753 1917 4805; x_wconf 90' lang='lat' dir='ltr'><strong>rantia</strong></span> <span class='ocrx_word' id='word_1_866' title='bbox 1948 4751 2201 4805; x_wconf 92' lang='lat' dir='ltr'><strong>omnibus</strong></span> <span class='ocrx_word' id='word_1_867' title='bbox 2227 4752 2505 4820; x_wconf 88' lang='lat' dir='ltr'><strong>impertita</strong></span> <span class='ocrx_word' id='word_1_868' title='bbox 2531 4749 2800 4805; x_wconf 87' lang='lat' dir='ltr'><strong>videatur.</strong></span> <span class='ocrx_word' id='word_1_869' title='bbox 2825 4747 2892 4800; x_wconf 85' lang='lat' dir='ltr'><strong>In</strong></span> <span class='ocrx_word' id='word_1_870' title='bbox 2915 4748 3050 4813; x_wconf 86' lang='lat' dir='ltr'><strong>ipso,</strong></span> <span class='ocrx_word' id='word_1_871' title='bbox 3079 4747 3207 4816; x_wconf 89' lang='lat' dir='ltr'><strong>quid</strong></span> <span class='ocrx_word' id='word_1_872' title='bbox 3234 4746 3353 4800; x_wconf 86' lang='lat' dir='ltr'><strong>est?</strong></span> 
     </span>
    </p>
   </div>
   <div class='ocr_carea' id='block_1_106' title="bbox 1746 4839 3352 4910">
    <p class='ocr_par' dir='ltr' id='par_1_106' title="bbox 1746 4839 3352 4910">
     <span class='ocr_line' id='line_1_107' title="bbox 1746 4839 3352 4910; baseline -0.004 -14"><span class='ocrx_word' id='word_1_873' title='bbox 1746 4842 1878 4910; x_wconf 87' lang='lat' dir='ltr'><strong>Quia</strong></span> <span class='ocrx_word' id='word_1_874' title='bbox 1910 4843 2092 4896; x_wconf 90' lang='lat' dir='ltr'><strong>omnia</strong></span> <span class='ocrx_word' id='word_1_875' title='bbox 2123 4841 2428 4896; x_wconf 87' lang='lat' dir='ltr'><strong>admirabili</strong></span> <span class='ocrx_word' id='word_1_876' title='bbox 2459 4840 2693 4910; x_wconf 89' lang='lat' dir='ltr'><strong>quodam</strong></span> <span class='ocrx_word' id='word_1_877' title='bbox 2723 4839 3019 4905; x_wconf 88' lang='lat' dir='ltr'><strong>desiderio,</strong></span> <span class='ocrx_word' id='word_1_878' title='bbox 3053 4847 3107 4892; x_wconf 89' lang='lat' dir='ltr'><strong>et</strong></span> <span class='ocrx_word' id='word_1_879' title='bbox 3136 4839 3352 4892; x_wconf 89' lang='lat' dir='ltr'><strong>inenar-</strong></span> 
     </span>
    </p>
   </div>
   <div class='ocr_carea' id='block_1_107' title="bbox 1748 4932 3348 5001">
    <p class='ocr_par' dir='ltr' id='par_1_107' title="bbox 1748 4932 3348 5001">
     <span class='ocr_line' id='line_1_108' title="bbox 1748 4932 3348 5001; baseline -0.003 -11"><span class='ocrx_word' id='word_1_880' title='bbox 1748 4935 1905 4990; x_wconf 86' lang='lat' dir='ltr'><strong>rabili</strong></span> <span class='ocrx_word' id='word_1_881' title='bbox 1943 4949 2131 4989; x_wconf 91' lang='lat' dir='ltr'><strong>amore</strong></span> <span class='ocrx_word' id='word_1_882' title='bbox 2158 4943 2435 4988; x_wconf 86' lang='lat' dir='ltr'><strong>auctorem</strong></span> <span class='ocrx_word' id='word_1_883' title='bbox 2467 4935 2591 4987; x_wconf 65' lang='lat' dir='ltr'><strong>vita:</strong></span> <span class='ocrx_word' id='word_1_884' title='bbox 2612 4942 2671 4988; x_wconf 89' lang='lat' dir='ltr'><strong>et</strong></span> <span class='ocrx_word' id='word_1_885' title='bbox 2695 4934 3119 4987; x_wconf 88' lang='lat' dir='ltr'><strong>ministratorem</strong></span> <span class='ocrx_word' id='word_1_886' title='bbox 3159 4932 3348 5001; x_wconf 75' lang='lat' dir='ltr'><strong>gratia:</strong></span> 
     </span>
    </p>
   </div>
   <div class='ocr_carea' id='block_1_108' title="bbox 1747 5023 3346 5094">
    <p class='ocr_par' dir='ltr' id='par_1_108' title="bbox 1747 5023 3346 5094">
     <span class='ocr_line' id='line_1_109' title="bbox 1747 5023 3346 5094; baseline -0.003 -13"><span class='ocrx_word' id='word_1_887' title='bbox 1747 5041 1858 5081; x_wconf 74' lang='lat' dir='ltr'><strong>sua:</strong></span> <span class='ocrx_word' id='word_1_888' title='bbox 1895 5042 1958 5080; x_wconf 90' lang='lat' dir='ltr'><strong>ac</strong></span> <span class='ocrx_word' id='word_1_889' title='bbox 1986 5026 2230 5080; x_wconf 89' lang='lat' dir='ltr'><strong>muneris</strong></span> <span class='ocrx_word' id='word_1_890' title='bbox 2261 5026 2558 5087; x_wconf 86' lang='lat' dir='ltr'><strong>intuentur,</strong></span> <span class='ocrx_word' id='word_1_891' title='bbox 2588 5024 2886 5080; x_wconf 87' lang='lat' dir='ltr'><strong>secundum</strong></span> <span class='ocrx_word' id='word_1_892' title='bbox 2909 5023 3053 5094; x_wconf 89' lang='lat' dir='ltr'><strong>quod</strong></span> <span class='ocrx_word' id='word_1_893' title='bbox 3084 5024 3346 5092; x_wconf 90' lang='lat' dir='ltr'><strong>scriptum</strong></span> 
     </span>
    </p>
   </div>
   <div class='ocr_carea' id='block_1_109' title="bbox 1746 5117 3350 5187">
    <p class='ocr_par' dir='ltr' id='par_1_109' title="bbox 1746 5117 3350 5187">
     <span class='ocr_line' id='line_1_110' title="bbox 1746 5117 3350 5187; baseline -0.002 -14"><span class='ocrx_word' id='word_1_894' title='bbox 1746 5127 1868 5174; x_wconf 86' lang='lat' dir='ltr'><strong>est:</strong></span> <span class='ocrx_word' id='word_1_895' title='bbox 1907 5117 2061 5172; x_wconf 91' lang='lat' dir='ltr'><strong>Oculi</strong></span> <span class='ocrx_word' id='word_1_896' title='bbox 2103 5119 2332 5172; x_wconf 89' lang='lat' dir='ltr'><strong>omnium</strong></span> <span class='ocrx_word' id='word_1_897' title='bbox 2380 5119 2433 5171; x_wconf 93' lang='lat' dir='ltr'><strong>in</strong></span> <span class='ocrx_word' id='word_1_898' title='bbox 2473 5129 2520 5171; x_wconf 90' lang='lat' dir='ltr'><strong>te</strong></span> <span class='ocrx_word' id='word_1_899' title='bbox 2565 5129 2808 5187; x_wconf 89' lang='lat' dir='ltr'><strong>sperant;</strong></span> <span class='ocrx_word' id='word_1_900' title='bbox 2852 5129 2904 5172; x_wconf 91' lang='lat' dir='ltr'><strong>et</strong></span> <span class='ocrx_word' id='word_1_901' title='bbox 2950 5135 2963 5172; x_wconf 89' lang='lat'><strong>:</strong></span> <span class='ocrx_word' id='word_1_902' title='bbox 3015 5117 3198 5187; x_wconf 85' lang='lat' dir='ltr'><strong>Aperis</strong></span> <span class='ocrx_word' id='word_1_903' title='bbox 3240 5134 3350 5170; x_wconf 88' lang='lat' dir='ltr'><strong>ma-</strong></span> 
     </span>
    </p>
   </div>
   <div class='ocr_carea' id='block_1_110' title="bbox 1747 5208 3352 5280">
    <p class='ocr_par' dir='ltr' id='par_1_110' title="bbox 1747 5208 3352 5280">
     <span class='ocr_line' id='line_1_111' title="bbox 1747 5208 3352 5280; baseline -0.001 -16"><span class='ocrx_word' id='word_1_904' title='bbox 1747 5227 1870 5264; x_wconf 89' lang='lat' dir='ltr'><strong>num</strong></span> <span class='ocrx_word' id='word_1_905' title='bbox 1901 5220 2076 5273; x_wconf 92' lang='lat' dir='ltr'><strong>tuam,</strong></span> <span class='ocrx_word' id='word_1_906' title='bbox 2110 5219 2155 5264; x_wconf 87' lang='lat' dir='ltr'><strong>et</strong></span> <span class='ocrx_word' id='word_1_907' title='bbox 2181 5211 2363 5280; x_wconf 85' lang='lat' dir='ltr'><strong>imples</strong></span> <span class='ocrx_word' id='word_1_908' title='bbox 2402 5226 2601 5264; x_wconf 87' lang='lat' dir='ltr'><strong>omnem</strong></span> <span class='ocrx_word' id='word_1_909' title='bbox 2642 5210 2868 5263; x_wconf 89' lang='lat' dir='ltr'><strong>animam</strong></span> <span class='ocrx_word' id='word_1_910' title='bbox 2915 5210 3047 5263; x_wconf 85' lang='lat' dir='ltr'><strong>bona</strong></span> <span class='ocrx_word' id='word_1_911' title='bbox 3091 5208 3352 5263; x_wconf 83' lang='lat' dir='ltr'><strong>voluntate</strong></span> 
     </span>
    </p>
   </div>
   <div class='ocr_carea' id='block_1_111' title="bbox 1746 5301 2286 5372">
    <p class='ocr_par' dir='ltr' id='par_1_111' title="bbox 1746 5301 2286 5372">
     <span class='ocr_line' id='line_1_112' title="bbox 1746 5301 2286 5372; baseline 0 -16"><span class='ocrx_word' id='word_1_912' title='bbox 1746 5301 1920 5372; x_wconf 89' lang='lat' dir='ltr'><strong>(Psal.</strong></span> <span class='ocrx_word' id='word_1_913' title='bbox 1955 5317 2137 5369; x_wconf 82' lang='lat' dir='ltr'><strong>chtv,</strong></span> <span class='ocrx_word' id='word_1_914' title='bbox 2173 5301 2286 5370; x_wconf 76' lang='grc'><strong>15).</strong></span> 
     </span>
    </p>
   </div>
   <div class='ocr_carea' id='block_1_112' title="bbox 1817 5394 3345 5468">
    <p class='ocr_par' dir='ltr' id='par_1_112' title="bbox 1817 5394 3345 5468">
     <span class='ocr_line' id='line_1_113' title="bbox 1817 5394 3345 5468; baseline -0.001 -18"><span class='ocrx_word' id='word_1_915' title='bbox 1817 5395 1907 5450; x_wconf 72' lang='grc'><strong>92.</strong></span> <span class='ocrx_word' id='word_1_916' title='bbox 1951 5395 2027 5450; x_wconf 90' lang='lat' dir='ltr'><strong>De</strong></span> <span class='ocrx_word' id='word_1_917' title='bbox 2063 5395 2222 5451; x_wconf 89' lang='lat' dir='ltr'><strong>Patre</strong></span> <span class='ocrx_word' id='word_1_918' title='bbox 2265 5411 2480 5467; x_wconf 89' lang='lat' dir='ltr'><strong>quoque</strong></span> <span class='ocrx_word' id='word_1_919' title='bbox 2517 5398 2562 5452; x_wconf 92' lang='lat' dir='ltr'><strong>si</strong></span> <span class='ocrx_word' id='word_1_920' title='bbox 2594 5397 2782 5452; x_wconf 88' lang='lat' dir='ltr'><strong>dicas:</strong></span> <span class='ocrx_word' id='word_1_921' title='bbox 2817 5396 2938 5451; x_wconf 89' lang='lat' dir='ltr'><strong>ideo</strong></span> <span class='ocrx_word' id='word_1_922' title='bbox 2963 5412 3028 5450; x_wconf 79' lang='lat' dir='ltr'><strong>ex</strong></span> <span class='ocrx_word' id='word_1_923' title='bbox 3055 5395 3186 5468; x_wconf 84' lang='lat' dir='ltr'><strong>ipso,</strong></span> <span class='ocrx_word' id='word_1_924' title='bbox 3221 5394 3345 5464; x_wconf 87' lang='lat' dir='ltr'><strong>quia</strong></span> 
     </span>
    </p>
   </div>
   <div class='ocr_carea' id='block_1_113' title="bbox 1744 5487 3347 5558">
    <p class='ocr_par' dir='ltr' id='par_1_113' title="bbox 1744 5487 3347 5558">
     <span class='ocr_line' id='line_1_114' title="bbox 1744 5487 3347 5558; baseline -0.001 -20"><span class='ocrx_word' id='word_1_925' title='bbox 1744 5499 1814 5539; x_wconf 86' lang='lat' dir='ltr'><strong>cx</strong></span> <span class='ocrx_word' id='word_1_926' title='bbox 1851 5487 1967 5556; x_wconf 88' lang='lat' dir='ltr'><strong>ipso</strong></span> <span class='ocrx_word' id='word_1_927' title='bbox 1995 5487 2270 5557; x_wconf 77' lang='lat' dir='ltr'><strong>Operatrix</strong></span> <span class='ocrx_word' id='word_1_928' title='bbox 2300 5487 2598 5558; x_wconf 87' lang='lat' dir='ltr'><strong>Sapientia,</strong></span> <span class='ocrx_word' id='word_1_929' title='bbox 2633 5505 2753 5558; x_wconf 71' lang='lat' dir='ltr'><strong>quae</strong></span> <span class='ocrx_word' id='word_1_930' title='bbox 2785 5488 3038 5542; x_wconf 88' lang='lat' dir='ltr'><strong>omnibus</strong></span> <span class='ocrx_word' id='word_1_931' title='bbox 3067 5503 3134 5542; x_wconf 74' lang='lat' dir='ltr'><strong>ex</strong></span> <span class='ocrx_word' id='word_1_932' title='bbox 3166 5501 3261 5539; x_wconf 88' lang='lat' dir='ltr'><strong>sua</strong></span> <span class='ocrx_word' id='word_1_933' title='bbox 3292 5493 3347 5537; x_wconf 81' lang='lat' dir='ltr'><strong>et</strong></span> 
     </span>
    </p>
   </div>
   <div class='ocr_carea' id='block_1_114' title="bbox 1743 5623 3346 5691">
    <p class='ocr_par' dir='ltr' id='par_1_114' title="bbox 1743 5623 3346 5691">
     <span class='ocr_line' id='line_1_115' title="bbox 1743 5623 3346 5691; baseline -0.001 -14"><span class='ocrx_word' id='word_1_934' title='bbox 1743 5638 1874 5678; x_wconf 85' lang='lat' dir='ltr'><strong>mss.</strong></span> <span class='ocrx_word' id='word_1_935' title='bbox 1907 5638 1972 5678; x_wconf 88' lang='lat' dir='ltr'><strong>ac</strong></span> <span class='ocrx_word' id='word_1_936' title='bbox 1999 5633 2108 5680; x_wconf 89' lang='lat' dir='ltr'><strong>vet.</strong></span> <span class='ocrx_word' id='word_1_937' title='bbox 2139 5625 2297 5690; x_wconf 89' lang='lat' dir='ltr'><strong>edit.,</strong></span> <span class='ocrx_word' id='word_1_938' title='bbox 2331 5625 2413 5680; x_wconf 77' lang='lat' dir='ltr'><strong>Ea;</strong></span> <span class='ocrx_word' id='word_1_939' title='bbox 2435 5625 2544 5681; x_wconf 79' lang='lat' dir='ltr'><strong>Deo</strong></span> <span class='ocrx_word' id='word_1_940' title='bbox 2575 5626 2748 5680; x_wconf 86' lang='lat' dir='ltr'><strong>omnia</strong></span> <span class='ocrx_word' id='word_1_941' title='bbox 2766 5643 2784 5688; x_wconf 81' lang='lat'><em>;</em></span> <span class='ocrx_word' id='word_1_942' title='bbox 2830 5625 2988 5678; x_wconf 81' lang='lat' dir='ltr'><strong>Rern.</strong></span> <span class='ocrx_word' id='word_1_943' title='bbox 3032 5623 3146 5680; x_wconf 86' lang='lat' dir='ltr'><strong>sola</strong></span> <span class='ocrx_word' id='word_1_944' title='bbox 3189 5637 3346 5691; x_wconf 42' lang='lat' dir='ltr'><strong>repo‘</strong></span> 
     </span>
    </p>
   </div>
   <div class='ocr_carea' id='block_1_115' title="bbox 1741 5692 2369 5756">
    <p class='ocr_par' dir='ltr' id='par_1_115' title="bbox 1741 5692 2369 5756">
     <span class='ocr_line' id='line_1_116' title="bbox 1741 5692 2369 5756; baseline 0 -9"><span class='ocrx_word' id='word_1_945' title='bbox 1741 5695 1870 5756; x_wconf 72' lang='lat' dir='ltr'><strong>suit.</strong></span> <span class='ocrx_word' id='word_1_946' title='bbox 1897 5707 1960 5748; x_wconf 64' lang='lat' dir='ltr'><strong>ea?</strong></span> <span class='ocrx_word' id='word_1_947' title='bbox 1997 5692 2150 5748; x_wconf 73' lang='lat' dir='ltr'><strong>Patre</strong></span> <span class='ocrx_word' id='word_1_948' title='bbox 2179 5696 2369 5749; x_wconf 79' lang='lat' dir='ltr'><strong>omnia.</strong></span> 
     </span>
    </p>
   </div>
  </div>
