3932 6176
538 255 644 312 763

1885 253 2131 310 SANOTI
2168 253 2488 310 AMBROSII

3714 257 3807 310 7H

538 372 717 426 Patris
766 371 1038 425 voluntate
1077 369 1224 423 dedit
1272 384 1427 435 esse,
1478 382 1600 440 qutc
1645 385 1750 423 non
1798 380 1993 425 erant:
2030 369 2135 426 Per
2162 372 2213 432 Λ
2240 374 2524 441 depositum
2552 372 2753 428 custodi
2772 388 2862 441 per
2886 370 3141 441 Spiritum
3160 381 3395 426 sanctum
3424 370 3468 443 (l
3492 371 3805 442 Tim.t,ll);

539 467 730 535 ipsum,
763 464 883 534 quia
930 478 1025 531 per
1068 462 1397 539 Sapientiam
1426 465 1543 532 eius
1575 464 1711 520 facta
1747 473 1875 519 sunt
1904 465 2085 519 omnia
2115 481 2130 518 :

543 556 609 610 In
637 559 772 623 ipso,
799 564 824 592 ⁸
848 556 972 624 quia
996 555 1111 622 ipse
1133 564 1216 608 est
1241 555 1613 611 vivilicaloria:
1645 556 1764 610 fons
1792 556 2132 624 substantia,

541 651 594 703 in
622 662 731 718 quo
760 647 991 702 vivimus
1023 657 1077 701 et
1105 661 1294 701 sumus
1320 659 1374 703 et
1406 663 1709 703 movemur.

612 740 700 797 95.
746 740 828 794 Ex
857 739 1057 807 Spiritu
1086 756 1323 811 quoque,
1357 749 1414 796 ut
1443 756 1538 809 per
1569 742 1740 811 ipsum
1770 740 2008 808 formati,
2043 755 2138 811 per

542 834 719 904 ipsum
751 832 971 898 ﬁrmati,
1002 831 1054 887 in
1082 833 1201 903 ipso
1232 832 1493 898 roborati,
1517 831 1546 871 ι)
1566 833 1689 889 vitae
1715 834 1993 903 capiamus
2020 846 2140 888 mu-

545 941 646 980 nus
677 935 738 979 ιρι
750 940 917 979 θινιιιε.

627 1018 716 1073 94.
773 1016 907 1072 Cum
965 1015 1081 1072 htt-c
1139 1017 1301 1087 igitur
1364 1017 1448 1073 vel
1508 1017 1653 1073 Patri
1716 1018 1800 1074 vel
1859 1012 1999 1072 Filio
2055 1017 2137 1076 vel

542 1111 705 1183 652
733 1108 960 1176 Spiritui
987 1121 1174 1166 sancto
1201 1112 1498 1167 convenire
1527 1112 1831 1180 videantur,
1867 1113 1999 1167 nihil
2033 1114 2138 1168 uti-

545 1218 649 1272 que
690 1203 892 1259 humile
938 1204 989 1258 iu
1025 1203 1108 1257 bis
1144 1212 1348 1259 certum
1389 1213 1474 1260 est
1507 1205 1808 1272 declarari;
1837 1222 1959 1261 cum
1992 1217 2045 1262 et
2075 1222 2141 1267 cx

547 1294 684 1349 Filio
722 1294 969 1349 dicamus
998 1310 1119 1350 esse
1163 1297 1438 1366 pleraque,
1473 1306 1525 1352 et
1556 1298 1723 1352 multa
1764 1314 1859 1369 per
1900 1299 2138 1366 Patrem,

544 1389 687 1442 sicut
724 1386 889 1443 habes
920 1388 987 1443 de
1039 1387 1175 1442 Filio
1215 1389 1417 1443 dictum
1452 1409 1464 1443 :
1501 1389 1571 1444 Ut
1615 1407 1899 1461 augeantur
1934 1394 1988 1446 in
2027 1393 2144 1462 ipso

548 1500 636 1550 per
657 1483 852 1549 omnia,
875 1483 962 1553 qui
985 1492 1060 1537 est
1082 1492 1235 1549 caput
1257 1482 1513 1548 Christus,
1538 1501 1603 1538 ea:
1622 1501 1723 1554 quo
1740 1495 1921 1552 totum,
1948 1485 2141 1555 inquit,

545 1592 731 1645 corpus
764 1585 1085 1644 compactum
1117 1586 1163 1629 et
1194 1592 1477 1629 connexum
1505 1593 1594 1645 per
1620 1593 1817 1632 omnem
1840 1582 2143 1651 juncturam

550 1667 938 1721 ministrutionis
967 1667 1021 1720 in
1049 1683 1338 1720 ostensurum
1373 1668 1776 1740 unittscujusquc
1803 1671 1986 1739 partis,
2016 1687 2144 1741 aug-

2237 480 2284 519 et
2318 466 2381 518 ad
2420 467 2682 535 Ephesios
2712 485 2723 520 :
2754 465 3054 537 Confortari
3076 481 3167 538 per
3192 466 3449 535 Spiritum
3475 467 3588 534 ejus
3613 463 3809 537 (Ephes.

2237 572 2315 619 nt,
2351 557 2477 627 16);
2508 566 2564 613 et
2589 558 2655 612 ad
2687 556 2997 612 Corinthius
3021 575 3037 613 :
3064 557 3169 611 Alii
3198 558 3333 613 enim
3362 557 3518 611 datur
3547 573 3638 628 per
3664 556 3813 627 Spiri-

2241 659 2345 703 tum
2374 666 2539 704 sermo
2577 651 2850 721 sapientiae
2874 650 2917 723 (Ι
2947 649 3070 705 Cor.
3111 665 3210 715 xu,
3244 649 3335 721 8);
3366 659 3421 704 et
3449 649 3577 703 alibi
3605 668 3617 703 :
3650 648 3708 705 Si
3728 665 3814 703 au-

2237 750 2336 794 tem
2368 758 2459 809 per
2486 741 2743 813 Spiritum
2785 746 2925 813 facta
2962 742 3136 796 carnis
3177 741 3635 810 mortiﬁcatteritis,
3665 742 3818 797 sinetis

2240 831 2416 905 (Rom.
2441 849 2558 898 vni,
2595 834 2715 903 15);
2746 842 2800 888 et
2825 848 2988 902 supra
3015 851 3031 888 :
3060 833 3164 900 Qui
3195 833 3463 903 suscitavit
3490 832 3740 888 Christum
3761 850 3820 889 es

2238 928 2474 993 mortuis,
2498 926 2772 994 vivificabit
2798 936 2847 980 et
2872 927 3117 980 mortalia
3141 940 3362 995 corpora
3391 936 3566 980 vestra
3588 942 3673 993 per
3690 926 3821 980 inite-

2240 1018 2483 1073 bitantem
2517 1020 2771 1090 Spiritum
2802 1024 2919 1092 ejus
2947 1021 3002 1072 in
3032 1019 3172 1073 vobis
3201 1017 3394 1089 (Ibid.,
3431 1018 3544 1089 11).

2315 1112 2440 1167 100.
2481 1112 2586 1166 Sed
2618 1113 2843 1166 fortasse
2869 1111 3051 1166 dicat:
3082 1111 3319 1166 Ostende
3359 1109 3496 1165 mihi
3537 1112 3824 1180 specialiter

2241 1204 2463 1270 lectum,
2498 1206 2621 1274 quia
2666 1221 2731 1260 es
2764 1204 2908 1260 Filio
2938 1204 3145 1266 omnia,
3173 1206 3254 1258 vel
3287 1220 3356 1275 ex
3391 1203 3601 1273 Spiritu
3640 1204 3819 1259 omnia.

2242 1295 2312 1350 At
2352 1311 2451 1365 ego
2499 1297 2704 1363 retere,
2752 1307 2807 1351 ut
2852 1303 2907 1351 et
2943 1296 3022 1351 illi
3072 1296 3201 1349 mihi
3249 1295 3448 1351 lectum
3500 1308 3621 1351 esse
3665 1306 3824 1351 osten-

2243 1393 2373 1445 dant
2403 1392 2526 1461 quia
2557 1407 2654 1461 per
2682 1391 2893 1445 Patrem
2924 1390 3125 1445 omnia.
3157 1388 3263 1445 Sed
3287 1405 3410 1443 cum
3445 1388 3564 1444 hmo
3592 1389 3672 1443 vel
3698 1389 3825 1443 Patri

2242 1483 2683 1555 probaverimus,
2720 1483 2805 1537 vel
2839 1482 3007 1546 Filio,
3041 1481 3128 1536 vel
3159 1482 3383 1551 Spiritui
3415 1489 3608 1536 sancto
3647 1493 3829 1536 conre-

2247 1576 2399 1642 nire,
2441 1592 2540 1631 nec
2589 1577 2749 1631 ullam
2790 1593 2854 1632 ex
2899 1575 3210 1645 hujusmodi
3248 1575 3476 1647 syllabis
3513 1575 3658 1631 nasci
3688 1588 3832 1643 posse

2247 1670 2445 1744 divinae
2476 1670 2789 1725 distantiam
2836 1671 3150 1739 potestatis;
3184 1686 3292 1724 non
3335 1677 3417 1725 est
3460 1670 3679 1723 dubium
3717 1670 3829 1737 quin

549 1770 772 1812 utentum
815 1761 1044 1829 corporis
1080 1762 1202 1828 facit
1239 1761 1293 1813 in
1335 1760 1733 1826 aediﬁcationem
1755 1763 1837 1815 sui
1878 1765 1930 1816 in
1975 1763 2149 1817 chari-
2177 1772 2225 1831 Β
2254 1777 2350 1829 per
2384 1777 2549 1831 quem
2593 1763 2797 1825 omnia,
2841 1777 2906 1815 ex
2947 1776 3015 1815 eo
3058 1762 3278 1814 omnia:
3307 1772 3359 1814 et
3391 1776 3459 1814 ex
3500 1776 3606 1830 quo
3649 1761 3830 1825 omnia,

544 1858 644 1904 tate
671 1848 888 1921 (Ephes.
921 1866 992 1912 ιν,
1019 1850 1109 1915 15,
1142 1850 1255 1921 16).
1290 1852 1355 1905 Ει
1384 1852 1577 1906 iterum
1603 1852 1669 1907 ad
1696 1852 2050 1909 Colossenses
2078 1853 2145 1909 de

553 1944 635 1997 his
679 1946 770 2013 qui
826 1959 930 1999 non
985 1943 1249 1999 haberent
1295 1947 1660 2014 cognitionem
1714 1948 1973 2016 unigeniti
2026 1947 2146 2002 Filii

555 2035 692 2091 Dei:
728 2035 861 2102 Quia
901 2053 999 2090 non
1045 2046 1237 2101 tenent,
1284 2038 1478 2105 inquit,
1524 2047 1709 2106 caput,
1754 2056 1819 2093 ea:
1857 2055 1956 2109 quo
2000 2055 2149 2094 omne

553 2144 739 2198 corpus
782 2144 874 2198 per
910 2129 1378 2198 compaginationes
1418 2141 1465 2183 et
1511 2131 1866 2201 colligationes
1895 2130 2145 2184 submini-

555 2229 770 2273 stratum
824 2230 869 2273 et
923 2222 1223 2290 copulatum
1284 2224 1462 2276 crescit
1517 2223 1573 2276 in
1630 2224 1994 2277 incrementum
2049 2222 2150 2279 Dei

556 2310 778 2382 (Coloss.
807 2328 863 2376 ll,
894 2313 1021 2382 19);
1054 2324 1217 2383 caput
1242 2314 1386 2368 enim
1424 2314 1696 2370 Chrismtn
1729 2330 1854 2370 esse
1896 2314 2147 2369 Ecclesiae

555 2422 715 2477 supra
748 2406 981 2462 diximus
1014 2406 1238 2477 (Coloss.
1272 2424 1312 2473 1,
1343 2408 1454 2477 18).
1489 2410 1553 2463 Et
1579 2409 1702 2464 alibi
1733 2408 1900 2464 habes
1935 2411 2058 2479 quia
2087 2410 2151 2463 de

556 2498 872 2566 plenitudine
913 2502 1024 2570 ejus
1068 2516 1161 2553 nos
1204 2516 1376 2566 omnes
1419 2502 1713 2569 accepimus
1745 2499 1925 2573 (Joan.
1959 2516 1998 2568 1,
2034 2499 2146 2571 16).

559 2588 622 2643 Et
666 2590 781 2658 ipse
829 2590 1084 2644 Dominus
1110 2590 1292 2645 dixit:
1329 2590 1405 2644 De
1434 2609 1545 2645 meo
1584 2594 1831 2662 accipiet,
1862 2603 1909 2647 et
1948 2609 2152 2647 annun-

555 2682 700 2735 tiabit
750 2682 890 2736 vobis
929 2681 1111 2753 (Joau.
1152 2701 1261 2749 ιιί,
1295 2685 1405 2753 ll).
1456 2684 1521 2738 Et
1566 2698 1728 2755 supra
1774 2688 1850 2741 ait
1880 2704 1892 2742 :
1927 2684 2151 2757 Cognoui

556 2776 792 2828 virtutem
822 2777 987 2831 exisse
1017 2778 1081 2830 de
1110 2794 1189 2831 me
1211 2776 1363 2847 (Luc.
1398 2793 1509 2841 vm,
1539 2777 1656 2846 46).

628 2867 717 2921 95.
761 2865 1025 2923 Similiter
1051 2878 1107 2924 ut
1136 2883 1401 2937 agnoscas
1430 2872 1709 2933 unitatem,
1744 2869 1905 2923 etiam
1930 2869 1999 2924 de
2030 2870 2151 2942 Spi-

559 2962 665 3016 ritu
701 2961 900 3015 tlicitur
926 2979 937 3013 :
972 2960 1107 3027 Quia
1134 2948 1221 3023 qui
1247 2963 1462 3016 seminat
1496 2965 1547 3015 in
1594 2961 1821 3032 Spiritu,
1852 2962 1917 3017 de
1948 2964 2152 3032 Spiritu

560 3064 711 3108 metet
737 3056 890 3108 vitam
920 3064 1163 3109 internum
1190 3052 1389 3123 (Galat.
1427 3072 1499 3121 vn,
1530 3056 1608 3124 8).
1649 3056 1717 3111 Et
1758 3056 1992 3111 Joannes
2031 3060 2103 3113 ait
2134 3076 2147 3112 :

559 3145 642 3200 Ea:
682 3150 775 3199 hoc
812 3148 1165 3214 cognoscimus
1201 3157 1221 3184 ο
1253 3147 1371 3216 quia
1410 3148 1465 3199 in
1504 3147 1648 3201 nobis
1678 3157 1772 3211 est,
1803 3150 2047 3216 quoniam
2089 3150 2152 3204 de
2180 3157 2225 3219 α

561 3242 762 3310 Spiritu
803 3256 898 3293 suo
937 3240 1077 3293 dedit
1117 3242 1262 3295 nobis
1290 3239 1338 3309 ll
1366 3240 1524 3295 Joan.
1558 3257 1629 3305 tv,
1662 3240 1771 3311 15).
1807 3243 1877 3297 Et
1915 3244 2150 3313 Angelus

558 3331 726 3385 dicit:
762 3330 916 3398 Quod
958 3348 1022 3385 ea:
1060 3349 1121 3387 ea
1170 3342 1447 3398 nascetur,
1501 3333 1563 3387 de
1607 3332 1809 3403 Spiritu
1851 3344 2031 3387 sancto
2080 3345 2152 3389 est

560 3421 774 3494 (Matth.
808 3439 846 3489 ι,
867 3421 980 3494 90).
1012 3423 1077 3478 Et
1106 3424 1363 3479 Dominus
1389 3426 1467 3479 ait
1486 3426 1604 3495 quia
1628 3425 1769 3497 quod
1790 3436 1966 3480 uatum
1993 3438 2067 3483 est
2089 3429 2167 3493 de,

560 3517 784 3589 Spiritu,
820 3520 1050 3588 Spiritus
1076 3534 1148 3576 est
1173 3520 1351 3593 (lauit.
1383 3538 1461 3591 ιιι,
1497 3521 1576 3594 6).

630 3616 718 3670 96.
763 3616 906 3686 Ergo
940 3618 1080 3671 sicut
1118 3634 1187 3673 ex
1220 3618 1382 3674 Patre
1423 3620 1651 3691 legimus
1686 3635 1809 3676 esse
1843 3621 2045 3686 omnia,
2082 3623 2150 3677 ita

556 3719 611 3763 et
638 3725 703 3764 ex
734 3709 871 3764 Filio
906 3725 1066 3780 posse
1092 3711 1197 3766 dici
1228 3714 1427 3777 omnia,
1462 3729 1557 3783 per
1581 3731 1742 3784 quem
1770 3716 1947 3770 omnia
1976 3726 2103 3771 sunt
2135 3735 2148 3771 :

556 3810 609 3854 et
636 3816 698 3855 ex
729 3801 931 3871 Spirittt
972 3817 1095 3858 esse
1135 3804 1340 3867 omnia,
1369 3804 1419 3857 in
1460 3820 1568 3874 quo
1609 3807 1791 3861 omnia
1822 3814 1969 3874 sunt,
2005 3808 2154 3863 testi-

560 3895 759 3949 moniis
783 3895 1099 3951 educentur.

628 3987 718 4042 97.
763 3989 918 4045 Nune
958 3991 1368 4047 consideremus
1408 4002 1584 4047 utrum
1626 4009 1723 4064 per
1774 3995 1986 4049 Patrem
2031 3990 2154 4050 esse

555 4078 755 4149 aliquid
795 4081 993 4136 docere
1026 4084 1314 4152 possimus.
1346 4081 1452 4139 Sed
1484 4085 1744 4154 scriptum
1786 4096 1872 4141 est
1902 4104 1915 4140 :
1954 4085 2155 4141 Paulus

557 4188 729 4226 servus
746 4172 941 4228 Christi
961 4174 1054 4245 per
1076 4176 1388 4230 voluntatem
1412 4175 1512 4230 Dei
1534 4177 1575 4247 (l
1595 4176 1712 4232 Cor.
1740 4194 1778 4244 ι,
1805 4177 1891 4248 1);
1915 4189 1969 4233 et
1988 4177 2113 4232 alibi
2139 4196 2151 4232 :

563 4266 712 4321 Unde
731 4271 847 4339 jam
879 4284 980 4320 non
1019 4277 1094 4322 est
1137 4285 1331 4334 servus,
1360 4269 1452 4324 sed
1486 4270 1629 4338 ﬁlius
1651 4287 1669 4324 :
1693 4271 1738 4323 si
1777 4282 1946 4325 autem
1986 4271 2151 4340 ﬁlius,

557 4371 605 4417 et
630 4362 795 4418 lateres
825 4379 915 4433 per
944 4361 1110 4417 Deum
1138 4362 1338 4435 (Colat.
1371 4379 1445 4428 tv,
1480 4365 1569 4434 7);
1599 4374 1653 4419 et
1681 4365 1808 4419 alibi
1836 4382 1848 4417 :
1883 4366 2029 4419 Sicut
2074 4381 2156 4419 re-

556 4457 782 4511 surrexit
809 4456 1045 4510 Christus
1073 4473 1105 4509 a
1131 4458 1347 4511 mortuis
1377 4474 1469 4528 per
1493 4458 1714 4530 gloriam
1743 4457 1920 4513 Patris
1949 4458 2152 4527 (Rom.,

2249 1870 2348 1925 per
2372 1871 2495 1910 eum
2517 1855 2697 1909 omnia
2724 1871 2737 1907 :
2769 1864 2824 1908 et
2854 1854 2907 1908 in
2936 1869 3044 1924 quo
3065 1854 3272 1918 omnia,
3304 1868 3404 1923 per
3433 1868 3560 1906 eum
3585 1852 3738 1925 653
3757 1852 3834 1907 vel

2247 1962 2313 2001 ex
2347 1963 2413 2000 eo
2445 1949 2624 2000 omnia
2658 1962 2779 2001 esse
2803 1946 3115 2016 intelligere
3145 1946 3462 2001 debeamus.
3488 1946 3677 2001 Omnis
3703 1947 3832 2001 enim

2248 2047 2503 2093 creatura
2548 2046 2603 2092 et
2644 2054 2709 2092 ex
2755 2040 3055 2101 voluntate,
3086 2048 3140 2092 et
3173 2054 3268 2106 per
3306 2038 3678 2108 operationem
3704 2045 3753 2091 rt
3785 2037 3833 2091 in

2250 2131 2446 2185 virtute
2476 2142 2557 2185 est
2594 2130 2907 2196 Trinitatis,
2942 2131 3081 2186 sicut
3109 2131 3374 2199 scriptum
3418 2139 3503 2185 est
3533 2147 3546 2182 :
3577 2129 3836 2183 Fucinum

2250 2224 2506 2279 hominem
2541 2224 2610 2277 ad
2642 2224 2917 2294 imaginem
2951 2232 2999 2277 et
3027 2222 3423 2276 similitudinem
3449 2220 3834 2293 nostrantthtt.

2252 2333 2287 2383 l,
2319 2316 2412 2387 26)
2438 2333 2452 2381 ;
2483 2328 2535 2372 et
2576 2316 2701 2371 alibi
2736 2336 2748 2371 :
2788 2316 2955 2370 Verbo
2995 2314 3210 2369 Domini
3251 2316 3365 2370 caeli
3408 2316 3603 2385 ﬁrmati
3638 2327 3766 2379 sunt,
3793 2323 3837 2367 et

2255 2410 2458 2481 Spiritu
2484 2410 2589 2466 oris
2614 2412 2728 2481 ejus
2766 2411 2932 2465 omnis
2961 2411 3121 2465 virtus
3152 2426 3326 2464 eorum
3359 2408 3538 2481 (Psal.
3571 2424 3731 2474 xxxv,
3761 2406 3831 2477 6).

2877 2522 3105 2580 CAPUT
3146 2520 3215 2577 Χ.

2252 2616 2556 2668 Probaturus
2596 2628 2737 2666 tutam
2784 2615 3033 2668 Trinitatis
3064 2629 3167 2668 esse
3198 2615 3492 2667 voluntatem
3516 2654 3528 2677 ,
3562 2610 3835 2665 vocationem

2312 2707 2455 2764 atque
2462 2700 2748 2763 jussionem,
2773 2698 2910 2750 docet
2925 2712 3019 2750 non
3032 2712 3170 2751 secus
3187 2712 3246 2750 ac
3270 2702 3423 2750 Pater
3442 2704 3489 2749 et
3508 2697 3662 2749 Filius
3680 2697 3836 2747 Eccle—

2312 2784 2436 2835 situn
2468 2787 2697 2834 vocarunt
2715 2823 2729 2846 ,
2762 2783 2833 2832 ita
2862 2790 2908 2833 et
2938 2782 3183 2847 Spiritum
3212 2796 3323 2833 eam
3355 2794 3583 2842 vocasse;
3617 2780 3756 2844 idque
3776 2793 3837 2830 ex

2313 2866 2542 2919 electione
2574 2866 2720 2917 Pauli
2751 2872 2797 2916 et
2820 2867 3063 2917 Barnaer
3090 2865 3334 2925 ostendit,
3367 2864 3456 2916 sed
3479 2863 3761 2929 potissimum
3781 2875 3839 2913 ea:

2314 2949 2539 3002 missione
2555 2950 2694 3001 Petri
2709 2950 2774 3000 ad
2795 2947 3090 3001 Cornelium.
3115 2950 3211 2999 Hic
3229 2949 3381 3000 obiter
3408 2947 3629 3010 ejusdem
3644 2946 3838 3009 Spiritus

2316 3042 2544 3099 potestate
2565 3069 2578 3093 ,
2604 3047 2661 3084 ac
2688 3031 2819 3084 trina
2839 3030 2982 3083 Petri
3003 3028 3298 3096 confessione
3321 3029 3596 3095 perstrictis
3615 3064 3628 3088 ,
3654 3028 3699 3078 in
3720 3027 3835 3091 cius-

2318 3118 2427 3167 detn
2453 3115 2653 3181 apostoli
2673 3114 2852 3167 visione
2869 3110 3207 3166 adumbratam
3230 3113 3379 3178 fuisse
3402 3113 3625 3164 declarat
3649 3107 3835 3160 roratio-

2318 3213 2424 3250 nem
2444 3197 2686 3265 gentium,
2710 3211 2819 3261 qua?
2842 3211 2949 3248 cum
2971 3195 3109 3260 prius
3126 3195 3345 3261 ferarum
3368 3194 3552 3245 similes
3576 3190 3836 3252 exsitissent,

2318 3282 2531 3346 Spiritus
2563 3282 2713 3345 aperti
2745 3281 3008 3344 deposuere
3048 3276 3301 3345 feritatem.
3349 3278 3475 3328 Tum
3501 3276 3582 3327 ubi
3608 3274 3837 3337 superiora

2316 3380 2381 3417 ea:
2407 3366 2504 3417 alio
2538 3368 2640 3418 loco
2673 3364 2916 3423 stabilivit,
2954 3364 3004 3415 in
3041 3362 3295 3416 Hieremia
3329 3362 3379 3415 in
3415 3366 3577 3416 lacum
3605 3380 3636 3415 a
3660 3358 3835 3416 luditis

2317 3449 2524 3502 demisso
2548 3490 2561 3513 ,
2587 3459 2630 3500 et
2654 3449 2769 3500 inde
2793 3454 2966 3499 educto
2986 3448 3049 3498 ab
3079 3446 3407 3498 Abdemeleclt
3429 3486 3441 3507 ,
3466 3446 3683 3513 Spiritus
3703 3447 3837 3499 senui

2315 3539 2373 3587 ab
2396 3535 2569 3589 iisdem
2592 3535 2787 3587 ludceis
2816 3532 3101 3599 contemptui
3128 3533 3281 3586 habiti
3303 3572 3317 3598 ,
3355 3540 3403 3585 et
3432 3548 3464 3585 ιι
3495 3538 3710 3602 gentibus
3734 3548 3836 3600 quas

2314 3622 2579 3682 mandavit,
2604 3622 2826 3673 honorati
2846 3619 3115 3687 symbolum
3137 3617 3388 3684 prteivisse
3404 3620 3717 3674 demonstrat.

2328 3717 2450 3773 l0l.
2498 3715 2666 3788 [Alias
2708 3731 2823 3783 cap.
2860 3712 2976 3786 XL]
3011 3713 3118 3768 Nec
3171 3712 3347 3767 solum
3372 3729 3477 3767 una
3511 3714 3750 3784 Operatio
3767 3718 3835 3767 est

2257 3810 2454 3880 ubique
2498 3808 2674 3864 Patris
2716 3817 2770 3862 et
2814 3807 2933 3861 Filii
2974 3816 3029 3861 et
3068 3806 3302 3875 Spiritus
3341 3807 3539 3872 sancti,
3566 3807 3661 3862 sed
3687 3806 3827 3861 etiam

2257 3918 2361 3957 una
2396 3913 2559 3972 ntqtto
2602 3901 2791 3955 eadem
2837 3900 3108 3963 voluntas,
3153 3914 3253 3951 una
3303 3897 3543 3963 vacatio,
3577 3913 3678 3953 una
3717 3909 3836 3966 prae-

2256 3996 2435 4065 ceptio
2461 4014 2472 4047 :
2503 3993 2645 4064 quod
2680 3992 2805 4047 licet
2826 3990 2880 4045 in
2915 3991 3010 4046 illo
3035 4005 3230 4060 magno
3258 4004 3321 4043 ac
3350 3991 3576 4045 salutari
3603 3988 3833 4045 Ecclesiae

2257 4099 2505 4159 spectare
2535 4084 2818 4158 mysterio.
2853 4084 3006 4140 Sient
3032 4084 3177 4138 enim
3229 4083 3389 4138 Pater
3427 4085 3641 4139 vocavit
3672 4088 3836 4153 gentes

2257 4182 2322 4236 ad
2371 4180 2698 4242 Ecclesium.
2747 4178 2981 4233 dicens:
3030 4177 3233 4231 Vocabo
3283 4193 3386 4230 non
3433 4178 3632 4247 plebem
3673 4189 3834 4239 meant,

2258 4274 2450 4342 plebem
2490 4288 2693 4327 meam:
2727 4280 2750 4307 θ
2777 4280 2822 4324 et
2864 4284 2965 4323 non
2995 4268 3268 4334 dilectam,
3306 4269 3551 4323 dilectam
3587 4268 3726 4341 (Oss.
3754 4266 3834 4336 tt);

2258 4376 2310 4420 et
2339 4365 2467 4421 alibi
2494 4382 2506 4417 :
2539 4364 2734 4419 Domus
2763 4377 2875 4415 mea
2903 4362 3088 4415 domus
3117 4360 3368 4415 orationis
3397 4361 3664 4417 vocabitur
3688 4359 3836 4413 omni-

2261 4458 2351 4511 bus
2378 4457 2611 4530 gentibus
2640 4454 2809 4527 (lt‘sai.
2845 4470 2952 4517 LVI,
2984 4452 3080 4522 7):
3112 4453 3185 4508 ita
3213 4454 3377 4507 etiam
3409 4453 3669 4509 Dominus
3695 4452 3835 4507 Iesus

558 4568 628 4618 γι,
657 4550 738 4622 4).
765 4551 832 4606 Ει
856 4552 983 4607 alibi
1014 4552 1153 4605 Deus
1179 4551 1340 4606 Pater
1362 4551 1429 4605 ad
1457 4551 1651 4606 Filium
1675 4552 1806 4606 dicit
1831 4569 1843 4605 :
1878 4550 2013 4606 Ecce
2033 4567 2153 4623 pro-
2180 4550 2233 4610 D
2260 4550 2325 4605 ad
2355 4549 2689 4605 evocandum
2722 4558 2774 4603 et
2811 4545 3249 4618 congregandam
3292 4545 3595 4601 Ecclesiam
3638 4545 3834 4599 laudum

555 4645 707 4715 selyti
736 4645 939 4698 venient
966 4644 1033 4696 ad
1061 4652 1109 4696 te
1137 4659 1229 4712 per
1255 4659 1336 4696 me
1367 4641 1538 4715 (Esai.
1576 4660 1681 4708 LIV,
1714 4642 1823 4716 15).

631 4736 721 4792 98.
765 4736 931 4790 Multa
984 4735 1222 4806 reperies
1261 4736 1402 4801 alia,
1444 4737 1488 4790 si
1535 4750 1751 4807 quaeras
1801 4751 1895 4806 per
1938 4736 2149 4792 Patrem

561 4831 720 4884 ﬁteta.
745 4828 1016 4900 Numquid
1043 4829 1167 4884 ideo
1200 4830 1376 4885 minor
1404 4829 1582 4893 Pater,
1611 4829 1733 4900 quia
1761 4829 1814 4883 in
1838 4827 1976 4884 Filio
2000 4838 2056 4884 et
2084 4842 2149 4885 ex

561 4925 699 4980 Filio
747 4925 1005 4995 pleraque
1053 4939 1175 4979 esse
1213 4924 1442 4995 legimus
1473 4942 1486 4978 :
1515 4932 1572 4979 et
1616 4939 1711 4994 per
1756 4924 1969 4979 Patrem
2012 4922 2152 4977 facta

562 5015 587 5054 ἀ
622 5019 707 5074 vel
751 5019 876 5074 data
926 5019 1152 5089 plurima
1201 5020 1253 5074 in
1299 5019 1597 5089 Scripturis
1639 5019 1952 5075 coalestihus
1996 5031 2155 5087 repe-

564 5114 766 5168 rhnus?

634 5206 724 5261 99.
766 5206 872 5261 Sed
897 5207 1057 5262 etiam
1084 5223 1179 5278 per
1201 5207 1463 5277 Spiritum
1486 5208 1738 5262 similiter
1764 5208 1993 5278 legimus
2015 5206 2153 5260 facta

564 5298 850 5368 pleraque,
885 5300 1023 5353 sicut
1072 5300 1280 5354 habes:
1320 5299 1482 5353 Nobis
1522 5309 1691 5352 autent
1737 5301 1974 5353 reuelauit
2022 5297 2155 5351 Deus

562 5409 651 5461 per
694 5392 952 5462 Spiritum
992 5410 1143 5448 suum
1176 5392 1219 5465 (l
1248 5392 1368 5447 Cor.
1401 5408 1460 5460 ιι,
1495 5392 1621 5461 10);
1662 5399 1720 5446 et
1757 5391 1924 5446 alibi:
1956 5389 2158 5444 Bonum

639 5568 664 5596 ἰ
695 5558 898 5613 Omnes
943 5556 1077 5611 edit.
1128 5562 1183 5610 et
1221 5553 1439 5624 quidam
1485 5568 1641 5618 mss.,
1678 5553 1798 5622 quia
1826 5554 1879 5606 in
1909 5553 2021 5622 ipso
2048 5561 2157 5617 est;

569 5628 760 5697 reliqui
796 5642 927 5681 mss.
961 5640 1431 5697 magnoinumero,
1463 5625 1583 5694 quia
1612 5626 1730 5695 ipso
1754 5634 1853 5678 est.

644 5698 669 5735 δ
691 5695 927 5771 Quidam
957 5713 1114 5759 mss.,
1151 5695 1340 5771 Vitam
1354 5699 1618 5771 capiamus
1640 5706 1906 5771 aeternam.

644 5776 664 5805 ο
696 5767 826 5823 Mss.
871 5782 981 5844 upn
1028 5768 1205 5847 pauci,
1254 5768 1373 5837 quia
1418 5765 1474 5824 in
1519 5768 1665 5824 nobis
1707 5776 1802 5837 est,
1850 5767 1912 5823 de
1954 5765 2159 5838 Spiritu

2256 4660 2285 4698 a
2316 4658 2376 4701 se
2405 4644 2537 4698 dicit
2565 4644 2831 4709 electum,
2874 4643 3015 4695 sicut
3045 4639 3216 4694 habes
3244 4637 3311 4694 ad
3344 4639 3614 4695 Anauiam
3654 4639 3836 4694 dictum

2257 4754 2285 4790 a
2334 4738 2564 4792 Domino
2606 4736 2734 4792 Jesu
2771 4754 2783 4789 :
2822 4733 3001 4796 Vade,
3047 4733 3291 4802 quoniam
3338 4748 3428 4786 σας
3478 4732 3732 4787 electionis
3773 4735 3836 4783 est

2259 4832 2383 4886 mihi
2427 4831 2512 4884 hic
2555 4845 2615 4883 ac
2658 4827 2927 4897 ferendum
2970 4840 3153 4880 nomen
3202 4839 3371 4877 meum
3412 4840 3605 4879 coram
3627 4820 3834 4895 gentibus

2261 4923 2399 4992 (Act.
2435 4938 2488 4977 ix
2509 4963 2523 4984 ,
2556 4918 2672 4992 15).

2330 5015 2456 5071 102.
2500 5015 2807 5082 Sicutergn
2830 5010 2991 5066 Pater
3021 5011 3161 5064 Deus
3190 5008 3406 5063 vocavit
3431 5008 3743 5069 Ecclesium,
3773 5005 3830 5057 ita

2258 5108 2472 5162 vocavit
2512 5114 2567 5161 et
2594 5103 2842 5159 Christus
2874 5118 2888 5156 :
2917 5111 2970 5156 et
2995 5096 3454 5171 quemadmodum
3482 5097 3725 5154 Christus
3755 5108 3833 5147 vo-

2258 5202 2420 5268 cavit,
2455 5201 2526 5255 ita
2558 5198 2767 5254 vocavit
2807 5206 2864 5251 et
2897 5194 3156 5264 Spiritus,
3183 5191 3412 5247 dicens:
3451 5192 3700 5261 Separate
3728 5182 3831 5241 mihi

2264 5294 2490 5349 Paulum
2519 5304 2565 5348 et
2596 5292 2890 5346 Barnabam
2931 5291 2985 5344 in
3025 5304 3155 5358 opus
3209 5304 3312 5356 quo
3357 5289 3535 5343 uocaui
3573 5302 3671 5341 eos.
3709 5282 3830 5337 Tum:

2249 5389 2568 5459 jejuuantes,
2603 5385 2800 5455 inquit,
2830 5393 2876 5438 et
2912 5389 3136 5446 orantes,
3164 5379 3528 5448 imposuerunt
3556 5379 3629 5433 eis
3652 5386 3823 5432 manat,

2266 5556 2594 5675 ψευδηῗὲἓέ
2614 5618 2770 5683 edit.,
2804 5618 2883 5672 uel
2904 5616 3074 5679 dicta;
3101 5627 3295 5668 omnes
3320 5627 3479 5680 mss»
3509 5613 3589 5669 νει
3615 5610 3744 5681 da.”

2343 5703 2365 5731 ε
2397 5693 2524 5749 Mss.
2555 5692 2788 5763 aliquot,
2816 5696 2991 5744 etnon
3017 5687 3246 5750 electam,
3276 5685 3514 5741 electam.
