3932 6176
118 245 215 301 763‘

1233 241 1323 296 DF.
1366 239 1637 298 SPIRI'I'U
1679 239 1951 300 SANCTO
1989 242 2121 299 LIB.
2164 242 2230 299 11.

3285 245 3388 298 τΰϐ

113 371 153 414 et
197 357 492 412 dimiserunt
538 371 640 412 eos.
691 355 807 426 Ipsi
848 367 1018 410 autem
1069 357 1318 424 praemissi
1364 355 1428 408 ab
1479 357 1684 424 Spiritu
1711 357 2034 421 Aconcessit
2073 357 2248 426 Deus,
2296 363 2426 415 sicut
2470 371 2520 414 et
2563 360 2740 424 nobis;
2791 375 2882 430 ego
2926 359 3039 430 quis
3085 375 3256 426 eram,
3306 361 3395 431 qui

113 462 272 505 sancto
295 451 604 506 devenerant
637 451 689 502 in
722 449 1014 504 Seleuciam
1063 448 1202 522 (Act.
1241 464 1360 517 xut,
1388 449 1425 502 Ω
1452 459 1499 503 et
1527 453 1686 520 seq.).

113 544 236 614 Ergo
273 558 377 597 non
425 545 600 598 stilum
636 542 870 608 Christi,
915 543 1010 597 sed
1041 543 1204 596 etiam
1239 543 1473 612 Spiritus
1512 541 1691 598 saneti

109 638 316 706 imperio
355 636 721 706 apostolatum
762 636 962 691 Paulus
1001 637 1244 707 accepit,
1275 648 1329 693 et
1358 637 1425 692 ad
1457 653 1680 709 congre-

109 732 360 803 gatiuuem
391 731 637 801 gentium
671 731 964 786 festinavit.

171 824 284 878 105.
324 823 434 879 Nec
474 823 622 878 solus
661 823 892 890 Paulus,
933 823 1028 878 sed
1071 823 1235 879 etiam
1279 822 1503 890 Petrus,
1545 827 1688 879 sicut

108 910 314 988 legimus
350 917 406 971 in
435 916 666 972 Actibus
693 919 1088 988 apostolorum.
1129 918 1264 972 Nam
1303 934 1427 973 cum
1467 919 1522 972 in
1560 933 1682 974 ora-

109 1012 238 1065 tione
263 1009 482 1064 vidisset
505 1011 699 1066 celum
730 1017 1002 1079 apertum,
1027 1019 1082 1064 et.
1105 1019 1338 1080 quatuor
1365 1011 1532 1064 initiis
1554 1011 1686 1080 liga-

107 1115 204 1158 tum
245 1120 331 1157 vas
357 1105 656 1174 quoddam,
691 1111 964 1174 tamquam
1006 1105 1230 1160 lintequ
1278 1106 1328 1159 in
1374 1120 1482 1175 quo
1526 1109 1686 1159 erant

105 1196 262 1250 omnia
287 1211 489 1264 genera
524 1197 930 1268 quadrupedum
961 1208 1013 1250 et
1047 1197 1287 1252 ferarum
1319 1191 1370 1252 ei
1403 1199 1680 1252 volucrum

104 1289 242 1355 cadi,
281 1290 422 1355 facta
460 1299 536 1342 est
571 1305 670 1344 eoa:
707 1291 776 1343 ad
822 1306 935 1344 eunt
963 1305 981 1344 :
1010 1289 1204 1363 Surge,
1231 1291 1426 1358 occide,
1459 1302 1507 1344 et
1536 1307 1682 1345 man-

105 1385 236 1437 duca.
283 1381 352 1436 Et
402 1380 594 1437 Petrus
642 1383 778 1437 dixit
812 1398 830 1436 :
863 1383 1038 1448 Absit,
1087 1381 1310 1438 Domine
1348 1399 1366 1437 :
1405 1399 1682 1454 numquam

106 1477 390 1530 manducaui
416 1491 687 1530 commune
723 1489 768 1531 et
809 1477 1150 1530 immundum.
1187 1474 1252 1529 El
1281 1491 1378 1531 νοω
1405 1492 1586 1530 rursus
1613 1477 1682 1532 ad

105 1585 238 1624 eum:
268 1569 420 1637 Quod
453 1569 595 1624 Deus
623 1571 918 1637 mandarit,
961 1585 1014 1624 tu
1056 1587 1322 1625 commune
1364 1587 1426 1625 ne
1466 1571 1678 1626 dixeris.

108 1662 203 1716 lloc
225 1673 388 1718 autem
420 1667 618 1735 factum
658 1675 732 1718 est
770 1681 862 1734 per
889 1675 993 1729 ter,
1036 1676 1084 1719 et
1125 1676 1382 1734 receptum
1409 1677 1481 1720 est
1511 1681 1598 1720 vos
1625 1667 1680 1720 in

1793 449 2110 520 pro/uberem
2138 452 2300 506 Deum
2333 455 2469 524 (Act.
2501 468 2575 516 xt,
2605 452 2735 523 l7)?

1879 543 2000 597 l07.
2041 542 2273 612 Spiritus
2320 559 2452 614 ergo
2495 555 2720 599 sanctus
2761 552 2864 606 est,
2909 542 3003 612 qui
3046 557 3146 596 nos
3185 543 3254 596 ab
3303 543 3393 598 illa

1792 640 1980 711 gentili
2019 639 2330 693 colluvione
2361 637 2658 691 mundavit.
2691 635 2748 690 In
2784 636 2894 690 illis
2921 635 3063 690 enim
3094 634 3392 706 generibus

1791 733 2231 804 quadrupedum,
2261 741 2316 786 et
2357 729 2618 794 ferarum,
2663 739 2716 784 ct
2757 730 3037 784 volucrum
3071 727 3238 798 ﬁgura
3275 736 3394 784 erat

1791 825 2120 881 conditionis
2151 825 2421 887 humanae,
2453 840 2574 893 quae
2618 821 2858 878 ferarum
2903 821 3064 876 modo
3103 815 3390 876 heStiitlem

1789 919 2006 974 videtur
2029 919 2210 974 induta
2239 917 2524 984 saevitiam,
2559 918 2658 970 nisi
2689 915 2930 985 Spiritus
2959 913 3392 969 sanctiﬁcatione

1792 1014 2064 1069 mitescat.
2107 1013 2252 1066 Bona
2293 1026 2424 1082 ergo
2470 1013 2674 1082 gratia,
2725 1025 2846 1080 qua:
2895 1009 3128 1065 ferinam
3183 1009 3391 1064 rabiem

1793 1117 1815 1145 ο
1848 1106 2111 1176 spirituali
2145 1106 2491 1176 simplicitate
2520 1113 2862 1160 commutat:
2899 1103 3122 1157 Eramus
3159 1103 3298 1158 enim
3341 1113 3389 1157 et

1788 1213 1885 1251 nos
1905 1197 2187 1268 aliquando
2209 1197 2524 1266 insipientes,
2546 1195 2826 1259 increduli,
2845 1205 3094 1259 errantes,
3121 1195 3392 1250 seruientes

1789 1291 2054 1344 desideriis
2081 1299 2124 1344 et
2151 1291 2498 1357 uoluptatibus
2522 1287 2678 1342 variis
2704 1303 2720 1339 :
2748 1303 2882 1340 nunc
2912 1297 3084 1340 autent
3111 1303 3203 1354 per
3229 1302 3382 1340 reno-

1786 1392 2038 1444 uationetn
2063 1390 2293 1462 Spiritus
2319 1389 2548 1444 lueredes
2573 1389 2784 1454 Christi,
2815 1389 3116 1461 angelorum
3139 1389 3388 1458 capimus

1785 1501 1894 1540 esse
1921 1483 2210 1538 cohwredes
2235 1482 2362 1554 (Tit.
2393 1499 2474 1548 ιιι,
2505 1481 2586 1553 5).

1862 1577 1982 1630 108.
2025 1576 2208 1644 Itaque
2229 1575 2434 1644 Spiritu
2465 1576 2658 1630 videns
2682 1586 2900 1630 sanctus
2927 1573 3194 1645 propheta
3219 1573 3386 1628 David

1786 1685 1850 1724 ex
1882 1670 2008 1724 leris
2036 1681 2133 1742 nos
2159 1669 2365 1724 similes
2391 1668 2600 1722 futuros
2629 1683 2749 1724 esse
2773 1669 3073 1724 cmlestium
3101 1685 3114 1720 :
3149 1667 3388 1735 ἤιεν-θρα,

107 1755 262 1808 calum
293 1757 429 1824 (Act.
463 1772 522 1821 x,
554 1755 614 1811 11
647 1767 694 1810 et
723 1759 876 1829 ηιμ).
911 1757 1055 1826 Ergo
1085 1770 1206 1812 cum
1241 1758 1342 1813 hoc
1369 1773 1552 1812 secnm
1579 1759 1678 1814 Pe-
1712 1761 1760 1821 B
1789 1761 1980 1833 inquit,
2015 1765 2152 1833 feras
2175 1763 2318 1816 silva:
2342 1761 2518 1830 (Psat.
2552 1777 2722 1826 vau,
2753 1761 2871 1829 52),
2901 1761 3099 1815 silvam
3134 1762 3388 1815 videlicet

109 1855 203 1902 trus
229 1850 415 1903 tacitus
455 1850 745 1920 cogitaret,
773 1861 830 1904 et
863 1851 1144 1905 venissent
1187 1847 1252 1905 ad
1286 1865 1407 1905 eum
1445 1850 1682 1906 Cornelii

107 1943 281 1998 servuli
307 1943 373 1997 ab
408 1945 625 2014 Angolo
651 1942 820 2016 654
849 1945 1134 2011 destinati,
1177 1946 1252 1999 ait
1289 1945 1364 1998 ibi
1403 1945 1636 2014 Spiritus
1666 1961 1680 1998 :

109 2033 219 2088 Ecce
261 2037 350 2090 viri
394 2047 637 2106 quarunt
684 2047 761 2101 te,
807 2051 964 2108 surge
999 2037 1203 2105 itaque,
1247 2045 1292 2089 et
1335 2033 1600 2097 descende,
1635 2047 1683 2090 et

108 2128 213 2180 uade
251 2144 359 2182 cum
400 2131 474 2182 eis
513 2143 532 2182 :
578 2143 640 2184 ne
685 2128 925 2194 dubites;
972 2131 1216 2200 quoniam
1263 2145 1354 2202 ego
1399 2127 1516 2183 misi
1562 2130 1682 2184 illos

114 2219 277 2290 tum,
309 2221 546 2292 19,20).

167 2310 276 2366 104.
329 2313 502 2380 Quam
569 2311 856 2368 evidenter
907 2313 1179 2383 expressit
1235 2327 1388 2368 suam
1447 2311 1682 2382 Spiritus

109 2414 298 2459 strictus
341 2407 708 2476 potestatem?
751 2406 932 2461 l‘rimo
973 2409 1212 2462 οιιιιιίιιιιι
1255 2407 1377 2476 quia
1423 2405 1684 2474 aspiravit

109 2499 278 2564 oranti,
311 2497 484 2554 adfuit
527 2498 844 2568 deprecanti
873 2517 886 2554 :
912 2497 1114 2553 deinde
1155 2499 1410 2568 quoniam
1458 2506 1682 2552 vocatus

108 2587 276 2647 Petrus
301 2593 607 2664 respondit,
633 2591 872 2658 Domine,
902 2601 957 2648 et
985 2593 1107 2648 ideo
1133 2592 1432 2646 secundum
1461 2590 1683 2644 eviden-

110 2683 200 2738 tius
223 2688 406 2742 mcruit
437 2688 746 2753 oraculum,
781 2685 904 2756 quia
945 2685 1232 2740 confessus
1255 2695 1339 2740 est
1369 2684 1676 2742 Dominum.

111 2774 197 2830 Sed
221 2777 331 2848 quis
355 2779 456 2836 iste
477 2780 554 2834 sit
577 2779 836 2834 Dominus
858 2779 1138 2849 Scriptura
1161 2777 1427 2846 declarat;
1457 2793 1680 2846 respon-

111 2865 235 2923 denti
261 2874 418 2936 enim,
454 2873 501 2926 is
551 2871 734 2941 utique
773 2872 859 2926 cui
909 2871 1284 2942 responderat,
1320 2872 1640 2942 loquebatur
1664 2887 1676 2900 ·

110 2960 336 3030 Spiritum
349 2973 534 3021 autem
555 2965 852 3021 ostendunt
867 2967 1148 3036 sequentia
1165 2966 1499 3022 declaratum
1522 2983 1536 3032 ;
1554 2966 1678 3037 quia

110 3055 204 3123 ipse
229 3060 313 3129 qui
345 3061 668 3132 mysterium
707 3058 992 3129 figurabat,
1029 3061 1345 3132 mysterium
1377 3059 1674 3116 revolabat.

1787 1854 2100 1921 signiﬁcans
2161 1869 2266 1907 non
2325 1853 2566 1908 ferarum
2620 1855 2890 1924 fragosum
2942 1853 3237 1916 cursibus,
3287 1865 3389 1906 nec

1787 1948 2086 2004 bestiarum
2116 1947 2414 2018 gemitibus
2447 1948 2846 2016 inhorrentem,
2875 1949 2972 2004 sed
3008 1949 3152 2002 illam
3193 1947 3388 2003 silvam

1786 2039 1856 2094 de
1886 2055 1988 2109 qua
2015 2040 2276 2109 scriptum
2309 2049 2393 2093 cst
2425 2057 2436 2091 :
2472 2038 2769 2094 Invenimus
2800 2058 2907 2094 eam
2938 2043 2992 2094 in
3023 2041 3218 2111 campis
3247 2041 3390 2093 sileat

1791 2129 1962 2200 (Psal.
1987 2147 2173 2195 cxxxt,
2201 2131 2278 2200 6).
2311 2131 2364 2184 1η
2395 2149 2520 2200 qua,
2551 2134 2690 2186 sicut
2717 2133 2852 2186 dixit
2874 2133 3146 2202 Propheta
3173 2151 3185 2184 :
3211 2135 3389 2204 justus

1786 2233 1839 2275 ut
1873 2223 2049 2292 palma
2089 2223 2316 2291 ﬂorebit,
2351 2231 2396 2275 et
2429 2224 2561 2276 velut
2590 2225 2774 2277 cedrus
2815 2239 2929 2293 quor
2968 2225 3019 2276 in
3060 2222 3258 2276 Libano
3287 2233 3383 2287 est,

1785 2314 2217 2384 multiplicabitur
2263 2311 2456 2384 (Psnl.
2508 2327 2662 2381 xCXI,
2711 2314 2838 2383 15).
2899 2313 2990 2367 Illa
3043 2314 3212 2378 silva,
3263 2328 3384 2382 quae

1790 2408 1948 2464 Verbi
1989 2408 2231 2462 caelestis
2261 2409 2573 2462 alimoniam
2614 2408 3056 2478 prophetirarum
3090 2406 3384 2462 verticibus

1783 2505 2038 2558 arborum
2067 2517 2332 2556 concussa
2361 2500 2606 2557 deﬂuxit.
2643 2501 2734 2555 llla
2763 2501 2921 2567 silva,
2957 2499 3024 2555 ad
3062 2515 3220 2570 quam
3249 2499 3386 2553 Pau-

1783 2597 1868 2652 lus
1895 2596 2051 2666 lupus
2077 2597 2292 2664 quidem
2323 2601 2512 2664 raptor
2551 2595 2796 2661 intravit,
2829 2595 2922 2648 sed
2954 2602 3141 2662 pastor
3171 2591 3336 2646 exivit
3367 2610 3382 2647 :

1784 2689 1853 2745 In
1903 2703 2104 2745 omnem
2144 2689 2289 2746 enim
2341 2699 2530 2744 terram
2577 2689 2732 2744 eaivit
2778 2703 2934 2744 sonus
2989 2703 3162 2742 eorum
3208 2683 3380 2759 (Psai.

1784 2799 1932 2847 ιιι-ιιι.
1973 2783 2052 2855 5).

1852 2880 2016 2952 655
2049 2880 2170 2935 109.
2205 2879 2434 2934 Emnns
2465 2895 2595 2950 ergo
2630 2878 2778 2945 ferai,
2805 2889 2862 2934 et
2887 2878 3008 2934 ideo
3036 2877 3168 2933 dicit
3199 2876 3384 2932 Domi-

1785 2987 1884 3026 nus
1912 2993 1924 3025 -.
1955 2971 2210 3026 Attendite
2236 2973 2373 3026 vobis
2412 2989 2444 3027 a
2470 2973 2616 3044 falsis
2648 2973 2912 3043 prophetis
2933 3015 2946 3036 ,
2977 2973 3064 3041 qui
3093 2972 3299 3026 veniunt
3329 2971 3383 3024 in

1784 3068 1966 3140 uestitu
1993 3068 2194 3132 ovium,
2241 3069 2380 3120 intus
2411 3077 2578 3120 autem
2604 3075 2721 3120 sunt
2760 3067 2865 3138 lupi
2907 3081 3122 3137 rapaces
3161 3062 3380 3133 (Matth.

167 3149 276 3207 105.
315 3153 483 3211 Simul
513 3155 648 3209 illud
680 3155 901 3208 adverte
922 3155 1045 3225 quia
1067 3156 1228 3208 tertio
1249 3156 1476 3223 repetita
1501 3155 1668 3225 llgura
1698 3153 1743 3215 C
1778 3176 1870 3225 \‘ll,
1897 3158 2003 3231 15).
2033 3159 2138 3213 Sed
2165 3175 2261 3231 per
2281 3159 2541 3230 Spiritum
2581 3170 2826 3214 sanctum
2851 3159 2960 3229 jam
2991 3159 3205 3212 leonum
3231 3156 3381 3211 amvi-

111 3247 317 3313 tnysterii
357 3249 740 3318 operationem
789 3248 1065 3304 Trinitatis
1107 3249 1395 3318 expressit.
1450 3249 1516 3302 lit
1557 3251 1680 3304 ideo

112 3342 130 3368 ε’
159 3336 200 3390 in
229 3343 489 3412 mysteriis
521 3340 886 3408 interrogatio
923 3341 1061 3396 trina
1102 3339 1364 3408 defertur,
1394 3353 1444 3396 et
1477 3343 1680 3397 contir-

111 3431 246 3487 matio
291 3438 422 3488 tritta
467 3435 833 3490 celebratur:
869 3448 967 3489 nec
1013 3442 1188 3507 potest
1232 3435 1350 3504 quis
1394 3437 1494 3489 nisi
1538 3437 1676 3490 trina

109 3523 410 3581 conieSsioue
453 3527 695 3598 purgari.
733 3526 886 3582 Unde
926 3536 981 3582 et
1023 3529 1136 3596 ipse
1171 3528 1362 3582 Petrus
1396 3529 1447 3582 in
1495 3528 1676 3582 Evan-

108 3617 225 3680 gelia
251 3616 421 3688 (Joan.
456 3632 576 3686 xxi,
611 3614 702 3687 l3)
733 3619 894 3673 tertio
917 3619 1306 3690 interrogatur,
1343 3627 1522 3674 utrum
1553 3620 1678 3674 dili-

107 3716 182 3773 gat
211 3709 515 3776 Dominum;
562 3722 617 3766 ut
649 3711 787 3766 trina
833 3711 1192 3781 responsione
1233 3706 1472 3779 vincula,
1501 3709 1528 3749 ιι
1557 3726 1678 3781 qlia:

109 3797 362 3858 Dominum
397 3804 652 3876 negando
693 3815 1071 3872 contraxerat,
1113 3815 1169 3860 et
1207 3806 1408 3875 quibus
1453 3819 1514 3860 se
1562 3805 1680 3874 ipse

109 3892 286 3964 ligavit,
315 3899 760 3954 absolverentur.

168 3993 276 4049 l06.
322 3995 458 4052 'l‘um
513 3995 715 4050 deinde
771 3995 896 4066 quia
952 3994 1018 4050 ad
1074 3993 1396 4052 Cornelium
1454 3997 1679 4068 angelus

110 4083 331 4153 mittitur,
363 4089 588 4146 Petrum
635 4089 877 4160 Spiritus
922 4095 1144 4144 sanctus
1189 4089 1486 4159 alloquitur
1535 4089 1674 4162 (Act.

109 4188 156 4237 Χ,
177 4177 226 4247 5)
256 4197 268 4232 :
302 4182 451 4237 Oculi
476 4183 618 4238 enim
649 4180 856 4236 Domini
885 4194 1042 4254 super
1084 4181 1263 4250 fideles
1305 4190 1454 4236 terra:
1498 4181 1672 4257 (Psal.

110 4281 151 4332 ο,
177 4273 243 4341 0).
271 4273 376 4330 Nec
405 4276 545 4332 illud
577 4275 837 4341 otiosum,
872 4274 1016 4344 quod
1052 4289 1175 4330 cum
1213 4275 1264 4330 in
1297 4276 1675 4346 superioribus

115 4367 468 4427 pmoislsset:
506 4369 659 4435 Quod
697 4367 840 4423 Deus
879 4369 1179 4436 inundauit,
1227 4379 1279 4424 tu
1318 4385 1382 4424 ne
1409 4384 1676 4439 commune

113 4451 274 4512 disci-is
301 4461 435 4530 (Art.
482 4477 537 4529 x,
574 4459 698 4531 15);
731 4461 915 4516 subito
960 4460 1162 4518 decldlt
1211 4474 1374 4531 super
1414 4461 1670 4532 gentiles,

115 4557 159 4599 ut
183 4553 452 4611 mandaret
488 4569 586 4610 eos
615 4555 854 4626 Spiritus
885 4559 1132 4621 sanctus;
1178 4555 1324 4610 unde
1371 4557 1680 4614 ostenditur
1706 4532 1755 4597 Ῐ)

115 4649 447 4712 operationem
500 4650 740 4720 Spiritus
794 4648 1166 4720 operationem
1229 4665 1352 4706 esse
1411 4648 1671 4705 divinam.

119 4731 279 4792 Petrus
321 4751 500 4798 autem
549 4743 752 4796 missus
794 4739 865 4795 ab
905 4740 1142 4810 Spiritu,
1185 4756 1292 4796 non
1339 4743 1679 4813 exspectavit

116 4825 370 4896 imperium
421 4834 515 4888 Del
563 4833 769 4898 Patris,
815 4831 912 4888 sed
961 4833 1394 4906 Ipsius‘quoque
1439 4837 1680 4907 Spiritus

117 4913 226 4972 illud
253 4931 331 4977 est
356 4925 641 4982 confessus
667 4925 970 4992 oraculum,
991 4925 1163 4995 ipsius
1185 4925 1420 4997 Spiritus
1447 4931 1675 5000 gratiam

118 5021 219 5067 esse
240 5023 457 5074 teatatus
480 5028 564 5075 est
583 5017 798 5075 dicens:
824 5017 886 5074 Si
917 5031 1036 5092 ergo
1066 5021 1296 5074 eamdem
1325 5023 1547 5090 gratiam
1571 5021 1680 5080 illis

179 5190 290 5248 ³1η
325 5198 594 5266 mysteriis,
633 5200 736 5251 hoc
775 5193 1073 5266 l0c0_idem
1113 5195 1383 5266 signiﬁcat
1416 5205 1580 5266 atque
1621 5200 1673 5255 in

124 5264 434 5339 sacramenm
477 5267 834 5337 baptismatis.
876 5264 1092 5339 Clarum
1134 5264 1331 5339 quippe
1375 5277 1460 5323 est
1493 5264 1675 5327 trinas

126 5330 227 5410 illas
253 5330 691 5410 interrogationes
731 5352 796 5410 ac
832 5330 1244 5410 responsiones
1262 5330 1346 5410 hic
1377 5339 1670 5410 designari,

125 5401 182 5476 de
208 5406 385 5472 quibus
413 5401 478 5462 ad
505 5409 597 5462 lib.
639 5423 676 5462 tt
717 5407 783 5462 de
823 5401 1065 5461 Sacram.
1109 5423 1230 5476 cap.
1264 5407 1316 5474 'l,
1353 5412 1437 5463 ubi
1468 5401 1670 5467 eaedem

127 5469 490 5547 describuntur,
524 5493 620 5534 nos
647 5478 808 5550 etiam
836 5477 1034 5550 aliquid
1063 5469 1486 5550 observavimus.
1517 5482 1673 5550 Quod

127 5554 260 5625 vero,
293 5550 486 5625 paucis
527 5548 858 5625 interiectis,
907 5548 1160 5625 additur:
1195 5549 1306 5625 Nec
1351 5565 1513 5622 potest
1541 5548 1674 5624 quis

129 5618 210 5694 nisi
247 5618 394 5694 trino“
417 5622 728 5694 confessione
777 5621 988 5692 purgari
1001 5627 1022 5686 ξ
1063 5623 1165 5694 (ioc
1202 5622 1268 5677 de
1317 5618 1470 5680 more
1513 5618 1674 5682 solito

129 5690 542 5768 alque-Ordinatio
570 5690 987 5768 intelligendum
1003 5690 1086 5751 esi.
1114 5715 1125 5751 :
1157 5707 1245 5751 aut
1269 5713 1398 5754 sane
1420 5717 1486 5756 eo
1507 5716 1671 5760 sensu

131 5757 490 5834 accipiendum,
515 5781 624 5838 quo
651 5767 702 5822 in
727 5757 832 5822 u'na
859 5766 1202 5826 confessione
1229 5771 1346 5827 aliae
1367 5771 1486 5828 duae
1517 5757 1668 5832 com;

1781 3256 1883 3320 tia,
1935 3256 2222 3326 pardorum
2265 3255 2519 3318 varietas,
2567 3253 2766 3306 astutia
2816 3252 3088 3321 vulpium,
3131 3251 3379 3320 luporum

1782 3348 2049 3415 rapacitas
2079 3347 2144 3401 de
2177 3347 2378 3400 nostris
2407 3345 2640 3400 exolevit
2665 3344 2969 3400 affectibus.
3002 3344 3188 3414 Magna
3223 3343 3381 3414 igitur

1779 3445 1971 3514 gratia,
1996 3458 2118 3512 qua:
2139 3443 2277 3500 C(Blo
2315 3452 2487 3496 terras
2530 3442 2790 3506 mutavit;
2821 3451 2876 3493 ut
2899 3442 3244 3495 conversatio
3287 3454 3383 3493 no-

1780 3547 1914 3600 stra,
1947 3536 2089 3589 sicut
2115 3534 2413 3604 Apostolus
2444 3533 2585 3588 dixit
2610 3531 2838 3602 (Philip.
2869 3547 2958 3596 ιιι,
2988 3531 3082 3601 20)
3105 3573 3119 3597 ,
3146 3533 3198 3586 in
3227 3530 3379 3585 co‘lis

1781 3628 1870 3688 sit.
1903 3630 1992 3699 qui
2017 3639 2142 3682 ante
2163 3629 2304 3682 sicut
2337 3628 2461 3681 fera:
2494 3628 2812 3682 errabamus
2841 3627 2894 3680 in
2921 3624 3090 3677 silvis.

1855 3721 1978 3774 110.
2019 3719 2126 3774 Sed
2169 3733 2268 3774 nec
2300 3719 2401 3770 hoc
2431 3727 2637 3772 tantum
2681 3719 2798 3771 Ιοειι
2839 3717 3034 3770 Petrus
3071 3713 3376 3783 apostolus,

1780 3809 1874 3863 sed
1899 3809 2058 3864 etiam
2087 3808 2214 3862 alibi
2241 3809 2291 3862 in
2324 3807 2515 3862 eodem
2546 3807 2688 3862 libro
2709 3822 2738 3860 a
2765 3805 2967 3875 Spiritu
2997 3813 3186 3858 sancto
3211 3803 3378 3856 nidifi-

1779 3910 1952 3958 catam
1987 3901 2284 3956 Ecclesiam
2334 3901 2747 3956 detuoustravit.
2789 3899 2969 3954 Habes
2997 3899 3141 3953 enim
3171 3899 3377 3954 dixisse

1780 4011 1901 4049 eum
1933 4012 1944 4046 :
1981 3993 2122 4049 Deus
2151 3995 2241 4064 qui
2287 3993 2423 4046 novit
2469 3993 2625 4046 corda
2675 3991 2938 4044 hominum
2967 4031 2982 4055 ,
3033 3993 3376 4046 testimonium

1779 4087 2056 4160 perhibuit,
2090 4087 2222 4140 dans
2247 4087 2327 4139 Itis
2356 4085 2612 4152 Spiritum
2651 4095 2886 4138 sanctum
2909 4127 2922 4150 ,
2957 4084 3089 4138 sicut
3121 4096 3165 4138 et
3197 4087 3376 4150 nobis;

1777 4191 1826 4236 et
1855 4179 1984 4234 nihil
2013 4179 2247 4236 discrevit
2278 4179 2410 4234 inter
2439 4195 2531 4232 nos
2559 4187 2606 4232 et
2634 4177 2774 4240 illos,
2813 4176 3069 4230 unindans
3101 4193 3193 4245 per
3221 4177 3376 4246 ﬁdem

1780 4275 1937 4330 corda
1967 4259 2141 4330 eorum
2170 4274 2308 4345 (Act.
2360 4287 2448 4339 xv,
2499 4273 2555 4336 8,
2603 4271 2684 4342 9).
2735 4271 2790 4327 In
2821 4287 2925 4342 quo
2968 4266 3098 4324 illttd
3133 4281 3215 4324 cst
3245 4285 3376 4323 con-

1781 4371 2063 4446 tuendum,
2092 4370 2212 4439 quia
2243 4370 2384 4425 sicut
2409 4367 2668 4424 Christus
2689 4367 2824 4438 lapis
2849 4376 2928 4421 est
2961 4363 3255 4436 angnlaris,
3287 4365 3377 4434 qui

1779 4466 2038 4520 unitatem
2066 4463 2240 4535 plebis
2270 4463 2548 4532 utriusque
2589 4461 2914 4526 conuexuit,
2955 4459 3020 4513 ita
3049 4459 3209 4512 etiam
3256 4457 3378 4526 Spi-

1785 4559 1922 4616 ritus
1951 4568 2168 4615 sanctus
2206 4573 2314 4614 non
2355 4555 2615 4613 discrevit
2648 4555 2929 4624 utriusque
2958 4550 3145 4623 populi
3176 4547 3338 4605 corda
3361 4591 3378 4616 ,

1783 4643 2102 4720 sed’junxit.

1850 4743 1972 4800 lii.
2004 4743 2116 4798 Non
2138 4754 2267 4812 ergo
2292 4751 2562 4810 tamquam
2581 4739 2802 4794 Jntlzcus
2821 4747 3138 4792 contemnas
3155 4735 3375 4801 Filium,

1779 4851 1938 4908 quem
1979 4835 2442 4887 annuntiaverunt
2490 4830 2803 4900 prophetis;
2852 4839 3169 4882 contemnas
3211 4828 3374 4880 etiam

1778 4927 2035 4997 Spiritum
2066 4931 2348 4990 sanctum,
2388 4933 2716 4976 contemnas
2757 4920 2972 4976 Esaiam
2997 4961 3012 4986 ,
3061 4929 3380 4974 contemnas

1783 5013 2134 5086 Hieremiam,
2183 5035 2344 5089 quem
2390 5018 2458 5072 de
2499 5019 2616 5072 lacu
2663 5017 2905 5073 Jodaicaa
2943 5017 3136 5072 domus
3179 5016 3268 5070 illc
3294 5030 3382 5070 as-

1784 5195 2215 5266 prchenduntnr,
2251 5191 2704 5264 quemadmodum
2737 5195 2806 5250 ab
2831 5195 3061 5264 ipsomet
3091 5195 3382 5251 Ambrosio

1779 5268 2084 5338 expositum
2107 5277 2191 5323 est
2210 5267 2474 5335 superiori
2510 5268 2670 5338 libro,
2691 5282 2811 5336 cap.
2839 5269 2896 5338 5,
2921 5283 3068 5320 ntnn.
3094 5268 3162 5320 42
3186 5277 3238 5320 ct
3260 5283 3377 5338 seq.

1850 5337 1878 5377 ι’
1911 5340 1985 5394 Ita
2019 5355 2148 5394 mss.
2183 5339 2387 5408 aliquot
2417 5337 2756 5408 probatiores
2789 5356 2800 5390 :
2829 5337 2920 5392 alii
2955 5353 3106 5403 vero,
3139 5348 3192 5393 et
3222 5339 3376 5405 edit,

1777 5425 1892 5482 qua:
1937 5409 2216 5482 Dominum
2248 5407 2456 5482 (llom.,
2488 5408 2675 5482 quibus
2707 5407 3006 5482 Dominum)
3054 5409 3292 5482 negando
3317 5409 3383 5482 li-

1779 5479 1986 5550 gaverat
2033 5479 2194 5556 (edit.
2245 5489 2379 5544 vet.,
2415 5481 2627 5547 liqavit,
2666 5481 2844 5546 liom.,
2877 5497 2930 5533 se
2958 5481 3168 5550 ligavit)
3213 5479 3386 5533 absol-

1781 5565 1934 5613 vetet.

1857 5637 1878 5664 ο
1911 5625 2167 5682 Nonnulli
2217 5639 2374 5690 mss.,
2419 5621 2622 5694 Spiritu
2669 5631 2821 5694 atque
2863 5623 3192 5696 simplicitate
3237 5637 3378 5680 cant-

1779 5708 1958 5754 mutat.
