  <div class='ocr_page' id='page_1' title='image "/cluster/home/n/w/nwhite01/storage/ocr_20150623/16/uva.x000826550/391.png"; bbox 0 0 3932 6176; ppageno 0'>
   <div class='ocr_carea' id='block_1_1' title="bbox 559 229 668 284">
    <p class='ocr_par' dir='ltr' id='par_1_1' title="bbox 559 229 668 284">
     <span class='ocr_line' id='line_1_1' title="bbox 559 229 668 284; baseline 0 0"><span class='ocrx_word' id='word_1_1' title='bbox 559 229 668 284; x_wconf 80' lang='lat'><strong>767</strong></span> 
     </span>
    </p>
   </div>
   <div class='ocr_carea' id='block_1_2' title="bbox 1961 217 3809 278">
    <p class='ocr_par' dir='ltr' id='par_1_2' title="bbox 1961 217 3809 278">
     <span class='ocr_line' id='line_1_2' title="bbox 1961 217 3809 278; baseline -0.003 0"><span class='ocrx_word' id='word_1_2' title='bbox 1961 217 2206 278; x_wconf 82' lang='lat' dir='ltr'><strong>SANCTI</strong></span> <span class='ocrx_word' id='word_1_3' title='bbox 2246 220 2573 278; x_wconf 78' lang='lat' dir='ltr'><strong>AMBROSII</strong></span> <span class='ocrx_word' id='word_1_4' title='bbox 3727 217 3809 273; x_wconf 79' lang='lat'><strong>768</strong></span> 
     </span>
    </p>
   </div>
   <div class='ocr_carea' id='block_1_3' title="bbox 559 336 3809 416">
    <p class='ocr_par' dir='ltr' id='par_1_3' title="bbox 559 336 3809 416">
     <span class='ocr_line' id='line_1_3' title="bbox 559 336 3809 416; baseline -0.003 -15"><span class='ocrx_word' id='word_1_5' title='bbox 559 351 813 416; x_wconf 78' lang='lat' dir='ltr'><strong>sumptus</strong></span> <span class='ocrx_word' id='word_1_6' title='bbox 852 355 880 396; x_wconf 91' lang='lat' dir='ltr'><strong>a</strong></span> <span class='ocrx_word' id='word_1_7' title='bbox 925 341 1154 395; x_wconf 90' lang='lat' dir='ltr'><strong>Domino</strong></span> <span class='ocrx_word' id='word_1_8' title='bbox 1182 348 1206 375; x_wconf 80' lang='grc' dir='ltr'>α</span> <span class='ocrx_word' id='word_1_9' title='bbox 1236 338 1429 410; x_wconf 89' lang='lat' dir='ltr'><strong>pannis</strong></span> <span class='ocrx_word' id='word_1_10' title='bbox 1455 346 1510 394; x_wconf 91' lang='lat' dir='ltr'><strong>et</strong></span> <span class='ocrx_word' id='word_1_11' title='bbox 1537 338 1756 393; x_wconf 81' lang='lat' dir='ltr'><strong>funibus</strong></span> <span class='ocrx_word' id='word_1_12' title='bbox 1781 337 2018 394; x_wconf 74' lang='lat' dir='ltr'><strong>elevavit</strong></span> <span class='ocrx_word' id='word_1_13' title='bbox 2049 336 2164 409; x_wconf 81' lang='lat' dir='ltr'><strong>(le—</strong></span> <span class='ocrx_word' id='word_1_14' title='bbox 2191 338 2242 398; x_wconf 83' lang='lat' dir='ltr'><strong>A</strong></span> <span class='ocrx_word' id='word_1_15' title='bbox 2267 338 2390 392; x_wconf 91' lang='lat' dir='ltr'><strong>audi</strong></span> <span class='ocrx_word' id='word_1_16' title='bbox 2423 339 2550 409; x_wconf 92' lang='lat' dir='ltr'><strong>quid</strong></span> <span class='ocrx_word' id='word_1_17' title='bbox 2577 339 2723 394; x_wconf 90' lang='lat' dir='ltr'><strong>dicat</strong></span> <span class='ocrx_word' id='word_1_18' title='bbox 2744 339 2812 394; x_wconf 90' lang='lat' dir='ltr'><strong>de</strong></span> <span class='ocrx_word' id='word_1_19' title='bbox 2833 355 2899 394; x_wconf 92' lang='lat' dir='ltr'><strong>co</strong></span> <span class='ocrx_word' id='word_1_20' title='bbox 2927 339 3023 394; x_wconf 85' lang='lat' dir='ltr'><strong>Dei</strong></span> <span class='ocrx_word' id='word_1_21' title='bbox 3053 339 3288 394; x_wconf 84' lang='lat' dir='ltr'><strong>veritas:</strong></span> <span class='ocrx_word' id='word_1_22' title='bbox 3319 337 3440 392; x_wconf 85' lang='lat' dir='ltr'><strong>Non</strong></span> <span class='ocrx_word' id='word_1_23' title='bbox 3469 339 3598 392; x_wconf 83' lang='lat' dir='ltr'><strong>enim</strong></span> <span class='ocrx_word' id='word_1_24' title='bbox 3622 337 3809 409; x_wconf 72' lang='lat' dir='ltr'><strong>loquetur</strong></span> 
     </span>
    </p>
   </div>
   <div class='ocr_carea' id='block_1_4' title="bbox 561 430 2164 503">
    <p class='ocr_par' dir='ltr' id='par_1_4' title="bbox 561 430 2164 503">
     <span class='ocr_line' id='line_1_4' title="bbox 561 430 2164 503; baseline -0.005 -11"><span class='ocrx_word' id='word_1_25' title='bbox 561 455 694 494; x_wconf 85' lang='lat' dir='ltr'><strong>rem.</strong></span> <span class='ocrx_word' id='word_1_26' title='bbox 725 451 952 500; x_wconf 82' lang='lat' dir='ltr'><strong>xxxvtn,</strong></span> <span class='ocrx_word' id='word_1_27' title='bbox 987 432 1096 503; x_wconf 89' lang='grc'><strong>10).</strong></span> <span class='ocrx_word' id='word_1_28' title='bbox 1135 432 1366 487; x_wconf 86' lang='lat' dir='ltr'><strong>Verbum</strong></span> <span class='ocrx_word' id='word_1_29' title='bbox 1397 433 1540 488; x_wconf 91' lang='lat' dir='ltr'><strong>enim</strong></span> <span class='ocrx_word' id='word_1_30' title='bbox 1573 431 1951 502; x_wconf 78' lang='lat' dir='ltr'><strong>propheticum</strong></span> <span class='ocrx_word' id='word_1_31' title='bbox 1985 430 2164 501; x_wconf 82' lang='lat' dir='ltr'><strong>despi-</strong></span> 
     </span>
    </p>
   </div>
   <div class='ocr_carea' id='block_1_5' title="bbox 561 523 2158 595">
    <p class='ocr_par' dir='ltr' id='par_1_5' title="bbox 561 523 2158 595">
     <span class='ocr_line' id='line_1_5' title="bbox 561 523 2158 595; baseline -0.008 -7"><span class='ocrx_word' id='word_1_32' title='bbox 561 533 738 595; x_wconf 85' lang='lat' dir='ltr'><strong>ciens,</strong></span> <span class='ocrx_word' id='word_1_33' title='bbox 766 531 819 584; x_wconf 95' lang='lat' dir='ltr'><strong>in</strong></span> <span class='ocrx_word' id='word_1_34' title='bbox 847 529 1022 583; x_wconf 90' lang='lat' dir='ltr'><strong>lacum</strong></span> <span class='ocrx_word' id='word_1_35' title='bbox 1050 526 1391 582; x_wconf 74' lang='lat' dir='ltr'><strong>demerserat</strong></span> <span class='ocrx_word' id='word_1_36' title='bbox 1419 540 1540 580; x_wconf 91' lang='lat' dir='ltr'><strong>eum</strong></span> <span class='ocrx_word' id='word_1_37' title='bbox 1572 524 1803 595; x_wconf 88' lang='lat' dir='ltr'><strong>populus</strong></span> <span class='ocrx_word' id='word_1_38' title='bbox 1826 523 2158 579; x_wconf 75' lang='lat' dir='ltr'><strong>Judzeorurn.</strong></span> 
     </span>
    </p>
   </div>
   <div class='ocr_carea' id='block_1_6' title="bbox 562 615 2167 694">
    <p class='ocr_par' dir='ltr' id='par_1_6' title="bbox 562 615 2167 694">
     <span class='ocr_line' id='line_1_6' title="bbox 562 615 2167 694; baseline -0.006 -13"><span class='ocrx_word' id='word_1_39' title='bbox 562 625 672 681; x_wconf 84' lang='lat' dir='ltr'><strong>Nec</strong></span> <span class='ocrx_word' id='word_1_40' title='bbox 714 623 1001 694; x_wconf 82' lang='lat' dir='ltr'><strong>quisquam</strong></span> <span class='ocrx_word' id='word_1_41' title='bbox 1047 621 1302 675; x_wconf 88' lang='lat' dir='ltr'><strong>inventus</strong></span> <span class='ocrx_word' id='word_1_42' title='bbox 1347 627 1430 673; x_wconf 88' lang='lat' dir='ltr'><strong>est</strong></span> <span class='ocrx_word' id='word_1_43' title='bbox 1458 617 1526 673; x_wconf 92' lang='lat' dir='ltr'><strong>de</strong></span> <span class='ocrx_word' id='word_1_44' title='bbox 1565 615 1769 674; x_wconf 74' lang='lat' dir='ltr'><strong>Judzeis</strong></span> <span class='ocrx_word' id='word_1_45' title='bbox 1816 617 1905 687; x_wconf 88' lang='lat' dir='ltr'><strong>qui</strong></span> <span class='ocrx_word' id='word_1_46' title='bbox 1961 615 2167 671; x_wconf 81' lang='lat' dir='ltr'><strong>levaret</strong></span> 
     </span>
    </p>
   </div>
   <div class='ocr_carea' id='block_1_7' title="bbox 562 708 2167 787">
    <p class='ocr_par' dir='ltr' id='par_1_7' title="bbox 562 708 2167 787">
     <span class='ocr_line' id='line_1_7' title="bbox 562 708 2167 787; baseline -0.006 -16"><span class='ocrx_word' id='word_1_47' title='bbox 562 715 916 787; x_wconf 81' lang='lat' dir='ltr'><strong>pr0pltetam,</strong></span> <span class='ocrx_word' id='word_1_48' title='bbox 951 713 1046 768; x_wconf 90' lang='lat' dir='ltr'><strong>sed</strong></span> <span class='ocrx_word' id='word_1_49' title='bbox 1095 727 1234 767; x_wconf 90' lang='lat' dir='ltr'><strong>unus</strong></span> <span class='ocrx_word' id='word_1_50' title='bbox 1278 710 1532 782; x_wconf 65' lang='lat' dir='ltr'><strong>Ethiops</strong></span> <span class='ocrx_word' id='word_1_51' title='bbox 1575 709 1948 765; x_wconf 78' lang='lat' dir='ltr'><strong>Abdemeleclt</strong></span> <span class='ocrx_word' id='word_1_52' title='bbox 1976 751 1990 774; x_wconf 92' lang='lat'><strong>,</strong></span> <span class='ocrx_word' id='word_1_53' title='bbox 2026 708 2167 763; x_wconf 84' lang='lat' dir='ltr'><strong>sicut</strong></span> 
     </span>
    </p>
   </div>
   <div class='ocr_carea' id='block_1_8' title="bbox 565 806 1126 877">
    <p class='ocr_par' dir='ltr' id='par_1_8' title="bbox 565 806 1126 877">
     <span class='ocr_line' id='line_1_8' title="bbox 565 806 1126 877; baseline -0.012 -12"><span class='ocrx_word' id='word_1_54' title='bbox 565 806 845 877; x_wconf 89' lang='lat' dir='ltr'><strong>Scriptura</strong></span> <span class='ocrx_word' id='word_1_55' title='bbox 876 813 1126 860; x_wconf 85' lang='lat' dir='ltr'><strong>testatur.</strong></span> 
     </span>
    </p>
   </div>
   <div class='ocr_carea' id='block_1_9' title="bbox 638 894 2166 969">
    <p class='ocr_par' dir='ltr' id='par_1_9' title="bbox 638 894 2166 969">
     <span class='ocr_line' id='line_1_9' title="bbox 638 894 2166 969; baseline -0.005 -16"><span class='ocrx_word' id='word_1_56' title='bbox 638 897 762 954; x_wconf 73' lang='lat'><strong>“2.</strong></span> <span class='ocrx_word' id='word_1_57' title='bbox 803 897 859 953; x_wconf 86' lang='lat' dir='ltr'><strong>In</strong></span> <span class='ocrx_word' id='word_1_58' title='bbox 891 913 1000 969; x_wconf 88' lang='lat' dir='ltr'><strong>quo</strong></span> <span class='ocrx_word' id='word_1_59' title='bbox 1029 899 1250 952; x_wconf 89' lang='lat' dir='ltr'><strong>nomine</strong></span> <span class='ocrx_word' id='word_1_60' title='bbox 1297 897 1467 967; x_wconf 88' lang='lat' dir='ltr'><strong>ﬁgura</strong></span> <span class='ocrx_word' id='word_1_61' title='bbox 1498 895 1860 966; x_wconf 87' lang='lat' dir='ltr'><strong>pulcherrima</strong></span> <span class='ocrx_word' id='word_1_62' title='bbox 1889 903 2012 960; x_wconf 92' lang='lat' dir='ltr'><strong>est,</strong></span> <span class='ocrx_word' id='word_1_63' title='bbox 2043 894 2166 964; x_wconf 86' lang='lat' dir='ltr'><strong>quia</strong></span> 
     </span>
    </p>
   </div>
   <div class='ocr_carea' id='block_1_10' title="bbox 565 990 2168 1062">
    <p class='ocr_par' dir='ltr' id='par_1_10' title="bbox 565 990 2168 1062">
     <span class='ocr_line' id='line_1_10' title="bbox 565 990 2168 1062; baseline -0.003 -14"><span class='ocrx_word' id='word_1_64' title='bbox 565 1007 874 1048; x_wconf 84' lang='lat' dir='ltr'><strong>sermonem</strong></span> <span class='ocrx_word' id='word_1_65' title='bbox 900 991 1301 1062; x_wconf 81' lang='lat' dir='ltr'><strong>prOpheticunt,</strong></span> <span class='ocrx_word' id='word_1_66' title='bbox 1327 1007 1484 1061; x_wconf 86' lang='lat' dir='ltr'><strong>quem</strong></span> <span class='ocrx_word' id='word_1_67' title='bbox 1507 990 1679 1046; x_wconf 73' lang='lat' dir='ltr'><strong>Judaei</strong></span> <span class='ocrx_word' id='word_1_68' title='bbox 1708 990 1855 1045; x_wconf 90' lang='lat' dir='ltr'><strong>velut</strong></span> <span class='ocrx_word' id='word_1_69' title='bbox 1875 990 1928 1044; x_wconf 92' lang='lat' dir='ltr'><strong>in</strong></span> <span class='ocrx_word' id='word_1_70' title='bbox 1951 1005 2168 1046; x_wconf 67' lang='lat' dir='ltr'><strong>caenum</strong></span> 
     </span>
    </p>
   </div>
   <div class='ocr_carea' id='block_1_11' title="bbox 565 1087 2170 1159">
    <p class='ocr_par' dir='ltr' id='par_1_11' title="bbox 565 1087 2170 1159">
     <span class='ocr_line' id='line_1_11' title="bbox 565 1087 2170 1159; baseline -0.002 -14"><span class='ocrx_word' id='word_1_71' title='bbox 565 1104 680 1145; x_wconf 70' lang='lat' dir='ltr'><strong>sua:</strong></span> <span class='ocrx_word' id='word_1_72' title='bbox 706 1089 908 1145; x_wconf 90' lang='lat' dir='ltr'><strong>mentis</strong></span> <span class='ocrx_word' id='word_1_73' title='bbox 953 1090 1243 1159; x_wconf 89' lang='lat' dir='ltr'><strong>carnisque</strong></span> <span class='ocrx_word' id='word_1_74' title='bbox 1279 1089 1660 1154; x_wconf 90' lang='lat' dir='ltr'><strong>detruserant,</strong></span> <span class='ocrx_word' id='word_1_75' title='bbox 1686 1103 1787 1144; x_wconf 92' lang='lat' dir='ltr'><strong>nos</strong></span> <span class='ocrx_word' id='word_1_76' title='bbox 1815 1087 2069 1144; x_wconf 86' lang='lat' dir='ltr'><strong>videlicet</strong></span> <span class='ocrx_word' id='word_1_77' title='bbox 2103 1103 2170 1143; x_wconf 83' lang='lat' dir='ltr'><strong>ex</strong></span> 
     </span>
    </p>
   </div>
   <div class='ocr_carea' id='block_1_12' title="bbox 565 1181 2170 1254">
    <p class='ocr_par' dir='ltr' id='par_1_12' title="bbox 565 1181 2170 1254">
     <span class='ocr_line' id='line_1_12' title="bbox 565 1181 2170 1254; baseline -0.003 -16"><span class='ocrx_word' id='word_1_78' title='bbox 565 1183 822 1254; x_wconf 76' lang='lat' dir='ltr'><strong>gentibus</strong></span> <span class='ocrx_word' id='word_1_79' title='bbox 849 1191 1165 1254; x_wconf 87' lang='lat' dir='ltr'><strong>peccatores</strong></span> <span class='ocrx_word' id='word_1_80' title='bbox 1183 1223 1197 1247; x_wconf 92' lang='lat'><strong>,</strong></span> <span class='ocrx_word' id='word_1_81' title='bbox 1231 1183 1369 1254; x_wconf 91' lang='lat' dir='ltr'><strong>nigri</strong></span> <span class='ocrx_word' id='word_1_82' title='bbox 1393 1191 1520 1238; x_wconf 91' lang='lat' dir='ltr'><strong>ante</strong></span> <span class='ocrx_word' id='word_1_83' title='bbox 1545 1181 1791 1247; x_wconf 88' lang='lat' dir='ltr'><strong>delictis,</strong></span> <span class='ocrx_word' id='word_1_84' title='bbox 1819 1190 1874 1236; x_wconf 92' lang='lat' dir='ltr'><strong>et</strong></span> <span class='ocrx_word' id='word_1_85' title='bbox 1899 1181 2170 1252; x_wconf 89' lang='lat' dir='ltr'><strong>quondam</strong></span> 
     </span>
    </p>
   </div>
   <div class='ocr_carea' id='block_1_13' title="bbox 570 1273 2173 1347">
    <p class='ocr_par' dir='ltr' id='par_1_13' title="bbox 570 1273 2173 1347">
     <span class='ocr_line' id='line_1_13' title="bbox 570 1273 2173 1347; baseline -0.002 -16"><span class='ocrx_word' id='word_1_86' title='bbox 570 1276 892 1332; x_wconf 81' lang='lat' dir='ltr'><strong>infructuosi</strong></span> <span class='ocrx_word' id='word_1_87' title='bbox 939 1277 1273 1332; x_wconf 87' lang='lat' dir='ltr'><strong>elevavimus</strong></span> <span class='ocrx_word' id='word_1_88' title='bbox 1319 1275 1388 1331; x_wconf 90' lang='lat' dir='ltr'><strong>de</strong></span> <span class='ocrx_word' id='word_1_89' title='bbox 1437 1275 1702 1345; x_wconf 78' lang='lat' dir='ltr'><strong>profundo</strong></span> <span class='ocrx_word' id='word_1_90' title='bbox 1733 1273 1925 1342; x_wconf 85' lang='lat' dir='ltr'><strong>(Ibid..</strong></span> <span class='ocrx_word' id='word_1_91' title='bbox 1964 1275 2074 1347; x_wconf 93' lang='grc'><strong>11).</strong></span> <span class='ocrx_word' id='word_1_92' title='bbox 2109 1274 2173 1328; x_wconf 88' lang='lat' dir='ltr'><strong>Et</strong></span> 
     </span>
    </p>
   </div>
   <div class='ocr_carea' id='block_1_14' title="bbox 574 1366 2173 1438">
    <p class='ocr_par' dir='ltr' id='par_1_14' title="bbox 574 1366 2173 1438">
     <span class='ocr_line' id='line_1_14' title="bbox 574 1366 2173 1438; baseline -0.002 -16"><span class='ocrx_word' id='word_1_93' title='bbox 574 1368 698 1423; x_wconf 91' lang='lat' dir='ltr'><strong>ideo</strong></span> <span class='ocrx_word' id='word_1_94' title='bbox 719 1367 982 1438; x_wconf 91' lang='lat' dir='ltr'><strong>scriptum</strong></span> <span class='ocrx_word' id='word_1_95' title='bbox 1011 1375 1098 1422; x_wconf 89' lang='lat' dir='ltr'><strong>est</strong></span> <span class='ocrx_word' id='word_1_96' title='bbox 1127 1385 1138 1420; x_wconf 92' lang='lat'>:</span> <span class='ocrx_word' id='word_1_97' title='bbox 1174 1367 1452 1438; x_wconf 62' lang='lat' dir='ltr'><strong>zEt/ziopia</strong></span> <span class='ocrx_word' id='word_1_98' title='bbox 1479 1366 1506 1404; x_wconf 79' lang='grc' dir='ltr'><strong>ι)</strong></span> <span class='ocrx_word' id='word_1_99' title='bbox 1531 1367 1826 1437; x_wconf 74' lang='lat' dir='ltr'><strong>prmlevabit</strong></span> <span class='ocrx_word' id='word_1_100' title='bbox 1847 1383 2029 1420; x_wconf 88' lang='lat' dir='ltr'><strong>manus</strong></span> <span class='ocrx_word' id='word_1_101' title='bbox 2053 1382 2173 1419; x_wconf 82' lang='lat' dir='ltr'><strong>suas</strong></span> 
     </span>
    </p>
   </div>
   <div class='ocr_carea' id='block_1_15' title="bbox 581 1457 2175 1532">
    <p class='ocr_par' dir='ltr' id='par_1_15' title="bbox 581 1457 2175 1532">
     <span class='ocr_line' id='line_1_15' title="bbox 581 1457 2175 1532; baseline 0 -20"><span class='ocrx_word' id='word_1_102' title='bbox 581 1459 692 1516; x_wconf 89' lang='lat' dir='ltr'><strong>Deo</strong></span> <span class='ocrx_word' id='word_1_103' title='bbox 721 1460 897 1532; x_wconf 86' lang='lat' dir='ltr'><strong>(Psal.</strong></span> <span class='ocrx_word' id='word_1_104' title='bbox 932 1475 1099 1527; x_wconf 69' lang='lat' dir='ltr'><strong>Ltvn,</strong></span> <span class='ocrx_word' id='word_1_105' title='bbox 1132 1458 1246 1530; x_wconf 73' lang='lat'><strong>5‘2).</strong></span> <span class='ocrx_word' id='word_1_106' title='bbox 1287 1459 1340 1514; x_wconf 89' lang='lat' dir='ltr'><strong>In</strong></span> <span class='ocrx_word' id='word_1_107' title='bbox 1372 1475 1481 1529; x_wconf 92' lang='lat' dir='ltr'><strong>quo</strong></span> <span class='ocrx_word' id='word_1_108' title='bbox 1510 1469 1713 1514; x_wconf 72' lang='lat' dir='ltr'><strong>sancta:</strong></span> <span class='ocrx_word' id='word_1_109' title='bbox 1753 1457 2016 1513; x_wconf 75' lang='lat' dir='ltr'><strong>Ecclesia:</strong></span> <span class='ocrx_word' id='word_1_110' title='bbox 2053 1471 2175 1526; x_wconf 89' lang='lat' dir='ltr'><strong>spe—</strong></span> 
     </span>
    </p>
   </div>
   <div class='ocr_carea' id='block_1_16' title="bbox 573 1551 2173 1622">
    <p class='ocr_par' dir='ltr' id='par_1_16' title="bbox 573 1551 2173 1622">
     <span class='ocr_line' id='line_1_16' title="bbox 573 1551 2173 1622; baseline -0.001 -17"><span class='ocrx_word' id='word_1_111' title='bbox 573 1553 688 1608; x_wconf 87' lang='lat' dir='ltr'><strong>cies</strong></span> <span class='ocrx_word' id='word_1_112' title='bbox 713 1552 1076 1622; x_wconf 87' lang='lat' dir='ltr'><strong>signiﬁcatur,</strong></span> <span class='ocrx_word' id='word_1_113' title='bbox 1125 1566 1244 1622; x_wconf 68' lang='lat' dir='ltr'><strong>quae</strong></span> <span class='ocrx_word' id='word_1_114' title='bbox 1283 1552 1361 1606; x_wconf 90' lang='lat' dir='ltr'><strong>ait</strong></span> <span class='ocrx_word' id='word_1_115' title='bbox 1406 1552 1457 1606; x_wconf 95' lang='lat' dir='ltr'><strong>in</strong></span> <span class='ocrx_word' id='word_1_116' title='bbox 1508 1551 1746 1607; x_wconf 88' lang='lat' dir='ltr'><strong>Canticis</strong></span> <span class='ocrx_word' id='word_1_117' title='bbox 1793 1551 2173 1604; x_wconf 72' lang='lat' dir='ltr'><strong>canticorum:</strong></span> 
     </span>
    </p>
   </div>
   <div class='ocr_carea' id='block_1_17' title="bbox 582 1641 2171 1714">
    <p class='ocr_par' dir='ltr' id='par_1_17' title="bbox 582 1641 2171 1714">
     <span class='ocr_line' id='line_1_17' title="bbox 582 1641 2171 1714; baseline 0.001 -19"><span class='ocrx_word' id='word_1_118' title='bbox 582 1641 752 1714; x_wconf 82' lang='lat' dir='ltr'><strong>Nigra</strong></span> <span class='ocrx_word' id='word_1_119' title='bbox 781 1659 893 1697; x_wconf 85' lang='lat' dir='ltr'><strong>smn</strong></span> <span class='ocrx_word' id='word_1_120' title='bbox 921 1652 968 1696; x_wconf 89' lang='lat' dir='ltr'><strong>et</strong></span> <span class='ocrx_word' id='word_1_121' title='bbox 999 1642 1185 1696; x_wconf 87' lang='lat' dir='ltr'><strong>decora</strong></span> <span class='ocrx_word' id='word_1_122' title='bbox 1211 1684 1225 1708; x_wconf 94' lang='lat'><strong>,</strong></span> <span class='ocrx_word' id='word_1_123' title='bbox 1272 1641 1398 1711; x_wconf 72' lang='lat' dir='ltr'><strong>lilia:</strong></span> <span class='ocrx_word' id='word_1_124' title='bbox 1431 1641 1750 1697; x_wconf 74' lang='lat' dir='ltr'><strong>Hierusalem</strong></span> <span class='ocrx_word' id='word_1_125' title='bbox 1802 1641 1971 1712; x_wconf 87' lang='lat' dir='ltr'><strong>(Cant.</strong></span> <span class='ocrx_word' id='word_1_126' title='bbox 2005 1659 2041 1709; x_wconf 92' lang='lat' dir='ltr'><strong>l,</strong></span> <span class='ocrx_word' id='word_1_127' title='bbox 2083 1641 2171 1710; x_wconf 71' lang='lat'><strong>4);</strong></span> 
     </span>
    </p>
   </div>
   <div class='ocr_carea' id='block_1_18' title="bbox 2266 432 3812 502">
    <p class='ocr_par' dir='ltr' id='par_1_18' title="bbox 2266 432 3812 502">
     <span class='ocr_line' id='line_1_18' title="bbox 2266 432 3812 502; baseline 0.002 -19"><span class='ocrx_word' id='word_1_128' title='bbox 2266 447 2296 482; x_wconf 92' lang='lat' dir='ltr'><strong>a</strong></span> <span class='ocrx_word' id='word_1_129' title='bbox 2322 432 2592 500; x_wconf 88' lang='lat' dir='ltr'><strong>semetipso</strong></span> <span class='ocrx_word' id='word_1_130' title='bbox 2613 472 2628 498; x_wconf 93' lang='lat'><strong>,</strong></span> <span class='ocrx_word' id='word_1_131' title='bbox 2658 433 2750 486; x_wconf 89' lang='lat' dir='ltr'><strong>sed</strong></span> <span class='ocrx_word' id='word_1_132' title='bbox 2777 448 2890 501; x_wconf 81' lang='lat' dir='ltr'><strong>qua:</strong></span> <span class='ocrx_word' id='word_1_133' title='bbox 2913 432 3170 497; x_wconf 82' lang='lat' dir='ltr'><strong>audierit,</strong></span> <span class='ocrx_word' id='word_1_134' title='bbox 3201 432 3433 502; x_wconf 75' lang='lat' dir='ltr'><strong>loquetur</strong></span> <span class='ocrx_word' id='word_1_135' title='bbox 3455 473 3469 495; x_wconf 98' lang='lat'><strong>,</strong></span> <span class='ocrx_word' id='word_1_136' title='bbox 3517 441 3561 485; x_wconf 89' lang='lat' dir='ltr'><strong>et</strong></span> <span class='ocrx_word' id='word_1_137' title='bbox 3591 447 3696 501; x_wconf 71' lang='lat' dir='ltr'><strong>qua:</strong></span> <span class='ocrx_word' id='word_1_138' title='bbox 3725 448 3812 486; x_wconf 81' lang='lat' dir='ltr'><strong>m-</strong></span> 
     </span>
    </p>
   </div>
   <div class='ocr_carea' id='block_1_19' title="bbox 2268 525 3197 598">
    <p class='ocr_par' dir='ltr' id='par_1_19' title="bbox 2268 525 3197 598">
     <span class='ocr_line' id='line_1_19' title="bbox 2268 525 3197 598; baseline 0.003 -21"><span class='ocrx_word' id='word_1_139' title='bbox 2268 525 2426 589; x_wconf 88' lang='lat' dir='ltr'><strong>nient,</strong></span> <span class='ocrx_word' id='word_1_140' title='bbox 2461 527 2789 581; x_wconf 87' lang='lat' dir='ltr'><strong>annuntiabit</strong></span> <span class='ocrx_word' id='word_1_141' title='bbox 2818 527 3031 597; x_wconf 74' lang='lat' dir='ltr'><strong>uobis-(1</strong></span> <span class='ocrx_word' id='word_1_142' title='bbox 3041 527 3197 598; x_wconf 89' lang='lat' dir='ltr'><strong>bid.).</strong></span> 
     </span>
    </p>
   </div>
   <div class='ocr_carea' id='block_1_20' title="bbox 2341 617 3809 690">
    <p class='ocr_par' dir='ltr' id='par_1_20' title="bbox 2341 617 3809 690">
     <span class='ocr_line' id='line_1_20' title="bbox 2341 617 3809 690; baseline 0.001 -18"><span class='ocrx_word' id='word_1_143' title='bbox 2341 617 2466 673; x_wconf 88' lang='grc'><strong>116.</strong></span> <span class='ocrx_word' id='word_1_144' title='bbox 2510 619 2693 690; x_wconf 84' lang='lat' dir='ltr'><strong>Itaque</strong></span> <span class='ocrx_word' id='word_1_145' title='bbox 2724 629 2781 674; x_wconf 92' lang='lat' dir='ltr'><strong>ut</strong></span> <span class='ocrx_word' id='word_1_146' title='bbox 2820 620 3073 676; x_wconf 85' lang='lat' dir='ltr'><strong>advertas</strong></span> <span class='ocrx_word' id='word_1_147' title='bbox 3103 621 3227 690; x_wconf 86' lang='lat' dir='ltr'><strong>quia</strong></span> <span class='ocrx_word' id='word_1_148' title='bbox 3275 619 3424 674; x_wconf 86' lang='lat' dir='ltr'><strong>novit</strong></span> <span class='ocrx_word' id='word_1_149' title='bbox 3467 620 3674 687; x_wconf 88' lang='lat' dir='ltr'><strong>omnia,</strong></span> <span class='ocrx_word' id='word_1_150' title='bbox 3714 634 3809 674; x_wconf 88' lang='lat' dir='ltr'><strong>cum</strong></span> 
     </span>
    </p>
   </div>
   <div class='ocr_carea' id='block_1_21' title="bbox 2269 710 3810 782">
    <p class='ocr_par' dir='ltr' id='par_1_21' title="bbox 2269 710 3810 782">
     <span class='ocr_line' id='line_1_21' title="bbox 2269 710 3810 782; baseline 0.002 -16"><span class='ocrx_word' id='word_1_151' title='bbox 2269 710 2475 766; x_wconf 80' lang='lat' dir='ltr'><strong>diceret</strong></span> <span class='ocrx_word' id='word_1_152' title='bbox 2508 712 2675 768; x_wconf 87' lang='lat' dir='ltr'><strong>Filius</strong></span> <span class='ocrx_word' id='word_1_153' title='bbox 2705 732 2717 767; x_wconf 90' lang='lat'><strong>:</strong></span> <span class='ocrx_word' id='word_1_154' title='bbox 2749 712 2828 769; x_wconf 89' lang='lat' dir='ltr'><strong>De</strong></span> <span class='ocrx_word' id='word_1_155' title='bbox 2858 716 2941 770; x_wconf 87' lang='lat' dir='ltr'><strong>die</strong></span> <span class='ocrx_word' id='word_1_156' title='bbox 2970 725 3142 770; x_wconf 78' lang='lat' dir='ltr'><strong>autem</strong></span> <span class='ocrx_word' id='word_1_157' title='bbox 3166 716 3262 769; x_wconf 90' lang='lat' dir='ltr'><strong>illa</strong></span> <span class='ocrx_word' id='word_1_158' title='bbox 3291 723 3337 768; x_wconf 91' lang='lat' dir='ltr'><strong>et</strong></span> <span class='ocrx_word' id='word_1_159' title='bbox 3365 716 3496 768; x_wconf 75' lang='lat' dir='ltr'><strong>liora</strong></span> <span class='ocrx_word' id='word_1_160' title='bbox 3525 731 3661 768; x_wconf 86' lang='lat' dir='ltr'><strong>nemo</strong></span> <span class='ocrx_word' id='word_1_161' title='bbox 3685 717 3810 782; x_wconf 80' lang='lat' dir='ltr'><strong>norit,</strong></span> 
     </span>
    </p>
   </div>
   <div class='ocr_carea' id='block_1_22' title="bbox 2271 808 3816 880">
    <p class='ocr_par' dir='ltr' id='par_1_22' title="bbox 2271 808 3816 880">
     <span class='ocr_line' id='line_1_22' title="bbox 2271 808 3816 880; baseline 0.005 -22"><span class='ocrx_word' id='word_1_162' title='bbox 2271 822 2431 876; x_wconf 83' lang='lat' dir='ltr'><strong>neque</strong></span> <span class='ocrx_word' id='word_1_163' title='bbox 2459 809 2639 880; x_wconf 78' lang='lat' dir='ltr'><strong>Angeli</strong></span> <span class='ocrx_word' id='word_1_164' title='bbox 2667 810 2909 864; x_wconf 72' lang='lat' dir='ltr'><strong>caelorum</strong></span> <span class='ocrx_word' id='word_1_165' title='bbox 2938 808 3135 878; x_wconf 77' lang='lat' dir='ltr'><strong>(Marc.</strong></span> <span class='ocrx_word' id='word_1_166' title='bbox 3177 825 3272 864; x_wconf 83' lang='lat' dir='ltr'><strong>xm</strong></span> <span class='ocrx_word' id='word_1_167' title='bbox 3293 852 3307 876; x_wconf 95' lang='lat'><strong>,</strong></span> <span class='ocrx_word' id='word_1_168' title='bbox 3341 809 3470 880; x_wconf 71' lang='lat'><strong>&#39;52);</strong></span> <span class='ocrx_word' id='word_1_169' title='bbox 3499 811 3698 880; x_wconf 78' lang='lat' dir='ltr'><strong>excepit</strong></span> <span class='ocrx_word' id='word_1_170' title='bbox 3722 810 3816 878; x_wconf 82' lang='lat' dir='ltr'><strong>Spi-</strong></span> 
     </span>
    </p>
   </div>
   <div class='ocr_carea' id='block_1_23' title="bbox 2271 901 3816 974">
    <p class='ocr_par' dir='ltr' id='par_1_23' title="bbox 2271 901 3816 974">
     <span class='ocr_line' id='line_1_23' title="bbox 2271 901 3816 974; baseline 0.002 -20"><span class='ocrx_word' id='word_1_171' title='bbox 2271 901 2432 955; x_wconf 91' lang='lat' dir='ltr'><strong>ritum</strong></span> <span class='ocrx_word' id='word_1_172' title='bbox 2460 913 2726 958; x_wconf 90' lang='lat' dir='ltr'><strong>sanctum.</strong></span> <span class='ocrx_word' id='word_1_173' title='bbox 2777 904 2832 958; x_wconf 88' lang='lat' dir='ltr'><strong>Si</strong></span> <span class='ocrx_word' id='word_1_174' title='bbox 2861 916 3040 958; x_wconf 89' lang='lat' dir='ltr'><strong>autem</strong></span> <span class='ocrx_word' id='word_1_175' title='bbox 3065 913 3323 973; x_wconf 85' lang='lat' dir='ltr'><strong>exceptus</strong></span> <span class='ocrx_word' id='word_1_176' title='bbox 3361 914 3445 958; x_wconf 90' lang='lat' dir='ltr'><strong>est</strong></span> <span class='ocrx_word' id='word_1_177' title='bbox 3475 901 3696 974; x_wconf 89' lang='lat' dir='ltr'><strong>Spiritus</strong></span> <span class='ocrx_word' id='word_1_178' title='bbox 3719 917 3816 957; x_wconf 89' lang='lat' dir='ltr'><strong>san-</strong></span> 
     </span>
    </p>
   </div>
   <div class='ocr_carea' id='block_1_24' title="bbox 2271 994 3814 1067">
    <p class='ocr_par' dir='ltr' id='par_1_24' title="bbox 2271 994 3814 1067">
     <span class='ocr_line' id='line_1_24' title="bbox 2271 994 3814 1067; baseline 0.002 -20"><span class='ocrx_word' id='word_1_179' title='bbox 2271 1003 2392 1048; x_wconf 89' lang='lat' dir='ltr'><strong>ctus</strong></span> <span class='ocrx_word' id='word_1_180' title='bbox 2425 994 2492 1048; x_wconf 88' lang='lat' dir='ltr'><strong>ab</strong></span> <span class='ocrx_word' id='word_1_181' title='bbox 2516 996 2848 1066; x_wconf 86' lang='lat' dir='ltr'><strong>ignorantia,</strong></span> <span class='ocrx_word' id='word_1_182' title='bbox 2873 997 3150 1067; x_wconf 91' lang='lat' dir='ltr'><strong>quomodo</strong></span> <span class='ocrx_word' id='word_1_183' title='bbox 3196 1013 3302 1052; x_wconf 91' lang='lat' dir='ltr'><strong>non</strong></span> <span class='ocrx_word' id='word_1_184' title='bbox 3354 1006 3608 1067; x_wconf 74' lang='lat' dir='ltr'><strong>exceptus</strong></span> <span class='ocrx_word' id='word_1_185' title='bbox 3633 1007 3708 1052; x_wconf 91' lang='lat' dir='ltr'><strong>est</strong></span> <span class='ocrx_word' id='word_1_186' title='bbox 3745 997 3814 1050; x_wconf 81' lang='lat' dir='ltr'><strong>Dei</strong></span> 
     </span>
    </p>
   </div>
   <div class='ocr_carea' id='block_1_25' title="bbox 2274 1086 2482 1141">
    <p class='ocr_par' dir='ltr' id='par_1_25' title="bbox 2274 1086 2482 1141">
     <span class='ocr_line' id='line_1_25' title="bbox 2274 1086 2482 1141; baseline 0 -1"><span class='ocrx_word' id='word_1_187' title='bbox 2274 1086 2482 1141; x_wconf 78' lang='lat' dir='ltr'><strong>Filius?</strong></span> 
     </span>
    </p>
   </div>
   <div class='ocr_carea' id='block_1_26' title="bbox 2349 1180 3821 1253">
    <p class='ocr_par' dir='ltr' id='par_1_26' title="bbox 2349 1180 3821 1253">
     <span class='ocr_line' id='line_1_26' title="bbox 2349 1180 3821 1253; baseline 0.001 -19"><span class='ocrx_word' id='word_1_188' title='bbox 2349 1181 2471 1235; x_wconf 85' lang='grc'><strong>117.</strong></span> <span class='ocrx_word' id='word_1_189' title='bbox 2513 1180 2616 1236; x_wconf 89' lang='lat' dir='ltr'><strong>Sed</strong></span> <span class='ocrx_word' id='word_1_190' title='bbox 2661 1182 2798 1238; x_wconf 91' lang='lat' dir='ltr'><strong>dicis</strong></span> <span class='ocrx_word' id='word_1_191' title='bbox 2847 1183 2972 1253; x_wconf 84' lang='lat' dir='ltr'><strong>quia</strong></span> <span class='ocrx_word' id='word_1_192' title='bbox 3017 1198 3140 1237; x_wconf 90' lang='lat' dir='ltr'><strong>cum</strong></span> <span class='ocrx_word' id='word_1_193' title='bbox 3189 1183 3394 1252; x_wconf 78' lang='lat' dir='ltr'><strong>angelis</strong></span> <span class='ocrx_word' id='word_1_194' title='bbox 3435 1184 3821 1238; x_wconf 83' lang='lat' dir='ltr'><strong>annumerarerit</strong></span> 
     </span>
    </p>
   </div>
   <div class='ocr_carea' id='block_1_27' title="bbox 2276 1272 3819 1345">
    <p class='ocr_par' dir='ltr' id='par_1_27' title="bbox 2276 1272 3819 1345">
     <span class='ocr_line' id='line_1_27' title="bbox 2276 1272 3819 1345; baseline 0.001 -18"><span class='ocrx_word' id='word_1_195' title='bbox 2276 1281 2330 1327; x_wconf 87' lang='lat' dir='ltr'><strong>et</strong></span> <span class='ocrx_word' id='word_1_196' title='bbox 2356 1272 2448 1327; x_wconf 85' lang='lat' dir='ltr'><strong>Dei</strong></span> <span class='ocrx_word' id='word_1_197' title='bbox 2477 1273 2696 1327; x_wconf 89' lang='lat' dir='ltr'><strong>Filium.</strong></span> <span class='ocrx_word' id='word_1_198' title='bbox 2721 1275 3116 1329; x_wconf 79' lang='lat' dir='ltr'><strong>Anntnneravit</strong></span> <span class='ocrx_word' id='word_1_199' title='bbox 3144 1274 3362 1345; x_wconf 87' lang='lat' dir='ltr'><strong>quidem</strong></span> <span class='ocrx_word' id='word_1_200' title='bbox 3393 1275 3608 1339; x_wconf 87' lang='lat' dir='ltr'><strong>Filium,</strong></span> <span class='ocrx_word' id='word_1_201' title='bbox 3635 1275 3717 1329; x_wconf 88' lang='lat' dir='ltr'><strong>sed</strong></span> <span class='ocrx_word' id='word_1_202' title='bbox 3739 1290 3819 1329; x_wconf 90' lang='lat' dir='ltr'><strong>non</strong></span> 
     </span>
    </p>
   </div>
   <div class='ocr_carea' id='block_1_28' title="bbox 2275 1365 3821 1437">
    <p class='ocr_par' dir='ltr' id='par_1_28' title="bbox 2275 1365 3821 1437">
     <span class='ocr_line' id='line_1_28' title="bbox 2275 1365 3821 1437; baseline 0 -19"><span class='ocrx_word' id='word_1_203' title='bbox 2275 1366 2659 1419; x_wconf 87' lang='lat' dir='ltr'><strong>annumeravit</strong></span> <span class='ocrx_word' id='word_1_204' title='bbox 2684 1375 2736 1420; x_wconf 90' lang='lat' dir='ltr'><strong>et</strong></span> <span class='ocrx_word' id='word_1_205' title='bbox 2757 1365 3042 1436; x_wconf 90' lang='lat' dir='ltr'><strong>Spiritum.</strong></span> <span class='ocrx_word' id='word_1_206' title='bbox 3060 1367 3167 1421; x_wconf 85' lang='lat' dir='ltr'><strong>Aut</strong></span> <span class='ocrx_word' id='word_1_207' title='bbox 3194 1367 3367 1422; x_wconf 82' lang='lat' dir='ltr'><strong>fatere</strong></span> <span class='ocrx_word' id='word_1_208' title='bbox 3411 1366 3572 1436; x_wconf 88' lang='lat' dir='ltr'><strong>igitur</strong></span> <span class='ocrx_word' id='word_1_209' title='bbox 3601 1367 3821 1437; x_wconf 88' lang='lat' dir='ltr'><strong>potiorem</strong></span> 
     </span>
    </p>
   </div>
   <div class='ocr_carea' id='block_1_29' title="bbox 2277 1457 3886 1528">
    <p class='ocr_par' dir='ltr' id='par_1_29' title="bbox 2277 1457 3886 1528">
     <span class='ocr_line' id='line_1_29' title="bbox 2277 1457 3886 1528; baseline -0.001 -16"><span class='ocrx_word' id='word_1_210' title='bbox 2277 1472 2396 1513; x_wconf 84' lang='lat' dir='ltr'><strong>esse</strong></span> <span class='ocrx_word' id='word_1_211' title='bbox 2423 1458 2682 1528; x_wconf 85' lang='lat' dir='ltr'><strong>Spiritum</strong></span> <span class='ocrx_word' id='word_1_212' title='bbox 2715 1469 2964 1512; x_wconf 90' lang='lat' dir='ltr'><strong>sanctum</strong></span> <span class='ocrx_word' id='word_1_213' title='bbox 3013 1459 3104 1516; x_wconf 90' lang='lat' dir='ltr'><strong>Dei</strong></span> <span class='ocrx_word' id='word_1_214' title='bbox 3137 1458 3298 1524; x_wconf 85' lang='lat' dir='ltr'><strong>Filio,</strong></span> <span class='ocrx_word' id='word_1_215' title='bbox 3333 1457 3360 1494; x_wconf 71' lang='grc' dir='ltr'><strong>ιι</strong></span> <span class='ocrx_word' id='word_1_216' title='bbox 3391 1468 3451 1514; x_wconf 81' lang='grc' dir='ltr'><strong>ιιι</strong></span> <span class='ocrx_word' id='word_1_217' title='bbox 3474 1458 3583 1528; x_wconf 89' lang='lat' dir='ltr'><strong>jam</strong></span> <span class='ocrx_word' id='word_1_218' title='bbox 3622 1473 3716 1512; x_wconf 91' lang='lat' dir='ltr'><strong>non</strong></span> <span class='ocrx_word' id='word_1_219' title='bbox 3752 1473 3822 1510; x_wconf 80' lang='lat' dir='ltr'><strong>so-</strong></span> <span class='ocrx_word' id='word_1_220' title='bbox 3881 1461 3886 1469; x_wconf 92' lang='lat'>&#39;</span> 
     </span>
    </p>
   </div>
   <div class='ocr_carea' id='block_1_30' title="bbox 2277 1550 3824 1623">
    <p class='ocr_par' dir='ltr' id='par_1_30' title="bbox 2277 1550 3824 1623">
     <span class='ocr_line' id='line_1_30' title="bbox 2277 1550 3824 1623; baseline -0.001 -17"><span class='ocrx_word' id='word_1_221' title='bbox 2277 1550 2385 1606; x_wconf 83' lang='lat' dir='ltr'><strong>lunt</strong></span> <span class='ocrx_word' id='word_1_222' title='bbox 2433 1552 2583 1620; x_wconf 87' lang='lat' dir='ltr'><strong>quasi</strong></span> <span class='ocrx_word' id='word_1_223' title='bbox 2631 1552 2893 1616; x_wconf 83' lang='lat' dir='ltr'><strong>Arianus,</strong></span> <span class='ocrx_word' id='word_1_224' title='bbox 2947 1553 3039 1608; x_wconf 90' lang='lat' dir='ltr'><strong>sed</strong></span> <span class='ocrx_word' id='word_1_225' title='bbox 3091 1553 3252 1607; x_wconf 88' lang='lat' dir='ltr'><strong>etiam</strong></span> <span class='ocrx_word' id='word_1_226' title='bbox 3311 1553 3464 1623; x_wconf 89' lang='lat' dir='ltr'><strong>quasi</strong></span> <span class='ocrx_word' id='word_1_227' title='bbox 3521 1551 3824 1606; x_wconf 82' lang='lat' dir='ltr'><strong>Pltotinianns</strong></span> 
     </span>
    </p>
   </div>
   <div class='ocr_carea' id='block_1_31' title="bbox 2281 1641 3824 1714">
    <p class='ocr_par' dir='ltr' id='par_1_31' title="bbox 2281 1641 3824 1714">
     <span class='ocr_line' id='line_1_31' title="bbox 2281 1641 3824 1714; baseline -0.001 -18"><span class='ocrx_word' id='word_1_228' title='bbox 2281 1641 2519 1712; x_wconf 84' lang='lat' dir='ltr'><strong>loquaris</strong></span> <span class='ocrx_word' id='word_1_229' title='bbox 2563 1660 2576 1695; x_wconf 89' lang='lat'><strong>:</strong></span> <span class='ocrx_word' id='word_1_230' title='bbox 2621 1651 2716 1698; x_wconf 91' lang='lat' dir='ltr'><strong>aut</strong></span> <span class='ocrx_word' id='word_1_231' title='bbox 2763 1659 3000 1714; x_wconf 86' lang='lat' dir='ltr'><strong>agnosce</strong></span> <span class='ocrx_word' id='word_1_232' title='bbox 3047 1659 3153 1714; x_wconf 85' lang='lat' dir='ltr'><strong>quo</strong></span> <span class='ocrx_word' id='word_1_233' title='bbox 3201 1643 3408 1699; x_wconf 84' lang='lat' dir='ltr'><strong>referre</strong></span> <span class='ocrx_word' id='word_1_234' title='bbox 3453 1643 3669 1701; x_wconf 87' lang='lat' dir='ltr'><strong>debeas.</strong></span> <span class='ocrx_word' id='word_1_235' title='bbox 3712 1643 3824 1709; x_wconf 86' lang='lat' dir='ltr'><strong>quod</strong></span> 
     </span>
    </p>
   </div>
   <div class='ocr_carea' id='block_1_32' title="bbox 579 1721 3823 1806">
    <p class='ocr_par' dir='ltr' id='par_1_32' title="bbox 579 1721 3823 1806">
     <span class='ocr_line' id='line_1_32' title="bbox 579 1721 3823 1806; baseline 0 -20"><span class='ocrx_word' id='word_1_236' title='bbox 579 1733 730 1804; x_wconf 91' lang='lat' dir='ltr'><strong>nigra</strong></span> <span class='ocrx_word' id='word_1_237' title='bbox 783 1748 879 1803; x_wconf 91' lang='lat' dir='ltr'><strong>per</strong></span> <span class='ocrx_word' id='word_1_238' title='bbox 927 1734 1165 1804; x_wconf 90' lang='lat' dir='ltr'><strong>culpam,</strong></span> <span class='ocrx_word' id='word_1_239' title='bbox 1210 1734 1407 1789; x_wconf 87' lang='lat' dir='ltr'><strong>decora</strong></span> <span class='ocrx_word' id='word_1_240' title='bbox 1456 1751 1552 1805; x_wconf 90' lang='lat' dir='ltr'><strong>per</strong></span> <span class='ocrx_word' id='word_1_241' title='bbox 1575 1735 1803 1806; x_wconf 86' lang='lat' dir='ltr'><strong>gratiam</strong></span> <span class='ocrx_word' id='word_1_242' title='bbox 1834 1753 1847 1788; x_wconf 89' lang='lat'><strong>:</strong></span> <span class='ocrx_word' id='word_1_243' title='bbox 1880 1736 2030 1806; x_wconf 80' lang='lat' dir='ltr'><strong>nigra</strong></span> <span class='ocrx_word' id='word_1_244' title='bbox 2079 1752 2174 1806; x_wconf 93' lang='lat' dir='ltr'><strong>per</strong></span> <span class='ocrx_word' id='word_1_245' title='bbox 2207 1721 2253 1780; x_wconf 81' lang='grc' dir='ltr'><strong>Β</strong></span> <span class='ocrx_word' id='word_1_246' title='bbox 2282 1735 2498 1790; x_wconf 89' lang='lat' dir='ltr'><strong>nescire</strong></span> <span class='ocrx_word' id='word_1_247' title='bbox 2520 1735 2714 1790; x_wconf 88' lang='lat' dir='ltr'><strong>Filium</strong></span> <span class='ocrx_word' id='word_1_248' title='bbox 2739 1736 2895 1791; x_wconf 82' lang='lat' dir='ltr'><strong>dixit.</strong></span> <span class='ocrx_word' id='word_1_249' title='bbox 2925 1736 3144 1792; x_wconf 89' lang='lat' dir='ltr'><strong>Etenim</strong></span> <span class='ocrx_word' id='word_1_250' title='bbox 3167 1737 3321 1806; x_wconf 88' lang='lat' dir='ltr'><strong>quasi</strong></span> <span class='ocrx_word' id='word_1_251' title='bbox 3348 1738 3510 1792; x_wconf 88' lang='lat' dir='ltr'><strong>homo</strong></span> <span class='ocrx_word' id='word_1_252' title='bbox 3531 1736 3823 1791; x_wconf 85' lang='lat' dir='ltr'><strong>annumerari</strong></span> 
     </span>
    </p>
   </div>
   <div class='ocr_carea' id='block_1_33' title="bbox 582 1825 2175 1896">
    <p class='ocr_par' dir='ltr' id='par_1_33' title="bbox 582 1825 2175 1896">
     <span class='ocr_line' id='line_1_33' title="bbox 582 1825 2175 1896; baseline 0.002 -16"><span class='ocrx_word' id='word_1_253' title='bbox 582 1825 974 1889; x_wconf 87' lang='lat' dir='ltr'><strong>conditionem,</strong></span> <span class='ocrx_word' id='word_1_254' title='bbox 1003 1825 1198 1881; x_wconf 91' lang='lat' dir='ltr'><strong>decora</strong></span> <span class='ocrx_word' id='word_1_255' title='bbox 1234 1841 1328 1895; x_wconf 89' lang='lat' dir='ltr'><strong>per</strong></span> <span class='ocrx_word' id='word_1_256' title='bbox 1354 1826 1780 1896; x_wconf 90' lang='lat' dir='ltr'><strong>redemptionem</strong></span> <span class='ocrx_word' id='word_1_257' title='bbox 1812 1845 1824 1881; x_wconf 91' lang='lat'><strong>:</strong></span> <span class='ocrx_word' id='word_1_258' title='bbox 1863 1840 1883 1865; x_wconf 78' lang='grc' dir='ltr'><strong>ο</strong></span> <span class='ocrx_word' id='word_1_259' title='bbox 1912 1837 2005 1882; x_wconf 89' lang='lat' dir='ltr'><strong>aut</strong></span> <span class='ocrx_word' id='word_1_260' title='bbox 2027 1837 2175 1884; x_wconf 89' lang='lat' dir='ltr'><strong>certe</strong></span> 
     </span>
    </p>
   </div>
   <div class='ocr_carea' id='block_1_34' title="bbox 580 1918 2177 1993">
    <p class='ocr_par' dir='ltr' id='par_1_34' title="bbox 580 1918 2177 1993">
     <span class='ocr_line' id='line_1_34' title="bbox 580 1918 2177 1993; baseline 0.001 -17"><span class='ocrx_word' id='word_1_261' title='bbox 580 1919 734 1989; x_wconf 90' lang='lat' dir='ltr'><strong>nigra</strong></span> <span class='ocrx_word' id='word_1_262' title='bbox 766 1918 1012 1974; x_wconf 84' lang='lat' dir='ltr'><strong>exercitii</strong></span> <span class='ocrx_word' id='word_1_263' title='bbox 1045 1919 1126 1973; x_wconf 90' lang='lat' dir='ltr'><strong>sui</strong></span> <span class='ocrx_word' id='word_1_264' title='bbox 1157 1919 1394 1989; x_wconf 86' lang='lat' dir='ltr'><strong>pulvere.</strong></span> <span class='ocrx_word' id='word_1_265' title='bbox 1421 1920 1581 1990; x_wconf 79' lang='lat' dir='ltr'><strong>Nigra</strong></span> <span class='ocrx_word' id='word_1_266' title='bbox 1612 1936 1744 1990; x_wconf 85' lang='lat' dir='ltr'><strong>ergo</strong></span> <span class='ocrx_word' id='word_1_267' title='bbox 1764 1962 1778 1985; x_wconf 92' lang='lat'><strong>,</strong></span> <span class='ocrx_word' id='word_1_268' title='bbox 1809 1921 1935 1977; x_wconf 90' lang='lat' dir='ltr'><strong>dum</strong></span> <span class='ocrx_word' id='word_1_269' title='bbox 1965 1923 2177 1993; x_wconf 71' lang='lat' dir='ltr'><strong>praelia-</strong></span> 
     </span>
    </p>
   </div>
   <div class='ocr_carea' id='block_1_35' title="bbox 579 2011 2180 2086">
    <p class='ocr_par' dir='ltr' id='par_1_35' title="bbox 579 2011 2180 2086">
     <span class='ocr_line' id='line_1_35' title="bbox 579 2011 2180 2086; baseline 0.002 -20"><span class='ocrx_word' id='word_1_270' title='bbox 579 2019 706 2066; x_wconf 86' lang='lat' dir='ltr'><strong>tur:</strong></span> <span class='ocrx_word' id='word_1_271' title='bbox 737 2011 939 2068; x_wconf 90' lang='lat' dir='ltr'><strong>decora</strong></span> <span class='ocrx_word' id='word_1_272' title='bbox 961 2021 1066 2080; x_wconf 89' lang='lat' dir='ltr'><strong>est,</strong></span> <span class='ocrx_word' id='word_1_273' title='bbox 1104 2011 1230 2068; x_wconf 90' lang='lat' dir='ltr'><strong>dum</strong></span> <span class='ocrx_word' id='word_1_274' title='bbox 1259 2013 1499 2069; x_wconf 66' lang='lat' dir='ltr'><strong>victoria:</strong></span> <span class='ocrx_word' id='word_1_275' title='bbox 1538 2030 1650 2069; x_wconf 82' lang='lat' dir='ltr'><strong>suae</strong></span> <span class='ocrx_word' id='word_1_276' title='bbox 1681 2014 1982 2086; x_wconf 87' lang='lat' dir='ltr'><strong>insignibus</strong></span> <span class='ocrx_word' id='word_1_277' title='bbox 2020 2031 2180 2073; x_wconf 85' lang='lat' dir='ltr'><strong>coro-</strong></span> 
     </span>
    </p>
   </div>
   <div class='ocr_carea' id='block_1_36' title="bbox 584 2111 766 2156">
    <p class='ocr_par' dir='ltr' id='par_1_36' title="bbox 584 2111 766 2156">
     <span class='ocr_line' id='line_1_36' title="bbox 584 2111 766 2156; baseline 0 0"><span class='ocrx_word' id='word_1_278' title='bbox 584 2111 766 2156; x_wconf 87' lang='lat' dir='ltr'><strong>natur.</strong></span> 
     </span>
    </p>
   </div>
   <div class='ocr_carea' id='block_1_37' title="bbox 655 2193 2181 2271">
    <p class='ocr_par' dir='ltr' id='par_1_37' title="bbox 655 2193 2181 2271">
     <span class='ocr_line' id='line_1_37' title="bbox 655 2193 2181 2271; baseline 0.005 -22"><span class='ocrx_word' id='word_1_279' title='bbox 655 2195 782 2250; x_wconf 79' lang='lat'><strong>“&#39;5.</strong></span> <span class='ocrx_word' id='word_1_280' title='bbox 825 2193 891 2250; x_wconf 91' lang='lat' dir='ltr'><strong>Et</strong></span> <span class='ocrx_word' id='word_1_281' title='bbox 936 2194 1076 2251; x_wconf 89' lang='lat' dir='ltr'><strong>bene</strong></span> <span class='ocrx_word' id='word_1_282' title='bbox 1122 2196 1342 2254; x_wconf 87' lang='lat' dir='ltr'><strong>funibus</strong></span> <span class='ocrx_word' id='word_1_283' title='bbox 1395 2200 1601 2254; x_wconf 88' lang='lat' dir='ltr'><strong>levatur</strong></span> <span class='ocrx_word' id='word_1_284' title='bbox 1657 2200 1952 2271; x_wconf 86' lang='lat' dir='ltr'><strong>propheta;</strong></span> <span class='ocrx_word' id='word_1_285' title='bbox 2003 2200 2181 2256; x_wconf 89' lang='lat' dir='ltr'><strong>ﬁdelis</strong></span> 
     </span>
    </p>
   </div>
   <div class='ocr_carea' id='block_1_38' title="bbox 579 2287 2177 2367">
    <p class='ocr_par' dir='ltr' id='par_1_38' title="bbox 579 2287 2177 2367">
     <span class='ocr_line' id='line_1_38' title="bbox 579 2287 2177 2367; baseline 0.004 -24"><span class='ocrx_word' id='word_1_286' title='bbox 579 2289 730 2344; x_wconf 90' lang='lat' dir='ltr'><strong>enim</strong></span> <span class='ocrx_word' id='word_1_287' title='bbox 759 2289 899 2346; x_wconf 83' lang='lat' dir='ltr'><strong>dixit</strong></span> <span class='ocrx_word' id='word_1_288' title='bbox 931 2307 944 2345; x_wconf 90' lang='lat'>:</span> <span class='ocrx_word' id='word_1_289' title='bbox 970 2287 1149 2346; x_wconf 86' lang='lat' dir='ltr'><strong>Funes</strong></span> <span class='ocrx_word' id='word_1_290' title='bbox 1181 2293 1471 2348; x_wconf 84' lang='lat' dir='ltr'><strong>ceciderunt</strong></span> <span class='ocrx_word' id='word_1_291' title='bbox 1493 2295 1621 2348; x_wconf 86' lang='lat' dir='ltr'><strong>mihi</strong></span> <span class='ocrx_word' id='word_1_292' title='bbox 1641 2296 1692 2348; x_wconf 86' lang='lat' dir='ltr'><strong>in</strong></span> <span class='ocrx_word' id='word_1_293' title='bbox 1715 2297 1980 2366; x_wconf 63' lang='lat' dir='ltr'><strong>praeclaris</strong></span> <span class='ocrx_word' id='word_1_294' title='bbox 2003 2296 2177 2367; x_wconf 84' lang='lat' dir='ltr'><strong>(I’sal.</strong></span> 
     </span>
    </p>
   </div>
   <div class='ocr_carea' id='block_1_39' title="bbox 582 2385 2183 2459">
    <p class='ocr_par' dir='ltr' id='par_1_39' title="bbox 582 2385 2183 2459">
     <span class='ocr_line' id='line_1_39' title="bbox 582 2385 2183 2459; baseline 0.004 -20"><span class='ocrx_word' id='word_1_295' title='bbox 582 2400 672 2450; x_wconf 90' lang='lat' dir='ltr'><strong>xv,</strong></span> <span class='ocrx_word' id='word_1_296' title='bbox 701 2385 776 2456; x_wconf 84' lang='lat'><strong>6).</strong></span> <span class='ocrx_word' id='word_1_297' title='bbox 809 2385 956 2442; x_wconf 83' lang='lat' dir='ltr'><strong>Bene</strong></span> <span class='ocrx_word' id='word_1_298' title='bbox 985 2387 1210 2457; x_wconf 90' lang='lat' dir='ltr'><strong>pannis;</strong></span> <span class='ocrx_word' id='word_1_299' title='bbox 1242 2389 1365 2459; x_wconf 93' lang='lat' dir='ltr'><strong>quia</strong></span> <span class='ocrx_word' id='word_1_300' title='bbox 1398 2389 1518 2459; x_wconf 90' lang='lat' dir='ltr'><strong>ipse</strong></span> <span class='ocrx_word' id='word_1_301' title='bbox 1551 2389 1839 2458; x_wconf 86' lang='lat' dir='ltr'><strong>Dominus,</strong></span> <span class='ocrx_word' id='word_1_302' title='bbox 1873 2393 2183 2447; x_wconf 81' lang='lat' dir='ltr'><strong>excusanti—</strong></span> 
     </span>
    </p>
   </div>
   <div class='ocr_carea' id='block_1_40' title="bbox 583 2479 2181 2552">
    <p class='ocr_par' dir='ltr' id='par_1_40' title="bbox 583 2479 2181 2552">
     <span class='ocr_line' id='line_1_40' title="bbox 583 2479 2181 2552; baseline 0.003 -17"><span class='ocrx_word' id='word_1_303' title='bbox 583 2479 682 2535; x_wconf 89' lang='lat' dir='ltr'><strong>bus</strong></span> <span class='ocrx_word' id='word_1_304' title='bbox 722 2480 809 2535; x_wconf 89' lang='lat' dir='ltr'><strong>bis</strong></span> <span class='ocrx_word' id='word_1_305' title='bbox 856 2481 947 2552; x_wconf 92' lang='lat' dir='ltr'><strong>qui</strong></span> <span class='ocrx_word' id='word_1_306' title='bbox 997 2481 1174 2552; x_wconf 91' lang='lat' dir='ltr'><strong>primo</strong></span> <span class='ocrx_word' id='word_1_307' title='bbox 1221 2481 1288 2535; x_wconf 92' lang='lat' dir='ltr'><strong>ad</strong></span> <span class='ocrx_word' id='word_1_308' title='bbox 1336 2483 1550 2552; x_wconf 90' lang='lat' dir='ltr'><strong>nuptias</strong></span> <span class='ocrx_word' id='word_1_309' title='bbox 1598 2485 1772 2538; x_wconf 90' lang='lat' dir='ltr'><strong>vocati</strong></span> <span class='ocrx_word' id='word_1_310' title='bbox 1821 2483 2058 2550; x_wconf 80' lang='lat' dir='ltr'><strong>fuerant,</strong></span> <span class='ocrx_word' id='word_1_311' title='bbox 2115 2485 2181 2539; x_wconf 91' lang='lat' dir='ltr'><strong>ad</strong></span> 
     </span>
    </p>
   </div>
   <div class='ocr_carea' id='block_1_41' title="bbox 577 2563 2184 2644">
    <p class='ocr_par' dir='ltr' id='par_1_41' title="bbox 577 2563 2184 2644">
     <span class='ocr_line' id='line_1_41' title="bbox 577 2563 2184 2644; baseline 0.004 -20"><span class='ocrx_word' id='word_1_312' title='bbox 577 2573 758 2626; x_wconf 79' lang='lat' dir='ltr'><strong>exitus</strong></span> <span class='ocrx_word' id='word_1_313' title='bbox 808 2563 1012 2626; x_wconf 82' lang='lat' dir='ltr'><strong>viarum</strong></span> <span class='ocrx_word' id='word_1_314' title='bbox 1061 2572 1242 2636; x_wconf 90' lang='lat' dir='ltr'><strong>misit,</strong></span> <span class='ocrx_word' id='word_1_315' title='bbox 1291 2582 1351 2628; x_wconf 93' lang='lat' dir='ltr'><strong>ut</strong></span> <span class='ocrx_word' id='word_1_316' title='bbox 1398 2585 1665 2644; x_wconf 88' lang='lat' dir='ltr'><strong>quotquot</strong></span> <span class='ocrx_word' id='word_1_317' title='bbox 1710 2575 2087 2630; x_wconf 87' lang='lat' dir='ltr'><strong>invenirentur</strong></span> <span class='ocrx_word' id='word_1_318' title='bbox 2129 2585 2184 2630; x_wconf 89' lang='lat' dir='ltr'><strong>et</strong></span> 
     </span>
    </p>
   </div>
   <div class='ocr_carea' id='block_1_42' title="bbox 584 2665 2182 2739">
    <p class='ocr_par' dir='ltr' id='par_1_42' title="bbox 584 2665 2182 2739">
     <span class='ocr_line' id='line_1_42' title="bbox 584 2665 2182 2739; baseline 0 -18"><span class='ocrx_word' id='word_1_319' title='bbox 584 2665 712 2721; x_wconf 90' lang='lat' dir='ltr'><strong>boni</strong></span> <span class='ocrx_word' id='word_1_320' title='bbox 758 2674 813 2720; x_wconf 91' lang='lat' dir='ltr'><strong>et</strong></span> <span class='ocrx_word' id='word_1_321' title='bbox 858 2665 1009 2730; x_wconf 90' lang='lat' dir='ltr'><strong>mali,</strong></span> <span class='ocrx_word' id='word_1_322' title='bbox 1053 2666 1120 2720; x_wconf 89' lang='lat' dir='ltr'><strong>ad</strong></span> <span class='ocrx_word' id='word_1_323' title='bbox 1172 2667 1386 2736; x_wconf 87' lang='lat' dir='ltr'><strong>nuptias</strong></span> <span class='ocrx_word' id='word_1_324' title='bbox 1426 2676 1752 2722; x_wconf 88' lang='lat' dir='ltr'><strong>vocarentur</strong></span> <span class='ocrx_word' id='word_1_325' title='bbox 1789 2667 2005 2739; x_wconf 82' lang='lat' dir='ltr'><strong>(Matth.</strong></span> <span class='ocrx_word' id='word_1_326' title='bbox 2049 2683 2182 2732; x_wconf 71' lang='grc' dir='ltr'>χχιι,</span> 
     </span>
    </p>
   </div>
   <div class='ocr_carea' id='block_1_43' title="bbox 583 2758 2186 2830">
    <p class='ocr_par' dir='ltr' id='par_1_43' title="bbox 583 2758 2186 2830">
     <span class='ocr_line' id='line_1_43' title="bbox 583 2758 2186 2830; baseline 0.001 -16"><span class='ocrx_word' id='word_1_327' title='bbox 583 2760 640 2825; x_wconf 87' lang='grc'><strong>9,</strong></span> <span class='ocrx_word' id='word_1_328' title='bbox 669 2758 779 2828; x_wconf 89' lang='grc'><strong>10).</strong></span> <span class='ocrx_word' id='word_1_329' title='bbox 806 2759 898 2812; x_wconf 92' lang='lat' dir='ltr'><strong>llis</strong></span> <span class='ocrx_word' id='word_1_330' title='bbox 923 2760 1101 2829; x_wconf 88' lang='lat' dir='ltr'><strong>itaque</strong></span> <span class='ocrx_word' id='word_1_331' title='bbox 1123 2760 1316 2829; x_wconf 90' lang='lat' dir='ltr'><strong>pannis</strong></span> <span class='ocrx_word' id='word_1_332' title='bbox 1345 2760 1719 2830; x_wconf 86' lang='lat' dir='ltr'><strong>propheticum</strong></span> <span class='ocrx_word' id='word_1_333' title='bbox 1745 2761 1966 2815; x_wconf 90' lang='lat' dir='ltr'><strong>verbum</strong></span> <span class='ocrx_word' id='word_1_334' title='bbox 1991 2761 2186 2816; x_wconf 84' lang='lat' dir='ltr'><strong>levavit</strong></span> 
     </span>
    </p>
   </div>
   <div class='ocr_carea' id='block_1_44' title="bbox 587 2862 768 2903">
    <p class='ocr_par' dir='ltr' id='par_1_44' title="bbox 587 2862 768 2903">
     <span class='ocr_line' id='line_1_44' title="bbox 587 2862 768 2903; baseline -0.017 0"><span class='ocrx_word' id='word_1_335' title='bbox 587 2862 768 2903; x_wconf 77' lang='lat' dir='ltr'><strong>cmno.</strong></span> 
     </span>
    </p>
   </div>
   <div class='ocr_carea' id='block_1_45' title="bbox 1103 2960 1664 3033">
    <p class='ocr_par' dir='ltr' id='par_1_45' title="bbox 1103 2960 1664 3033">
     <span class='ocr_line' id='line_1_45' title="bbox 1103 2960 1664 3033; baseline -0.004 -15"><span class='ocrx_word' id='word_1_336' title='bbox 1103 2961 1270 3033; x_wconf 70' lang='lat'><strong>656</strong></span> <span class='ocrx_word' id='word_1_337' title='bbox 1306 2960 1534 3018; x_wconf 83' lang='lat' dir='ltr'><strong>CAPUT</strong></span> <span class='ocrx_word' id='word_1_338' title='bbox 1574 2961 1664 3017; x_wconf 76' lang='lat' dir='ltr'><strong>x1.</strong></span> 
     </span>
    </p>
   </div>
   <div class='ocr_carea' id='block_1_46' title="bbox 591 3070 2184 3140">
    <p class='ocr_par' dir='ltr' id='par_1_46' title="bbox 591 3070 2184 3140">
     <span class='ocr_line' id='line_1_46' title="bbox 591 3070 2184 3140; baseline 0.004 -16"><span class='ocrx_word' id='word_1_339' title='bbox 591 3070 892 3126; x_wconf 87' lang='lat' dir='ltr'><strong>lmilaturos</strong></span> <span class='ocrx_word' id='word_1_340' title='bbox 937 3088 1031 3127; x_wconf 89' lang='lat' dir='ltr'><strong>nos</strong></span> <span class='ocrx_word' id='word_1_341' title='bbox 1080 3072 1416 3128; x_wconf 80' lang='lat' dir='ltr'><strong>Abdemelech</strong></span> <span class='ocrx_word' id='word_1_342' title='bbox 1443 3115 1459 3140; x_wconf 91' lang='lat'><strong>,</strong></span> <span class='ocrx_word' id='word_1_343' title='bbox 1507 3075 1552 3128; x_wconf 93' lang='lat' dir='ltr'><strong>si</strong></span> <span class='ocrx_word' id='word_1_344' title='bbox 1599 3074 1868 3129; x_wconf 81' lang='lat' dir='ltr'><strong>credamus</strong></span> <span class='ocrx_word' id='word_1_345' title='bbox 1911 3075 2107 3131; x_wconf 84' lang='lat' dir='ltr'><strong>Filium</strong></span> <span class='ocrx_word' id='word_1_346' title='bbox 2137 3087 2184 3132; x_wconf 87' lang='lat' dir='ltr'><strong>et</strong></span> 
     </span>
    </p>
   </div>
   <div class='ocr_carea' id='block_1_47' title="bbox 662 3164 2188 3238">
    <p class='ocr_par' dir='ltr' id='par_1_47' title="bbox 662 3164 2188 3238">
     <span class='ocr_line' id='line_1_47' title="bbox 662 3164 2188 3238; baseline 0.001 -19"><span class='ocrx_word' id='word_1_347' title='bbox 662 3164 916 3232; x_wconf 84' lang='lat' dir='ltr'><strong>Spiritum</strong></span> <span class='ocrx_word' id='word_1_348' title='bbox 959 3175 1192 3218; x_wconf 84' lang='lat' dir='ltr'><strong>sanctum</strong></span> <span class='ocrx_word' id='word_1_349' title='bbox 1221 3167 1396 3219; x_wconf 86' lang='lat' dir='ltr'><strong>omnia</strong></span> <span class='ocrx_word' id='word_1_350' title='bbox 1441 3181 1772 3238; x_wconf 74' lang='lat' dir='ltr'><strong>coynoscere.</strong></span> <span class='ocrx_word' id='word_1_351' title='bbox 1821 3167 2042 3238; x_wconf 84' lang='lat' dir='ltr'><strong>Spiritui</strong></span> <span class='ocrx_word' id='word_1_352' title='bbox 2068 3186 2188 3236; x_wconf 83' lang='lat' dir='ltr'><strong>cog-</strong></span> 
     </span>
    </p>
   </div>
   <div class='ocr_carea' id='block_1_48' title="bbox 665 3255 2191 3330">
    <p class='ocr_par' dir='ltr' id='par_1_48' title="bbox 665 3255 2191 3330">
     <span class='ocr_line' id='line_1_48' title="bbox 665 3255 2191 3330; baseline 0.007 -24"><span class='ocrx_word' id='word_1_353' title='bbox 665 3255 913 3307; x_wconf 82' lang='lat' dir='ltr'><strong>nitionem</strong></span> <span class='ocrx_word' id='word_1_354' title='bbox 962 3255 1096 3309; x_wconf 84' lang='lat' dir='ltr'><strong>hanc</strong></span> <span class='ocrx_word' id='word_1_355' title='bbox 1147 3257 1303 3310; x_wconf 86' lang='lat' dir='ltr'><strong>tribui</strong></span> <span class='ocrx_word' id='word_1_356' title='bbox 1332 3259 1385 3310; x_wconf 88' lang='lat' dir='ltr'><strong>in</strong></span> <span class='ocrx_word' id='word_1_357' title='bbox 1430 3258 1756 3328; x_wconf 85' lang='lat' dir='ltr'><strong>Scripturis;</strong></span> <span class='ocrx_word' id='word_1_358' title='bbox 1805 3257 1946 3313; x_wconf 81' lang='lat' dir='ltr'><strong>Filio</strong></span> <span class='ocrx_word' id='word_1_359' title='bbox 1992 3277 2191 3330; x_wconf 77' lang='lat' dir='ltr'><strong>quoque</strong></span> 
     </span>
    </p>
   </div>
   <div class='ocr_carea' id='block_1_49' title="bbox 667 3347 2190 3422">
    <p class='ocr_par' dir='ltr' id='par_1_49' title="bbox 667 3347 2190 3422">
     <span class='ocr_line' id='line_1_49' title="bbox 667 3347 2190 3422; baseline 0.007 -22"><span class='ocrx_word' id='word_1_360' title='bbox 667 3347 898 3400; x_wconf 83' lang='lat' dir='ltr'><strong>eamdem</strong></span> <span class='ocrx_word' id='word_1_361' title='bbox 925 3350 1158 3402; x_wconf 82' lang='lat' dir='ltr'><strong>attribui.</strong></span> <span class='ocrx_word' id='word_1_362' title='bbox 1195 3349 1394 3404; x_wconf 83' lang='lat' dir='ltr'><strong>Filium</strong></span> <span class='ocrx_word' id='word_1_363' title='bbox 1415 3368 1447 3404; x_wconf 79' lang='grc' dir='ltr'><strong><em>(ι</em></strong></span> <span class='ocrx_word' id='word_1_364' title='bbox 1489 3351 1691 3421; x_wconf 84' lang='lat' dir='ltr'><strong>Spiritu</strong></span> <span class='ocrx_word' id='word_1_365' title='bbox 1717 3353 2000 3422; x_wconf 75' lang='lat' dir='ltr'><strong>clariﬁcari</strong></span> <span class='ocrx_word' id='word_1_366' title='bbox 2020 3395 2034 3418; x_wconf 91' lang='lat'><strong>,</strong></span> <span class='ocrx_word' id='word_1_367' title='bbox 2059 3355 2190 3410; x_wconf 82' lang='lat' dir='ltr'><strong>sicut</strong></span> 
     </span>
    </p>
   </div>
   <div class='ocr_carea' id='block_1_50' title="bbox 663 3437 2192 3515">
    <p class='ocr_par' dir='ltr' id='par_1_50' title="bbox 663 3437 2192 3515">
     <span class='ocr_line' id='line_1_50' title="bbox 663 3437 2192 3515; baseline 0.006 -22"><span class='ocrx_word' id='word_1_368' title='bbox 663 3453 711 3494; x_wconf 86' lang='lat' dir='ltr'><strong>et</strong></span> <span class='ocrx_word' id='word_1_369' title='bbox 743 3455 774 3493; x_wconf 89' lang='lat' dir='ltr'><strong>a</strong></span> <span class='ocrx_word' id='word_1_370' title='bbox 808 3437 950 3494; x_wconf 81' lang='lat' dir='ltr'><strong>Filio</strong></span> <span class='ocrx_word' id='word_1_371' title='bbox 981 3441 1235 3513; x_wconf 85' lang='lat' dir='ltr'><strong>Spiritum</strong></span> <span class='ocrx_word' id='word_1_372' title='bbox 1276 3459 1294 3496; x_wconf 92' lang='lat'><strong><em>:</em></strong></span> <span class='ocrx_word' id='word_1_373' title='bbox 1325 3444 1445 3496; x_wconf 83' lang='lat' dir='ltr'><strong>item</strong></span> <span class='ocrx_word' id='word_1_374' title='bbox 1473 3459 1538 3497; x_wconf 80' lang='lat' dir='ltr'><strong>ea:</strong></span> <span class='ocrx_word' id='word_1_375' title='bbox 1565 3460 1622 3498; x_wconf 89' lang='lat' dir='ltr'><strong>eo</strong></span> <span class='ocrx_word' id='word_1_376' title='bbox 1649 3445 1788 3515; x_wconf 86' lang='lat' dir='ltr'><strong>quod</strong></span> <span class='ocrx_word' id='word_1_377' title='bbox 1819 3443 2030 3499; x_wconf 86' lang='lat' dir='ltr'><strong>Patrem</strong></span> <span class='ocrx_word' id='word_1_378' title='bbox 2051 3487 2067 3512; x_wconf 91' lang='lat'><strong>,</strong></span> <span class='ocrx_word' id='word_1_379' title='bbox 2102 3447 2192 3502; x_wconf 76' lang='lat' dir='ltr'><strong>Fi-</strong></span> 
     </span>
    </p>
   </div>
   <div class='ocr_carea' id='block_1_51' title="bbox 665 3535 2194 3610">
    <p class='ocr_par' dir='ltr' id='par_1_51' title="bbox 665 3535 2194 3610">
     <span class='ocr_line' id='line_1_51' title="bbox 665 3535 2194 3610; baseline 0.005 -23"><span class='ocrx_word' id='word_1_380' title='bbox 665 3535 792 3588; x_wconf 87' lang='lat' dir='ltr'><strong>lium</strong></span> <span class='ocrx_word' id='word_1_381' title='bbox 822 3545 974 3604; x_wconf 84' lang='lat' dir='ltr'><strong>atque</strong></span> <span class='ocrx_word' id='word_1_382' title='bbox 997 3535 1255 3605; x_wconf 86' lang='lat' dir='ltr'><strong>Spiritum</strong></span> <span class='ocrx_word' id='word_1_383' title='bbox 1287 3538 1514 3608; x_wconf 85' lang='lat' dir='ltr'><strong>legamus</strong></span> <span class='ocrx_word' id='word_1_384' title='bbox 1539 3541 1716 3593; x_wconf 81' lang='lat' dir='ltr'><strong>eadem</strong></span> <span class='ocrx_word' id='word_1_385' title='bbox 1746 3541 1910 3610; x_wconf 88' lang='lat' dir='ltr'><strong>loqui,</strong></span> <span class='ocrx_word' id='word_1_386' title='bbox 1955 3557 2016 3593; x_wconf 90' lang='lat' dir='ltr'><strong>ac</strong></span> <span class='ocrx_word' id='word_1_387' title='bbox 2051 3558 2194 3594; x_wconf 79' lang='lat' dir='ltr'><strong>reve-</strong></span> 
     </span>
    </p>
   </div>
   <div class='ocr_carea' id='block_1_52' title="bbox 664 3627 2190 3708">
    <p class='ocr_par' dir='ltr' id='par_1_52' title="bbox 664 3627 2190 3708">
     <span class='ocr_line' id='line_1_52' title="bbox 664 3627 2190 3708; baseline 0.007 -28"><span class='ocrx_word' id='word_1_388' title='bbox 664 3627 795 3693; x_wconf 86' lang='lat' dir='ltr'><strong>lare,</strong></span> <span class='ocrx_word' id='word_1_389' title='bbox 826 3629 1074 3682; x_wconf 78' lang='lat' dir='ltr'><strong>unitatem</strong></span> <span class='ocrx_word' id='word_1_390' title='bbox 1098 3631 1152 3684; x_wconf 85' lang='lat' dir='ltr'><strong>in</strong></span> <span class='ocrx_word' id='word_1_391' title='bbox 1185 3631 1311 3702; x_wconf 87' lang='lat' dir='ltr'><strong>ipsis</strong></span> <span class='ocrx_word' id='word_1_392' title='bbox 1339 3643 1539 3686; x_wconf 69' lang='lat' dir='ltr'><strong>naturae</strong></span> <span class='ocrx_word' id='word_1_393' title='bbox 1563 3644 1611 3688; x_wconf 88' lang='lat' dir='ltr'><strong>et</strong></span> <span class='ocrx_word' id='word_1_394' title='bbox 1640 3635 1867 3688; x_wconf 71' lang='lat' dir='ltr'><strong>scientiae</strong></span> <span class='ocrx_word' id='word_1_395' title='bbox 1903 3652 2190 3708; x_wconf 80' lang='lat' dir='ltr'><strong>agnoscen-</strong></span> 
     </span>
    </p>
   </div>
   <div class='ocr_carea' id='block_1_53' title="bbox 661 3721 2188 3796">
    <p class='ocr_par' dir='ltr' id='par_1_53' title="bbox 661 3721 2188 3796">
     <span class='ocr_line' id='line_1_53' title="bbox 661 3721 2188 3796; baseline 0.006 -22"><span class='ocrx_word' id='word_1_396' title='bbox 661 3721 1068 3792; x_wconf 80' lang='lat' dir='ltr'><strong>dam:denique</strong></span> <span class='ocrx_word' id='word_1_397' title='bbox 1108 3725 1246 3793; x_wconf 86' lang='lat' dir='ltr'><strong>quod</strong></span> <span class='ocrx_word' id='word_1_398' title='bbox 1290 3725 1396 3778; x_wconf 91' lang='lat' dir='ltr'><strong>alta</strong></span> <span class='ocrx_word' id='word_1_399' title='bbox 1448 3725 1540 3780; x_wconf 85' lang='lat' dir='ltr'><strong>Dei</strong></span> <span class='ocrx_word' id='word_1_400' title='bbox 1594 3737 1868 3781; x_wconf 85' lang='lat' dir='ltr'><strong>scrutatur</strong></span> <span class='ocrx_word' id='word_1_401' title='bbox 1918 3729 2188 3796; x_wconf 76' lang='lat' dir='ltr'><strong>Spiritus,</strong></span> 
     </span>
    </p>
   </div>
   <div class='ocr_carea' id='block_1_54' title="bbox 663 3817 2189 3886">
    <p class='ocr_par' dir='ltr' id='par_1_54' title="bbox 663 3817 2189 3886">
     <span class='ocr_line' id='line_1_54' title="bbox 663 3817 2189 3886; baseline 0.005 -18"><span class='ocrx_word' id='word_1_402' title='bbox 663 3817 975 3886; x_wconf 76' lang='lat' dir='ltr'><strong>ignorantia:</strong></span> <span class='ocrx_word' id='word_1_403' title='bbox 999 3832 1103 3870; x_wconf 86' lang='lat' dir='ltr'><strong>non</strong></span> <span class='ocrx_word' id='word_1_404' title='bbox 1134 3833 1282 3882; x_wconf 87' lang='lat' dir='ltr'><strong>esse;</strong></span> <span class='ocrx_word' id='word_1_405' title='bbox 1312 3835 1428 3872; x_wconf 90' lang='lat' dir='ltr'><strong>cum</strong></span> <span class='ocrx_word' id='word_1_406' title='bbox 1460 3818 1618 3872; x_wconf 85' lang='lat' dir='ltr'><strong>Pater</strong></span> <span class='ocrx_word' id='word_1_407' title='bbox 1648 3830 1694 3873; x_wconf 88' lang='lat' dir='ltr'><strong>et</strong></span> <span class='ocrx_word' id='word_1_408' title='bbox 1725 3817 1773 3873; x_wconf 83' lang='lat' dir='ltr'><em>F</em></span> <span class='ocrx_word' id='word_1_409' title='bbox 1776 3821 1892 3874; x_wconf 88' lang='lat' dir='ltr'><strong>ilius</strong></span> <span class='ocrx_word' id='word_1_410' title='bbox 1923 3822 2072 3875; x_wconf 88' lang='lat' dir='ltr'><strong>etiam</strong></span> <span class='ocrx_word' id='word_1_411' title='bbox 2105 3823 2189 3874; x_wconf 85' lang='lat' dir='ltr'><strong>di-</strong></span> 
     </span>
    </p>
   </div>
   <div class='ocr_carea' id='block_1_55' title="bbox 661 3910 2189 3973">
    <p class='ocr_par' dir='ltr' id='par_1_55' title="bbox 661 3910 2189 3973">
     <span class='ocr_line' id='line_1_55' title="bbox 661 3910 2189 3973; baseline 0.007 -14"><span class='ocrx_word' id='word_1_412' title='bbox 661 3917 843 3961; x_wconf 86' lang='lat' dir='ltr'><strong>cantur</strong></span> <span class='ocrx_word' id='word_1_413' title='bbox 871 3919 1204 3973; x_wconf 81' lang='lat' dir='ltr'><strong>scrutatores,</strong></span> <span class='ocrx_word' id='word_1_414' title='bbox 1237 3919 1287 3964; x_wconf 88' lang='lat' dir='ltr'><strong>et</strong></span> <span class='ocrx_word' id='word_1_415' title='bbox 1322 3910 1524 3965; x_wconf 84' lang='lat' dir='ltr'><strong>Paulus</strong></span> <span class='ocrx_word' id='word_1_416' title='bbox 1564 3915 1766 3967; x_wconf 87' lang='lat' dir='ltr'><strong>tametsi</strong></span> <span class='ocrx_word' id='word_1_417' title='bbox 1793 3932 1825 3966; x_wconf 92' lang='lat' dir='ltr'><strong>a</strong></span> <span class='ocrx_word' id='word_1_418' title='bbox 1852 3912 2056 3968; x_wconf 81' lang='lat' dir='ltr'><strong>Christo</strong></span> <span class='ocrx_word' id='word_1_419' title='bbox 2097 3914 2189 3969; x_wconf 85' lang='lat' dir='ltr'><strong>do-</strong></span> 
     </span>
    </p>
   </div>
   <div class='ocr_carea' id='block_1_56' title="bbox 662 4001 1975 4076">
    <p class='ocr_par' dir='ltr' id='par_1_56' title="bbox 662 4001 1975 4076">
     <span class='ocr_line' id='line_1_56' title="bbox 662 4001 1975 4076; baseline 0.008 -24"><span class='ocrx_word' id='word_1_420' title='bbox 662 4001 800 4054; x_wconf 88' lang='lat' dir='ltr'><strong>mino</strong></span> <span class='ocrx_word' id='word_1_421' title='bbox 829 4001 1043 4067; x_wconf 86' lang='lat' dir='ltr'><strong>electus,</strong></span> <span class='ocrx_word' id='word_1_422' title='bbox 1073 4003 1284 4058; x_wconf 83' lang='lat' dir='ltr'><strong>edoctus</strong></span> <span class='ocrx_word' id='word_1_423' title='bbox 1309 4013 1477 4060; x_wconf 89' lang='lat' dir='ltr'><strong>tamen</strong></span> <span class='ocrx_word' id='word_1_424' title='bbox 1512 4006 1664 4076; x_wconf 74' lang='lat' dir='ltr'><strong>fuerit</strong></span> <span class='ocrx_word' id='word_1_425' title='bbox 1692 4023 1724 4058; x_wconf 91' lang='lat' dir='ltr'><strong>a</strong></span> <span class='ocrx_word' id='word_1_426' title='bbox 1753 4005 1975 4072; x_wconf 87' lang='lat' dir='ltr'><strong>Spiritu.</strong></span> 
     </span>
    </p>
   </div>
   <div class='ocr_carea' id='block_1_57' title="bbox 662 4135 2190 4213">
    <p class='ocr_par' dir='ltr' id='par_1_57' title="bbox 662 4135 2190 4213">
     <span class='ocr_line' id='line_1_57' title="bbox 662 4135 2190 4213; baseline 0.009 -25"><span class='ocrx_word' id='word_1_427' title='bbox 662 4135 784 4191; x_wconf 77' lang='grc'><strong>114.</strong></span> <span class='ocrx_word' id='word_1_428' title='bbox 820 4135 986 4208; x_wconf 76' lang='lat' dir='ltr'><strong>[Alias</strong></span> <span class='ocrx_word' id='word_1_429' title='bbox 1030 4156 1148 4210; x_wconf 85' lang='lat' dir='ltr'><strong>cap.</strong></span> <span class='ocrx_word' id='word_1_430' title='bbox 1183 4139 1318 4213; x_wconf 71' lang='lat' dir='ltr'><strong>ML]</strong></span> <span class='ocrx_word' id='word_1_431' title='bbox 1351 4141 1473 4196; x_wconf 87' lang='lat' dir='ltr'><strong>Eris</strong></span> <span class='ocrx_word' id='word_1_432' title='bbox 1521 4141 1683 4211; x_wconf 87' lang='lat' dir='ltr'><strong>igitur</strong></span> <span class='ocrx_word' id='word_1_433' title='bbox 1728 4153 1784 4199; x_wconf 88' lang='lat' dir='ltr'><strong>et</strong></span> <span class='ocrx_word' id='word_1_434' title='bbox 1833 4153 1886 4199; x_wconf 88' lang='lat' dir='ltr'><strong>tu</strong></span> <span class='ocrx_word' id='word_1_435' title='bbox 1920 4144 2190 4201; x_wconf 85' lang='lat' dir='ltr'><strong>Abdemc-</strong></span> 
     </span>
    </p>
   </div>
   <div class='ocr_carea' id='block_1_58' title="bbox 591 4225 2190 4307">
    <p class='ocr_par' dir='ltr' id='par_1_58' title="bbox 591 4225 2190 4307">
     <span class='ocr_line' id='line_1_58' title="bbox 591 4225 2190 4307; baseline 0.008 -27"><span class='ocrx_word' id='word_1_436' title='bbox 591 4225 737 4291; x_wconf 79' lang='lat' dir='ltr'><strong>lecti,</strong></span> <span class='ocrx_word' id='word_1_437' title='bbox 769 4231 872 4284; x_wconf 83' lang='lat' dir='ltr'><strong>hoc</strong></span> <span class='ocrx_word' id='word_1_438' title='bbox 896 4238 998 4293; x_wconf 89' lang='lat' dir='ltr'><strong>est,</strong></span> <span class='ocrx_word' id='word_1_439' title='bbox 1026 4241 1338 4301; x_wconf 84' lang='lat' dir='ltr'><strong>assumptus</strong></span> <span class='ocrx_word' id='word_1_440' title='bbox 1381 4249 1412 4286; x_wconf 94' lang='lat' dir='ltr'><strong>a</strong></span> <span class='ocrx_word' id='word_1_441' title='bbox 1460 4235 1706 4300; x_wconf 91' lang='lat' dir='ltr'><strong>Domino,</strong></span> <span class='ocrx_word' id='word_1_442' title='bbox 1756 4236 1800 4290; x_wconf 90' lang='lat' dir='ltr'><strong>si</strong></span> <span class='ocrx_word' id='word_1_443' title='bbox 1829 4235 1898 4291; x_wconf 90' lang='lat' dir='ltr'><strong>de</strong></span> <span class='ocrx_word' id='word_1_444' title='bbox 1924 4237 2190 4307; x_wconf 75' lang='lat' dir='ltr'><strong>profundo</strong></span> 
     </span>
    </p>
   </div>
   <div class='ocr_carea' id='block_1_59' title="bbox 589 4321 2189 4392">
    <p class='ocr_par' dir='ltr' id='par_1_59' title="bbox 589 4321 2189 4392">
     <span class='ocr_line' id='line_1_59' title="bbox 589 4321 2189 4392; baseline 0.009 -18"><span class='ocrx_word' id='word_1_445' title='bbox 589 4321 808 4389; x_wconf 88' lang='lat' dir='ltr'><strong>gentilis</strong></span> <span class='ocrx_word' id='word_1_446' title='bbox 835 4321 1217 4392; x_wconf 61' lang='lat' dir='ltr'><strong>imprudentiae</strong></span> <span class='ocrx_word' id='word_1_447' title='bbox 1259 4325 1528 4382; x_wconf 90' lang='lat' dir='ltr'><strong>levaveris</strong></span> <span class='ocrx_word' id='word_1_448' title='bbox 1558 4328 1651 4383; x_wconf 87' lang='lat' dir='ltr'><strong>Dei</strong></span> <span class='ocrx_word' id='word_1_449' title='bbox 1686 4329 1917 4385; x_wconf 82' lang='lat' dir='ltr'><strong>Verbum</strong></span> <span class='ocrx_word' id='word_1_450' title='bbox 1945 4349 1958 4384; x_wconf 91' lang='lat'>:</span> <span class='ocrx_word' id='word_1_451' title='bbox 1991 4334 2035 4387; x_wconf 91' lang='lat' dir='ltr'><strong>si</strong></span> <span class='ocrx_word' id='word_1_452' title='bbox 2070 4347 2189 4388; x_wconf 81' lang='lat' dir='ltr'><strong>crc-</strong></span> 
     </span>
    </p>
   </div>
   <div class='ocr_carea' id='block_1_60' title="bbox 591 4413 2185 4489">
    <p class='ocr_par' dir='ltr' id='par_1_60' title="bbox 591 4413 2185 4489">
     <span class='ocr_line' id='line_1_60' title="bbox 591 4413 2185 4489; baseline 0.008 -21"><span class='ocrx_word' id='word_1_453' title='bbox 591 4413 797 4470; x_wconf 89' lang='lat' dir='ltr'><strong>dideris</strong></span> <span class='ocrx_word' id='word_1_454' title='bbox 825 4417 949 4486; x_wconf 92' lang='lat' dir='ltr'><strong>quia</strong></span> <span class='ocrx_word' id='word_1_455' title='bbox 982 4431 1090 4471; x_wconf 89' lang='lat' dir='ltr'><strong>non</strong></span> <span class='ocrx_word' id='word_1_456' title='bbox 1121 4417 1324 4472; x_wconf 79' lang='lat' dir='ltr'><strong>fallitur</strong></span> <span class='ocrx_word' id='word_1_457' title='bbox 1350 4436 1364 4483; x_wconf 89' lang='lat'><strong>;</strong></span> <span class='ocrx_word' id='word_1_458' title='bbox 1399 4436 1505 4475; x_wconf 88' lang='lat' dir='ltr'><strong>non</strong></span> <span class='ocrx_word' id='word_1_459' title='bbox 1530 4422 1840 4489; x_wconf 66' lang='lat' dir='ltr'><strong>praeteritur</strong></span> <span class='ocrx_word' id='word_1_460' title='bbox 1870 4424 1963 4478; x_wconf 90' lang='lat' dir='ltr'><strong>Dei</strong></span> <span class='ocrx_word' id='word_1_461' title='bbox 1997 4425 2185 4488; x_wconf 79' lang='lat' dir='ltr'><strong>Filius.</strong></span> 
     </span>
    </p>
   </div>
   <div class='ocr_carea' id='block_1_61' title="bbox 594 4508 2190 4587">
    <p class='ocr_par' dir='ltr' id='par_1_61' title="bbox 594 4508 2190 4587">
     <span class='ocr_line' id='line_1_61' title="bbox 594 4508 2190 4587; baseline 0.007 -26"><span class='ocrx_word' id='word_1_462' title='bbox 594 4522 701 4562; x_wconf 92' lang='lat' dir='ltr'><strong>non</strong></span> <span class='ocrx_word' id='word_1_463' title='bbox 733 4508 944 4577; x_wconf 87' lang='lat' dir='ltr'><strong>ignorat</strong></span> <span class='ocrx_word' id='word_1_464' title='bbox 965 4525 1085 4578; x_wconf 68' lang='lat' dir='ltr'><strong>qua:</strong></span> <span class='ocrx_word' id='word_1_465' title='bbox 1112 4509 1292 4564; x_wconf 78' lang='lat' dir='ltr'><strong>futura</strong></span> <span class='ocrx_word' id='word_1_466' title='bbox 1322 4521 1448 4566; x_wconf 85' lang='lat' dir='ltr'><strong>sunt</strong></span> <span class='ocrx_word' id='word_1_467' title='bbox 1474 4530 1489 4577; x_wconf 91' lang='lat'><strong>;</strong></span> <span class='ocrx_word' id='word_1_468' title='bbox 1514 4528 1623 4566; x_wconf 92' lang='lat' dir='ltr'><strong>non</strong></span> <span class='ocrx_word' id='word_1_469' title='bbox 1653 4512 1853 4568; x_wconf 80' lang='lat' dir='ltr'><strong>fallitur</strong></span> <span class='ocrx_word' id='word_1_470' title='bbox 1878 4516 2038 4569; x_wconf 90' lang='lat' dir='ltr'><strong>etiam</strong></span> <span class='ocrx_word' id='word_1_471' title='bbox 2069 4517 2190 4587; x_wconf 87' lang='lat' dir='ltr'><strong>Spi-</strong></span> 
     </span>
    </p>
   </div>
   <div class='ocr_carea' id='block_1_62' title="bbox 592 4602 2191 4672">
    <p class='ocr_par' dir='ltr' id='par_1_62' title="bbox 592 4602 2191 4672">
     <span class='ocr_line' id='line_1_62' title="bbox 592 4602 2191 4672; baseline 0.006 -17"><span class='ocrx_word' id='word_1_472' title='bbox 592 4602 728 4655; x_wconf 90' lang='lat' dir='ltr'><strong>ritus</strong></span> <span class='ocrx_word' id='word_1_473' title='bbox 758 4611 1001 4668; x_wconf 82' lang='lat' dir='ltr'><strong>sanctus,</strong></span> <span class='ocrx_word' id='word_1_474' title='bbox 1032 4604 1100 4658; x_wconf 92' lang='lat' dir='ltr'><strong>de</strong></span> <span class='ocrx_word' id='word_1_475' title='bbox 1147 4619 1255 4672; x_wconf 86' lang='lat' dir='ltr'><strong>quo</strong></span> <span class='ocrx_word' id='word_1_476' title='bbox 1299 4603 1431 4659; x_wconf 93' lang='lat' dir='ltr'><strong>dicit</strong></span> <span class='ocrx_word' id='word_1_477' title='bbox 1485 4605 1790 4662; x_wconf 89' lang='lat' dir='ltr'><strong>Dominus:</strong></span> <span class='ocrx_word' id='word_1_478' title='bbox 1824 4607 1956 4661; x_wconf 87' lang='lat' dir='ltr'><strong>Cum</strong></span> <span class='ocrx_word' id='word_1_479' title='bbox 2001 4612 2191 4664; x_wconf 82' lang='lat' dir='ltr'><strong>venerit</strong></span> 
     </span>
    </p>
   </div>
   <div class='ocr_carea' id='block_1_63' title="bbox 591 4693 2193 4763">
    <p class='ocr_par' dir='ltr' id='par_1_63' title="bbox 591 4693 2193 4763">
     <span class='ocr_line' id='line_1_63' title="bbox 591 4693 2193 4763; baseline 0.006 -17"><span class='ocrx_word' id='word_1_480' title='bbox 591 4704 765 4747; x_wconf 85' lang='lat' dir='ltr'><strong>autem</strong></span> <span class='ocrx_word' id='word_1_481' title='bbox 794 4693 885 4748; x_wconf 86' lang='lat' dir='ltr'><strong>ille</strong></span> <span class='ocrx_word' id='word_1_482' title='bbox 916 4693 1149 4763; x_wconf 87' lang='lat' dir='ltr'><strong>Spiritus</strong></span> <span class='ocrx_word' id='word_1_483' title='bbox 1175 4696 1401 4749; x_wconf 83' lang='lat' dir='ltr'><strong>veritatis</strong></span> <span class='ocrx_word' id='word_1_484' title='bbox 1429 4737 1442 4759; x_wconf 92' lang='lat'><strong>,</strong></span> <span class='ocrx_word' id='word_1_485' title='bbox 1496 4697 1715 4752; x_wconf 86' lang='lat' dir='ltr'><strong>deducet</strong></span> <span class='ocrx_word' id='word_1_486' title='bbox 1757 4714 1845 4753; x_wconf 80' lang='lat' dir='ltr'><strong>vos</strong></span> <span class='ocrx_word' id='word_1_487' title='bbox 1893 4700 1947 4752; x_wconf 87' lang='lat' dir='ltr'><strong>in</strong></span> <span class='ocrx_word' id='word_1_488' title='bbox 1992 4717 2193 4756; x_wconf 88' lang='lat' dir='ltr'><strong>omnem</strong></span> 
     </span>
    </p>
   </div>
   <div class='ocr_carea' id='block_1_64' title="bbox 594 4786 2192 4861">
    <p class='ocr_par' dir='ltr' id='par_1_64' title="bbox 594 4786 2192 4861">
     <span class='ocr_line' id='line_1_64' title="bbox 594 4786 2192 4861; baseline 0.006 -21"><span class='ocrx_word' id='word_1_489' title='bbox 594 4788 858 4841; x_wconf 77' lang='lat' dir='ltr'><strong>ueritatem</strong></span> <span class='ocrx_word' id='word_1_490' title='bbox 897 4786 1080 4860; x_wconf 86' lang='lat' dir='ltr'><strong>(Joan.</strong></span> <span class='ocrx_word' id='word_1_491' title='bbox 1135 4803 1244 4853; x_wconf 76' lang='lat' dir='ltr'><strong>xvr,</strong></span> <span class='ocrx_word' id='word_1_492' title='bbox 1305 4789 1413 4859; x_wconf 76' lang='grc'><strong>15).</strong></span> <span class='ocrx_word' id='word_1_493' title='bbox 1461 4790 1561 4860; x_wconf 86' lang='lat' dir='ltr'><strong>Qui</strong></span> <span class='ocrx_word' id='word_1_494' title='bbox 1603 4790 1735 4847; x_wconf 89' lang='lat' dir='ltr'><strong>dicit</strong></span> <span class='ocrx_word' id='word_1_495' title='bbox 1780 4809 2010 4861; x_wconf 89' lang='lat' dir='ltr'><strong>omnem,</strong></span> <span class='ocrx_word' id='word_1_496' title='bbox 2059 4795 2192 4851; x_wconf 91' lang='lat' dir='ltr'><strong>nihil</strong></span> 
     </span>
    </p>
   </div>
   <div class='ocr_carea' id='block_1_65' title="bbox 596 4878 2190 4956">
    <p class='ocr_par' dir='ltr' id='par_1_65' title="bbox 596 4878 2190 4956">
     <span class='ocr_line' id='line_1_65' title="bbox 596 4878 2190 4956; baseline 0.008 -24"><span class='ocrx_word' id='word_1_497' title='bbox 596 4878 861 4948; x_wconf 62' lang='lat' dir='ltr'><strong>printerit,</strong></span> <span class='ocrx_word' id='word_1_498' title='bbox 894 4895 1002 4934; x_wconf 91' lang='lat' dir='ltr'><strong>non</strong></span> <span class='ocrx_word' id='word_1_499' title='bbox 1034 4880 1198 4947; x_wconf 90' lang='lat' dir='ltr'><strong>diem,</strong></span> <span class='ocrx_word' id='word_1_500' title='bbox 1233 4897 1338 4937; x_wconf 94' lang='lat' dir='ltr'><strong>non</strong></span> <span class='ocrx_word' id='word_1_501' title='bbox 1371 4885 1582 4952; x_wconf 89' lang='lat' dir='ltr'><strong>horam,</strong></span> <span class='ocrx_word' id='word_1_502' title='bbox 1613 4899 1718 4940; x_wconf 94' lang='lat' dir='ltr'><strong>non</strong></span> <span class='ocrx_word' id='word_1_503' title='bbox 1751 4887 2048 4956; x_wconf 70' lang='lat' dir='ltr'><strong>praeterita,</strong></span> <span class='ocrx_word' id='word_1_504' title='bbox 2083 4903 2190 4944; x_wconf 92' lang='lat' dir='ltr'><strong>non</strong></span> 
     </span>
    </p>
   </div>
   <div class='ocr_carea' id='block_1_66' title="bbox 599 4972 798 5028">
    <p class='ocr_par' dir='ltr' id='par_1_66' title="bbox 599 4972 798 5028">
     <span class='ocr_line' id='line_1_66' title="bbox 599 4972 798 5028; baseline 0.01 -2"><span class='ocrx_word' id='word_1_505' title='bbox 599 4972 798 5028; x_wconf 81' lang='lat' dir='ltr'><strong>futura.</strong></span> 
     </span>
    </p>
   </div>
   <div class='ocr_carea' id='block_1_67' title="bbox 674 5064 2195 5140">
    <p class='ocr_par' dir='ltr' id='par_1_67' title="bbox 674 5064 2195 5140">
     <span class='ocr_line' id='line_1_67' title="bbox 674 5064 2195 5140; baseline 0.009 -24"><span class='ocrx_word' id='word_1_506' title='bbox 674 5064 797 5120; x_wconf 84' lang='grc'><strong>115.</strong></span> <span class='ocrx_word' id='word_1_507' title='bbox 841 5064 908 5120; x_wconf 77' lang='lat' dir='ltr'><strong>Et</strong></span> <span class='ocrx_word' id='word_1_508' title='bbox 937 5075 996 5120; x_wconf 94' lang='lat' dir='ltr'><strong>nt</strong></span> <span class='ocrx_word' id='word_1_509' title='bbox 1023 5067 1164 5123; x_wconf 87' lang='lat' dir='ltr'><strong>scias</strong></span> <span class='ocrx_word' id='word_1_510' title='bbox 1210 5071 1335 5140; x_wconf 90' lang='lat' dir='ltr'><strong>quia</strong></span> <span class='ocrx_word' id='word_1_511' title='bbox 1377 5081 1432 5126; x_wconf 93' lang='lat' dir='ltr'><strong>et</strong></span> <span class='ocrx_word' id='word_1_512' title='bbox 1478 5073 1659 5128; x_wconf 89' lang='lat' dir='ltr'><strong>omnia</strong></span> <span class='ocrx_word' id='word_1_513' title='bbox 1704 5073 1872 5139; x_wconf 87' lang='lat' dir='ltr'><strong>novit,</strong></span> <span class='ocrx_word' id='word_1_514' title='bbox 1921 5083 1978 5130; x_wconf 90' lang='lat' dir='ltr'><strong>et</strong></span> <span class='ocrx_word' id='word_1_515' title='bbox 2017 5075 2195 5132; x_wconf 79' lang='lat' dir='ltr'><strong>futura</strong></span> 
     </span>
    </p>
   </div>
   <div class='ocr_carea' id='block_1_68' title="bbox 594 5157 2190 5236">
    <p class='ocr_par' dir='ltr' id='par_1_68' title="bbox 594 5157 2190 5236">
     <span class='ocr_line' id='line_1_68' title="bbox 594 5157 2190 5236; baseline 0.011 -28"><span class='ocrx_word' id='word_1_516' title='bbox 594 5157 902 5225; x_wconf 80' lang='lat' dir='ltr'><strong>anntmtiat,</strong></span> <span class='ocrx_word' id='word_1_517' title='bbox 932 5170 986 5214; x_wconf 89' lang='lat' dir='ltr'><strong>et</strong></span> <span class='ocrx_word' id='word_1_518' title='bbox 1017 5162 1175 5217; x_wconf 92' lang='lat' dir='ltr'><strong>unius</strong></span> <span class='ocrx_word' id='word_1_519' title='bbox 1205 5174 1290 5216; x_wconf 90' lang='lat' dir='ltr'><strong>est</strong></span> <span class='ocrx_word' id='word_1_520' title='bbox 1319 5164 1562 5220; x_wconf 76' lang='lat' dir='ltr'><strong>scientia:</strong></span> <span class='ocrx_word' id='word_1_521' title='bbox 1588 5180 1711 5220; x_wconf 89' lang='lat' dir='ltr'><strong>cum</strong></span> <span class='ocrx_word' id='word_1_522' title='bbox 1753 5166 1913 5222; x_wconf 87' lang='lat' dir='ltr'><strong>Patre</strong></span> <span class='ocrx_word' id='word_1_523' title='bbox 1939 5176 1996 5223; x_wconf 91' lang='lat' dir='ltr'><strong>et</strong></span> <span class='ocrx_word' id='word_1_524' title='bbox 2021 5167 2190 5236; x_wconf 89' lang='lat' dir='ltr'><strong>Filio;</strong></span> 
     </span>
    </p>
   </div>
   <div class='ocr_carea' id='block_1_69' title="bbox 666 5355 2188 5436">
    <p class='ocr_par' dir='ltr' id='par_1_69' title="bbox 666 5355 2188 5436">
     <span class='ocr_line' id='line_1_69' title="bbox 666 5355 2188 5436; baseline 0.009 -27"><span class='ocrx_word' id='word_1_525' title='bbox 666 5364 693 5392; x_wconf 76' lang='grc' dir='ltr'><strong>ει</strong></span> <span class='ocrx_word' id='word_1_526' title='bbox 733 5355 893 5412; x_wconf 82' lang='lat' dir='ltr'><strong>Rom.</strong></span> <span class='ocrx_word' id='word_1_527' title='bbox 926 5358 1058 5436; x_wconf 82' lang='lat' dir='ltr'><strong>edit.</strong></span> <span class='ocrx_word' id='word_1_528' title='bbox 1091 5357 1179 5413; x_wconf 92' lang='lat' dir='ltr'><strong>hic</strong></span> <span class='ocrx_word' id='word_1_529' title='bbox 1199 5357 1443 5436; x_wconf 68' lang='lat' dir='ltr'><strong>etinlra,</strong></span> <span class='ocrx_word' id='word_1_530' title='bbox 1466 5361 1680 5436; x_wconf 81' lang='lat' dir='ltr'><strong>rudibus</strong></span> <span class='ocrx_word' id='word_1_531' title='bbox 1698 5365 1902 5431; x_wconf 86' lang='lat' dir='ltr'><strong>pannis.</strong></span> <span class='ocrx_word' id='word_1_532' title='bbox 1923 5365 2188 5436; x_wconf 75' lang='lat' dir='ltr'><strong>Reliqnzc,</strong></span> 
     </span>
    </p>
   </div>
   <div class='ocr_carea' id='block_1_70' title="bbox 591 5428 2190 5502">
    <p class='ocr_par' dir='ltr' id='par_1_70' title="bbox 591 5428 2190 5502">
     <span class='ocr_line' id='line_1_70' title="bbox 591 5428 2190 5502; baseline 0.008 -21"><span class='ocrx_word' id='word_1_533' title='bbox 591 5441 825 5502; x_wconf 26' lang='lat' dir='ltr'><strong>ac‘mss.</strong></span> <span class='ocrx_word' id='word_1_534' title='bbox 876 5428 1134 5502; x_wconf 84' lang='lat' dir='ltr'><strong>omittunt</strong></span> <span class='ocrx_word' id='word_1_535' title='bbox 1158 5430 1430 5502; x_wconf 68' lang='lat' dir='ltr'><strong>rudibus,</strong></span> <span class='ocrx_word' id='word_1_536' title='bbox 1474 5435 1583 5501; x_wconf 61' lang='lat' dir='ltr'><strong>pro;</strong></span> <span class='ocrx_word' id='word_1_537' title='bbox 1605 5428 1708 5502; x_wconf 87' lang='lat' dir='ltr'><strong>qua</strong></span> <span class='ocrx_word' id='word_1_538' title='bbox 1754 5449 1889 5490; x_wconf 90' lang='lat' dir='ltr'><strong>voce</strong></span> <span class='ocrx_word' id='word_1_539' title='bbox 1920 5439 1970 5490; x_wconf 92' lang='lat' dir='ltr'><strong>in</strong></span> <span class='ocrx_word' id='word_1_540' title='bbox 2002 5428 2190 5493; x_wconf 84' lang='lat' dir='ltr'><strong>Bibliis</strong></span> 
     </span>
    </p>
   </div>
   <div class='ocr_carea' id='block_1_71' title="bbox 592 5498 1525 5565">
    <p class='ocr_par' dir='ltr' id='par_1_71' title="bbox 592 5498 1525 5565">
     <span class='ocr_line' id='line_1_71' title="bbox 592 5498 1525 5565; baseline 0.002 -13"><span class='ocrx_word' id='word_1_541' title='bbox 592 5498 824 5552; x_wconf 82' lang='lat' dir='ltr'><strong>habetur</strong></span> <span class='ocrx_word' id='word_1_542' title='bbox 853 5500 1101 5554; x_wconf 81' lang='lat' dir='ltr'><strong>veteribus</strong></span> <span class='ocrx_word' id='word_1_543' title='bbox 1127 5499 1242 5554; x_wconf 90' lang='lat' dir='ltr'><strong>sive</strong></span> <span class='ocrx_word' id='word_1_544' title='bbox 1270 5498 1525 5565; x_wconf 73' lang='lat' dir='ltr'><strong>putribus.</strong></span> 
     </span>
    </p>
   </div>
   <div class='ocr_carea' id='block_1_72' title="bbox 657 5567 2188 5641">
    <p class='ocr_par' dir='ltr' id='par_1_72' title="bbox 657 5567 2188 5641">
     <span class='ocr_line' id='line_1_72' title="bbox 657 5567 2188 5641; baseline 0.007 -19"><span class='ocrx_word' id='word_1_545' title='bbox 657 5567 684 5606; x_wconf 73' lang='grc' dir='ltr'><strong>ι)</strong></span> <span class='ocrx_word' id='word_1_546' title='bbox 727 5569 860 5641; x_wconf 67' lang='lat' dir='ltr'><strong>Mss.</strong></span> <span class='ocrx_word' id='word_1_547' title='bbox 887 5571 1111 5641; x_wconf 83' lang='lat' dir='ltr'><strong>aliquot,</strong></span> <span class='ocrx_word' id='word_1_548' title='bbox 1136 5573 1439 5641; x_wconf 73' lang='lat' dir='ltr'><strong>prwualuit;</strong></span> <span class='ocrx_word' id='word_1_549' title='bbox 1463 5589 1621 5636; x_wconf 85' lang='lat' dir='ltr'><strong>unus,</strong></span> <span class='ocrx_word' id='word_1_550' title='bbox 1654 5573 1976 5641; x_wconf 77' lang='lat' dir='ltr'><strong>prwlibabit;</strong></span> <span class='ocrx_word' id='word_1_551' title='bbox 2003 5581 2188 5633; x_wconf 53' lang='lat' dir='ltr'><strong>caeteri</strong></span> 
     </span>
    </p>
   </div>
   <div class='ocr_carea' id='block_1_73' title="bbox 582 5638 2184 5716">
    <p class='ocr_par' dir='ltr' id='par_1_73' title="bbox 582 5638 2184 5716">
     <span class='ocr_line' id='line_1_73' title="bbox 582 5638 2184 5716; baseline 0.007 -27"><span class='ocrx_word' id='word_1_552' title='bbox 582 5640 762 5716; x_wconf 10' lang='lat' dir='ltr'><strong>atque,</strong></span> <span class='ocrx_word' id='word_1_553' title='bbox 798 5638 956 5716; x_wconf 34' lang='lat' dir='ltr'><strong>edite,</strong></span> <span class='ocrx_word' id='word_1_554' title='bbox 985 5638 1299 5716; x_wconf 69' lang='lat' dir='ltr'><strong>prwleoablt.</strong></span> <span class='ocrx_word' id='word_1_555' title='bbox 1349 5641 1544 5698; x_wconf 65' lang='lat' dir='ltr'><strong>Graece</strong></span> <span class='ocrx_word' id='word_1_556' title='bbox 1599 5638 1829 5698; x_wconf 75' lang='lat' dir='ltr'><strong>habetur</strong></span> <span class='ocrx_word' id='word_1_557' title='bbox 1878 5638 2184 5716; x_wconf 59' lang='lat' dir='ltr'><strong>«mesen,</strong></span> 
     </span>
    </p>
   </div>
   <div class='ocr_carea' id='block_1_74' title="bbox 587 5704 1496 5772">
    <p class='ocr_par' dir='ltr' id='par_1_74' title="bbox 587 5704 1496 5772">
     <span class='ocr_line' id='line_1_74' title="bbox 587 5704 1496 5772; baseline 0.008 -17"><span class='ocrx_word' id='word_1_558' title='bbox 587 5704 1008 5772; x_wconf 62' lang='lat' dir='ltr'><strong>armticcupahit&#39;,</strong></span> <span class='ocrx_word' id='word_1_559' title='bbox 1042 5704 1359 5770; x_wconf 68' lang='lat' dir='ltr'><strong>prmvaniet.</strong></span> <span class='ocrx_word' id='word_1_560' title='bbox 1391 5717 1496 5762; x_wconf 75' lang='lat' dir='ltr'><strong>etc.</strong></span> 
     </span>
    </p>
   </div>
   <div class='ocr_carea' id='block_1_75' title="bbox 2279 1829 3267 1898">
    <p class='ocr_par' dir='ltr' id='par_1_75' title="bbox 2279 1829 3267 1898">
     <span class='ocr_line' id='line_1_75' title="bbox 2279 1829 3267 1898; baseline -0.003 -14"><span class='ocrx_word' id='word_1_561' title='bbox 2279 1829 2542 1885; x_wconf 86' lang='lat' dir='ltr'><strong>creaturis</strong></span> <span class='ocrx_word' id='word_1_562' title='bbox 2571 1830 2764 1898; x_wconf 86' lang='lat' dir='ltr'><strong>potuit,</strong></span> <span class='ocrx_word' id='word_1_563' title='bbox 2797 1830 2886 1898; x_wconf 94' lang='lat' dir='ltr'><strong>qui</strong></span> <span class='ocrx_word' id='word_1_564' title='bbox 2916 1838 3131 1885; x_wconf 88' lang='lat' dir='ltr'><strong>creatus</strong></span> <span class='ocrx_word' id='word_1_565' title='bbox 3162 1838 3267 1884; x_wconf 90' lang='lat' dir='ltr'><strong>est.</strong></span> 
     </span>
    </p>
   </div>
   <div class='ocr_carea' id='block_1_76' title="bbox 2354 1921 3825 1992">
    <p class='ocr_par' dir='ltr' id='par_1_76' title="bbox 2354 1921 3825 1992">
     <span class='ocr_line' id='line_1_76' title="bbox 2354 1921 3825 1992; baseline -0.003 -14"><span class='ocrx_word' id='word_1_566' title='bbox 2354 1923 2476 1978; x_wconf 90' lang='grc'><strong>118.</strong></span> <span class='ocrx_word' id='word_1_567' title='bbox 2519 1923 2669 1992; x_wconf 84' lang='lat' dir='ltr'><strong>Quod</strong></span> <span class='ocrx_word' id='word_1_568' title='bbox 2717 1924 2763 1977; x_wconf 89' lang='lat' dir='ltr'><strong>si</strong></span> <span class='ocrx_word' id='word_1_569' title='bbox 2809 1923 2889 1978; x_wconf 89' lang='lat' dir='ltr'><strong>vis</strong></span> <span class='ocrx_word' id='word_1_570' title='bbox 2931 1923 3149 1978; x_wconf 91' lang='lat' dir='ltr'><strong>discere</strong></span> <span class='ocrx_word' id='word_1_571' title='bbox 3194 1923 3320 1992; x_wconf 90' lang='lat' dir='ltr'><strong>quia</strong></span> <span class='ocrx_word' id='word_1_572' title='bbox 3375 1923 3526 1978; x_wconf 91' lang='lat' dir='ltr'><strong>novit</strong></span> <span class='ocrx_word' id='word_1_573' title='bbox 3570 1921 3750 1983; x_wconf 78' lang='lat' dir='ltr'><strong>omnia,</strong></span> <span class='ocrx_word' id='word_1_574' title='bbox 3787 1930 3825 1974; x_wconf 84' lang='lat' dir='ltr'><strong>et</strong></span> 
     </span>
    </p>
   </div>
   <div class='ocr_carea' id='block_1_77' title="bbox 2280 2016 3826 2088">
    <p class='ocr_par' dir='ltr' id='par_1_77' title="bbox 2280 2016 3826 2088">
     <span class='ocr_line' id='line_1_77' title="bbox 2280 2016 3826 2088; baseline -0.006 -16"><span class='ocrx_word' id='word_1_575' title='bbox 2280 2019 2677 2088; x_wconf 68' lang='lat' dir='ltr'><strong>praescientiam</strong></span> <span class='ocrx_word' id='word_1_576' title='bbox 2711 2018 2875 2072; x_wconf 89' lang='lat' dir='ltr'><strong>habet</strong></span> <span class='ocrx_word' id='word_1_577' title='bbox 2904 2017 3149 2072; x_wconf 87' lang='lat' dir='ltr'><strong>omnium</strong></span> <span class='ocrx_word' id='word_1_578' title='bbox 3180 2027 3203 2054; x_wconf 73' lang='grc' dir='ltr'>ε</span> <span class='ocrx_word' id='word_1_579' title='bbox 3232 2017 3332 2072; x_wconf 92' lang='lat' dir='ltr'><strong>Dei</strong></span> <span class='ocrx_word' id='word_1_580' title='bbox 3359 2017 3529 2072; x_wconf 89' lang='lat' dir='ltr'><strong>Filius</strong></span> <span class='ocrx_word' id='word_1_581' title='bbox 3553 2016 3826 2074; x_wconf 81' lang='lat' dir='ltr'><strong>futurorum,</strong></span> 
     </span>
    </p>
   </div>
   <div class='ocr_carea' id='block_1_78' title="bbox 2280 2107 3829 2181">
    <p class='ocr_par' dir='ltr' id='par_1_78' title="bbox 2280 2107 3829 2181">
     <span class='ocr_line' id='line_1_78' title="bbox 2280 2107 3829 2181; baseline -0.004 -17"><span class='ocrx_word' id='word_1_582' title='bbox 2280 2126 2400 2181; x_wconf 74' lang='lat' dir='ltr'><strong>qua:</strong></span> <span class='ocrx_word' id='word_1_583' title='bbox 2431 2109 2566 2164; x_wconf 82' lang='lat' dir='ltr'><strong>Filio</strong></span> <span class='ocrx_word' id='word_1_584' title='bbox 2598 2109 2867 2180; x_wconf 88' lang='lat' dir='ltr'><strong>incognita</strong></span> <span class='ocrx_word' id='word_1_585' title='bbox 2899 2118 3086 2180; x_wconf 88' lang='lat' dir='ltr'><strong>putas,</strong></span> <span class='ocrx_word' id='word_1_586' title='bbox 3115 2125 3178 2165; x_wconf 92' lang='lat' dir='ltr'><strong>ea</strong></span> <span class='ocrx_word' id='word_1_587' title='bbox 3210 2109 3278 2164; x_wconf 91' lang='lat' dir='ltr'><strong>de</strong></span> <span class='ocrx_word' id='word_1_588' title='bbox 3332 2110 3474 2165; x_wconf 87' lang='lat' dir='ltr'><strong>Filio</strong></span> <span class='ocrx_word' id='word_1_589' title='bbox 3504 2107 3714 2178; x_wconf 85' lang='lat' dir='ltr'><strong>Spiritus</strong></span> <span class='ocrx_word' id='word_1_590' title='bbox 3735 2120 3829 2160; x_wconf 84' lang='lat' dir='ltr'><strong>san-</strong></span> 
     </span>
    </p>
   </div>
   <div class='ocr_carea' id='block_1_79' title="bbox 2282 2198 3828 2274">
    <p class='ocr_par' dir='ltr' id='par_1_79' title="bbox 2282 2198 3828 2274">
     <span class='ocr_line' id='line_1_79' title="bbox 2282 2198 3828 2274; baseline -0.002 -17"><span class='ocrx_word' id='word_1_591' title='bbox 2282 2213 2401 2258; x_wconf 91' lang='lat' dir='ltr'><strong>ctus</strong></span> <span class='ocrx_word' id='word_1_592' title='bbox 2432 2204 2660 2273; x_wconf 90' lang='lat' dir='ltr'><strong>accepit.</strong></span> <span class='ocrx_word' id='word_1_593' title='bbox 2691 2203 3111 2274; x_wconf 86' lang='lat' dir='ltr'><strong>Accepitautem</strong></span> <span class='ocrx_word' id='word_1_594' title='bbox 3141 2217 3238 2272; x_wconf 89' lang='lat' dir='ltr'><strong>per</strong></span> <span class='ocrx_word' id='word_1_595' title='bbox 3255 2201 3519 2258; x_wconf 88' lang='lat' dir='ltr'><strong>unitatem</strong></span> <span class='ocrx_word' id='word_1_596' title='bbox 3543 2198 3828 2256; x_wconf 70' lang='lat' dir='ltr'><strong>substantia.</strong></span> 
     </span>
    </p>
   </div>
   <div class='ocr_carea' id='block_1_80' title="bbox 2282 2289 3830 2365">
    <p class='ocr_par' dir='ltr' id='par_1_80' title="bbox 2282 2289 3830 2365">
     <span class='ocr_line' id='line_1_80' title="bbox 2282 2289 3830 2365; baseline -0.005 -17"><span class='ocrx_word' id='word_1_597' title='bbox 2282 2294 2424 2348; x_wconf 87' lang='lat' dir='ltr'><strong>sicut</strong></span> <span class='ocrx_word' id='word_1_598' title='bbox 2448 2295 2658 2364; x_wconf 75' lang='lat' dir='ltr'><strong>amcpit</strong></span> <span class='ocrx_word' id='word_1_599' title='bbox 2684 2311 2712 2348; x_wconf 91' lang='lat' dir='ltr'><strong>a</strong></span> <span class='ocrx_word' id='word_1_600' title='bbox 2743 2294 2902 2350; x_wconf 90' lang='lat' dir='ltr'><strong>Patre</strong></span> <span class='ocrx_word' id='word_1_601' title='bbox 2931 2294 3101 2349; x_wconf 86' lang='lat' dir='ltr'><strong>Filius</strong></span> <span class='ocrx_word' id='word_1_602' title='bbox 3126 2311 3140 2348; x_wconf 90' lang='lat'>:</span> <span class='ocrx_word' id='word_1_603' title='bbox 3176 2293 3278 2348; x_wconf 89' lang='lat' dir='ltr'><strong>Ille</strong></span> <span class='ocrx_word' id='word_1_604' title='bbox 3300 2336 3317 2359; x_wconf 93' lang='lat'><strong>,</strong></span> <span class='ocrx_word' id='word_1_605' title='bbox 3353 2295 3548 2365; x_wconf 91' lang='lat' dir='ltr'><strong>inquit,</strong></span> <span class='ocrx_word' id='word_1_606' title='bbox 3576 2309 3651 2347; x_wconf 88' lang='lat' dir='ltr'><strong>me</strong></span> <span class='ocrx_word' id='word_1_607' title='bbox 3677 2289 3830 2356; x_wconf 82' lang='lat' dir='ltr'><strong>clari/i-</strong></span> 
     </span>
    </p>
   </div>
   <div class='ocr_carea' id='block_1_81' title="bbox 2283 2379 3831 2461">
    <p class='ocr_par' dir='ltr' id='par_1_81' title="bbox 2283 2379 3831 2461">
     <span class='ocr_line' id='line_1_81' title="bbox 2283 2379 3831 2461; baseline -0.008 -19"><span class='ocrx_word' id='word_1_608' title='bbox 2283 2386 2438 2453; x_wconf 89' lang='lat' dir='ltr'><strong>cabit,</strong></span> <span class='ocrx_word' id='word_1_609' title='bbox 2467 2388 2588 2461; x_wconf 87' lang='lat' dir='ltr'><strong>quia</strong></span> <span class='ocrx_word' id='word_1_610' title='bbox 2625 2387 2688 2440; x_wconf 84' lang='lat' dir='ltr'><strong>de</strong></span> <span class='ocrx_word' id='word_1_611' title='bbox 2714 2404 2826 2441; x_wconf 90' lang='lat' dir='ltr'><strong>meo</strong></span> <span class='ocrx_word' id='word_1_612' title='bbox 2855 2387 3112 2458; x_wconf 88' lang='lat' dir='ltr'><strong>accipiet,</strong></span> <span class='ocrx_word' id='word_1_613' title='bbox 3141 2397 3186 2440; x_wconf 79' lang='lat' dir='ltr'><strong>et</strong></span> <span class='ocrx_word' id='word_1_614' title='bbox 3215 2386 3545 2440; x_wconf 87' lang='lat' dir='ltr'><strong>annuntiabit</strong></span> <span class='ocrx_word' id='word_1_615' title='bbox 3571 2383 3714 2438; x_wconf 79' lang='lat' dir='ltr'><strong>vobis.</strong></span> <span class='ocrx_word' id='word_1_616' title='bbox 3739 2379 3831 2433; x_wconf 84' lang='lat' dir='ltr'><strong>0m-</strong></span> 
     </span>
    </p>
   </div>
   <div class='ocr_carea' id='block_1_82' title="bbox 2285 2473 3830 2551">
    <p class='ocr_par' dir='ltr' id='par_1_82' title="bbox 2285 2473 3830 2551">
     <span class='ocr_line' id='line_1_82' title="bbox 2285 2473 3830 2551; baseline -0.006 -16"><span class='ocrx_word' id='word_1_617' title='bbox 2285 2482 2372 2535; x_wconf 87' lang='lat' dir='ltr'><strong>uia</strong></span> <span class='ocrx_word' id='word_1_618' title='bbox 2398 2497 2727 2551; x_wconf 63' lang='lat' dir='ltr'><strong>quacumque</strong></span> <span class='ocrx_word' id='word_1_619' title='bbox 2758 2481 2905 2535; x_wconf 84' lang='lat' dir='ltr'><strong>habet</strong></span> <span class='ocrx_word' id='word_1_620' title='bbox 2932 2479 3108 2544; x_wconf 80' lang='lat' dir='ltr'><strong>Pater,</strong></span> <span class='ocrx_word' id='word_1_621' title='bbox 3137 2497 3251 2535; x_wconf 88' lang='lat' dir='ltr'><strong>mea</strong></span> <span class='ocrx_word' id='word_1_622' title='bbox 3282 2490 3404 2535; x_wconf 87' lang='lat' dir='ltr'><strong>sunt</strong></span> <span class='ocrx_word' id='word_1_623' title='bbox 3420 2498 3440 2547; x_wconf 87' lang='lat'><strong><em>;</em></strong></span> <span class='ocrx_word' id='word_1_624' title='bbox 3467 2489 3714 2551; x_wconf 82' lang='lat' dir='ltr'><strong>propterea</strong></span> <span class='ocrx_word' id='word_1_625' title='bbox 3731 2473 3830 2538; x_wconf 68' lang='lat' dir='ltr'><strong>diri,</strong></span> 
     </span>
    </p>
   </div>
   <div class='ocr_carea' id='block_1_83' title="bbox 2286 2571 3830 2646">
    <p class='ocr_par' dir='ltr' id='par_1_83' title="bbox 2286 2571 3830 2646">
     <span class='ocr_line' id='line_1_83' title="bbox 2286 2571 3830 2646; baseline -0.005 -17"><span class='ocrx_word' id='word_1_626' title='bbox 2286 2577 2350 2629; x_wconf 89' lang='lat' dir='ltr'><strong>de</strong></span> <span class='ocrx_word' id='word_1_627' title='bbox 2391 2591 2502 2628; x_wconf 90' lang='lat' dir='ltr'><strong>meo</strong></span> <span class='ocrx_word' id='word_1_628' title='bbox 2531 2576 2770 2644; x_wconf 88' lang='lat' dir='ltr'><strong>accipiet,</strong></span> <span class='ocrx_word' id='word_1_629' title='bbox 2801 2585 2850 2629; x_wconf 91' lang='lat' dir='ltr'><strong>et</strong></span> <span class='ocrx_word' id='word_1_630' title='bbox 2895 2574 3220 2629; x_wconf 85' lang='lat' dir='ltr'><strong>annuntiabit</strong></span> <span class='ocrx_word' id='word_1_631' title='bbox 3255 2576 3401 2630; x_wconf 73' lang='lat' dir='ltr'><strong>vobis</strong></span> <span class='ocrx_word' id='word_1_632' title='bbox 3427 2574 3600 2646; x_wconf 82' lang='lat' dir='ltr'><strong>(Joan.</strong></span> <span class='ocrx_word' id='word_1_633' title='bbox 3640 2587 3734 2632; x_wconf 76' lang='lat' dir='ltr'><strong>xvr,</strong></span> <span class='ocrx_word' id='word_1_634' title='bbox 3763 2571 3830 2630; x_wconf 80' lang='grc'><strong>11,</strong></span> 
     </span>
    </p>
   </div>
   <div class='ocr_carea' id='block_1_84' title="bbox 2291 2664 3830 2741">
    <p class='ocr_par' dir='ltr' id='par_1_84' title="bbox 2291 2664 3830 2741">
     <span class='ocr_line' id='line_1_84' title="bbox 2291 2664 3830 2741; baseline -0.004 -17"><span class='ocrx_word' id='word_1_635' title='bbox 2291 2669 2404 2741; x_wconf 83' lang='grc'><strong>15).</strong></span> <span class='ocrx_word' id='word_1_636' title='bbox 2456 2669 2592 2738; x_wconf 85' lang='lat' dir='ltr'><strong>Quid</strong></span> <span class='ocrx_word' id='word_1_637' title='bbox 2637 2671 2798 2739; x_wconf 84' lang='lat' dir='ltr'><strong>igitur</strong></span> <span class='ocrx_word' id='word_1_638' title='bbox 2851 2669 2951 2725; x_wconf 87' lang='lat' dir='ltr'><strong>hac</strong></span> <span class='ocrx_word' id='word_1_639' title='bbox 2994 2669 3300 2725; x_wconf 87' lang='lat' dir='ltr'><strong>evidentius</strong></span> <span class='ocrx_word' id='word_1_640' title='bbox 3351 2669 3588 2726; x_wconf 83' lang='lat' dir='ltr'><strong>unitate?</strong></span> <span class='ocrx_word' id='word_1_641' title='bbox 3625 2664 3830 2737; x_wconf 64' lang='lat' dir='ltr'><strong>Qualia-</strong></span> 
     </span>
    </p>
   </div>
   <div class='ocr_carea' id='block_1_85' title="bbox 2286 2759 3832 2832">
    <p class='ocr_par' dir='ltr' id='par_1_85' title="bbox 2286 2759 3832 2832">
     <span class='ocr_line' id='line_1_85' title="bbox 2286 2759 3832 2832; baseline -0.006 -14"><span class='ocrx_word' id='word_1_642' title='bbox 2286 2763 2380 2818; x_wconf 90' lang='lat' dir='ltr'><strong>bet</strong></span> <span class='ocrx_word' id='word_1_643' title='bbox 2423 2763 2603 2830; x_wconf 87' lang='lat' dir='ltr'><strong>Pater,</strong></span> <span class='ocrx_word' id='word_1_644' title='bbox 2645 2759 2770 2816; x_wconf 81' lang='lat' dir='ltr'><strong>Filii</strong></span> <span class='ocrx_word' id='word_1_645' title='bbox 2801 2771 2927 2817; x_wconf 90' lang='lat' dir='ltr'><strong>sunt</strong></span> <span class='ocrx_word' id='word_1_646' title='bbox 2958 2780 2970 2814; x_wconf 93' lang='lat'><strong>:</strong></span> <span class='ocrx_word' id='word_1_647' title='bbox 3003 2778 3123 2832; x_wconf 76' lang='lat' dir='ltr'><strong>qua:</strong></span> <span class='ocrx_word' id='word_1_648' title='bbox 3169 2763 3337 2820; x_wconf 84' lang='lat' dir='ltr'><strong>habet</strong></span> <span class='ocrx_word' id='word_1_649' title='bbox 3363 2764 3560 2830; x_wconf 87' lang='lat' dir='ltr'><strong>Filius,</strong></span> <span class='ocrx_word' id='word_1_650' title='bbox 3591 2760 3770 2831; x_wconf 87' lang='lat' dir='ltr'><strong>accepit</strong></span> <span class='ocrx_word' id='word_1_651' title='bbox 3793 2766 3832 2811; x_wconf 87' lang='lat' dir='ltr'><strong>et</strong></span> 
     </span>
    </p>
   </div>
   <div class='ocr_carea' id='block_1_86' title="bbox 2287 2854 2546 2925">
    <p class='ocr_par' dir='ltr' id='par_1_86' title="bbox 2287 2854 2546 2925">
     <span class='ocr_line' id='line_1_86' title="bbox 2287 2854 2546 2925; baseline 0.004 -18"><span class='ocrx_word' id='word_1_652' title='bbox 2287 2854 2546 2925; x_wconf 90' lang='lat' dir='ltr'><strong>Spiritus.</strong></span> 
     </span>
    </p>
   </div>
   <div class='ocr_carea' id='block_1_87' title="bbox 2363 2943 3831 3019">
    <p class='ocr_par' dir='ltr' id='par_1_87' title="bbox 2363 2943 3831 3019">
     <span class='ocr_line' id='line_1_87' title="bbox 2363 2943 3831 3019; baseline -0.005 -18"><span class='ocrx_word' id='word_1_653' title='bbox 2363 2946 2467 3002; x_wconf 91' lang='grc'><strong>119</strong></span> <span class='ocrx_word' id='word_1_654' title='bbox 2505 2957 2552 3001; x_wconf 88' lang='lat' dir='ltr'><strong>et</strong></span> <span class='ocrx_word' id='word_1_655' title='bbox 2584 2947 2687 3003; x_wconf 76' lang='grc'><strong>120</strong></span> <span class='ocrx_word' id='word_1_656' title='bbox 2707 2951 2746 3002; x_wconf 81' lang='grc'><strong>·.</strong></span> <span class='ocrx_word' id='word_1_657' title='bbox 2774 2949 2972 3018; x_wconf 85' lang='lat' dir='ltr'><strong>Accipe</strong></span> <span class='ocrx_word' id='word_1_658' title='bbox 3003 2958 3184 3005; x_wconf 90' lang='lat' dir='ltr'><strong>tamen</strong></span> <span class='ocrx_word' id='word_1_659' title='bbox 3217 2949 3345 3019; x_wconf 87' lang='lat' dir='ltr'><strong>quia</strong></span> <span class='ocrx_word' id='word_1_660' title='bbox 3374 2948 3524 3005; x_wconf 90' lang='lat' dir='ltr'><strong>novit</strong></span> <span class='ocrx_word' id='word_1_661' title='bbox 3545 2944 3711 3018; x_wconf 75' lang='lat' dir='ltr'><strong>iudicii</strong></span> <span class='ocrx_word' id='word_1_662' title='bbox 3726 2943 3831 2998; x_wconf 88' lang='lat' dir='ltr'><strong>diem</strong></span> 
     </span>
    </p>
   </div>
   <div class='ocr_carea' id='block_1_88' title="bbox 2290 3033 3832 3096">
    <p class='ocr_par' dir='ltr' id='par_1_88' title="bbox 2290 3033 3832 3096">
     <span class='ocr_line' id='line_1_88' title="bbox 2290 3033 3832 3096; baseline -0.006 -2"><span class='ocrx_word' id='word_1_663' title='bbox 2290 3039 2332 3094; x_wconf 90' lang='lat' dir='ltr'><strong>F</strong></span> <span class='ocrx_word' id='word_1_664' title='bbox 2339 3039 2714 3094; x_wconf 89' lang='lat' dir='ltr'><strong>ilius.Lectum</strong></span> <span class='ocrx_word' id='word_1_665' title='bbox 2729 3051 2811 3095; x_wconf 89' lang='lat' dir='ltr'><strong>est</strong></span> <span class='ocrx_word' id='word_1_666' title='bbox 2829 3040 2881 3096; x_wconf 91' lang='lat' dir='ltr'><strong>in</strong></span> <span class='ocrx_word' id='word_1_667' title='bbox 2905 3039 3168 3096; x_wconf 83' lang='lat' dir='ltr'><strong>Zacltaria</strong></span> <span class='ocrx_word' id='word_1_668' title='bbox 3185 3057 3200 3096; x_wconf 90' lang='lat'><strong>:</strong></span> <span class='ocrx_word' id='word_1_669' title='bbox 3218 3039 3288 3094; x_wconf 86' lang='lat' dir='ltr'><strong>Et</strong></span> <span class='ocrx_word' id='word_1_670' title='bbox 3316 3039 3720 3096; x_wconf 83' lang='lat' dir='ltr'><strong>venietDominus</strong></span> <span class='ocrx_word' id='word_1_671' title='bbox 3732 3033 3832 3088; x_wconf 77' lang='lat' dir='ltr'><strong>Deus</strong></span> 
     </span>
    </p>
   </div>
   <div class='ocr_carea' id='block_1_89' title="bbox 2215 3107 3831 3198">
    <p class='ocr_par' dir='ltr' id='par_1_89' title="bbox 2215 3107 3831 3198">
     <span class='ocr_line' id='line_1_89' title="bbox 2215 3107 3831 3198; baseline -0.006 -12"><span class='ocrx_word' id='word_1_672' title='bbox 2215 3107 2260 3169; x_wconf 66' lang='grc' dir='ltr'>Ο</span> <span class='ocrx_word' id='word_1_673' title='bbox 2293 3149 2455 3198; x_wconf 84' lang='lat' dir='ltr'><strong>mens,</strong></span> <span class='ocrx_word' id='word_1_674' title='bbox 2484 3144 2532 3188; x_wconf 90' lang='lat' dir='ltr'><strong>et</strong></span> <span class='ocrx_word' id='word_1_675' title='bbox 2563 3149 2739 3189; x_wconf 87' lang='lat' dir='ltr'><strong>omnes</strong></span> <span class='ocrx_word' id='word_1_676' title='bbox 2769 3135 2935 3188; x_wconf 84' lang='lat' dir='ltr'><strong>sancti</strong></span> <span class='ocrx_word' id='word_1_677' title='bbox 2961 3151 3080 3187; x_wconf 90' lang='lat' dir='ltr'><strong>cum</strong></span> <span class='ocrx_word' id='word_1_678' title='bbox 3109 3149 3189 3187; x_wconf 88' lang='lat' dir='ltr'><strong>eo.</strong></span> <span class='ocrx_word' id='word_1_679' title='bbox 3227 3133 3293 3187; x_wconf 84' lang='lat' dir='ltr'><strong>In</strong></span> <span class='ocrx_word' id='word_1_680' title='bbox 3324 3135 3419 3188; x_wconf 89' lang='lat' dir='ltr'><strong>illa</strong></span> <span class='ocrx_word' id='word_1_681' title='bbox 3450 3135 3531 3187; x_wconf 85' lang='lat' dir='ltr'><strong>die</strong></span> <span class='ocrx_word' id='word_1_682' title='bbox 3556 3148 3648 3185; x_wconf 86' lang='lat' dir='ltr'><strong>non</strong></span> <span class='ocrx_word' id='word_1_683' title='bbox 3674 3129 3750 3182; x_wconf 86' lang='lat' dir='ltr'><strong>erit</strong></span> <span class='ocrx_word' id='word_1_684' title='bbox 3775 3130 3831 3177; x_wconf 79' lang='lat' dir='ltr'><strong>lu-</strong></span> 
     </span>
    </p>
   </div>
   <div class='ocr_carea' id='block_1_90' title="bbox 2292 3216 3830 3298">
    <p class='ocr_par' dir='ltr' id='par_1_90' title="bbox 2292 3216 3830 3298">
     <span class='ocr_line' id='line_1_90' title="bbox 2292 3216 3830 3298; baseline -0.008 -19"><span class='ocrx_word' id='word_1_685' title='bbox 2292 3243 2406 3280; x_wconf 87' lang='lat' dir='ltr'><strong>men</strong></span> <span class='ocrx_word' id='word_1_686' title='bbox 2431 3267 2445 3292; x_wconf 95' lang='lat'><strong>,</strong></span> <span class='ocrx_word' id='word_1_687' title='bbox 2478 3227 2566 3280; x_wconf 85' lang='lat' dir='ltr'><strong>sed</strong></span> <span class='ocrx_word' id='word_1_688' title='bbox 2590 3227 2760 3297; x_wconf 82' lang='lat' dir='ltr'><strong>frigus</strong></span> <span class='ocrx_word' id='word_1_689' title='bbox 2786 3236 2835 3281; x_wconf 92' lang='lat' dir='ltr'><strong>et</strong></span> <span class='ocrx_word' id='word_1_690' title='bbox 2862 3229 2980 3298; x_wconf 89' lang='lat' dir='ltr'><strong>gelu</strong></span> <span class='ocrx_word' id='word_1_691' title='bbox 3009 3243 3027 3281; x_wconf 92' lang='lat'><strong><em>:</em></strong></span> <span class='ocrx_word' id='word_1_692' title='bbox 3057 3237 3102 3280; x_wconf 88' lang='lat' dir='ltr'><strong>et</strong></span> <span class='ocrx_word' id='word_1_693' title='bbox 3131 3228 3222 3280; x_wconf 88' lang='lat' dir='ltr'><strong>erit</strong></span> <span class='ocrx_word' id='word_1_694' title='bbox 3253 3227 3367 3282; x_wconf 86' lang='lat' dir='ltr'><strong>dies</strong></span> <span class='ocrx_word' id='word_1_695' title='bbox 3405 3244 3505 3281; x_wconf 89' lang='lat' dir='ltr'><strong>una</strong></span> <span class='ocrx_word' id='word_1_696' title='bbox 3531 3266 3544 3288; x_wconf 95' lang='lat'><strong>,</strong></span> <span class='ocrx_word' id='word_1_697' title='bbox 3585 3234 3628 3277; x_wconf 88' lang='lat' dir='ltr'><strong>et</strong></span> <span class='ocrx_word' id='word_1_698' title='bbox 3656 3222 3745 3274; x_wconf 81' lang='lat' dir='ltr'><strong>dies</strong></span> <span class='ocrx_word' id='word_1_699' title='bbox 3765 3216 3830 3269; x_wconf 84' lang='lat' dir='ltr'><strong>illa</strong></span> 
     </span>
    </p>
   </div>
   <div class='ocr_carea' id='block_1_91' title="bbox 2293 3317 3828 3390">
    <p class='ocr_par' dir='ltr' id='par_1_91' title="bbox 2293 3317 3828 3390">
     <span class='ocr_line' id='line_1_91' title="bbox 2293 3317 3828 3390; baseline -0.005 -20"><span class='ocrx_word' id='word_1_700' title='bbox 2293 3326 2415 3370; x_wconf 89' lang='lat' dir='ltr'><strong>nota</strong></span> <span class='ocrx_word' id='word_1_701' title='bbox 2458 3317 2682 3372; x_wconf 88' lang='lat' dir='ltr'><strong>Domino</strong></span> <span class='ocrx_word' id='word_1_702' title='bbox 2730 3318 2916 3390; x_wconf 77' lang='lat' dir='ltr'><strong>(Zaclt.</strong></span> <span class='ocrx_word' id='word_1_703' title='bbox 2951 3335 3066 3386; x_wconf 80' lang='lat' dir='ltr'><strong>xw,</strong></span> <span class='ocrx_word' id='word_1_704' title='bbox 3118 3318 3198 3389; x_wconf 77' lang='lat'><strong>5).</strong></span> <span class='ocrx_word' id='word_1_705' title='bbox 3248 3319 3380 3375; x_wconf 67' lang='lat' dir='ltr'><strong>Haec</strong></span> <span class='ocrx_word' id='word_1_706' title='bbox 3429 3320 3586 3390; x_wconf 87' lang='lat' dir='ltr'><strong>igitur</strong></span> <span class='ocrx_word' id='word_1_707' title='bbox 3612 3318 3828 3370; x_wconf 80' lang='lat' dir='ltr'><strong>dicsuota</strong></span> 
     </span>
    </p>
   </div>
   <div class='ocr_carea' id='block_1_92' title="bbox 2295 3405 3828 3480">
    <p class='ocr_par' dir='ltr' id='par_1_92' title="bbox 2295 3405 3828 3480">
     <span class='ocr_line' id='line_1_92' title="bbox 2295 3405 3828 3480; baseline -0.005 -16"><span class='ocrx_word' id='word_1_708' title='bbox 2295 3409 2525 3464; x_wconf 87' lang='lat' dir='ltr'><strong>Domino</strong></span> <span class='ocrx_word' id='word_1_709' title='bbox 2549 3451 2562 3474; x_wconf 90' lang='lat'><strong>,</strong></span> <span class='ocrx_word' id='word_1_710' title='bbox 2597 3412 2686 3480; x_wconf 89' lang='lat' dir='ltr'><strong>qui</strong></span> <span class='ocrx_word' id='word_1_711' title='bbox 2729 3414 2908 3467; x_wconf 88' lang='lat' dir='ltr'><strong>veniet</strong></span> <span class='ocrx_word' id='word_1_712' title='bbox 2945 3426 3066 3466; x_wconf 91' lang='lat' dir='ltr'><strong>cum</strong></span> <span class='ocrx_word' id='word_1_713' title='bbox 3095 3412 3298 3467; x_wconf 89' lang='lat' dir='ltr'><strong>sanctis</strong></span> <span class='ocrx_word' id='word_1_714' title='bbox 3323 3413 3440 3467; x_wconf 89' lang='lat' dir='ltr'><strong>suis</strong></span> <span class='ocrx_word' id='word_1_715' title='bbox 3463 3453 3478 3478; x_wconf 95' lang='lat'><strong>,</strong></span> <span class='ocrx_word' id='word_1_716' title='bbox 3509 3405 3724 3465; x_wconf 86' lang='lat' dir='ltr'><strong>secundo</strong></span> <span class='ocrx_word' id='word_1_717' title='bbox 3757 3413 3828 3456; x_wconf 82' lang='lat' dir='ltr'><strong>nos</strong></span> 
     </span>
    </p>
   </div>
   <div class='ocr_carea' id='block_1_93' title="bbox 2295 3501 2985 3558">
    <p class='ocr_par' dir='ltr' id='par_1_93' title="bbox 2295 3501 2985 3558">
     <span class='ocr_line' id='line_1_93' title="bbox 2295 3501 2985 3558; baseline 0.001 -2"><span class='ocrx_word' id='word_1_718' title='bbox 2295 3501 2700 3558; x_wconf 90' lang='lat' dir='ltr'><strong>illnminaturus</strong></span> <span class='ocrx_word' id='word_1_719' title='bbox 2725 3503 2985 3558; x_wconf 91' lang='lat' dir='ltr'><strong>adventu.</strong></span> 
     </span>
    </p>
   </div>
   <div class='ocr_carea' id='block_1_94' title="bbox 2367 3593 3832 3666">
    <p class='ocr_par' dir='ltr' id='par_1_94' title="bbox 2367 3593 3832 3666">
     <span class='ocr_line' id='line_1_94' title="bbox 2367 3593 3832 3666; baseline -0.004 -19"><span class='ocrx_word' id='word_1_720' title='bbox 2367 3594 2491 3648; x_wconf 76' lang='grc'><strong>121.</strong></span> <span class='ocrx_word' id='word_1_721' title='bbox 2535 3593 2641 3649; x_wconf 86' lang='lat' dir='ltr'><strong>Sed</strong></span> <span class='ocrx_word' id='word_1_722' title='bbox 2671 3595 2813 3665; x_wconf 90' lang='lat' dir='ltr'><strong>quod</strong></span> <span class='ocrx_word' id='word_1_723' title='bbox 2857 3597 2967 3650; x_wconf 88' lang='lat' dir='ltr'><strong>orsi</strong></span> <span class='ocrx_word' id='word_1_724' title='bbox 3002 3610 3190 3650; x_wconf 92' lang='lat' dir='ltr'><strong>sumus</strong></span> <span class='ocrx_word' id='word_1_725' title='bbox 3229 3595 3298 3652; x_wconf 89' lang='lat' dir='ltr'><strong>de</strong></span> <span class='ocrx_word' id='word_1_726' title='bbox 3331 3596 3568 3666; x_wconf 87' lang='lat' dir='ltr'><strong>Spiritu,</strong></span> <span class='ocrx_word' id='word_1_727' title='bbox 3597 3599 3832 3662; x_wconf 80' lang='lat' dir='ltr'><strong>persequa-</strong></span> 
     </span>
    </p>
   </div>
   <div class='ocr_carea' id='block_1_95' title="bbox 2296 3682 3831 3760">
    <p class='ocr_par' dir='ltr' id='par_1_95' title="bbox 2296 3682 3831 3760">
     <span class='ocr_line' id='line_1_95' title="bbox 2296 3682 3831 3760; baseline -0.01 -18"><span class='ocrx_word' id='word_1_728' title='bbox 2296 3703 2435 3742; x_wconf 90' lang='lat' dir='ltr'><strong>mur.</strong></span> <span class='ocrx_word' id='word_1_729' title='bbox 2484 3687 2647 3759; x_wconf 77' lang='lat'><strong>657</strong></span> <span class='ocrx_word' id='word_1_730' title='bbox 2703 3688 2884 3744; x_wconf 87' lang='lat' dir='ltr'><strong>Habes</strong></span> <span class='ocrx_word' id='word_1_731' title='bbox 2931 3689 3077 3744; x_wconf 88' lang='lat' dir='ltr'><strong>enim</strong></span> <span class='ocrx_word' id='word_1_732' title='bbox 3131 3689 3182 3744; x_wconf 97' lang='lat' dir='ltr'><strong>in</strong></span> <span class='ocrx_word' id='word_1_733' title='bbox 3233 3705 3299 3745; x_wconf 90' lang='lat' dir='ltr'><strong>eo</strong></span> <span class='ocrx_word' id='word_1_734' title='bbox 3355 3689 3501 3760; x_wconf 92' lang='lat' dir='ltr'><strong>quod</strong></span> <span class='ocrx_word' id='word_1_735' title='bbox 3560 3682 3831 3756; x_wconf 72' lang='lat' dir='ltr'><strong>praztnlimus</strong></span> 
     </span>
    </p>
   </div>
   <div class='ocr_carea' id='block_1_96' title="bbox 2293 3770 3831 3852">
    <p class='ocr_par' dir='ltr' id='par_1_96' title="bbox 2293 3770 3831 3852">
     <span class='ocr_line' id='line_1_96' title="bbox 2293 3770 3831 3852; baseline -0.009 -18"><span class='ocrx_word' id='word_1_736' title='bbox 2293 3784 2544 3850; x_wconf 85' lang='lat' dir='ltr'><strong>exemplo</strong></span> <span class='ocrx_word' id='word_1_737' title='bbox 2575 3781 2698 3851; x_wconf 86' lang='lat' dir='ltr'><strong>quia</strong></span> <span class='ocrx_word' id='word_1_738' title='bbox 2734 3781 2904 3836; x_wconf 76' lang='lat' dir='ltr'><strong>Filius</strong></span> <span class='ocrx_word' id='word_1_739' title='bbox 2934 3782 3068 3836; x_wconf 89' lang='lat' dir='ltr'><strong>dicit</strong></span> <span class='ocrx_word' id='word_1_740' title='bbox 3094 3781 3162 3837; x_wconf 92' lang='lat' dir='ltr'><strong>de</strong></span> <span class='ocrx_word' id='word_1_741' title='bbox 3202 3781 3416 3852; x_wconf 91' lang='lat' dir='ltr'><strong>Spiritu</strong></span> <span class='ocrx_word' id='word_1_742' title='bbox 3446 3799 3458 3836; x_wconf 92' lang='lat'>:</span> <span class='ocrx_word' id='word_1_743' title='bbox 3493 3781 3586 3835; x_wconf 84' lang='lat' dir='ltr'><strong>Ille</strong></span> <span class='ocrx_word' id='word_1_744' title='bbox 3611 3794 3678 3831; x_wconf 88' lang='lat' dir='ltr'><strong>me</strong></span> <span class='ocrx_word' id='word_1_745' title='bbox 3713 3770 3831 3826; x_wconf 82' lang='lat' dir='ltr'><strong>clari-</strong></span> 
     </span>
    </p>
   </div>
   <div class='ocr_carea' id='block_1_97' title="bbox 2295 3864 3831 3944">
    <p class='ocr_par' dir='ltr' id='par_1_97' title="bbox 2295 3864 3831 3944">
     <span class='ocr_line' id='line_1_97' title="bbox 2295 3864 3831 3944; baseline -0.005 -18"><span class='ocrx_word' id='word_1_746' title='bbox 2295 3873 2487 3940; x_wconf 77' lang='lat' dir='ltr'><strong>ﬁCubit.</strong></span> <span class='ocrx_word' id='word_1_747' title='bbox 2515 3872 2788 3928; x_wconf 87' lang='lat' dir='ltr'><strong>Clariﬁcat</strong></span> <span class='ocrx_word' id='word_1_748' title='bbox 2810 3888 2941 3944; x_wconf 82' lang='lat' dir='ltr'><strong>ergo</strong></span> <span class='ocrx_word' id='word_1_749' title='bbox 2962 3873 3194 3944; x_wconf 89' lang='lat' dir='ltr'><strong>Spiritus</strong></span> <span class='ocrx_word' id='word_1_750' title='bbox 3223 3873 3445 3940; x_wconf 83' lang='lat' dir='ltr'><strong>Filium,</strong></span> <span class='ocrx_word' id='word_1_751' title='bbox 3469 3875 3601 3928; x_wconf 88' lang='lat' dir='ltr'><strong>sicut</strong></span> <span class='ocrx_word' id='word_1_752' title='bbox 3622 3864 3831 3924; x_wconf 75' lang='lat' dir='ltr'><strong>clarilical</strong></span> 
     </span>
    </p>
   </div>
   <div class='ocr_carea' id='block_1_98' title="bbox 2295 3957 3826 4036">
    <p class='ocr_par' dir='ltr' id='par_1_98' title="bbox 2295 3957 3826 4036">
     <span class='ocr_line' id='line_1_98' title="bbox 2295 3957 3826 4036; baseline -0.003 -15"><span class='ocrx_word' id='word_1_753' title='bbox 2295 3975 2352 4021; x_wconf 89' lang='lat' dir='ltr'><strong>et</strong></span> <span class='ocrx_word' id='word_1_754' title='bbox 2393 3966 2552 4021; x_wconf 89' lang='lat' dir='ltr'><strong>Pater</strong></span> <span class='ocrx_word' id='word_1_755' title='bbox 2590 3966 2726 4021; x_wconf 90' lang='lat' dir='ltr'><strong>:scd</strong></span> <span class='ocrx_word' id='word_1_756' title='bbox 2769 3968 2932 4021; x_wconf 88' lang='lat' dir='ltr'><strong>etiam</strong></span> <span class='ocrx_word' id='word_1_757' title='bbox 2966 3967 3226 4036; x_wconf 88' lang='lat' dir='ltr'><strong>Spiritum</strong></span> <span class='ocrx_word' id='word_1_758' title='bbox 3273 3968 3534 4022; x_wconf 89' lang='lat' dir='ltr'><strong>clariﬁcat</strong></span> <span class='ocrx_word' id='word_1_759' title='bbox 3563 3964 3648 4019; x_wconf 88' lang='lat' dir='ltr'><strong>Dei</strong></span> <span class='ocrx_word' id='word_1_760' title='bbox 3686 3957 3826 4016; x_wconf 77' lang='lat' dir='ltr'><strong>Filius.</strong></span> 
     </span>
    </p>
   </div>
   <div class='ocr_carea' id='block_1_99' title="bbox 2292 4044 3829 4131">
    <p class='ocr_par' dir='ltr' id='par_1_99' title="bbox 2292 4044 3829 4131">
     <span class='ocr_line' id='line_1_99' title="bbox 2292 4044 3829 4131; baseline -0.004 -17"><span class='ocrx_word' id='word_1_761' title='bbox 2292 4059 2430 4114; x_wconf 88' lang='lat' dir='ltr'><strong>sicut</strong></span> <span class='ocrx_word' id='word_1_762' title='bbox 2475 4075 2633 4130; x_wconf 85' lang='lat' dir='ltr'><strong>supra</strong></span> <span class='ocrx_word' id='word_1_763' title='bbox 2689 4059 2946 4115; x_wconf 84' lang='lat' dir='ltr'><strong>diximus.</strong></span> <span class='ocrx_word' id='word_1_764' title='bbox 3000 4061 3115 4115; x_wconf 87' lang='lat' dir='ltr'><strong>Non</strong></span> <span class='ocrx_word' id='word_1_765' title='bbox 3168 4071 3425 4131; x_wconf 87' lang='lat' dir='ltr'><strong>estergo</strong></span> <span class='ocrx_word' id='word_1_766' title='bbox 3480 4056 3719 4116; x_wconf 89' lang='lat' dir='ltr'><strong>inﬁrmus,</strong></span> <span class='ocrx_word' id='word_1_767' title='bbox 3765 4044 3829 4116; x_wconf 79' lang='lat' dir='ltr'><strong>qui</strong></span> 
     </span>
    </p>
   </div>
   <div class='ocr_carea' id='block_1_100' title="bbox 2294 4139 3832 4224">
    <p class='ocr_par' dir='ltr' id='par_1_100' title="bbox 2294 4139 3832 4224">
     <span class='ocr_line' id='line_1_100' title="bbox 2294 4139 3832 4224; baseline -0.01 -17"><span class='ocrx_word' id='word_1_768' title='bbox 2294 4153 2476 4207; x_wconf 91' lang='lat' dir='ltr'><strong>reddit</strong></span> <span class='ocrx_word' id='word_1_769' title='bbox 2554 4162 2793 4208; x_wconf 89' lang='lat' dir='ltr'><strong>mutuam</strong></span> <span class='ocrx_word' id='word_1_770' title='bbox 2863 4153 3168 4208; x_wconf 90' lang='lat' dir='ltr'><strong>claritatem</strong></span> <span class='ocrx_word' id='word_1_771' title='bbox 3253 4168 3352 4224; x_wconf 90' lang='lat' dir='ltr'><strong>per</strong></span> <span class='ocrx_word' id='word_1_772' title='bbox 3421 4153 3669 4208; x_wconf 84' lang='lat' dir='ltr'><strong>unitatem</strong></span> <span class='ocrx_word' id='word_1_773' title='bbox 3731 4139 3832 4196; x_wconf 85' lang='lat' dir='ltr'><strong>lucis</strong></span> 
     </span>
    </p>
   </div>
   <div class='ocr_carea' id='block_1_101' title="bbox 2292 4232 3831 4317">
    <p class='ocr_par' dir='ltr' id='par_1_101' title="bbox 2292 4232 3831 4317">
     <span class='ocr_line' id='line_1_101' title="bbox 2292 4232 3831 4317; baseline -0.007 -16"><span class='ocrx_word' id='word_1_774' title='bbox 2292 4255 2511 4302; x_wconf 66' lang='lat' dir='ltr'><strong>aeternae</strong></span> <span class='ocrx_word' id='word_1_775' title='bbox 2555 4265 2568 4300; x_wconf 91' lang='lat'><strong>:</strong></span> <span class='ocrx_word' id='word_1_776' title='bbox 2623 4262 2722 4303; x_wconf 83' lang='lat' dir='ltr'><strong>nec</strong></span> <span class='ocrx_word' id='word_1_777' title='bbox 2772 4246 2995 4302; x_wconf 82' lang='lat' dir='ltr'><strong>inferior</strong></span> <span class='ocrx_word' id='word_1_778' title='bbox 3044 4255 3233 4301; x_wconf 86' lang='lat' dir='ltr'><strong>sancto</strong></span> <span class='ocrx_word' id='word_1_779' title='bbox 3287 4246 3534 4317; x_wconf 91' lang='lat' dir='ltr'><strong>Spiritu,</strong></span> <span class='ocrx_word' id='word_1_780' title='bbox 3582 4239 3718 4310; x_wconf 89' lang='lat' dir='ltr'><strong>cujus</strong></span> <span class='ocrx_word' id='word_1_781' title='bbox 3755 4232 3831 4286; x_wconf 76' lang='lat' dir='ltr'><strong>hoc</strong></span> 
     </span>
    </p>
   </div>
   <div class='ocr_carea' id='block_1_102' title="bbox 2294 4337 3554 4411">
    <p class='ocr_par' dir='ltr' id='par_1_102' title="bbox 2294 4337 3554 4411">
     <span class='ocr_line' id='line_1_102' title="bbox 2294 4337 3554 4411; baseline -0.004 -16"><span class='ocrx_word' id='word_1_782' title='bbox 2294 4341 2470 4411; x_wconf 92' lang='lat' dir='ltr'><strong>ipsum</strong></span> <span class='ocrx_word' id='word_1_783' title='bbox 2506 4351 2629 4408; x_wconf 91' lang='lat' dir='ltr'><strong>est,</strong></span> <span class='ocrx_word' id='word_1_784' title='bbox 2677 4340 2819 4409; x_wconf 87' lang='lat' dir='ltr'><strong>quod</strong></span> <span class='ocrx_word' id='word_1_785' title='bbox 2861 4339 3191 4394; x_wconf 89' lang='lat' dir='ltr'><strong>clariﬁcatur</strong></span> <span class='ocrx_word' id='word_1_786' title='bbox 3229 4339 3298 4394; x_wconf 83' lang='lat' dir='ltr'><strong>ab</strong></span> <span class='ocrx_word' id='word_1_787' title='bbox 3335 4337 3554 4409; x_wconf 87' lang='lat' dir='ltr'><strong>Spiritu.</strong></span> 
     </span>
    </p>
   </div>
   <div class='ocr_carea' id='block_1_103' title="bbox 2366 4416 3829 4501">
    <p class='ocr_par' dir='ltr' id='par_1_103' title="bbox 2366 4416 3829 4501">
     <span class='ocr_line' id='line_1_103' title="bbox 2366 4416 3829 4501; baseline -0.008 -16"><span class='ocrx_word' id='word_1_788' title='bbox 2366 4432 2491 4486; x_wconf 73' lang='grc'><strong>122.</strong></span> <span class='ocrx_word' id='word_1_789' title='bbox 2531 4431 2844 4488; x_wconf 70' lang='grc' dir='ltr'><strong>Αςειιιιιθτὶε</strong></span> <span class='ocrx_word' id='word_1_790' title='bbox 2873 4447 3003 4501; x_wconf 86' lang='lat' dir='ltr'><strong>ergo</strong></span> <span class='ocrx_word' id='word_1_791' title='bbox 3031 4442 3085 4487; x_wconf 89' lang='lat' dir='ltr'><strong>et</strong></span> <span class='ocrx_word' id='word_1_792' title='bbox 3115 4439 3196 4498; x_wconf 89' lang='lat' dir='ltr'><strong>tu,</strong></span> <span class='ocrx_word' id='word_1_793' title='bbox 3226 4432 3270 4485; x_wconf 89' lang='lat' dir='ltr'><strong>si</strong></span> <span class='ocrx_word' id='word_1_794' title='bbox 3303 4431 3499 4487; x_wconf 89' lang='lat' dir='ltr'><strong>credas</strong></span> <span class='ocrx_word' id='word_1_795' title='bbox 3522 4427 3638 4499; x_wconf 91' lang='lat' dir='ltr'><strong>quia</strong></span> <span class='ocrx_word' id='word_1_796' title='bbox 3666 4422 3749 4476; x_wconf 86' lang='lat' dir='ltr'><strong>hoc</strong></span> <span class='ocrx_word' id='word_1_797' title='bbox 3770 4416 3829 4467; x_wconf 87' lang='lat' dir='ltr'><strong>lo-</strong></span> 
     </span>
    </p>
   </div>
   <div class='ocr_carea' id='block_1_104' title="bbox 2293 4505 3830 4596">
    <p class='ocr_par' dir='ltr' id='par_1_104' title="bbox 2293 4505 3830 4596">
     <span class='ocr_line' id='line_1_104' title="bbox 2293 4505 3830 4596; baseline -0.005 -16"><span class='ocrx_word' id='word_1_798' title='bbox 2293 4536 2450 4580; x_wconf 92' lang='lat' dir='ltr'><strong>cutus</strong></span> <span class='ocrx_word' id='word_1_799' title='bbox 2491 4534 2578 4580; x_wconf 87' lang='lat' dir='ltr'><strong>est</strong></span> <span class='ocrx_word' id='word_1_800' title='bbox 2621 4526 2879 4596; x_wconf 89' lang='lat' dir='ltr'><strong>Spiritus,</strong></span> <span class='ocrx_word' id='word_1_801' title='bbox 2911 4525 3056 4596; x_wconf 90' lang='lat' dir='ltr'><strong>quod</strong></span> <span class='ocrx_word' id='word_1_802' title='bbox 3112 4525 3324 4580; x_wconf 92' lang='lat' dir='ltr'><strong>locutus</strong></span> <span class='ocrx_word' id='word_1_803' title='bbox 3380 4534 3464 4579; x_wconf 88' lang='lat' dir='ltr'><strong>est</strong></span> <span class='ocrx_word' id='word_1_804' title='bbox 3515 4522 3676 4581; x_wconf 86' lang='lat' dir='ltr'><strong>Pater,</strong></span> <span class='ocrx_word' id='word_1_805' title='bbox 3722 4505 3830 4580; x_wconf 68' lang='lat' dir='ltr'><strong>quod</strong></span> 
     </span>
    </p>
   </div>
   <div class='ocr_carea' id='block_1_105' title="bbox 2295 4614 3831 4687">
    <p class='ocr_par' dir='ltr' id='par_1_105' title="bbox 2295 4614 3831 4687">
     <span class='ocr_line' id='line_1_105' title="bbox 2295 4614 3831 4687; baseline -0.003 -15"><span class='ocrx_word' id='word_1_806' title='bbox 2295 4618 2512 4673; x_wconf 88' lang='lat' dir='ltr'><strong>locutus</strong></span> <span class='ocrx_word' id='word_1_807' title='bbox 2558 4628 2641 4672; x_wconf 93' lang='lat' dir='ltr'><strong>est</strong></span> <span class='ocrx_word' id='word_1_808' title='bbox 2685 4617 2876 4672; x_wconf 83' lang='lat' dir='ltr'><strong>Filius.</strong></span> <span class='ocrx_word' id='word_1_809' title='bbox 2910 4617 3154 4687; x_wconf 89' lang='lat' dir='ltr'><strong>Denique</strong></span> <span class='ocrx_word' id='word_1_810' title='bbox 3187 4616 3204 4654; x_wconf 69' lang='grc' dir='ltr'>τ</span> <span class='ocrx_word' id='word_1_811' title='bbox 3237 4617 3436 4672; x_wconf 85' lang='lat' dir='ltr'><strong>Paulus</strong></span> <span class='ocrx_word' id='word_1_812' title='bbox 3475 4615 3588 4669; x_wconf 87' lang='lat' dir='ltr'><strong>ideo</strong></span> <span class='ocrx_word' id='word_1_813' title='bbox 3630 4614 3831 4668; x_wconf 75' lang='lat' dir='ltr'><strong>assumi&quot;</strong></span> 
     </span>
    </p>
   </div>
   <div class='ocr_carea' id='block_1_106' title="bbox 2299 4689 3830 4789">
    <p class='ocr_par' dir='ltr' id='par_1_106' title="bbox 2299 4689 3830 4789">
     <span class='ocr_line' id='line_1_106' title="bbox 2299 4689 3830 4789; baseline -0.003 -24"><span class='ocrx_word' id='word_1_814' title='bbox 2299 4721 2386 4766; x_wconf 91' lang='lat' dir='ltr'><strong>tus</strong></span> <span class='ocrx_word' id='word_1_815' title='bbox 2437 4721 2542 4778; x_wconf 90' lang='lat' dir='ltr'><strong>est,</strong></span> <span class='ocrx_word' id='word_1_816' title='bbox 2584 4711 2710 4782; x_wconf 89' lang='lat' dir='ltr'><strong>quia</strong></span> <span class='ocrx_word' id='word_1_817' title='bbox 2767 4712 2845 4765; x_wconf 91' lang='lat' dir='ltr'><strong>sic</strong></span> <span class='ocrx_word' id='word_1_818' title='bbox 2891 4710 3162 4778; x_wconf 89' lang='lat' dir='ltr'><strong>credidit,</strong></span> <span class='ocrx_word' id='word_1_819' title='bbox 3220 4711 3298 4765; x_wconf 89' lang='lat' dir='ltr'><strong>sic</strong></span> <span class='ocrx_word' id='word_1_820' title='bbox 3343 4708 3548 4772; x_wconf 90' lang='lat' dir='ltr'><strong>docuit,</strong></span> <span class='ocrx_word' id='word_1_821' title='bbox 3588 4703 3694 4774; x_wconf 72' lang='lat' dir='ltr'><strong>quia</strong></span> <span class='ocrx_word' id='word_1_822' title='bbox 3727 4689 3830 4789; x_wconf 64' lang='lat' dir='ltr'><strong><em>quof‘</em></strong></span> 
     </span>
    </p>
   </div>
   <div class='ocr_carea' id='block_1_107' title="bbox 2299 4790 3831 4870">
    <p class='ocr_par' dir='ltr' id='par_1_107' title="bbox 2299 4790 3831 4870">
     <span class='ocr_line' id='line_1_107' title="bbox 2299 4790 3831 4870; baseline -0.015 -12"><span class='ocrx_word' id='word_1_823' title='bbox 2299 4804 2480 4858; x_wconf 87' lang='lat' dir='ltr'><strong>oculus</strong></span> <span class='ocrx_word' id='word_1_824' title='bbox 2526 4821 2628 4858; x_wconf 87' lang='lat' dir='ltr'><strong>non</strong></span> <span class='ocrx_word' id='word_1_825' title='bbox 2660 4803 2808 4870; x_wconf 81' lang='lat' dir='ltr'><strong>vidit,</strong></span> <span class='ocrx_word' id='word_1_826' title='bbox 2843 4819 2934 4856; x_wconf 86' lang='lat' dir='ltr'><strong>nec</strong></span> <span class='ocrx_word' id='word_1_827' title='bbox 2977 4803 3116 4857; x_wconf 90' lang='lat' dir='ltr'><strong>auris</strong></span> <span class='ocrx_word' id='word_1_828' title='bbox 3159 4802 3377 4867; x_wconf 71' lang='lat' dir='ltr'><strong>audivit,</strong></span> <span class='ocrx_word' id='word_1_829' title='bbox 3406 4817 3495 4854; x_wconf 88' lang='lat' dir='ltr'><strong>nec</strong></span> <span class='ocrx_word' id='word_1_830' title='bbox 3524 4799 3572 4851; x_wconf 88' lang='lat' dir='ltr'><strong>in</strong></span> <span class='ocrx_word' id='word_1_831' title='bbox 3596 4807 3672 4848; x_wconf 86' lang='lat' dir='ltr'><strong>cor</strong></span> <span class='ocrx_word' id='word_1_832' title='bbox 3703 4790 3831 4841; x_wconf 80' lang='lat' dir='ltr'><strong>nonn-</strong></span> 
     </span>
    </p>
   </div>
   <div class='ocr_carea' id='block_1_108' title="bbox 2301 4882 3826 4965">
    <p class='ocr_par' dir='ltr' id='par_1_108' title="bbox 2301 4882 3826 4965">
     <span class='ocr_line' id='line_1_108' title="bbox 2301 4882 3826 4965; baseline -0.012 -16"><span class='ocrx_word' id='word_1_833' title='bbox 2301 4896 2382 4950; x_wconf 85' lang='lat' dir='ltr'><strong>nis</strong></span> <span class='ocrx_word' id='word_1_834' title='bbox 2425 4896 2674 4962; x_wconf 87' lang='lat' dir='ltr'><strong>ascendit,</strong></span> <span class='ocrx_word' id='word_1_835' title='bbox 2717 4911 2831 4964; x_wconf 77' lang='lat' dir='ltr'><strong>qua:</strong></span> <span class='ocrx_word' id='word_1_836' title='bbox 2877 4894 3187 4965; x_wconf 64' lang='lat' dir='ltr'><strong>preparavit</strong></span> <span class='ocrx_word' id='word_1_837' title='bbox 3238 4890 3380 4945; x_wconf 86' lang='lat' dir='ltr'><strong>Deus</strong></span> <span class='ocrx_word' id='word_1_838' title='bbox 3431 4882 3728 4960; x_wconf 79' lang='lat' dir='ltr'><strong>diligentibus</strong></span> <span class='ocrx_word' id='word_1_839' title='bbox 3759 4888 3826 4926; x_wconf 69' lang='grc' dir='ltr'><strong>εει</strong></span> 
     </span>
    </p>
   </div>
   <div class='ocr_carea' id='block_1_109' title="bbox 2301 4969 3826 5056">
    <p class='ocr_par' dir='ltr' id='par_1_109' title="bbox 2301 4969 3826 5056">
     <span class='ocr_line' id='line_1_109' title="bbox 2301 4969 3826 5056; baseline -0.009 -17"><span class='ocrx_word' id='word_1_840' title='bbox 2301 4985 2446 5040; x_wconf 88' lang='lat' dir='ltr'><strong>nobis</strong></span> <span class='ocrx_word' id='word_1_841' title='bbox 2491 4986 2726 5040; x_wconf 79' lang='lat' dir='ltr'><strong>reuelauit</strong></span> <span class='ocrx_word' id='word_1_842' title='bbox 2769 5001 2859 5056; x_wconf 91' lang='lat' dir='ltr'><strong>per</strong></span> <span class='ocrx_word' id='word_1_843' title='bbox 2908 4985 3166 5054; x_wconf 88' lang='lat' dir='ltr'><strong>Spiritum</strong></span> <span class='ocrx_word' id='word_1_844' title='bbox 3204 5000 3352 5038; x_wconf 90' lang='lat' dir='ltr'><strong>suum</strong></span> <span class='ocrx_word' id='word_1_845' title='bbox 3381 5025 3394 5047; x_wconf 93' lang='lat'><strong>,</strong></span> <span class='ocrx_word' id='word_1_846' title='bbox 3437 4981 3570 5036; x_wconf 91' lang='lat' dir='ltr'><strong>sicut</strong></span> <span class='ocrx_word' id='word_1_847' title='bbox 3617 4969 3826 5038; x_wconf 75' lang='lat' dir='ltr'><strong>scriptum</strong></span> 
     </span>
    </p>
   </div>
   <div class='ocr_carea' id='block_1_110' title="bbox 2298 5057 3827 5152">
    <p class='ocr_par' dir='ltr' id='par_1_110' title="bbox 2298 5057 3827 5152">
     <span class='ocr_line' id='line_1_110' title="bbox 2298 5057 3827 5152; baseline -0.024 -12"><span class='ocrx_word' id='word_1_848' title='bbox 2298 5090 2382 5136; x_wconf 83' lang='lat' dir='ltr'><strong>est</strong></span> <span class='ocrx_word' id='word_1_849' title='bbox 2409 5080 2454 5152; x_wconf 87' lang='lat' dir='ltr'><strong>(l</strong></span> <span class='ocrx_word' id='word_1_850' title='bbox 2486 5080 2606 5135; x_wconf 90' lang='lat' dir='ltr'><strong>Cor.</strong></span> <span class='ocrx_word' id='word_1_851' title='bbox 2639 5095 2697 5144; x_wconf 90' lang='lat' dir='ltr'><strong>ll,</strong></span> <span class='ocrx_word' id='word_1_852' title='bbox 2728 5078 2786 5144; x_wconf 91' lang='lat'><strong>9,</strong></span> <span class='ocrx_word' id='word_1_853' title='bbox 2819 5078 2932 5150; x_wconf 84' lang='grc'><strong>10).</strong></span> <span class='ocrx_word' id='word_1_854' title='bbox 2968 5079 3030 5133; x_wconf 84' lang='grc' dir='ltr'><strong>Ει</strong></span> <span class='ocrx_word' id='word_1_855' title='bbox 3091 5078 3213 5132; x_wconf 93' lang='lat' dir='ltr'><strong>ideo</strong></span> <span class='ocrx_word' id='word_1_856' title='bbox 3260 5071 3596 5130; x_wconf 87' lang='lat' dir='ltr'><strong>revelationis</strong></span> <span class='ocrx_word' id='word_1_857' title='bbox 3643 5057 3827 5150; x_wconf 76' lang='lat' dir='ltr'><strong>Spiritus</strong></span> 
     </span>
    </p>
   </div>
   <div class='ocr_carea' id='block_1_111' title="bbox 2295 5155 3825 5240">
    <p class='ocr_par' dir='ltr' id='par_1_111' title="bbox 2295 5155 3825 5240">
     <span class='ocr_line' id='line_1_111' title="bbox 2295 5155 3825 5240; baseline -0.012 -13"><span class='ocrx_word' id='word_1_858' title='bbox 2295 5172 2517 5240; x_wconf 83' lang='lat' dir='ltr'><strong>dicitur,</strong></span> <span class='ocrx_word' id='word_1_859' title='bbox 2567 5174 2708 5228; x_wconf 89' lang='lat' dir='ltr'><strong>sicut</strong></span> <span class='ocrx_word' id='word_1_860' title='bbox 2746 5171 2910 5226; x_wconf 84' lang='lat' dir='ltr'><strong>habes</strong></span> <span class='ocrx_word' id='word_1_861' title='bbox 2945 5187 2958 5222; x_wconf 89' lang='lat'><strong>:</strong></span> <span class='ocrx_word' id='word_1_862' title='bbox 2993 5169 3092 5223; x_wconf 87' lang='lat' dir='ltr'><strong>Dat</strong></span> <span class='ocrx_word' id='word_1_863' title='bbox 3120 5168 3256 5224; x_wconf 87' lang='lat' dir='ltr'><strong>enim</strong></span> <span class='ocrx_word' id='word_1_864' title='bbox 3287 5166 3428 5222; x_wconf 88' lang='lat' dir='ltr'><strong>Deus</strong></span> <span class='ocrx_word' id='word_1_865' title='bbox 3451 5166 3523 5218; x_wconf 88' lang='lat' dir='ltr'><strong>sic</strong></span> <span class='ocrx_word' id='word_1_866' title='bbox 3551 5155 3825 5232; x_wconf 70' lang='lat' dir='ltr'><strong>pra‘pardltll&#39;</strong></span> 
     </span>
    </p>
   </div>
   <div class='ocr_carea' id='block_1_112' title="bbox 2378 5369 3802 5444">
    <p class='ocr_par' dir='ltr' id='par_1_112' title="bbox 2378 5369 3802 5444">
     <span class='ocr_line' id='line_1_112' title="bbox 2378 5369 3802 5444; baseline -0.005 -19"><span class='ocrx_word' id='word_1_867' title='bbox 2378 5383 2398 5444; x_wconf 63' lang='grc' dir='ltr'><em>αῖ</em></span> <span class='ocrx_word' id='word_1_868' title='bbox 2441 5371 2598 5444; x_wconf 55' lang='lat' dir='ltr'><strong>Mss,</strong></span> <span class='ocrx_word' id='word_1_869' title='bbox 2621 5382 2714 5444; x_wconf 81' lang='lat' dir='ltr'><strong>aut</strong></span> <span class='ocrx_word' id='word_1_870' title='bbox 2745 5371 2877 5440; x_wconf 83' lang='lat' dir='ltr'><strong>[orte</strong></span> <span class='ocrx_word' id='word_1_871' title='bbox 2903 5371 3050 5444; x_wconf 76' lang='lat' dir='ltr'><strong>nigra</strong></span> <span class='ocrx_word' id='word_1_872' title='bbox 3078 5385 3168 5444; x_wconf 83' lang='lat' dir='ltr'><strong>per</strong></span> <span class='ocrx_word' id='word_1_873' title='bbox 3191 5369 3423 5436; x_wconf 87' lang='lat' dir='ltr'><strong>culpant.</strong></span> <span class='ocrx_word' id='word_1_874' title='bbox 3669 5439 3703 5444; x_wconf 27' lang='grc' dir='ltr'><strong><em>Α</em></strong></span> 
     </span>
    </p>
   </div>
   <div class='ocr_carea' id='block_1_113' title="bbox 2371 5427 3818 5506">
    <p class='ocr_par' dir='ltr' id='par_1_113' title="bbox 2371 5427 3818 5506">
     <span class='ocr_line' id='line_1_113' title="bbox 2371 5427 3818 5506; baseline -0.02 -10"><span class='ocrx_word' id='word_1_875' title='bbox 2371 5441 2396 5478; x_wconf 77' lang='lat' dir='ltr'><strong>d</strong></span> <span class='ocrx_word' id='word_1_876' title='bbox 2441 5441 2513 5495; x_wconf 78' lang='lat' dir='ltr'><strong>lla</strong></span> <span class='ocrx_word' id='word_1_877' title='bbox 2570 5427 2700 5495; x_wconf 81' lang='lat' dir='ltr'><strong>edit.</strong></span> <span class='ocrx_word' id='word_1_878' title='bbox 2745 5427 2814 5496; x_wconf 72' lang='lat' dir='ltr'><strong>ac</strong></span> <span class='ocrx_word' id='word_1_879' title='bbox 2862 5427 3033 5496; x_wconf 61' lang='lat' dir='ltr'><strong>multo</strong></span> <span class='ocrx_word' id='word_1_880' title='bbox 3078 5427 3448 5506; x_wconf 50' lang='lat' dir='ltr'><strong>&#39;plures&#39;mssa</strong></span> <span class='ocrx_word' id='word_1_881' title='bbox 3481 5433 3566 5488; x_wconf 91' lang='lat' dir='ltr'><strong>alii</strong></span> <span class='ocrx_word' id='word_1_882' title='bbox 3595 5439 3723 5486; x_wconf 87' lang='lat' dir='ltr'><strong>vero,</strong></span> <span class='ocrx_word' id='word_1_883' title='bbox 3751 5427 3818 5471; x_wconf 61' lang='lat' dir='ltr'><strong>uno</strong></span> 
     </span>
    </p>
   </div>
   <div class='ocr_carea' id='block_1_114' title="bbox 2300 5508 3526 5566">
    <p class='ocr_par' dir='ltr' id='par_1_114' title="bbox 2300 5508 3526 5566">
     <span class='ocr_line' id='line_1_114' title="bbox 2300 5508 3526 5566; baseline -0.006 0"><span class='ocrx_word' id='word_1_884' title='bbox 2300 5529 2418 5566; x_wconf 90' lang='lat' dir='ltr'><strong>nam</strong></span> <span class='ocrx_word' id='word_1_885' title='bbox 2448 5513 2582 5565; x_wconf 87' lang='lat' dir='ltr'><strong>enim</strong></span> <span class='ocrx_word' id='word_1_886' title='bbox 2611 5528 2711 5564; x_wconf 89' lang='lat' dir='ltr'><strong>non</strong></span> <span class='ocrx_word' id='word_1_887' title='bbox 2741 5513 3001 5566; x_wconf 68' lang='lat' dir='ltr'><strong>solum...</strong></span> <span class='ocrx_word' id='word_1_888' title='bbox 3041 5510 3235 5564; x_wconf 81' lang='lat' dir='ltr'><strong>Filium</strong></span> <span class='ocrx_word' id='word_1_889' title='bbox 3267 5509 3362 5563; x_wconf 89' lang='lat' dir='ltr'><strong>Dei</strong></span> <span class='ocrx_word' id='word_1_890' title='bbox 3382 5508 3526 5560; x_wconf 77' lang='lat' dir='ltr'><strong>dixit.</strong></span> 
     </span>
    </p>
   </div>
   <div class='ocr_carea' id='block_1_115' title="bbox 2373 5577 3756 5650">
    <p class='ocr_par' dir='ltr' id='par_1_115' title="bbox 2373 5577 3756 5650">
     <span class='ocr_line' id='line_1_115' title="bbox 2373 5577 3756 5650; baseline -0.017 -11"><span class='ocrx_word' id='word_1_891' title='bbox 2373 5595 2395 5620; x_wconf 70' lang='grc' dir='ltr'><strong>θ</strong></span> <span class='ocrx_word' id='word_1_892' title='bbox 2438 5583 2589 5643; x_wconf 87' lang='lat' dir='ltr'><strong>Mss.,</strong></span> <span class='ocrx_word' id='word_1_893' title='bbox 2623 5583 2892 5650; x_wconf 88' lang='lat' dir='ltr'><strong>nonnulli,</strong></span> <span class='ocrx_word' id='word_1_894' title='bbox 2928 5582 3022 5636; x_wconf 83' lang='lat' dir='ltr'><strong>Dei</strong></span> <span class='ocrx_word' id='word_1_895' title='bbox 3053 5581 3301 5650; x_wconf 65' lang='lat' dir='ltr'><strong>Spiritus.</strong></span> <span class='ocrx_word' id='word_1_896' title='bbox 3338 5577 3506 5633; x_wconf 88' lang='lat' dir='ltr'><strong>Minus</strong></span> <span class='ocrx_word' id='word_1_897' title='bbox 3535 5578 3756 5650; x_wconf 75' lang='lat' dir='ltr'><strong>congrue.</strong></span> 
     </span>
    </p>
   </div>
   <div class='ocr_carea' id='block_1_116' title="bbox 2375 5624 3678 5720">
    <p class='ocr_par' dir='ltr' id='par_1_116' title="bbox 2375 5624 3678 5720">
     <span class='ocr_line' id='line_1_116' title="bbox 2375 5624 3678 5720; baseline -0.015 -13"><span class='ocrx_word' id='word_1_898' title='bbox 2375 5649 2391 5684; x_wconf 64' lang='grc' dir='ltr'><em>ν</em></span> <span class='ocrx_word' id='word_1_899' title='bbox 2438 5624 3678 5720; x_wconf 55' lang='grc' dir='ltr'><strong>ἧῧῖἠϊῆἱὶἱὶἰῖ’ῥᾶἱᾶἰιῖιῗ’ὶ&gt;ὶῖ›’ὶιᾶῖιὶὶῆἦιυῖοὗ.</strong></span> 
     </span>
    </p>
   </div>
  </div>
