  <div class='ocr_page' id='page_1' title='image "/cluster/home/n/w/nwhite01/storage/ocr_20150623/16/uva.x000826550/392.png"; bbox 0 0 3932 6176; ppageno 0'>
   <div class='ocr_carea' id='block_1_1' title="bbox 122 290 2233 350">
    <p class='ocr_par' dir='ltr' id='par_1_1' title="bbox 122 290 2233 350">
     <span class='ocr_line' id='line_1_1' title="bbox 122 290 2233 350; baseline -0.001 -4"><span class='ocrx_word' id='word_1_1' title='bbox 122 293 206 346; x_wconf 76' lang='lat'><strong>769</strong></span> <span class='ocrx_word' id='word_1_2' title='bbox 1241 291 1328 346; x_wconf 84' lang='lat' dir='ltr'><strong>DE</strong></span> <span class='ocrx_word' id='word_1_3' title='bbox 1369 291 1638 348; x_wconf 67' lang='lat' dir='ltr'><strong>SPII‘ilTU</strong></span> <span class='ocrx_word' id='word_1_4' title='bbox 1681 290 1953 350; x_wconf 83' lang='lat' dir='ltr'><strong>SANCTO</strong></span> <span class='ocrx_word' id='word_1_5' title='bbox 1993 291 2123 348; x_wconf 85' lang='lat' dir='ltr'><strong>LIB.</strong></span> <span class='ocrx_word' id='word_1_6' title='bbox 2167 293 2233 348; x_wconf 91' lang='lat' dir='ltr'><strong>ll.</strong></span> 
     </span>
    </p>
   </div>
   <div class='ocr_carea' id='block_1_2' title="bbox 3293 302 3398 361">
    <p class='ocr_par' dir='ltr' id='par_1_2' title="bbox 3293 302 3398 361">
     <span class='ocr_line' id='line_1_2' title="bbox 3293 302 3398 361; baseline 0.038 -5"><span class='ocrx_word' id='word_1_7' title='bbox 3293 302 3398 361; x_wconf 81' lang='lat'><strong>770</strong></span> 
     </span>
    </p>
   </div>
   <div class='ocr_carea' id='block_1_3' title="bbox 117 403 3396 487">
    <p class='ocr_par' dir='ltr' id='par_1_3' title="bbox 117 403 3396 487">
     <span class='ocr_line' id='line_1_3' title="bbox 117 403 3396 487; baseline 0.003 -27"><span class='ocrx_word' id='word_1_8' title='bbox 117 409 194 461; x_wconf 86' lang='lat' dir='ltr'><strong>bus</strong></span> <span class='ocrx_word' id='word_1_9' title='bbox 227 422 273 458; x_wconf 85' lang='lat' dir='ltr'><strong>se</strong></span> <span class='ocrx_word' id='word_1_10' title='bbox 310 404 567 472; x_wconf 83' lang='lat' dir='ltr'><strong>Spiritum</strong></span> <span class='ocrx_word' id='word_1_11' title='bbox 605 403 868 474; x_wconf 70' lang='lat' dir='ltr'><strong>sapientiae</strong></span> <span class='ocrx_word' id='word_1_12' title='bbox 908 413 956 458; x_wconf 92' lang='lat' dir='ltr'><strong>et</strong></span> <span class='ocrx_word' id='word_1_13' title='bbox 986 404 1307 460; x_wconf 80' lang='lat' dir='ltr'><strong>reuelationis</strong></span> <span class='ocrx_word' id='word_1_14' title='bbox 1337 416 1362 443; x_wconf 72' lang='grc' dir='ltr'><strong>ιι</strong></span> <span class='ocrx_word' id='word_1_15' title='bbox 1390 407 1441 461; x_wconf 91' lang='lat' dir='ltr'><strong>in</strong></span> <span class='ocrx_word' id='word_1_16' title='bbox 1472 408 1696 479; x_wconf 85' lang='lat' dir='ltr'><strong>agnitio-</strong></span> <span class='ocrx_word' id='word_1_17' title='bbox 1723 408 1774 467; x_wconf 86' lang='grc' dir='ltr'><strong>Α</strong></span> <span class='ocrx_word' id='word_1_18' title='bbox 1800 407 1942 477; x_wconf 91' lang='lat' dir='ltr'><strong>quod</strong></span> <span class='ocrx_word' id='word_1_19' title='bbox 1975 407 2227 462; x_wconf 90' lang='lat' dir='ltr'><strong>accidens</strong></span> <span class='ocrx_word' id='word_1_20' title='bbox 2261 408 2311 462; x_wconf 91' lang='lat' dir='ltr'><strong>in</strong></span> <span class='ocrx_word' id='word_1_21' title='bbox 2341 421 2407 463; x_wconf 88' lang='lat' dir='ltr'><strong>eo</strong></span> <span class='ocrx_word' id='word_1_22' title='bbox 2436 408 2662 464; x_wconf 87' lang='lat' dir='ltr'><strong>scientia</strong></span> <span class='ocrx_word' id='word_1_23' title='bbox 2708 409 3040 479; x_wconf 84' lang='lat' dir='ltr'><strong>divinorum,</strong></span> <span class='ocrx_word' id='word_1_24' title='bbox 3083 415 3177 469; x_wconf 87' lang='lat' dir='ltr'><strong>sed</strong></span> <span class='ocrx_word' id='word_1_25' title='bbox 3209 418 3396 487; x_wconf 80' lang='lat' dir='ltr'><strong>cogni—</strong></span> 
     </span>
    </p>
   </div>
   <div class='ocr_carea' id='block_1_4' title="bbox 123 493 833 569">
    <p class='ocr_par' dir='ltr' id='par_1_4' title="bbox 123 493 833 569">
     <span class='ocr_line' id='line_1_4' title="bbox 123 493 833 569; baseline -0.007 -17"><span class='ocrx_word' id='word_1_26' title='bbox 123 516 220 553; x_wconf 82' lang='lat' dir='ltr'><strong>nent</strong></span> <span class='ocrx_word' id='word_1_27' title='bbox 247 501 350 569; x_wconf 82' lang='lat' dir='ltr'><strong>ejus</strong></span> <span class='ocrx_word' id='word_1_28' title='bbox 376 494 553 568; x_wconf 82' lang='lat' dir='ltr'><strong>(Esai.</strong></span> <span class='ocrx_word' id='word_1_29' title='bbox 577 511 724 560; x_wconf 69' lang='lat' dir='ltr'><strong>Lstv,</strong></span> <span class='ocrx_word' id='word_1_30' title='bbox 753 493 833 563; x_wconf 74' lang='grc'><strong>4).</strong></span> 
     </span>
    </p>
   </div>
   <div class='ocr_carea' id='block_1_5' title="bbox 185 587 1692 659">
    <p class='ocr_par' dir='ltr' id='par_1_5' title="bbox 185 587 1692 659">
     <span class='ocr_line' id='line_1_5' title="bbox 185 587 1692 659; baseline -0.001 -16"><span class='ocrx_word' id='word_1_31' title='bbox 185 590 297 646; x_wconf 73' lang='grc'><strong>125.</strong></span> <span class='ocrx_word' id='word_1_32' title='bbox 339 587 527 644; x_wconf 87' lang='lat' dir='ltr'><strong>Unitas</strong></span> <span class='ocrx_word' id='word_1_33' title='bbox 548 588 713 658; x_wconf 77' lang='lat' dir='ltr'><strong>igitur</strong></span> <span class='ocrx_word' id='word_1_34' title='bbox 741 598 826 643; x_wconf 87' lang='lat' dir='ltr'><strong>est</strong></span> <span class='ocrx_word' id='word_1_35' title='bbox 856 588 1101 643; x_wconf 74' lang='lat' dir='ltr'><strong>scientia:</strong></span> <span class='ocrx_word' id='word_1_36' title='bbox 1121 629 1135 654; x_wconf 92' lang='lat'><strong>,</strong></span> <span class='ocrx_word' id='word_1_37' title='bbox 1171 588 1388 659; x_wconf 84' lang='lat' dir='ltr'><strong>quando</strong></span> <span class='ocrx_word' id='word_1_38' title='bbox 1419 589 1558 644; x_wconf 91' lang='lat' dir='ltr'><strong>sicut</strong></span> <span class='ocrx_word' id='word_1_39' title='bbox 1591 589 1692 644; x_wconf 88' lang='lat' dir='ltr'><strong>Pa-</strong></span> 
     </span>
    </p>
   </div>
   <div class='ocr_carea' id='block_1_6' title="bbox 123 681 1693 752">
    <p class='ocr_par' dir='ltr' id='par_1_6' title="bbox 123 681 1693 752">
     <span class='ocr_line' id='line_1_6' title="bbox 123 681 1693 752; baseline 0.001 -16"><span class='ocrx_word' id='word_1_40' title='bbox 123 694 193 739; x_wconf 88' lang='lat' dir='ltr'><strong>ter</strong></span> <span class='ocrx_word' id='word_1_41' title='bbox 216 683 430 748; x_wconf 86' lang='lat' dir='ltr'><strong>revelat,</strong></span> <span class='ocrx_word' id='word_1_42' title='bbox 463 681 552 752; x_wconf 91' lang='lat' dir='ltr'><strong>qui</strong></span> <span class='ocrx_word' id='word_1_43' title='bbox 577 681 668 736; x_wconf 89' lang='lat' dir='ltr'><strong>dat</strong></span> <span class='ocrx_word' id='word_1_44' title='bbox 693 681 956 751; x_wconf 77' lang='lat' dir='ltr'><strong>Spiritum</strong></span> <span class='ocrx_word' id='word_1_45' title='bbox 985 681 1355 749; x_wconf 87' lang='lat' dir='ltr'><strong>rcvelationis,</strong></span> <span class='ocrx_word' id='word_1_46' title='bbox 1383 683 1461 738; x_wconf 89' lang='lat' dir='ltr'><strong>sic</strong></span> <span class='ocrx_word' id='word_1_47' title='bbox 1486 684 1693 738; x_wconf 86' lang='lat' dir='ltr'><strong>revelat</strong></span> 
     </span>
    </p>
   </div>
   <div class='ocr_carea' id='block_1_7' title="bbox 118 773 1687 844">
    <p class='ocr_par' dir='ltr' id='par_1_7' title="bbox 118 773 1687 844">
     <span class='ocr_line' id='line_1_7' title="bbox 118 773 1687 844; baseline -0.001 -13"><span class='ocrx_word' id='word_1_48' title='bbox 118 788 163 832; x_wconf 90' lang='lat' dir='ltr'><strong>ct</strong></span> <span class='ocrx_word' id='word_1_49' title='bbox 191 775 388 840; x_wconf 81' lang='lat' dir='ltr'><strong>Filius;</strong></span> <span class='ocrx_word' id='word_1_50' title='bbox 435 775 560 844; x_wconf 82' lang='lat' dir='ltr'><strong>quia</strong></span> <span class='ocrx_word' id='word_1_51' title='bbox 605 776 864 843; x_wconf 88' lang='lat' dir='ltr'><strong>scriptum</strong></span> <span class='ocrx_word' id='word_1_52' title='bbox 910 783 1036 830; x_wconf 90' lang='lat' dir='ltr'><strong>est:</strong></span> <span class='ocrx_word' id='word_1_53' title='bbox 1074 774 1242 829; x_wconf 85' lang='lat' dir='ltr'><strong>Nemo</strong></span> <span class='ocrx_word' id='word_1_54' title='bbox 1287 773 1687 844; x_wconf 83' lang='lat' dir='ltr'><strong>novitFitium,</strong></span> 
     </span>
    </p>
   </div>
   <div class='ocr_carea' id='block_1_8' title="bbox 119 865 1691 937">
    <p class='ocr_par' dir='ltr' id='par_1_8' title="bbox 119 865 1691 937">
     <span class='ocr_line' id='line_1_8' title="bbox 119 865 1691 937; baseline 0.001 -17"><span class='ocrx_word' id='word_1_55' title='bbox 119 869 202 922; x_wconf 86' lang='lat' dir='ltr'><strong>nisi</strong></span> <span class='ocrx_word' id='word_1_56' title='bbox 242 867 416 931; x_wconf 89' lang='lat' dir='ltr'><strong>Pater;</strong></span> <span class='ocrx_word' id='word_1_57' title='bbox 462 883 623 937; x_wconf 88' lang='lat' dir='ltr'><strong>neque</strong></span> <span class='ocrx_word' id='word_1_58' title='bbox 655 865 869 920; x_wconf 87' lang='lat' dir='ltr'><strong>Patrem</strong></span> <span class='ocrx_word' id='word_1_59' title='bbox 918 867 1032 937; x_wconf 88' lang='lat' dir='ltr'><strong>quis</strong></span> <span class='ocrx_word' id='word_1_60' title='bbox 1080 868 1239 934; x_wconf 86' lang='lat' dir='ltr'><strong>novit,</strong></span> <span class='ocrx_word' id='word_1_61' title='bbox 1288 868 1391 922; x_wconf 86' lang='lat' dir='ltr'><strong>nisi</strong></span> <span class='ocrx_word' id='word_1_62' title='bbox 1421 867 1612 935; x_wconf 85' lang='lat' dir='ltr'><strong>Filius,</strong></span> <span class='ocrx_word' id='word_1_63' title='bbox 1643 878 1691 923; x_wconf 91' lang='lat' dir='ltr'><strong>et</strong></span> 
     </span>
    </p>
   </div>
   <div class='ocr_carea' id='block_1_9' title="bbox 117 957 1691 1031">
    <p class='ocr_par' dir='ltr' id='par_1_9' title="bbox 117 957 1691 1031">
     <span class='ocr_line' id='line_1_9' title="bbox 117 957 1691 1031; baseline 0.002 -18"><span class='ocrx_word' id='word_1_64' title='bbox 117 963 188 1013; x_wconf 76' lang='lat' dir='ltr'><strong>cui</strong></span> <span class='ocrx_word' id='word_1_65' title='bbox 213 960 425 1014; x_wconf 78' lang='lat' dir='ltr'><strong>coluerit</strong></span> <span class='ocrx_word' id='word_1_66' title='bbox 455 957 628 1014; x_wconf 85' lang='lat' dir='ltr'><strong>Filius</strong></span> <span class='ocrx_word' id='word_1_67' title='bbox 652 960 879 1013; x_wconf 84' lang='lat' dir='ltr'><strong>ret-clare</strong></span> <span class='ocrx_word' id='word_1_68' title='bbox 905 959 1121 1031; x_wconf 84' lang='lat' dir='ltr'><strong>(Matth.</strong></span> <span class='ocrx_word' id='word_1_69' title='bbox 1149 976 1226 1026; x_wconf 77' lang='grc' dir='ltr'>χι,</span> <span class='ocrx_word' id='word_1_70' title='bbox 1253 960 1372 1031; x_wconf 74' lang='grc'>27).</span> <span class='ocrx_word' id='word_1_71' title='bbox 1407 961 1532 1016; x_wconf 90' lang='lat' dir='ltr'><strong>Plus</strong></span> <span class='ocrx_word' id='word_1_72' title='bbox 1554 960 1691 1016; x_wconf 83' lang='lat' dir='ltr'><strong>dixit</strong></span> 
     </span>
    </p>
   </div>
   <div class='ocr_carea' id='block_1_10' title="bbox 115 1051 1690 1123">
    <p class='ocr_par' dir='ltr' id='par_1_10' title="bbox 115 1051 1690 1123">
     <span class='ocr_line' id='line_1_10' title="bbox 115 1051 1690 1123; baseline 0 -15"><span class='ocrx_word' id='word_1_73' title='bbox 115 1054 170 1108; x_wconf 84' lang='lat' dir='ltr'><strong>de</strong></span> <span class='ocrx_word' id='word_1_74' title='bbox 196 1052 323 1108; x_wconf 83' lang='lat' dir='ltr'><strong>Filio</strong></span> <span class='ocrx_word' id='word_1_75' title='bbox 343 1095 357 1120; x_wconf 94' lang='lat'><strong>,</strong></span> <span class='ocrx_word' id='word_1_76' title='bbox 391 1068 502 1107; x_wconf 91' lang='lat' dir='ltr'><strong>non</strong></span> <span class='ocrx_word' id='word_1_77' title='bbox 534 1051 675 1122; x_wconf 92' lang='lat' dir='ltr'><strong>quod</strong></span> <span class='ocrx_word' id='word_1_78' title='bbox 709 1053 830 1123; x_wconf 86' lang='lat' dir='ltr'><strong>plus</strong></span> <span class='ocrx_word' id='word_1_79' title='bbox 864 1051 1060 1108; x_wconf 87' lang='lat' dir='ltr'><strong>habeat</strong></span> <span class='ocrx_word' id='word_1_80' title='bbox 1087 1064 1248 1121; x_wconf 88' lang='lat' dir='ltr'><strong>quam</strong></span> <span class='ocrx_word' id='word_1_81' title='bbox 1280 1053 1462 1119; x_wconf 88' lang='lat' dir='ltr'><strong>Pater,</strong></span> <span class='ocrx_word' id='word_1_82' title='bbox 1495 1052 1590 1108; x_wconf 87' lang='lat' dir='ltr'><strong>sed</strong></span> <span class='ocrx_word' id='word_1_83' title='bbox 1622 1068 1690 1108; x_wconf 91' lang='lat' dir='ltr'><strong>ne</strong></span> 
     </span>
    </p>
   </div>
   <div class='ocr_carea' id='block_1_11' title="bbox 115 1145 1691 1203">
    <p class='ocr_par' dir='ltr' id='par_1_11' title="bbox 115 1145 1691 1203">
     <span class='ocr_line' id='line_1_11' title="bbox 115 1145 1691 1203; baseline 0.001 -3"><span class='ocrx_word' id='word_1_84' title='bbox 115 1150 269 1202; x_wconf 85' lang='lat' dir='ltr'><strong>minus</strong></span> <span class='ocrx_word' id='word_1_85' title='bbox 294 1147 498 1202; x_wconf 89' lang='lat' dir='ltr'><strong>habere</strong></span> <span class='ocrx_word' id='word_1_86' title='bbox 524 1145 799 1200; x_wconf 73' lang='lat' dir='ltr'><strong>credatur.</strong></span> <span class='ocrx_word' id='word_1_87' title='bbox 830 1145 940 1200; x_wconf 86' lang='lat' dir='ltr'><strong>Nec</strong></span> <span class='ocrx_word' id='word_1_88' title='bbox 986 1146 1258 1202; x_wconf 87' lang='lat' dir='ltr'><strong>immerito</strong></span> <span class='ocrx_word' id='word_1_89' title='bbox 1299 1147 1380 1202; x_wconf 91' lang='lat' dir='ltr'><strong>sic</strong></span> <span class='ocrx_word' id='word_1_90' title='bbox 1419 1147 1691 1203; x_wconf 77' lang='lat' dir='ltr'><strong>reveletur</strong></span> 
     </span>
    </p>
   </div>
   <div class='ocr_carea' id='block_1_12' title="bbox 115 1237 1690 1311">
    <p class='ocr_par' dir='ltr' id='par_1_12' title="bbox 115 1237 1690 1311">
     <span class='ocr_line' id='line_1_12' title="bbox 115 1237 1690 1311; baseline 0.001 -18"><span class='ocrx_word' id='word_1_91' title='bbox 115 1240 253 1294; x_wconf 77' lang='lat' dir='ltr'><strong>l&#39;ater</strong></span> <span class='ocrx_word' id='word_1_92' title='bbox 277 1254 306 1293; x_wconf 89' lang='lat' dir='ltr'><strong>a</strong></span> <span class='ocrx_word' id='word_1_93' title='bbox 335 1237 511 1303; x_wconf 83' lang='lat' dir='ltr'><strong>Filio;</strong></span> <span class='ocrx_word' id='word_1_94' title='bbox 543 1238 665 1308; x_wconf 85' lang='lat' dir='ltr'><strong>quia</strong></span> <span class='ocrx_word' id='word_1_95' title='bbox 691 1238 769 1293; x_wconf 86' lang='lat' dir='ltr'><strong>sic</strong></span> <span class='ocrx_word' id='word_1_96' title='bbox 799 1239 950 1292; x_wconf 90' lang='lat' dir='ltr'><strong>novit</strong></span> <span class='ocrx_word' id='word_1_97' title='bbox 975 1237 1190 1293; x_wconf 82' lang='lat' dir='ltr'><strong>Patrem</strong></span> <span class='ocrx_word' id='word_1_98' title='bbox 1216 1237 1409 1306; x_wconf 87' lang='lat' dir='ltr'><strong>Filius,</strong></span> <span class='ocrx_word' id='word_1_99' title='bbox 1432 1239 1690 1311; x_wconf 88' lang='lat' dir='ltr'><strong>quemad-</strong></span> 
     </span>
    </p>
   </div>
   <div class='ocr_carea' id='block_1_13' title="bbox 114 1330 1110 1388">
    <p class='ocr_par' dir='ltr' id='par_1_13' title="bbox 114 1330 1110 1388">
     <span class='ocr_line' id='line_1_13' title="bbox 114 1330 1110 1388; baseline -0.004 -1"><span class='ocrx_word' id='word_1_100' title='bbox 114 1331 306 1388; x_wconf 88' lang='lat' dir='ltr'><strong>modum</strong></span> <span class='ocrx_word' id='word_1_101' title='bbox 336 1330 534 1386; x_wconf 82' lang='lat' dir='ltr'><strong>Filium</strong></span> <span class='ocrx_word' id='word_1_102' title='bbox 561 1330 722 1386; x_wconf 88' lang='lat' dir='ltr'><strong>Pater</strong></span> <span class='ocrx_word' id='word_1_103' title='bbox 751 1331 924 1385; x_wconf 88' lang='lat' dir='ltr'><strong>novit.</strong></span> <span class='ocrx_word' id='word_1_104' title='bbox 1103 1335 1110 1341; x_wconf 88' lang='lat'><strong>&#39;</strong></span> 
     </span>
    </p>
   </div>
   <div class='ocr_carea' id='block_1_14' title="bbox 175 1423 1688 1494">
    <p class='ocr_par' dir='ltr' id='par_1_14' title="bbox 175 1423 1688 1494">
     <span class='ocr_line' id='line_1_14' title="bbox 175 1423 1688 1494; baseline -0.001 -15"><span class='ocrx_word' id='word_1_105' title='bbox 175 1424 286 1479; x_wconf 70' lang='grc'><strong>121.</strong></span> <span class='ocrx_word' id='word_1_106' title='bbox 319 1424 524 1493; x_wconf 85' lang='lat' dir='ltr'><strong>Accipe</strong></span> <span class='ocrx_word' id='word_1_107' title='bbox 549 1437 694 1479; x_wconf 91' lang='lat' dir='ltr'><strong>nunc</strong></span> <span class='ocrx_word' id='word_1_108' title='bbox 718 1423 843 1494; x_wconf 88' lang='lat' dir='ltr'><strong>quia</strong></span> <span class='ocrx_word' id='word_1_109' title='bbox 873 1424 1039 1479; x_wconf 87' lang='lat' dir='ltr'><strong>Deum</strong></span> <span class='ocrx_word' id='word_1_110' title='bbox 1072 1423 1294 1480; x_wconf 83' lang='lat' dir='ltr'><strong>Patrem</strong></span> <span class='ocrx_word' id='word_1_111' title='bbox 1323 1424 1471 1479; x_wconf 92' lang='lat' dir='ltr'><strong>novit</strong></span> <span class='ocrx_word' id='word_1_112' title='bbox 1491 1433 1547 1480; x_wconf 91' lang='lat' dir='ltr'><strong>et</strong></span> <span class='ocrx_word' id='word_1_113' title='bbox 1566 1424 1688 1494; x_wconf 90' lang='lat' dir='ltr'><strong>Spi-</strong></span> 
     </span>
    </p>
   </div>
   <div class='ocr_carea' id='block_1_15' title="bbox 114 1517 1690 1589">
    <p class='ocr_par' dir='ltr' id='par_1_15' title="bbox 114 1517 1690 1589">
     <span class='ocr_line' id='line_1_15' title="bbox 114 1517 1690 1589; baseline -0.001 -15"><span class='ocrx_word' id='word_1_114' title='bbox 114 1518 258 1584; x_wconf 85' lang='lat' dir='ltr'><strong>ritus;</strong></span> <span class='ocrx_word' id='word_1_115' title='bbox 286 1518 551 1589; x_wconf 90' lang='lat' dir='ltr'><strong>scriptum</strong></span> <span class='ocrx_word' id='word_1_116' title='bbox 583 1527 669 1574; x_wconf 90' lang='lat' dir='ltr'><strong>est</strong></span> <span class='ocrx_word' id='word_1_117' title='bbox 707 1520 850 1572; x_wconf 88' lang='lat' dir='ltr'><strong>enim</strong></span> <span class='ocrx_word' id='word_1_118' title='bbox 881 1517 1004 1588; x_wconf 84' lang='lat' dir='ltr'><strong>quia</strong></span> <span class='ocrx_word' id='word_1_119' title='bbox 1054 1520 1189 1572; x_wconf 91' lang='lat' dir='ltr'><strong>sicut</strong></span> <span class='ocrx_word' id='word_1_120' title='bbox 1235 1535 1294 1572; x_wconf 86' lang='lat' dir='ltr'><strong>ea</strong></span> <span class='ocrx_word' id='word_1_121' title='bbox 1324 1534 1438 1588; x_wconf 71' lang='lat' dir='ltr'><strong>quae</strong></span> <span class='ocrx_word' id='word_1_122' title='bbox 1467 1519 1690 1574; x_wconf 80' lang='lat' dir='ltr'><strong>hominis</strong></span> 
     </span>
    </p>
   </div>
   <div class='ocr_carea' id='block_1_16' title="bbox 112 1613 1690 1683">
    <p class='ocr_par' dir='ltr' id='par_1_16' title="bbox 112 1613 1690 1683">
     <span class='ocr_line' id='line_1_16' title="bbox 112 1613 1690 1683; baseline -0.001 -15"><span class='ocrx_word' id='word_1_123' title='bbox 112 1624 226 1678; x_wconf 85' lang='lat' dir='ltr'><strong>sunt,</strong></span> <span class='ocrx_word' id='word_1_124' title='bbox 254 1617 419 1667; x_wconf 79' lang='lat' dir='ltr'><strong>’nemo</strong></span> <span class='ocrx_word' id='word_1_125' title='bbox 449 1615 592 1668; x_wconf 86' lang='lat' dir='ltr'><strong>novit</strong></span> <span class='ocrx_word' id='word_1_126' title='bbox 623 1613 725 1666; x_wconf 89' lang='lat' dir='ltr'><strong>nisi</strong></span> <span class='ocrx_word' id='word_1_127' title='bbox 769 1613 988 1683; x_wconf 81' lang='lat' dir='ltr'><strong>spiritus</strong></span> <span class='ocrx_word' id='word_1_128' title='bbox 1030 1613 1116 1680; x_wconf 88' lang='lat' dir='ltr'><strong>qui</strong></span> <span class='ocrx_word' id='word_1_129' title='bbox 1159 1614 1210 1666; x_wconf 87' lang='lat' dir='ltr'><strong>in</strong></span> <span class='ocrx_word' id='word_1_130' title='bbox 1258 1613 1368 1682; x_wconf 88' lang='lat' dir='ltr'><strong>ipso</strong></span> <span class='ocrx_word' id='word_1_131' title='bbox 1395 1622 1468 1666; x_wconf 90' lang='lat' dir='ltr'><strong>est</strong></span> <span class='ocrx_word' id='word_1_132' title='bbox 1498 1629 1515 1666; x_wconf 92' lang='lat'><em>:</em></span> <span class='ocrx_word' id='word_1_133' title='bbox 1544 1613 1617 1667; x_wconf 87' lang='lat' dir='ltr'><strong>sic</strong></span> <span class='ocrx_word' id='word_1_134' title='bbox 1643 1623 1690 1667; x_wconf 87' lang='lat' dir='ltr'><strong>et</strong></span> 
     </span>
    </p>
   </div>
   <div class='ocr_carea' id='block_1_17' title="bbox 111 1703 1684 1779">
    <p class='ocr_par' dir='ltr' id='par_1_17' title="bbox 111 1703 1684 1779">
     <span class='ocr_line' id='line_1_17' title="bbox 111 1703 1684 1779; baseline -0.001 -19"><span class='ocrx_word' id='word_1_135' title='bbox 111 1723 204 1778; x_wconf 81' lang='lat' dir='ltr'><strong>qua:</strong></span> <span class='ocrx_word' id='word_1_136' title='bbox 230 1706 321 1763; x_wconf 90' lang='lat' dir='ltr'><strong>Dei</strong></span> <span class='ocrx_word' id='word_1_137' title='bbox 348 1717 491 1774; x_wconf 88' lang='lat' dir='ltr'><strong>sunt,</strong></span> <span class='ocrx_word' id='word_1_138' title='bbox 524 1723 672 1762; x_wconf 86' lang='lat' dir='ltr'><strong>nemo</strong></span> <span class='ocrx_word' id='word_1_139' title='bbox 697 1706 936 1779; x_wconf 80' lang='lat' dir='ltr'><strong>cognovit</strong></span> <span class='ocrx_word' id='word_1_140' title='bbox 969 1707 1069 1759; x_wconf 87' lang='lat' dir='ltr'><strong>nisi</strong></span> <span class='ocrx_word' id='word_1_141' title='bbox 1100 1706 1333 1775; x_wconf 75' lang='lat' dir='ltr'><strong>Spiritus</strong></span> <span class='ocrx_word' id='word_1_142' title='bbox 1367 1703 1462 1759; x_wconf 92' lang='lat' dir='ltr'><strong>Dei</strong></span> <span class='ocrx_word' id='word_1_143' title='bbox 1490 1704 1537 1776; x_wconf 88' lang='lat' dir='ltr'><strong>(I</strong></span> <span class='ocrx_word' id='word_1_144' title='bbox 1566 1703 1684 1759; x_wconf 88' lang='lat' dir='ltr'><strong>Cor.</strong></span> 
     </span>
    </p>
   </div>
   <div class='ocr_carea' id='block_1_18' title="bbox 1797 503 2277 557">
    <p class='ocr_par' dir='ltr' id='par_1_18' title="bbox 1797 503 2277 557">
     <span class='ocr_line' id='line_1_18' title="bbox 1797 503 2277 557; baseline 0.004 -2"><span class='ocrx_word' id='word_1_145' title='bbox 1797 503 1870 556; x_wconf 87' lang='lat' dir='ltr'><strong>tio</strong></span> <span class='ocrx_word' id='word_1_146' title='bbox 1899 503 2163 557; x_wconf 90' lang='lat' dir='ltr'><strong>naturalis</strong></span> <span class='ocrx_word' id='word_1_147' title='bbox 2189 503 2277 557; x_wconf 87' lang='lat' dir='ltr'><strong>sit.</strong></span> 
     </span>
    </p>
   </div>
   <div class='ocr_carea' id='block_1_19' title="bbox 1871 595 3392 671">
    <p class='ocr_par' dir='ltr' id='par_1_19' title="bbox 1871 595 3392 671">
     <span class='ocr_line' id='line_1_19' title="bbox 1871 595 3392 671; baseline 0.008 -23"><span class='ocrx_word' id='word_1_148' title='bbox 1871 595 1992 650; x_wconf 72' lang='grc'><strong>128.</strong></span> <span class='ocrx_word' id='word_1_149' title='bbox 2041 595 2235 651; x_wconf 86' lang='lat' dir='ltr'><strong>Verum</strong></span> <span class='ocrx_word' id='word_1_150' title='bbox 2265 597 2310 652; x_wconf 90' lang='lat' dir='ltr'><strong>si</strong></span> <span class='ocrx_word' id='word_1_151' title='bbox 2345 607 2396 655; x_wconf 88' lang='lat' dir='ltr'><strong>te</strong></span> <span class='ocrx_word' id='word_1_152' title='bbox 2429 611 2609 656; x_wconf 85' lang='lat' dir='ltr'><strong>movet</strong></span> <span class='ocrx_word' id='word_1_153' title='bbox 2639 600 2764 670; x_wconf 83' lang='lat' dir='ltr'><strong>quia</strong></span> <span class='ocrx_word' id='word_1_154' title='bbox 2794 599 2952 667; x_wconf 83' lang='lat' dir='ltr'><strong>dixit,</strong></span> <span class='ocrx_word' id='word_1_155' title='bbox 2983 611 3262 671; x_wconf 76' lang='lat' dir='ltr'><strong>scrutatur,</strong></span> <span class='ocrx_word' id='word_1_156' title='bbox 3297 618 3392 660; x_wconf 84' lang='lat' dir='ltr'><strong>ac-</strong></span> 
     </span>
    </p>
   </div>
   <div class='ocr_carea' id='block_1_20' title="bbox 1793 687 3391 769">
    <p class='ocr_par' dir='ltr' id='par_1_20' title="bbox 1793 687 3391 769">
     <span class='ocr_line' id='line_1_20' title="bbox 1793 687 3391 769; baseline 0.007 -26"><span class='ocrx_word' id='word_1_157' title='bbox 1793 687 1913 758; x_wconf 88' lang='lat' dir='ltr'><strong>cipe</strong></span> <span class='ocrx_word' id='word_1_158' title='bbox 1940 689 2062 758; x_wconf 85' lang='lat' dir='ltr'><strong>quia</strong></span> <span class='ocrx_word' id='word_1_159' title='bbox 2095 690 2145 744; x_wconf 92' lang='lat' dir='ltr'><strong>id</strong></span> <span class='ocrx_word' id='word_1_160' title='bbox 2177 706 2392 763; x_wconf 89' lang='lat' dir='ltr'><strong>quoque</strong></span> <span class='ocrx_word' id='word_1_161' title='bbox 2421 693 2488 748; x_wconf 88' lang='lat' dir='ltr'><strong>de</strong></span> <span class='ocrx_word' id='word_1_162' title='bbox 2520 695 2634 750; x_wconf 90' lang='lat' dir='ltr'><strong>Deo</strong></span> <span class='ocrx_word' id='word_1_163' title='bbox 2675 694 2937 766; x_wconf 90' lang='lat' dir='ltr'><strong>scriptum</strong></span> <span class='ocrx_word' id='word_1_164' title='bbox 2970 705 3084 762; x_wconf 91' lang='lat' dir='ltr'><strong>est,</strong></span> <span class='ocrx_word' id='word_1_165' title='bbox 3132 713 3199 753; x_wconf 91' lang='lat' dir='ltr'><strong>eo</strong></span> <span class='ocrx_word' id='word_1_166' title='bbox 3245 699 3391 769; x_wconf 89' lang='lat' dir='ltr'><strong>quod</strong></span> 
     </span>
    </p>
   </div>
   <div class='ocr_carea' id='block_1_21' title="bbox 1792 783 3394 864">
    <p class='ocr_par' dir='ltr' id='par_1_21' title="bbox 1792 783 3394 864">
     <span class='ocr_line' id='line_1_21' title="bbox 1792 783 3394 864; baseline 0.009 -31"><span class='ocrx_word' id='word_1_167' title='bbox 1792 783 1863 834; x_wconf 87' lang='lat' dir='ltr'><strong>sit</strong></span> <span class='ocrx_word' id='word_1_168' title='bbox 1903 789 2174 838; x_wconf 86' lang='lat' dir='ltr'><strong>scrutator</strong></span> <span class='ocrx_word' id='word_1_169' title='bbox 2203 783 2385 840; x_wconf 89' lang='lat' dir='ltr'><strong>cordis</strong></span> <span class='ocrx_word' id='word_1_170' title='bbox 2415 795 2469 842; x_wconf 92' lang='lat' dir='ltr'><strong>et</strong></span> <span class='ocrx_word' id='word_1_171' title='bbox 2490 803 2704 843; x_wconf 88' lang='lat' dir='ltr'><strong>renum.</strong></span> <span class='ocrx_word' id='word_1_172' title='bbox 2737 788 2858 858; x_wconf 90' lang='lat' dir='ltr'><strong>Ipse</strong></span> <span class='ocrx_word' id='word_1_173' title='bbox 2889 790 3035 845; x_wconf 90' lang='lat' dir='ltr'><strong>enim</strong></span> <span class='ocrx_word' id='word_1_174' title='bbox 3062 789 3195 846; x_wconf 79' lang='lat' dir='ltr'><strong>dixit</strong></span> <span class='ocrx_word' id='word_1_175' title='bbox 3231 808 3244 846; x_wconf 94' lang='lat'>:</span> <span class='ocrx_word' id='word_1_176' title='bbox 3280 792 3394 864; x_wconf 75' lang='lat' dir='ltr'><strong>Ego</strong></span> 
     </span>
    </p>
   </div>
   <div class='ocr_carea' id='block_1_22' title="bbox 1792 875 3390 952">
    <p class='ocr_par' dir='ltr' id='par_1_22' title="bbox 1792 875 3390 952">
     <span class='ocr_line' id='line_1_22' title="bbox 1792 875 3390 952; baseline 0.011 -30"><span class='ocrx_word' id='word_1_177' title='bbox 1792 886 1908 923; x_wconf 88' lang='lat' dir='ltr'><strong>sum</strong></span> <span class='ocrx_word' id='word_1_178' title='bbox 1936 883 2173 928; x_wconf 87' lang='lat' dir='ltr'><strong>scrutans</strong></span> <span class='ocrx_word' id='word_1_179' title='bbox 2216 875 2375 931; x_wconf 84' lang='lat' dir='ltr'><strong>corda</strong></span> <span class='ocrx_word' id='word_1_180' title='bbox 2402 886 2448 930; x_wconf 89' lang='lat' dir='ltr'><strong>et</strong></span> <span class='ocrx_word' id='word_1_181' title='bbox 2477 895 2623 933; x_wconf 89' lang='lat' dir='ltr'><strong>renes</strong></span> <span class='ocrx_word' id='word_1_182' title='bbox 2655 877 2871 951; x_wconf 82' lang='lat' dir='ltr'><strong>(Jerem.</strong></span> <span class='ocrx_word' id='word_1_183' title='bbox 2905 896 3038 947; x_wconf 84' lang='lat' dir='ltr'><strong>xvtt,</strong></span> <span class='ocrx_word' id='word_1_184' title='bbox 3073 881 3187 952; x_wconf 80' lang='grc'><strong>10).</strong></span> <span class='ocrx_word' id='word_1_185' title='bbox 3217 883 3390 940; x_wconf 86' lang='lat' dir='ltr'><strong>Etiam</strong></span> 
     </span>
    </p>
   </div>
   <div class='ocr_carea' id='block_1_23' title="bbox 1792 961 3392 1038">
    <p class='ocr_par' dir='ltr' id='par_1_23' title="bbox 1792 961 3392 1038">
     <span class='ocr_line' id='line_1_23' title="bbox 1792 961 3392 1038; baseline 0.01 -22"><span class='ocrx_word' id='word_1_186' title='bbox 1792 961 1861 1017; x_wconf 93' lang='lat' dir='ltr'><strong>de</strong></span> <span class='ocrx_word' id='word_1_187' title='bbox 1907 963 2044 1019; x_wconf 85' lang='lat' dir='ltr'><strong>Filio</strong></span> <span class='ocrx_word' id='word_1_188' title='bbox 2093 965 2189 1022; x_wconf 85' lang='lat' dir='ltr'><strong>Dei</strong></span> <span class='ocrx_word' id='word_1_189' title='bbox 2241 967 2406 1024; x_wconf 82' lang='lat' dir='ltr'><strong>habes</strong></span> <span class='ocrx_word' id='word_1_190' title='bbox 2450 970 2517 1025; x_wconf 89' lang='lat' dir='ltr'><strong>ad</strong></span> <span class='ocrx_word' id='word_1_191' title='bbox 2563 971 2820 1028; x_wconf 45' lang='lat' dir='ltr'><strong>Hebraeos</strong></span> <span class='ocrx_word' id='word_1_192' title='bbox 2854 991 2867 1027; x_wconf 88' lang='lat'><strong>:</strong></span> <span class='ocrx_word' id='word_1_193' title='bbox 2902 973 3004 1038; x_wconf 83' lang='lat' dir='ltr'><strong>Qui</strong></span> <span class='ocrx_word' id='word_1_194' title='bbox 3031 985 3288 1031; x_wconf 85' lang='lat' dir='ltr'><strong>scrutator</strong></span> <span class='ocrx_word' id='word_1_195' title='bbox 3317 987 3392 1032; x_wconf 87' lang='lat' dir='ltr'><strong>est</strong></span> 
     </span>
    </p>
   </div>
   <div class='ocr_carea' id='block_1_24' title="bbox 1791 1055 3388 1140">
    <p class='ocr_par' dir='ltr' id='par_1_24' title="bbox 1791 1055 3388 1140">
     <span class='ocr_line' id='line_1_24' title="bbox 1791 1055 3388 1140; baseline 0.012 -35"><span class='ocrx_word' id='word_1_196' title='bbox 1791 1055 1954 1108; x_wconf 89' lang='lat' dir='ltr'><strong>animi</strong></span> <span class='ocrx_word' id='word_1_197' title='bbox 1979 1066 2029 1109; x_wconf 89' lang='lat' dir='ltr'><strong>et</strong></span> <span class='ocrx_word' id='word_1_198' title='bbox 2057 1058 2384 1128; x_wconf 85' lang='lat' dir='ltr'><strong>cogitationis</strong></span> <span class='ocrx_word' id='word_1_199' title='bbox 2417 1059 2605 1133; x_wconf 83' lang='lat' dir='ltr'><strong>(Hebr.</strong></span> <span class='ocrx_word' id='word_1_200' title='bbox 2637 1078 2709 1128; x_wconf 86' lang='lat' dir='ltr'><strong>IV,</strong></span> <span class='ocrx_word' id='word_1_201' title='bbox 2744 1064 2854 1134; x_wconf 75' lang='grc'>12).</span> <span class='ocrx_word' id='word_1_202' title='bbox 2887 1064 3040 1121; x_wconf 91' lang='lat' dir='ltr'><strong>Unde</strong></span> <span class='ocrx_word' id='word_1_203' title='bbox 3068 1065 3237 1137; x_wconf 87' lang='lat' dir='ltr'><strong>liquet</strong></span> <span class='ocrx_word' id='word_1_204' title='bbox 3262 1071 3388 1140; x_wconf 86' lang='lat' dir='ltr'><strong>quia</strong></span> 
     </span>
    </p>
   </div>
   <div class='ocr_carea' id='block_1_25' title="bbox 1791 1147 3389 1226">
    <p class='ocr_par' dir='ltr' id='par_1_25' title="bbox 1791 1147 3389 1226">
     <span class='ocr_line' id='line_1_25' title="bbox 1791 1147 3389 1226; baseline 0.012 -27"><span class='ocrx_word' id='word_1_205' title='bbox 1791 1161 1953 1200; x_wconf 88' lang='lat' dir='ltr'><strong>nemo</strong></span> <span class='ocrx_word' id='word_1_206' title='bbox 1986 1147 2209 1204; x_wconf 76' lang='lat' dir='ltr'><strong>inferior</strong></span> <span class='ocrx_word' id='word_1_207' title='bbox 2257 1153 2557 1222; x_wconf 88' lang='lat' dir='ltr'><strong>superioris</strong></span> <span class='ocrx_word' id='word_1_208' title='bbox 2605 1164 2878 1212; x_wconf 89' lang='lat' dir='ltr'><strong>scrutatur</strong></span> <span class='ocrx_word' id='word_1_209' title='bbox 2921 1158 3162 1226; x_wconf 86' lang='lat' dir='ltr'><strong>interna;</strong></span> <span class='ocrx_word' id='word_1_210' title='bbox 3191 1161 3389 1219; x_wconf 78' lang='lat' dir='ltr'><strong>divina:</strong></span> 
     </span>
    </p>
   </div>
   <div class='ocr_carea' id='block_1_26' title="bbox 1790 1238 3391 1312">
    <p class='ocr_par' dir='ltr' id='par_1_26' title="bbox 1790 1238 3391 1312">
     <span class='ocr_line' id='line_1_26' title="bbox 1790 1238 3391 1312; baseline 0.011 -19"><span class='ocrx_word' id='word_1_211' title='bbox 1790 1238 1932 1293; x_wconf 86' lang='lat' dir='ltr'><strong>enim</strong></span> <span class='ocrx_word' id='word_1_212' title='bbox 1965 1241 2134 1295; x_wconf 87' lang='lat' dir='ltr'><strong>solius</strong></span> <span class='ocrx_word' id='word_1_213' title='bbox 2159 1252 2243 1296; x_wconf 86' lang='lat' dir='ltr'><strong>est</strong></span> <span class='ocrx_word' id='word_1_214' title='bbox 2272 1244 2557 1312; x_wconf 89' lang='lat' dir='ltr'><strong>potestatis</strong></span> <span class='ocrx_word' id='word_1_215' title='bbox 2593 1247 2804 1302; x_wconf 89' lang='lat' dir='ltr'><strong>occulta</strong></span> <span class='ocrx_word' id='word_1_216' title='bbox 2847 1249 3089 1306; x_wconf 90' lang='lat' dir='ltr'><strong>novisse.</strong></span> <span class='ocrx_word' id='word_1_217' title='bbox 3127 1250 3391 1310; x_wconf 86' lang='lat' dir='ltr'><strong>Similiter</strong></span> 
     </span>
    </p>
   </div>
   <div class='ocr_carea' id='block_1_27' title="bbox 1791 1335 3391 1410">
    <p class='ocr_par' dir='ltr' id='par_1_27' title="bbox 1791 1335 3391 1410">
     <span class='ocr_line' id='line_1_27' title="bbox 1791 1335 3391 1410; baseline 0.011 -26"><span class='ocrx_word' id='word_1_218' title='bbox 1791 1343 1922 1399; x_wconf 83' lang='lat' dir='ltr'><strong>ergo</strong></span> <span class='ocrx_word' id='word_1_219' title='bbox 1949 1341 2222 1387; x_wconf 87' lang='lat' dir='ltr'><strong>scrutator</strong></span> <span class='ocrx_word' id='word_1_220' title='bbox 2251 1345 2337 1389; x_wconf 89' lang='lat' dir='ltr'><strong>est</strong></span> <span class='ocrx_word' id='word_1_221' title='bbox 2365 1335 2597 1405; x_wconf 90' lang='lat' dir='ltr'><strong>Spiritus</strong></span> <span class='ocrx_word' id='word_1_222' title='bbox 2638 1351 2860 1396; x_wconf 91' lang='lat' dir='ltr'><strong>sanctus</strong></span> <span class='ocrx_word' id='word_1_223' title='bbox 2889 1350 2950 1396; x_wconf 92' lang='lat' dir='ltr'><strong>ut</strong></span> <span class='ocrx_word' id='word_1_224' title='bbox 2979 1341 3166 1410; x_wconf 89' lang='lat' dir='ltr'><strong>Pater,</strong></span> <span class='ocrx_word' id='word_1_225' title='bbox 3198 1344 3391 1401; x_wconf 90' lang='lat' dir='ltr'><strong>simili-</strong></span> 
     </span>
    </p>
   </div>
   <div class='ocr_carea' id='block_1_28' title="bbox 1792 1427 3390 1502">
    <p class='ocr_par' dir='ltr' id='par_1_28' title="bbox 1792 1427 3390 1502">
     <span class='ocr_line' id='line_1_28' title="bbox 1792 1427 3390 1502; baseline 0.012 -28"><span class='ocrx_word' id='word_1_226' title='bbox 1792 1429 1874 1475; x_wconf 87' lang='lat' dir='ltr'><strong>ter</strong></span> <span class='ocrx_word' id='word_1_227' title='bbox 1900 1431 2173 1478; x_wconf 86' lang='lat' dir='ltr'><strong>scrutator</strong></span> <span class='ocrx_word' id='word_1_228' title='bbox 2216 1434 2271 1480; x_wconf 90' lang='lat' dir='ltr'><strong>et</strong></span> <span class='ocrx_word' id='word_1_229' title='bbox 2317 1427 2526 1483; x_wconf 88' lang='lat' dir='ltr'><strong>Filius:</strong></span> <span class='ocrx_word' id='word_1_230' title='bbox 2558 1429 2710 1500; x_wconf 83' lang='lat' dir='ltr'><strong>cujus</strong></span> <span class='ocrx_word' id='word_1_231' title='bbox 2750 1433 3082 1502; x_wconf 88' lang='lat' dir='ltr'><strong>proprietate</strong></span> <span class='ocrx_word' id='word_1_232' title='bbox 3117 1438 3390 1493; x_wconf 85' lang='lat' dir='ltr'><strong>sermonis</strong></span> 
     </span>
    </p>
   </div>
   <div class='ocr_carea' id='block_1_29' title="bbox 1791 1512 3385 1600">
    <p class='ocr_par' dir='ltr' id='par_1_29' title="bbox 1791 1512 3385 1600">
     <span class='ocr_line' id='line_1_29' title="bbox 1791 1512 3385 1600; baseline 0.011 -34"><span class='ocrx_word' id='word_1_233' title='bbox 1791 1512 1842 1566; x_wconf 93' lang='lat' dir='ltr'><strong>id</strong></span> <span class='ocrx_word' id='word_1_234' title='bbox 1875 1515 2228 1584; x_wconf 84' lang='lat' dir='ltr'><strong>exprimitur;</strong></span> <span class='ocrx_word' id='word_1_235' title='bbox 2264 1527 2321 1573; x_wconf 92' lang='lat' dir='ltr'><strong>ut</strong></span> <span class='ocrx_word' id='word_1_236' title='bbox 2350 1518 2598 1576; x_wconf 90' lang='lat' dir='ltr'><strong>videatur</strong></span> <span class='ocrx_word' id='word_1_237' title='bbox 2641 1523 2775 1578; x_wconf 84' lang='lat' dir='ltr'><strong>nihil</strong></span> <span class='ocrx_word' id='word_1_238' title='bbox 2807 1540 2930 1582; x_wconf 91' lang='lat' dir='ltr'><strong>esse</strong></span> <span class='ocrx_word' id='word_1_239' title='bbox 2967 1527 3112 1596; x_wconf 91' lang='lat' dir='ltr'><strong>quod</strong></span> <span class='ocrx_word' id='word_1_240' title='bbox 3157 1530 3385 1600; x_wconf 88' lang='lat' dir='ltr'><strong>nesciat,</strong></span> 
     </span>
    </p>
   </div>
   <div class='ocr_carea' id='block_1_30' title="bbox 1791 1607 2402 1679">
    <p class='ocr_par' dir='ltr' id='par_1_30' title="bbox 1791 1607 2402 1679">
     <span class='ocr_line' id='line_1_30' title="bbox 1791 1607 2402 1679; baseline 0.011 -22"><span class='ocrx_word' id='word_1_241' title='bbox 1791 1620 1948 1675; x_wconf 89' lang='lat' dir='ltr'><strong>quem</strong></span> <span class='ocrx_word' id='word_1_242' title='bbox 1978 1607 2112 1662; x_wconf 85' lang='lat' dir='ltr'><strong>nihil</strong></span> <span class='ocrx_word' id='word_1_243' title='bbox 2145 1611 2402 1679; x_wconf 65' lang='lat' dir='ltr'><strong>praeterit.</strong></span> 
     </span>
    </p>
   </div>
   <div class='ocr_carea' id='block_1_31' title="bbox 1865 1699 3390 1779">
    <p class='ocr_par' dir='ltr' id='par_1_31' title="bbox 1865 1699 3390 1779">
     <span class='ocr_line' id='line_1_31' title="bbox 1865 1699 3390 1779; baseline 0.013 -26"><span class='ocrx_word' id='word_1_244' title='bbox 1865 1699 1989 1757; x_wconf 73' lang='lat'><strong>129.</strong></span> <span class='ocrx_word' id='word_1_245' title='bbox 2033 1702 2276 1774; x_wconf 88' lang='lat' dir='ltr'><strong>Denique</strong></span> <span class='ocrx_word' id='word_1_246' title='bbox 2308 1704 2397 1761; x_wconf 90' lang='lat' dir='ltr'><strong>ille</strong></span> <span class='ocrx_word' id='word_1_247' title='bbox 2425 1707 2632 1762; x_wconf 90' lang='lat' dir='ltr'><strong>electus</strong></span> <span class='ocrx_word' id='word_1_248' title='bbox 2660 1724 2692 1764; x_wconf 88' lang='lat' dir='ltr'><strong>a</strong></span> <span class='ocrx_word' id='word_1_249' title='bbox 2721 1709 2962 1779; x_wconf 85' lang='lat' dir='ltr'><strong>Christo,</strong></span> <span class='ocrx_word' id='word_1_250' title='bbox 2998 1713 3291 1772; x_wconf 88' lang='lat' dir='ltr'><strong>instructus</strong></span> <span class='ocrx_word' id='word_1_251' title='bbox 3321 1718 3390 1774; x_wconf 90' lang='lat' dir='ltr'><strong>ab</strong></span> 
     </span>
    </p>
   </div>
   <div class='ocr_carea' id='block_1_32' title="bbox 113 1793 3386 1880">
    <p class='ocr_par' dir='ltr' id='par_1_32' title="bbox 113 1793 3386 1880">
     <span class='ocr_line' id='line_1_32' title="bbox 113 1793 3386 1880; baseline 0.003 -26"><span class='ocrx_word' id='word_1_252' title='bbox 113 1817 158 1862; x_wconf 86' lang='grc' dir='ltr'><strong>ιι,</strong></span> <span class='ocrx_word' id='word_1_253' title='bbox 204 1801 303 1870; x_wconf 88' lang='lat' dir='ltr'><strong>ll).</strong></span> <span class='ocrx_word' id='word_1_254' title='bbox 340 1799 534 1865; x_wconf 81' lang='lat' dir='ltr'><strong>Nemo,</strong></span> <span class='ocrx_word' id='word_1_255' title='bbox 588 1799 784 1869; x_wconf 89' lang='lat' dir='ltr'><strong>inquit.</strong></span> <span class='ocrx_word' id='word_1_256' title='bbox 837 1799 1094 1868; x_wconf 84' lang='lat' dir='ltr'><strong>cognovit,</strong></span> <span class='ocrx_word' id='word_1_257' title='bbox 1142 1798 1242 1852; x_wconf 87' lang='lat' dir='ltr'><strong>nisi</strong></span> <span class='ocrx_word' id='word_1_258' title='bbox 1287 1796 1516 1867; x_wconf 87' lang='lat' dir='ltr'><strong>Spiritus</strong></span> <span class='ocrx_word' id='word_1_259' title='bbox 1563 1794 1684 1851; x_wconf 87' lang='lat' dir='ltr'><strong>Dei.</strong></span> <span class='ocrx_word' id='word_1_260' title='bbox 1717 1802 1764 1863; x_wconf 85' lang='grc' dir='ltr'><strong>Β</strong></span> <span class='ocrx_word' id='word_1_261' title='bbox 1791 1793 1994 1864; x_wconf 89' lang='lat' dir='ltr'><strong>Spiritu</strong></span> <span class='ocrx_word' id='word_1_262' title='bbox 2045 1808 2148 1853; x_wconf 91' lang='lat' dir='ltr'><strong>est.</strong></span> <span class='ocrx_word' id='word_1_263' title='bbox 2195 1799 2327 1854; x_wconf 90' lang='lat' dir='ltr'><strong>Nam</strong></span> <span class='ocrx_word' id='word_1_264' title='bbox 2369 1801 2514 1856; x_wconf 91' lang='lat' dir='ltr'><strong>sicut</strong></span> <span class='ocrx_word' id='word_1_265' title='bbox 2547 1803 2662 1873; x_wconf 91' lang='lat' dir='ltr'><strong>ipse</strong></span> <span class='ocrx_word' id='word_1_266' title='bbox 2705 1813 2955 1874; x_wconf 88' lang='lat' dir='ltr'><strong>testatur,</strong></span> <span class='ocrx_word' id='word_1_267' title='bbox 2990 1823 3088 1878; x_wconf 90' lang='lat' dir='ltr'><strong>per</strong></span> <span class='ocrx_word' id='word_1_268' title='bbox 3127 1809 3386 1880; x_wconf 87' lang='lat' dir='ltr'><strong>Spiritum</strong></span> 
     </span>
    </p>
   </div>
   <div class='ocr_carea' id='block_1_33' title="bbox 112 1890 1682 1964">
    <p class='ocr_par' dir='ltr' id='par_1_33' title="bbox 112 1890 1682 1964">
     <span class='ocr_line' id='line_1_33' title="bbox 112 1890 1682 1964; baseline -0.003 -16"><span class='ocrx_word' id='word_1_269' title='bbox 112 1893 346 1964; x_wconf 73' lang='lat' dir='ltr'><strong>Numquid</strong></span> <span class='ocrx_word' id='word_1_270' title='bbox 375 1894 637 1949; x_wconf 80' lang='lat' dir='ltr'><strong>exclusus</strong></span> <span class='ocrx_word' id='word_1_271' title='bbox 673 1900 758 1948; x_wconf 88' lang='lat' dir='ltr'><strong>est</strong></span> <span class='ocrx_word' id='word_1_272' title='bbox 785 1892 884 1947; x_wconf 90' lang='lat' dir='ltr'><strong>Dei</strong></span> <span class='ocrx_word' id='word_1_273' title='bbox 926 1891 1135 1946; x_wconf 83' lang='lat' dir='ltr'><strong>Filius?</strong></span> <span class='ocrx_word' id='word_1_274' title='bbox 1165 1890 1282 1946; x_wconf 88' lang='lat' dir='ltr'><strong>Non</strong></span> <span class='ocrx_word' id='word_1_275' title='bbox 1314 1892 1528 1960; x_wconf 87' lang='lat' dir='ltr'><strong>utique;</strong></span> <span class='ocrx_word' id='word_1_276' title='bbox 1561 1890 1682 1960; x_wconf 91' lang='lat' dir='ltr'><strong>quia</strong></span> 
     </span>
    </p>
   </div>
   <div class='ocr_carea' id='block_1_34' title="bbox 114 1981 1684 2056">
    <p class='ocr_par' dir='ltr' id='par_1_34' title="bbox 114 1981 1684 2056">
     <span class='ocr_line' id='line_1_34' title="bbox 114 1981 1684 2056; baseline -0.001 -16"><span class='ocrx_word' id='word_1_277' title='bbox 114 2003 195 2041; x_wconf 84' lang='lat' dir='ltr'><strong>nec</strong></span> <span class='ocrx_word' id='word_1_278' title='bbox 223 1989 446 2056; x_wconf 84' lang='lat' dir='ltr'><strong>Spiritus</strong></span> <span class='ocrx_word' id='word_1_279' title='bbox 474 1997 702 2042; x_wconf 87' lang='lat' dir='ltr'><strong>sanctus</strong></span> <span class='ocrx_word' id='word_1_280' title='bbox 728 1987 984 2042; x_wconf 83' lang='lat' dir='ltr'><strong>exclusus</strong></span> <span class='ocrx_word' id='word_1_281' title='bbox 1008 1995 1112 2052; x_wconf 90' lang='lat' dir='ltr'><strong>est,</strong></span> <span class='ocrx_word' id='word_1_282' title='bbox 1145 2001 1270 2042; x_wconf 89' lang='lat' dir='ltr'><strong>cum</strong></span> <span class='ocrx_word' id='word_1_283' title='bbox 1302 1986 1496 2041; x_wconf 90' lang='lat' dir='ltr'><strong>dicitur</strong></span> <span class='ocrx_word' id='word_1_284' title='bbox 1523 2004 1535 2038; x_wconf 87' lang='lat'><strong>:</strong></span> <span class='ocrx_word' id='word_1_285' title='bbox 1573 1981 1684 2038; x_wconf 87' lang='lat' dir='ltr'><strong>Ne-</strong></span> 
     </span>
    </p>
   </div>
   <div class='ocr_carea' id='block_1_35' title="bbox 112 2078 1110 2152">
    <p class='ocr_par' dir='ltr' id='par_1_35' title="bbox 112 2078 1110 2152">
     <span class='ocr_line' id='line_1_35' title="bbox 112 2078 1110 2152; baseline -0.003 -17"><span class='ocrx_word' id='word_1_286' title='bbox 112 2098 190 2149; x_wconf 85' lang='lat' dir='ltr'><strong>que</strong></span> <span class='ocrx_word' id='word_1_287' title='bbox 216 2080 415 2136; x_wconf 86' lang='lat' dir='ltr'><strong>Patrem</strong></span> <span class='ocrx_word' id='word_1_288' title='bbox 443 2082 565 2152; x_wconf 82' lang='lat' dir='ltr'><strong>quis</strong></span> <span class='ocrx_word' id='word_1_289' title='bbox 593 2080 760 2144; x_wconf 86' lang='lat' dir='ltr'><strong>novit,</strong></span> <span class='ocrx_word' id='word_1_290' title='bbox 787 2080 887 2134; x_wconf 90' lang='lat' dir='ltr'><strong>nisi</strong></span> <span class='ocrx_word' id='word_1_291' title='bbox 916 2078 1110 2134; x_wconf 82' lang='lat' dir='ltr'><strong>Filius.</strong></span> 
     </span>
    </p>
   </div>
   <div class='ocr_carea' id='block_1_36' title="bbox 175 2170 1686 2244">
    <p class='ocr_par' dir='ltr' id='par_1_36' title="bbox 175 2170 1686 2244">
     <span class='ocr_line' id='line_1_36' title="bbox 175 2170 1686 2244; baseline -0.002 -18"><span class='ocrx_word' id='word_1_292' title='bbox 175 2173 280 2229; x_wconf 75' lang='lat'><strong>125.</strong></span> <span class='ocrx_word' id='word_1_293' title='bbox 317 2173 462 2244; x_wconf 78' lang='lat' dir='ltr'><strong>Ergo</strong></span> <span class='ocrx_word' id='word_1_294' title='bbox 489 2173 656 2227; x_wconf 90' lang='lat' dir='ltr'><strong>unius</strong></span> <span class='ocrx_word' id='word_1_295' title='bbox 674 2181 729 2227; x_wconf 89' lang='lat' dir='ltr'><strong>et</strong></span> <span class='ocrx_word' id='word_1_296' title='bbox 752 2171 914 2226; x_wconf 87' lang='lat' dir='ltr'><strong>Pater</strong></span> <span class='ocrx_word' id='word_1_297' title='bbox 936 2179 990 2226; x_wconf 89' lang='lat' dir='ltr'><strong>et</strong></span> <span class='ocrx_word' id='word_1_298' title='bbox 1011 2170 1182 2225; x_wconf 85' lang='lat' dir='ltr'><strong>Filius</strong></span> <span class='ocrx_word' id='word_1_299' title='bbox 1204 2179 1260 2225; x_wconf 92' lang='lat' dir='ltr'><strong>et</strong></span> <span class='ocrx_word' id='word_1_300' title='bbox 1282 2170 1523 2240; x_wconf 90' lang='lat' dir='ltr'><strong>Spiritus</strong></span> <span class='ocrx_word' id='word_1_301' title='bbox 1559 2184 1686 2224; x_wconf 87' lang='lat' dir='ltr'><strong>san-</strong></span> 
     </span>
    </p>
   </div>
   <div class='ocr_carea' id='block_1_37' title="bbox 112 2264 1687 2336">
    <p class='ocr_par' dir='ltr' id='par_1_37' title="bbox 112 2264 1687 2336">
     <span class='ocr_line' id='line_1_37' title="bbox 112 2264 1687 2336; baseline -0.003 -13"><span class='ocrx_word' id='word_1_302' title='bbox 112 2278 209 2323; x_wconf 86' lang='lat' dir='ltr'><strong>cuts</strong></span> <span class='ocrx_word' id='word_1_303' title='bbox 223 2281 269 2324; x_wconf 91' lang='lat' dir='ltr'><strong>et</strong></span> <span class='ocrx_word' id='word_1_304' title='bbox 292 2278 498 2324; x_wconf 68' lang='lat' dir='ltr'><strong>natura:</strong></span> <span class='ocrx_word' id='word_1_305' title='bbox 533 2276 660 2323; x_wconf 90' lang='lat' dir='ltr'><strong>sunt</strong></span> <span class='ocrx_word' id='word_1_306' title='bbox 689 2277 745 2322; x_wconf 90' lang='lat' dir='ltr'><strong>et</strong></span> <span class='ocrx_word' id='word_1_307' title='bbox 773 2266 1040 2322; x_wconf 61' lang='lat' dir='ltr'><strong>scientia&#39;.</strong></span> <span class='ocrx_word' id='word_1_308' title='bbox 1072 2264 1260 2336; x_wconf 84' lang='lat' dir='ltr'><strong>Neque</strong></span> <span class='ocrx_word' id='word_1_309' title='bbox 1288 2281 1411 2320; x_wconf 92' lang='lat' dir='ltr'><strong>cum</strong></span> <span class='ocrx_word' id='word_1_310' title='bbox 1434 2265 1687 2318; x_wconf 91' lang='lat' dir='ltr'><strong>omnibus</strong></span> 
     </span>
    </p>
   </div>
   <div class='ocr_carea' id='block_1_38' title="bbox 113 2356 1689 2432">
    <p class='ocr_par' dir='ltr' id='par_1_38' title="bbox 113 2356 1689 2432">
     <span class='ocr_line' id='line_1_38' title="bbox 113 2356 1689 2432; baseline -0.004 -17"><span class='ocrx_word' id='word_1_311' title='bbox 113 2377 212 2431; x_wconf 73' lang='lat' dir='ltr'><strong>qua:</strong></span> <span class='ocrx_word' id='word_1_312' title='bbox 237 2378 324 2432; x_wconf 91' lang='lat' dir='ltr'><strong>per</strong></span> <span class='ocrx_word' id='word_1_313' title='bbox 352 2362 559 2417; x_wconf 88' lang='lat' dir='ltr'><strong>Filium</strong></span> <span class='ocrx_word' id='word_1_314' title='bbox 595 2360 732 2415; x_wconf 82' lang='lat' dir='ltr'><strong>facta</strong></span> <span class='ocrx_word' id='word_1_315' title='bbox 763 2367 923 2423; x_wconf 91' lang='lat' dir='ltr'><strong>sunt,</strong></span> <span class='ocrx_word' id='word_1_316' title='bbox 954 2356 1397 2413; x_wconf 89' lang='lat' dir='ltr'><strong>annumerandus</strong></span> <span class='ocrx_word' id='word_1_317' title='bbox 1437 2367 1522 2412; x_wconf 92' lang='lat' dir='ltr'><strong>est</strong></span> <span class='ocrx_word' id='word_1_318' title='bbox 1549 2356 1689 2426; x_wconf 43' lang='lat' dir='ltr'><strong>,Spi-</strong></span> 
     </span>
    </p>
   </div>
   <div class='ocr_carea' id='block_1_39' title="bbox 111 2449 1688 2524">
    <p class='ocr_par' dir='ltr' id='par_1_39' title="bbox 111 2449 1688 2524">
     <span class='ocr_line' id='line_1_39' title="bbox 111 2449 1688 2524; baseline -0.003 -18"><span class='ocrx_word' id='word_1_319' title='bbox 111 2454 224 2507; x_wconf 90' lang='lat' dir='ltr'><strong>ritus</strong></span> <span class='ocrx_word' id='word_1_320' title='bbox 243 2495 256 2518; x_wconf 94' lang='lat'><strong>,</strong></span> <span class='ocrx_word' id='word_1_321' title='bbox 284 2470 400 2509; x_wconf 91' lang='lat' dir='ltr'><strong>cum</strong></span> <span class='ocrx_word' id='word_1_322' title='bbox 450 2455 638 2509; x_wconf 80' lang='lat' dir='ltr'><strong>Dcunr</strong></span> <span class='ocrx_word' id='word_1_323' title='bbox 663 2452 878 2507; x_wconf 86' lang='lat' dir='ltr'><strong>Patrem</strong></span> <span class='ocrx_word' id='word_1_324' title='bbox 910 2452 1144 2524; x_wconf 72' lang='lat' dir='ltr'><strong>noverit,</strong></span> <span class='ocrx_word' id='word_1_325' title='bbox 1173 2464 1361 2520; x_wconf 86' lang='lat' dir='ltr'><strong>quem,</strong></span> <span class='ocrx_word' id='word_1_326' title='bbox 1391 2449 1533 2503; x_wconf 89' lang='lat' dir='ltr'><strong>sicut</strong></span> <span class='ocrx_word' id='word_1_327' title='bbox 1553 2449 1688 2504; x_wconf 89' lang='lat' dir='ltr'><strong>scri-</strong></span> 
     </span>
    </p>
   </div>
   <div class='ocr_carea' id='block_1_40' title="bbox 113 2540 1688 2617">
    <p class='ocr_par' dir='ltr' id='par_1_40' title="bbox 113 2540 1688 2617">
     <span class='ocr_line' id='line_1_40' title="bbox 113 2540 1688 2617; baseline -0.004 -17"><span class='ocrx_word' id='word_1_328' title='bbox 113 2555 235 2615; x_wconf 86' lang='lat' dir='ltr'><strong>ptum</strong></span> <span class='ocrx_word' id='word_1_329' title='bbox 248 2558 324 2601; x_wconf 89' lang='lat' dir='ltr'><strong>est</strong></span> <span class='ocrx_word' id='word_1_330' title='bbox 344 2547 566 2617; x_wconf 82' lang='lat' dir='ltr'><strong>(Matth.</strong></span> <span class='ocrx_word' id='word_1_331' title='bbox 599 2562 671 2613; x_wconf 81' lang='lat' dir='ltr'><strong>xl,</strong></span> <span class='ocrx_word' id='word_1_332' title='bbox 693 2544 808 2615; x_wconf 78' lang='grc'>27),</span> <span class='ocrx_word' id='word_1_333' title='bbox 828 2545 948 2615; x_wconf 90' lang='lat' dir='ltr'><strong>quis</strong></span> <span class='ocrx_word' id='word_1_334' title='bbox 969 2552 1148 2613; x_wconf 90' lang='lat' dir='ltr'><strong>potest</strong></span> <span class='ocrx_word' id='word_1_335' title='bbox 1176 2557 1336 2597; x_wconf 90' lang='lat' dir='ltr'><strong>nosse</strong></span> <span class='ocrx_word' id='word_1_336' title='bbox 1355 2540 1459 2597; x_wconf 90' lang='lat' dir='ltr'><strong>nisi</strong></span> <span class='ocrx_word' id='word_1_337' title='bbox 1481 2540 1688 2595; x_wconf 87' lang='lat' dir='ltr'><strong>Filius?</strong></span> 
     </span>
    </p>
   </div>
   <div class='ocr_carea' id='block_1_41' title="bbox 113 2630 1689 2709">
    <p class='ocr_par' dir='ltr' id='par_1_41' title="bbox 113 2630 1689 2709">
     <span class='ocr_line' id='line_1_41' title="bbox 113 2630 1689 2709; baseline -0.004 -18"><span class='ocrx_word' id='word_1_338' title='bbox 113 2636 199 2692; x_wconf 89' lang='lat' dir='ltr'><strong>Sed</strong></span> <span class='ocrx_word' id='word_1_339' title='bbox 226 2648 274 2693; x_wconf 90' lang='lat' dir='ltr'><strong>et</strong></span> <span class='ocrx_word' id='word_1_340' title='bbox 300 2638 545 2709; x_wconf 88' lang='lat' dir='ltr'><strong>Spiritus</strong></span> <span class='ocrx_word' id='word_1_341' title='bbox 574 2646 796 2691; x_wconf 88' lang='lat' dir='ltr'><strong>sanctus</strong></span> <span class='ocrx_word' id='word_1_342' title='bbox 825 2635 994 2689; x_wconf 87' lang='lat' dir='ltr'><strong>novit.</strong></span> <span class='ocrx_word' id='word_1_343' title='bbox 1026 2633 1166 2701; x_wconf 83' lang='lat' dir='ltr'><strong>Quid</strong></span> <span class='ocrx_word' id='word_1_344' title='bbox 1197 2635 1364 2703; x_wconf 81' lang='lat' dir='ltr'><strong>ergo?</strong></span> <span class='ocrx_word' id='word_1_345' title='bbox 1389 2631 1524 2688; x_wconf 85' lang='lat' dir='ltr'><strong>Cum</strong></span> <span class='ocrx_word' id='word_1_346' title='bbox 1553 2630 1689 2686; x_wconf 86' lang='lat' dir='ltr'><strong>dici-</strong></span> 
     </span>
    </p>
   </div>
   <div class='ocr_carea' id='block_1_42' title="bbox 116 2724 1687 2795">
    <p class='ocr_par' dir='ltr' id='par_1_42' title="bbox 116 2724 1687 2795">
     <span class='ocr_line' id='line_1_42' title="bbox 116 2724 1687 2795; baseline 0 -15"><span class='ocrx_word' id='word_1_347' title='bbox 116 2735 186 2782; x_wconf 88' lang='lat' dir='ltr'><strong>tur</strong></span> <span class='ocrx_word' id='word_1_348' title='bbox 225 2728 548 2784; x_wconf 90' lang='lat' dir='ltr'><strong>universitas</strong></span> <span class='ocrx_word' id='word_1_349' title='bbox 586 2735 991 2793; x_wconf 87' lang='lat' dir='ltr'><strong>creaturarum,</strong></span> <span class='ocrx_word' id='word_1_350' title='bbox 1037 2741 1142 2782; x_wconf 94' lang='lat' dir='ltr'><strong>non</strong></span> <span class='ocrx_word' id='word_1_351' title='bbox 1190 2724 1427 2795; x_wconf 90' lang='lat' dir='ltr'><strong>Spiritus</strong></span> <span class='ocrx_word' id='word_1_352' title='bbox 1465 2732 1687 2780; x_wconf 85' lang='lat' dir='ltr'><strong>sanctus</strong></span> 
     </span>
    </p>
   </div>
   <div class='ocr_carea' id='block_1_43' title="bbox 113 2823 590 2889">
    <p class='ocr_par' dir='ltr' id='par_1_43' title="bbox 113 2823 590 2889">
     <span class='ocr_line' id='line_1_43' title="bbox 113 2823 590 2889; baseline 0.006 -17"><span class='ocrx_word' id='word_1_353' title='bbox 113 2823 590 2889; x_wconf 85' lang='lat' dir='ltr'><strong>comprehenditur.</strong></span> 
     </span>
    </p>
   </div>
   <div class='ocr_carea' id='block_1_44' title="bbox 179 2910 1682 2982">
    <p class='ocr_par' dir='ltr' id='par_1_44' title="bbox 179 2910 1682 2982">
     <span class='ocr_line' id='line_1_44' title="bbox 179 2910 1682 2982; baseline 0.001 -18"><span class='ocrx_word' id='word_1_354' title='bbox 179 2911 279 2967; x_wconf 74' lang='lat' dir='ltr'><strong>l26.</strong></span> <span class='ocrx_word' id='word_1_355' title='bbox 301 2912 452 2969; x_wconf 85' lang='lat' dir='ltr'><strong>Nunc</strong></span> <span class='ocrx_word' id='word_1_356' title='bbox 478 2912 655 2968; x_wconf 86' lang='lat' dir='ltr'><strong>velim</strong></span> <span class='ocrx_word' id='word_1_357' title='bbox 679 2910 1071 2982; x_wconf 85' lang='lat' dir='ltr'><strong>respondeant.</strong></span> <span class='ocrx_word' id='word_1_358' title='bbox 1100 2910 1228 2979; x_wconf 91' lang='lat' dir='ltr'><strong>quid</strong></span> <span class='ocrx_word' id='word_1_359' title='bbox 1255 2919 1338 2966; x_wconf 92' lang='lat' dir='ltr'><strong>est</strong></span> <span class='ocrx_word' id='word_1_360' title='bbox 1364 2911 1412 2964; x_wconf 91' lang='lat' dir='ltr'><strong>in</strong></span> <span class='ocrx_word' id='word_1_361' title='bbox 1446 2911 1682 2976; x_wconf 89' lang='lat' dir='ltr'><strong>homine,</strong></span> 
     </span>
    </p>
   </div>
   <div class='ocr_carea' id='block_1_45' title="bbox 113 3001 1678 3076">
    <p class='ocr_par' dir='ltr' id='par_1_45' title="bbox 113 3001 1678 3076">
     <span class='ocr_line' id='line_1_45' title="bbox 113 3001 1678 3076; baseline 0 -20"><span class='ocrx_word' id='word_1_362' title='bbox 113 3005 232 3073; x_wconf 90' lang='lat' dir='ltr'><strong>quod</strong></span> <span class='ocrx_word' id='word_1_363' title='bbox 260 3013 554 3076; x_wconf 83' lang='lat' dir='ltr'><strong>cognoscat</strong></span> <span class='ocrx_word' id='word_1_364' title='bbox 597 3019 721 3076; x_wconf 88' lang='lat' dir='ltr'><strong>quae</strong></span> <span class='ocrx_word' id='word_1_365' title='bbox 751 3012 876 3058; x_wconf 88' lang='lat' dir='ltr'><strong>sunt</strong></span> <span class='ocrx_word' id='word_1_366' title='bbox 916 3002 1185 3058; x_wconf 85' lang='lat' dir='ltr'><strong>hominis?</strong></span> <span class='ocrx_word' id='word_1_367' title='bbox 1215 3001 1413 3072; x_wconf 88' lang='lat' dir='ltr'><strong>Utique</strong></span> <span class='ocrx_word' id='word_1_368' title='bbox 1443 3003 1678 3058; x_wconf 83' lang='lat' dir='ltr'><strong>rationa-</strong></span> 
     </span>
    </p>
   </div>
   <div class='ocr_carea' id='block_1_46' title="bbox 116 3097 1688 3171">
    <p class='ocr_par' dir='ltr' id='par_1_46' title="bbox 116 3097 1688 3171">
     <span class='ocr_line' id='line_1_46' title="bbox 116 3097 1688 3171; baseline -0.001 -20"><span class='ocrx_word' id='word_1_369' title='bbox 116 3097 220 3164; x_wconf 85' lang='lat' dir='ltr'><strong>bile,</strong></span> <span class='ocrx_word' id='word_1_370' title='bbox 249 3101 380 3171; x_wconf 91' lang='lat' dir='ltr'><strong>quod</strong></span> <span class='ocrx_word' id='word_1_371' title='bbox 411 3099 638 3157; x_wconf 77' lang='lat' dir='ltr'><strong>czeteris</strong></span> <span class='ocrx_word' id='word_1_372' title='bbox 664 3099 863 3153; x_wconf 72' lang='lat' dir='ltr'><strong>animm</strong></span> <span class='ocrx_word' id='word_1_373' title='bbox 887 3097 1182 3152; x_wconf 82' lang='lat' dir='ltr'><strong>virtutibus</strong></span> <span class='ocrx_word' id='word_1_374' title='bbox 1209 3098 1599 3167; x_wconf 86' lang='lat' dir='ltr'><strong>supereminet.</strong></span> <span class='ocrx_word' id='word_1_375' title='bbox 1633 3107 1688 3152; x_wconf 89' lang='lat' dir='ltr'><strong>et</strong></span> 
     </span>
    </p>
   </div>
   <div class='ocr_carea' id='block_1_47' title="bbox 114 3188 1764 3263">
    <p class='ocr_par' dir='ltr' id='par_1_47' title="bbox 114 3188 1764 3263">
     <span class='ocr_line' id='line_1_47' title="bbox 114 3188 1764 3263; baseline 0.001 -22"><span class='ocrx_word' id='word_1_376' title='bbox 114 3204 201 3254; x_wconf 89' lang='lat' dir='ltr'><strong>quo</strong></span> <span class='ocrx_word' id='word_1_377' title='bbox 238 3191 496 3263; x_wconf 74' lang='lat' dir='ltr'><strong>prtecipua</strong></span> <span class='ocrx_word' id='word_1_378' title='bbox 551 3199 745 3244; x_wconf 85' lang='lat' dir='ltr'><strong>natura</strong></span> <span class='ocrx_word' id='word_1_379' title='bbox 792 3189 1028 3243; x_wconf 89' lang='lat' dir='ltr'><strong>hominis</strong></span> <span class='ocrx_word' id='word_1_380' title='bbox 1071 3189 1395 3242; x_wconf 80' lang='lat' dir='ltr'><strong>:cstimatur.</strong></span> <span class='ocrx_word' id='word_1_381' title='bbox 1427 3188 1563 3254; x_wconf 90' lang='lat' dir='ltr'><strong>Quid</strong></span> <span class='ocrx_word' id='word_1_382' title='bbox 1609 3196 1691 3244; x_wconf 89' lang='lat' dir='ltr'><strong>est</strong></span> <span class='ocrx_word' id='word_1_383' title='bbox 1720 3198 1764 3260; x_wconf 64' lang='grc' dir='ltr'><strong>(ζ</strong></span> 
     </span>
    </p>
   </div>
   <div class='ocr_carea' id='block_1_48' title="bbox 116 3280 1697 3354">
    <p class='ocr_par' dir='ltr' id='par_1_48' title="bbox 116 3280 1697 3354">
     <span class='ocr_line' id='line_1_48' title="bbox 116 3280 1697 3354; baseline 0.002 -22"><span class='ocrx_word' id='word_1_384' title='bbox 116 3280 250 3350; x_wconf 79' lang='lat' dir='ltr'><strong>igitur</strong></span> <span class='ocrx_word' id='word_1_385' title='bbox 273 3282 530 3354; x_wconf 88' lang='lat' dir='ltr'><strong>Spiritus,</strong></span> <span class='ocrx_word' id='word_1_386' title='bbox 555 3283 645 3353; x_wconf 92' lang='lat' dir='ltr'><strong>qui</strong></span> <span class='ocrx_word' id='word_1_387' title='bbox 665 3282 776 3337; x_wconf 85' lang='lat' dir='ltr'><strong>alta</strong></span> <span class='ocrx_word' id='word_1_388' title='bbox 795 3281 892 3336; x_wconf 91' lang='lat' dir='ltr'><strong>Dei</strong></span> <span class='ocrx_word' id='word_1_389' title='bbox 916 3281 1086 3345; x_wconf 83' lang='lat' dir='ltr'><strong>novit,</strong></span> <span class='ocrx_word' id='word_1_390' title='bbox 1111 3296 1206 3350; x_wconf 88' lang='lat' dir='ltr'><strong>per</strong></span> <span class='ocrx_word' id='word_1_391' title='bbox 1227 3295 1386 3350; x_wconf 89' lang='lat' dir='ltr'><strong>quem</strong></span> <span class='ocrx_word' id='word_1_392' title='bbox 1419 3281 1560 3336; x_wconf 91' lang='lat' dir='ltr'><strong>Deus</strong></span> <span class='ocrx_word' id='word_1_393' title='bbox 1582 3297 1697 3335; x_wconf 85' lang='lat' dir='ltr'><strong>om-</strong></span> 
     </span>
    </p>
   </div>
   <div class='ocr_carea' id='block_1_49' title="bbox 116 3371 1697 3444">
    <p class='ocr_par' dir='ltr' id='par_1_49' title="bbox 116 3371 1697 3444">
     <span class='ocr_line' id='line_1_49' title="bbox 116 3371 1697 3444; baseline 0.001 -18"><span class='ocrx_word' id='word_1_394' title='bbox 116 3373 331 3444; x_wconf 88' lang='lat' dir='ltr'><strong>nipotens</strong></span> <span class='ocrx_word' id='word_1_395' title='bbox 371 3377 672 3434; x_wconf 86' lang='lat' dir='ltr'><strong>revelatnr.</strong></span> <span class='ocrx_word' id='word_1_396' title='bbox 711 3373 982 3443; x_wconf 87' lang='lat' dir='ltr'><strong>Numquid</strong></span> <span class='ocrx_word' id='word_1_397' title='bbox 1025 3372 1364 3443; x_wconf 90' lang='lat' dir='ltr'><strong>plenitudine</strong></span> <span class='ocrx_word' id='word_1_398' title='bbox 1401 3371 1697 3428; x_wconf 88' lang='lat' dir='ltr'><strong>divinitatis</strong></span> 
     </span>
    </p>
   </div>
   <div class='ocr_carea' id='block_1_50' title="bbox 116 3465 1694 3542">
    <p class='ocr_par' dir='ltr' id='par_1_50' title="bbox 116 3465 1694 3542">
     <span class='ocr_line' id='line_1_50' title="bbox 116 3465 1694 3542; baseline 0.001 -23"><span class='ocrx_word' id='word_1_399' title='bbox 116 3465 308 3525; x_wconf 84' lang='lat' dir='ltr'><strong>inferior</strong></span> <span class='ocrx_word' id='word_1_400' title='bbox 334 3479 433 3539; x_wconf 90' lang='lat' dir='ltr'><strong>est,</strong></span> <span class='ocrx_word' id='word_1_401' title='bbox 457 3469 560 3542; x_wconf 84' lang='lat' dir='ltr'><strong>qui</strong></span> <span class='ocrx_word' id='word_1_402' title='bbox 587 3468 828 3539; x_wconf 88' lang='lat' dir='ltr'><strong>ejusdem</strong></span> <span class='ocrx_word' id='word_1_403' title='bbox 855 3482 976 3521; x_wconf 90' lang='lat' dir='ltr'><strong>cum</strong></span> <span class='ocrx_word' id='word_1_404' title='bbox 1006 3466 1164 3520; x_wconf 89' lang='lat' dir='ltr'><strong>Patre</strong></span> <span class='ocrx_word' id='word_1_405' title='bbox 1194 3465 1510 3521; x_wconf 73' lang='lat' dir='ltr'><strong>substantiae</strong></span> <span class='ocrx_word' id='word_1_406' title='bbox 1531 3466 1694 3522; x_wconf 90' lang='lat' dir='ltr'><strong>etiam</strong></span> 
     </span>
    </p>
   </div>
   <div class='ocr_carea' id='block_1_51' title="bbox 116 3557 1699 3635">
    <p class='ocr_par' dir='ltr' id='par_1_51' title="bbox 116 3557 1699 3635">
     <span class='ocr_line' id='line_1_51' title="bbox 116 3557 1699 3635; baseline 0.001 -24"><span class='ocrx_word' id='word_1_407' title='bbox 116 3557 200 3614; x_wconf 90' lang='lat' dir='ltr'><strong>hoc</strong></span> <span class='ocrx_word' id='word_1_408' title='bbox 223 3564 456 3634; x_wconf 73' lang='lat' dir='ltr'><strong>exemplo</strong></span> <span class='ocrx_word' id='word_1_409' title='bbox 487 3560 796 3635; x_wconf 86' lang='lat' dir='ltr'><strong>probatur?</strong></span> <span class='ocrx_word' id='word_1_410' title='bbox 823 3559 932 3614; x_wconf 77' lang='lat' dir='ltr'><strong>Aut.</strong></span> <span class='ocrx_word' id='word_1_411' title='bbox 952 3558 1150 3629; x_wconf 86' lang='lat' dir='ltr'><strong>aliquid</strong></span> <span class='ocrx_word' id='word_1_412' title='bbox 1175 3559 1404 3629; x_wconf 79' lang='lat' dir='ltr'><strong>ignorat,</strong></span> <span class='ocrx_word' id='word_1_413' title='bbox 1439 3558 1529 3627; x_wconf 92' lang='lat' dir='ltr'><strong>qui</strong></span> <span class='ocrx_word' id='word_1_414' title='bbox 1548 3559 1699 3613; x_wconf 85' lang='lat' dir='ltr'><strong>novit</strong></span> 
     </span>
    </p>
   </div>
   <div class='ocr_carea' id='block_1_52' title="bbox 115 3649 1696 3725">
    <p class='ocr_par' dir='ltr' id='par_1_52' title="bbox 115 3649 1696 3725">
     <span class='ocr_line' id='line_1_52' title="bbox 115 3649 1696 3725; baseline -0.002 -20"><span class='ocrx_word' id='word_1_415' title='bbox 115 3654 308 3710; x_wconf 85' lang='lat' dir='ltr'><strong>consilia</strong></span> <span class='ocrx_word' id='word_1_416' title='bbox 336 3656 424 3712; x_wconf 88' lang='lat' dir='ltr'><strong>Dei</strong></span> <span class='ocrx_word' id='word_1_417' title='bbox 447 3699 461 3724; x_wconf 96' lang='lat'><strong>,</strong></span> <span class='ocrx_word' id='word_1_418' title='bbox 492 3664 559 3711; x_wconf 88' lang='lat' dir='ltr'><strong>et</strong></span> <span class='ocrx_word' id='word_1_419' title='bbox 585 3652 840 3725; x_wconf 80' lang='lat' dir='ltr'><strong>mysteria</strong></span> <span class='ocrx_word' id='word_1_420' title='bbox 872 3652 990 3722; x_wconf 91' lang='lat' dir='ltr'><strong>ejus</strong></span> <span class='ocrx_word' id='word_1_421' title='bbox 1016 3651 1084 3706; x_wconf 89' lang='lat' dir='ltr'><strong>ab</strong></span> <span class='ocrx_word' id='word_1_422' title='bbox 1133 3651 1290 3706; x_wconf 89' lang='lat' dir='ltr'><strong>initio</strong></span> <span class='ocrx_word' id='word_1_423' title='bbox 1335 3649 1650 3707; x_wconf 85' lang='lat' dir='ltr'><strong>abscondita</strong></span> <span class='ocrx_word' id='word_1_424' title='bbox 1674 3650 1696 3702; x_wconf 62' lang='grc' dir='ltr'><strong>ἵν</strong></span> 
     </span>
    </p>
   </div>
   <div class='ocr_carea' id='block_1_53' title="bbox 116 3741 1699 3820">
    <p class='ocr_par' dir='ltr' id='par_1_53' title="bbox 116 3741 1699 3820">
     <span class='ocr_line' id='line_1_53' title="bbox 116 3741 1699 3820; baseline -0.002 -23"><span class='ocrx_word' id='word_1_425' title='bbox 116 3742 228 3809; x_wconf 88' lang='lat' dir='ltr'><strong>Quid</strong></span> <span class='ocrx_word' id='word_1_426' title='bbox 247 3759 322 3803; x_wconf 90' lang='lat' dir='ltr'><strong>est</strong></span> <span class='ocrx_word' id='word_1_427' title='bbox 343 3749 480 3820; x_wconf 90' lang='lat' dir='ltr'><strong>quod</strong></span> <span class='ocrx_word' id='word_1_428' title='bbox 508 3747 746 3812; x_wconf 87' lang='lat' dir='ltr'><strong>nesciat,</strong></span> <span class='ocrx_word' id='word_1_429' title='bbox 773 3744 864 3815; x_wconf 90' lang='lat' dir='ltr'><strong>qui</strong></span> <span class='ocrx_word' id='word_1_430' title='bbox 890 3745 1037 3799; x_wconf 87' lang='lat' dir='ltr'><strong>novit</strong></span> <span class='ocrx_word' id='word_1_431' title='bbox 1065 3744 1244 3798; x_wconf 87' lang='lat' dir='ltr'><strong>omnia</strong></span> <span class='ocrx_word' id='word_1_432' title='bbox 1273 3758 1394 3812; x_wconf 64' lang='lat' dir='ltr'><strong>qua:</strong></span> <span class='ocrx_word' id='word_1_433' title='bbox 1420 3743 1515 3798; x_wconf 89' lang='lat' dir='ltr'><strong>Dei</strong></span> <span class='ocrx_word' id='word_1_434' title='bbox 1534 3741 1699 3810; x_wconf 72' lang='lat' dir='ltr'><strong>sunt?</strong></span> 
     </span>
    </p>
   </div>
   <div class='ocr_carea' id='block_1_54' title="bbox 115 3830 1693 3907">
    <p class='ocr_par' dir='ltr' id='par_1_54' title="bbox 115 3830 1693 3907">
     <span class='ocr_line' id='line_1_54' title="bbox 115 3830 1693 3907; baseline -0.003 -18"><span class='ocrx_word' id='word_1_435' title='bbox 115 3835 316 3905; x_wconf 81' lang='lat' dir='ltr'><strong>Spiritus</strong></span> <span class='ocrx_word' id='word_1_436' title='bbox 345 3842 484 3897; x_wconf 87' lang='lat' dir='ltr'><strong>cnim</strong></span> <span class='ocrx_word' id='word_1_437' title='bbox 528 3839 686 3894; x_wconf 88' lang='lat' dir='ltr'><strong>etiam</strong></span> <span class='ocrx_word' id='word_1_438' title='bbox 708 3839 816 3892; x_wconf 88' lang='lat' dir='ltr'><strong>alta</strong></span> <span class='ocrx_word' id='word_1_439' title='bbox 845 3836 944 3890; x_wconf 85' lang='lat' dir='ltr'><strong>Dei</strong></span> <span class='ocrx_word' id='word_1_440' title='bbox 972 3844 1230 3890; x_wconf 86' lang='lat' dir='ltr'><strong>scrutatur</strong></span> <span class='ocrx_word' id='word_1_441' title='bbox 1259 3835 1302 3907; x_wconf 92' lang='lat' dir='ltr'><strong>(I</strong></span> <span class='ocrx_word' id='word_1_442' title='bbox 1333 3832 1451 3888; x_wconf 87' lang='lat' dir='ltr'><strong>Cor.</strong></span> <span class='ocrx_word' id='word_1_443' title='bbox 1487 3848 1544 3896; x_wconf 91' lang='grc' dir='ltr'><strong>ιι,</strong></span> <span class='ocrx_word' id='word_1_444' title='bbox 1581 3830 1693 3901; x_wconf 92' lang='grc'><strong>10).</strong></span> 
     </span>
    </p>
   </div>
   <div class='ocr_carea' id='block_1_55' title="bbox 174 3910 1696 4004">
    <p class='ocr_par' dir='ltr' id='par_1_55' title="bbox 174 3910 1696 4004">
     <span class='ocr_line' id='line_1_55' title="bbox 174 3910 1696 4004; baseline -0.005 -18"><span class='ocrx_word' id='word_1_445' title='bbox 174 3933 286 3988; x_wconf 74' lang='grc'><strong>127.</strong></span> <span class='ocrx_word' id='word_1_446' title='bbox 324 3938 396 3990; x_wconf 81' lang='lat' dir='ltr'><strong>Ac</strong></span> <span class='ocrx_word' id='word_1_447' title='bbox 423 3951 490 3991; x_wconf 92' lang='lat' dir='ltr'><strong>ne</strong></span> <span class='ocrx_word' id='word_1_448' title='bbox 519 3942 682 4004; x_wconf 82' lang='lat' dir='ltr'><strong>putes</strong></span> <span class='ocrx_word' id='word_1_449' title='bbox 700 3930 844 4002; x_wconf 89' lang='lat' dir='ltr'><strong>quod</strong></span> <span class='ocrx_word' id='word_1_450' title='bbox 866 3937 1142 3985; x_wconf 88' lang='lat' dir='ltr'><strong>scrutetur</strong></span> <span class='ocrx_word' id='word_1_451' title='bbox 1170 3910 1467 3997; x_wconf 64' lang='lat' dir='ltr'><strong>incognita,</strong></span> <span class='ocrx_word' id='word_1_452' title='bbox 1491 3936 1545 3980; x_wconf 93' lang='lat' dir='ltr'><strong>et</strong></span> <span class='ocrx_word' id='word_1_453' title='bbox 1575 3924 1696 3979; x_wconf 87' lang='lat' dir='ltr'><strong>ideo</strong></span> 
     </span>
    </p>
   </div>
   <div class='ocr_carea' id='block_1_56' title="bbox 121 4019 1696 4094">
    <p class='ocr_par' dir='ltr' id='par_1_56' title="bbox 121 4019 1696 4094">
     <span class='ocr_line' id='line_1_56' title="bbox 121 4019 1696 4094; baseline -0.006 -16"><span class='ocrx_word' id='word_1_454' title='bbox 121 4035 382 4094; x_wconf 87' lang='lat' dir='ltr'><strong>scrutetur,</strong></span> <span class='ocrx_word' id='word_1_455' title='bbox 414 4037 471 4082; x_wconf 93' lang='lat' dir='ltr'><strong>ut</strong></span> <span class='ocrx_word' id='word_1_456' title='bbox 491 4026 671 4082; x_wconf 90' lang='lat' dir='ltr'><strong>discat</strong></span> <span class='ocrx_word' id='word_1_457' title='bbox 695 4023 746 4078; x_wconf 90' lang='lat' dir='ltr'><strong>id</strong></span> <span class='ocrx_word' id='word_1_458' title='bbox 773 4021 917 4094; x_wconf 90' lang='lat' dir='ltr'><strong>quod</strong></span> <span class='ocrx_word' id='word_1_459' title='bbox 949 4022 1198 4090; x_wconf 78' lang='lat' dir='ltr'><strong>ignoret;</strong></span> <span class='ocrx_word' id='word_1_460' title='bbox 1223 4019 1390 4090; x_wconf 78' lang='lat'><strong>658</strong></span> <span class='ocrx_word' id='word_1_461' title='bbox 1409 4030 1536 4071; x_wconf 90' lang='lat' dir='ltr'><strong>ante</strong></span> <span class='ocrx_word' id='word_1_462' title='bbox 1558 4033 1696 4086; x_wconf 67' lang='lat' dir='ltr'><strong>prie-</strong></span> 
     </span>
    </p>
   </div>
   <div class='ocr_carea' id='block_1_57' title="bbox 118 4111 1692 4188">
    <p class='ocr_par' dir='ltr' id='par_1_57' title="bbox 118 4111 1692 4188">
     <span class='ocr_line' id='line_1_57' title="bbox 118 4111 1692 4188; baseline -0.005 -19"><span class='ocrx_word' id='word_1_463' title='bbox 118 4116 241 4172; x_wconf 90' lang='lat' dir='ltr'><strong>misit</strong></span> <span class='ocrx_word' id='word_1_464' title='bbox 257 4121 372 4188; x_wconf 90' lang='lat' dir='ltr'><strong>quia</strong></span> <span class='ocrx_word' id='word_1_465' title='bbox 392 4117 662 4175; x_wconf 80' lang='lat' dir='ltr'><strong>rereIavit</strong></span> <span class='ocrx_word' id='word_1_466' title='bbox 685 4116 841 4170; x_wconf 90' lang='lat' dir='ltr'><strong>nobis</strong></span> <span class='ocrx_word' id='word_1_467' title='bbox 868 4115 1012 4170; x_wconf 89' lang='lat' dir='ltr'><strong>Deus</strong></span> <span class='ocrx_word' id='word_1_468' title='bbox 1031 4111 1058 4150; x_wconf 74' lang='grc' dir='ltr'>ι)</span> <span class='ocrx_word' id='word_1_469' title='bbox 1087 4127 1189 4182; x_wconf 87' lang='lat' dir='ltr'><strong>per</strong></span> <span class='ocrx_word' id='word_1_470' title='bbox 1209 4111 1476 4180; x_wconf 86' lang='lat' dir='ltr'><strong>Spiritum</strong></span> <span class='ocrx_word' id='word_1_471' title='bbox 1499 4122 1655 4163; x_wconf 88' lang='lat' dir='ltr'><strong>suum</strong></span> <span class='ocrx_word' id='word_1_472' title='bbox 1681 4127 1692 4161; x_wconf 88' lang='lat'><strong>:</strong></span> 
     </span>
    </p>
   </div>
   <div class='ocr_carea' id='block_1_58' title="bbox 119 4199 1696 4278">
    <p class='ocr_par' dir='ltr' id='par_1_58' title="bbox 119 4199 1696 4278">
     <span class='ocr_line' id='line_1_58' title="bbox 119 4199 1696 4278; baseline -0.004 -19"><span class='ocrx_word' id='word_1_473' title='bbox 119 4206 254 4263; x_wconf 87' lang='lat' dir='ltr'><strong>simul</strong></span> <span class='ocrx_word' id='word_1_474' title='bbox 293 4219 350 4265; x_wconf 91' lang='lat' dir='ltr'><strong>ut</strong></span> <span class='ocrx_word' id='word_1_475' title='bbox 378 4211 624 4265; x_wconf 70' lang='lat' dir='ltr'><strong>discere:</strong></span> <span class='ocrx_word' id='word_1_476' title='bbox 654 4208 781 4278; x_wconf 88' lang='lat' dir='ltr'><strong>quia</strong></span> <span class='ocrx_word' id='word_1_477' title='bbox 827 4207 977 4261; x_wconf 91' lang='lat' dir='ltr'><strong>novit</strong></span> <span class='ocrx_word' id='word_1_478' title='bbox 1005 4203 1240 4274; x_wconf 90' lang='lat' dir='ltr'><strong>Spiritus</strong></span> <span class='ocrx_word' id='word_1_479' title='bbox 1265 4213 1386 4270; x_wconf 68' lang='lat' dir='ltr'><strong>qua:</strong></span> <span class='ocrx_word' id='word_1_480' title='bbox 1415 4199 1571 4255; x_wconf 89' lang='lat' dir='ltr'><strong>nobis</strong></span> <span class='ocrx_word' id='word_1_481' title='bbox 1600 4216 1696 4268; x_wconf 89' lang='lat' dir='ltr'><strong>per</strong></span> 
     </span>
    </p>
   </div>
   <div class='ocr_carea' id='block_1_59' title="bbox 121 4291 1690 4373">
    <p class='ocr_par' dir='ltr' id='par_1_59' title="bbox 121 4291 1690 4373">
     <span class='ocr_line' id='line_1_59' title="bbox 121 4291 1690 4373; baseline -0.004 -23"><span class='ocrx_word' id='word_1_482' title='bbox 121 4297 269 4367; x_wconf 87' lang='lat' dir='ltr'><strong>ipsum</strong></span> <span class='ocrx_word' id='word_1_483' title='bbox 315 4301 582 4373; x_wconf 86' lang='lat' dir='ltr'><strong>Spiritum</strong></span> <span class='ocrx_word' id='word_1_484' title='bbox 630 4299 965 4362; x_wconf 86' lang='lat' dir='ltr'><strong>revelantur,</strong></span> <span class='ocrx_word' id='word_1_485' title='bbox 1021 4296 1072 4350; x_wconf 91' lang='lat' dir='ltr'><strong>in</strong></span> <span class='ocrx_word' id='word_1_486' title='bbox 1129 4292 1522 4364; x_wconf 87' lang='lat' dir='ltr'><strong>posterioribus</strong></span> <span class='ocrx_word' id='word_1_487' title='bbox 1569 4291 1690 4345; x_wconf 88' lang='lat' dir='ltr'><strong>ait:</strong></span> 
     </span>
    </p>
   </div>
   <div class='ocr_carea' id='block_1_60' title="bbox 123 4385 1694 4462">
    <p class='ocr_par' dir='ltr' id='par_1_60' title="bbox 123 4385 1694 4462">
     <span class='ocr_line' id='line_1_60' title="bbox 123 4385 1694 4462; baseline -0.006 -16"><span class='ocrx_word' id='word_1_488' title='bbox 123 4391 228 4458; x_wconf 83' lang='lat' dir='ltr'><strong>Quis</strong></span> <span class='ocrx_word' id='word_1_489' title='bbox 253 4399 381 4450; x_wconf 85' lang='lat' dir='ltr'><strong>enim</strong></span> <span class='ocrx_word' id='word_1_490' title='bbox 407 4399 501 4452; x_wconf 84' lang='lat' dir='ltr'><strong>scit</strong></span> <span class='ocrx_word' id='word_1_491' title='bbox 537 4395 807 4450; x_wconf 83' lang='lat' dir='ltr'><strong>hominum</strong></span> <span class='ocrx_word' id='word_1_492' title='bbox 832 4407 947 4462; x_wconf 74' lang='lat' dir='ltr'><strong>qua:</strong></span> <span class='ocrx_word' id='word_1_493' title='bbox 977 4389 1202 4444; x_wconf 87' lang='lat' dir='ltr'><strong>hominis</strong></span> <span class='ocrx_word' id='word_1_494' title='bbox 1230 4398 1369 4453; x_wconf 86' lang='lat' dir='ltr'><strong>sunt,</strong></span> <span class='ocrx_word' id='word_1_495' title='bbox 1406 4398 1427 4424; x_wconf 76' lang='grc' dir='ltr'><strong>ο</strong></span> <span class='ocrx_word' id='word_1_496' title='bbox 1461 4386 1560 4439; x_wconf 84' lang='lat' dir='ltr'><strong>nisi</strong></span> <span class='ocrx_word' id='word_1_497' title='bbox 1589 4385 1694 4455; x_wconf 87' lang='lat' dir='ltr'><strong>spi-</strong></span> 
     </span>
    </p>
   </div>
   <div class='ocr_carea' id='block_1_61' title="bbox 122 4481 1694 4560">
    <p class='ocr_par' dir='ltr' id='par_1_61' title="bbox 122 4481 1694 4560">
     <span class='ocr_line' id='line_1_61' title="bbox 122 4481 1694 4560; baseline -0.002 -24"><span class='ocrx_word' id='word_1_498' title='bbox 122 4486 229 4541; x_wconf 83' lang='lat' dir='ltr'><strong>ritus</strong></span> <span class='ocrx_word' id='word_1_499' title='bbox 248 4491 462 4546; x_wconf 85' lang='lat' dir='ltr'><strong>hominis</strong></span> <span class='ocrx_word' id='word_1_500' title='bbox 484 4490 576 4560; x_wconf 88' lang='lat' dir='ltr'><strong>qui</strong></span> <span class='ocrx_word' id='word_1_501' title='bbox 606 4490 658 4543; x_wconf 90' lang='lat' dir='ltr'><strong>in</strong></span> <span class='ocrx_word' id='word_1_502' title='bbox 679 4489 790 4560; x_wconf 87' lang='lat' dir='ltr'><strong>ipso</strong></span> <span class='ocrx_word' id='word_1_503' title='bbox 815 4496 937 4556; x_wconf 45' lang='lat' dir='ltr'><strong>est;</strong></span> <span class='ocrx_word' id='word_1_504' title='bbox 960 4486 1032 4540; x_wconf 86' lang='lat' dir='ltr'><strong>sic</strong></span> <span class='ocrx_word' id='word_1_505' title='bbox 1055 4494 1100 4538; x_wconf 89' lang='lat' dir='ltr'><strong>et</strong></span> <span class='ocrx_word' id='word_1_506' title='bbox 1125 4500 1239 4555; x_wconf 69' lang='lat' dir='ltr'><strong>quia</strong></span> <span class='ocrx_word' id='word_1_507' title='bbox 1259 4481 1357 4538; x_wconf 88' lang='lat' dir='ltr'><strong>Dei</strong></span> <span class='ocrx_word' id='word_1_508' title='bbox 1379 4490 1519 4546; x_wconf 88' lang='lat' dir='ltr'><strong>sunt,</strong></span> <span class='ocrx_word' id='word_1_509' title='bbox 1548 4497 1694 4535; x_wconf 88' lang='lat' dir='ltr'><strong>nemo</strong></span> 
     </span>
    </p>
   </div>
   <div class='ocr_carea' id='block_1_62' title="bbox 1791 1888 3390 1974">
    <p class='ocr_par' dir='ltr' id='par_1_62' title="bbox 1791 1888 3390 1974">
     <span class='ocr_line' id='line_1_62' title="bbox 1791 1888 3390 1974; baseline 0.011 -31"><span class='ocrx_word' id='word_1_510' title='bbox 1791 1888 1959 1943; x_wconf 90' lang='lat' dir='ltr'><strong>divini</strong></span> <span class='ocrx_word' id='word_1_511' title='bbox 1989 1891 2356 1960; x_wconf 80' lang='lat' dir='ltr'><strong>cognitionem</strong></span> <span class='ocrx_word' id='word_1_512' title='bbox 2393 1907 2718 1952; x_wconf 84' lang='lat' dir='ltr'><strong>consecutus</strong></span> <span class='ocrx_word' id='word_1_513' title='bbox 2747 1899 2953 1966; x_wconf 88' lang='lat' dir='ltr'><strong>arcani,</strong></span> <span class='ocrx_word' id='word_1_514' title='bbox 3000 1902 3239 1958; x_wconf 88' lang='lat' dir='ltr'><strong>ostendit</strong></span> <span class='ocrx_word' id='word_1_515' title='bbox 3265 1907 3390 1974; x_wconf 82' lang='lat' dir='ltr'><strong>quia</strong></span> 
     </span>
    </p>
   </div>
   <div class='ocr_carea' id='block_1_63' title="bbox 1789 1983 3392 2063">
    <p class='ocr_par' dir='ltr' id='par_1_63' title="bbox 1789 1983 3392 2063">
     <span class='ocr_line' id='line_1_63' title="bbox 1789 1983 3392 2063; baseline 0.01 -29"><span class='ocrx_word' id='word_1_516' title='bbox 1789 1990 1844 2035; x_wconf 91' lang='lat' dir='ltr'><strong>et</strong></span> <span class='ocrx_word' id='word_1_517' title='bbox 1876 1984 2030 2036; x_wconf 91' lang='lat' dir='ltr'><strong>novit</strong></span> <span class='ocrx_word' id='word_1_518' title='bbox 2057 1983 2291 2053; x_wconf 89' lang='lat' dir='ltr'><strong>Spiritus</strong></span> <span class='ocrx_word' id='word_1_519' title='bbox 2339 1986 2533 2054; x_wconf 90' lang='lat' dir='ltr'><strong>Deum,</strong></span> <span class='ocrx_word' id='word_1_520' title='bbox 2564 1997 2618 2043; x_wconf 89' lang='lat' dir='ltr'><strong>et</strong></span> <span class='ocrx_word' id='word_1_521' title='bbox 2647 2005 2710 2042; x_wconf 91' lang='lat' dir='ltr'><strong>ea</strong></span> <span class='ocrx_word' id='word_1_522' title='bbox 2757 1991 2915 2047; x_wconf 85' lang='lat' dir='ltr'><strong>nobis</strong></span> <span class='ocrx_word' id='word_1_523' title='bbox 2941 2009 3062 2061; x_wconf 60' lang='lat' dir='ltr'><strong>quas</strong></span> <span class='ocrx_word' id='word_1_524' title='bbox 3109 1993 3200 2050; x_wconf 90' lang='lat' dir='ltr'><strong>Dei</strong></span> <span class='ocrx_word' id='word_1_525' title='bbox 3241 2005 3392 2063; x_wconf 87' lang='lat' dir='ltr'><strong>sunt,</strong></span> 
     </span>
    </p>
   </div>
   <div class='ocr_carea' id='block_1_64' title="bbox 1789 2071 3390 2143">
    <p class='ocr_par' dir='ltr' id='par_1_64' title="bbox 1789 2071 3390 2143">
     <span class='ocr_line' id='line_1_64' title="bbox 1789 2071 3390 2143; baseline 0.009 -15"><span class='ocrx_word' id='word_1_526' title='bbox 1789 2071 2025 2141; x_wconf 89' lang='lat' dir='ltr'><strong>Spiritus</strong></span> <span class='ocrx_word' id='word_1_527' title='bbox 2053 2075 2334 2143; x_wconf 82' lang='lat' dir='ltr'><strong>rerelavit,</strong></span> <span class='ocrx_word' id='word_1_528' title='bbox 2367 2077 2507 2133; x_wconf 86' lang='lat' dir='ltr'><strong>sicut</strong></span> <span class='ocrx_word' id='word_1_529' title='bbox 2532 2081 2797 2135; x_wconf 84' lang='lat' dir='ltr'><strong>revelavit</strong></span> <span class='ocrx_word' id='word_1_530' title='bbox 2818 2092 2874 2138; x_wconf 89' lang='lat' dir='ltr'><strong>et</strong></span> <span class='ocrx_word' id='word_1_531' title='bbox 2903 2083 3092 2140; x_wconf 90' lang='lat' dir='ltr'><strong>Filius.</strong></span> <span class='ocrx_word' id='word_1_532' title='bbox 3140 2085 3210 2140; x_wconf 88' lang='lat' dir='ltr'><strong>Et</strong></span> <span class='ocrx_word' id='word_1_533' title='bbox 3236 2087 3390 2143; x_wconf 88' lang='lat' dir='ltr'><strong>addi-</strong></span> 
     </span>
    </p>
   </div>
   <div class='ocr_carea' id='block_1_65' title="bbox 1788 2163 3382 2248">
    <p class='ocr_par' dir='ltr' id='par_1_65' title="bbox 1788 2163 3382 2248">
     <span class='ocr_line' id='line_1_65' title="bbox 1788 2163 3382 2248; baseline 0.011 -30"><span class='ocrx_word' id='word_1_534' title='bbox 1788 2163 1869 2219; x_wconf 88' lang='lat' dir='ltr'><strong>dit</strong></span> <span class='ocrx_word' id='word_1_535' title='bbox 1900 2183 1912 2219; x_wconf 92' lang='lat'>:</span> <span class='ocrx_word' id='word_1_536' title='bbox 1947 2164 2062 2220; x_wconf 86' lang='lat' dir='ltr'><strong>Nos</strong></span> <span class='ocrx_word' id='word_1_537' title='bbox 2094 2177 2266 2222; x_wconf 87' lang='lat' dir='ltr'><strong>autem</strong></span> <span class='ocrx_word' id='word_1_538' title='bbox 2294 2186 2396 2223; x_wconf 89' lang='lat' dir='ltr'><strong>non</strong></span> <span class='ocrx_word' id='word_1_539' title='bbox 2422 2171 2660 2238; x_wconf 83' lang='lat' dir='ltr'><strong>spiritum</strong></span> <span class='ocrx_word' id='word_1_540' title='bbox 2684 2173 2838 2242; x_wconf 84' lang='lat' dir='ltr'><strong>hujus</strong></span> <span class='ocrx_word' id='word_1_541' title='bbox 2866 2177 3049 2229; x_wconf 88' lang='lat' dir='ltr'><strong>mundi</strong></span> <span class='ocrx_word' id='word_1_542' title='bbox 3070 2179 3382 2248; x_wconf 75' lang='lat' dir='ltr'><strong>accepimus,</strong></span> 
     </span>
    </p>
   </div>
   <div class='ocr_carea' id='block_1_66' title="bbox 1789 2257 3389 2337">
    <p class='ocr_par' dir='ltr' id='par_1_66' title="bbox 1789 2257 3389 2337">
     <span class='ocr_line' id='line_1_66' title="bbox 1789 2257 3389 2337; baseline 0.009 -27"><span class='ocrx_word' id='word_1_543' title='bbox 1789 2257 1878 2311; x_wconf 87' lang='lat' dir='ltr'><strong>sed</strong></span> <span class='ocrx_word' id='word_1_544' title='bbox 1924 2257 2180 2327; x_wconf 87' lang='lat' dir='ltr'><strong>Spiritunt</strong></span> <span class='ocrx_word' id='word_1_545' title='bbox 2221 2261 2311 2331; x_wconf 85' lang='lat' dir='ltr'><strong>qui</strong></span> <span class='ocrx_word' id='word_1_546' title='bbox 2340 2277 2403 2314; x_wconf 78' lang='lat' dir='ltr'><strong>ea:</strong></span> <span class='ocrx_word' id='word_1_547' title='bbox 2431 2261 2541 2316; x_wconf 88' lang='lat' dir='ltr'><strong>Deo</strong></span> <span class='ocrx_word' id='word_1_548' title='bbox 2566 2273 2642 2316; x_wconf 87' lang='lat' dir='ltr'><strong>est</strong></span> <span class='ocrx_word' id='word_1_549' title='bbox 2659 2281 2678 2328; x_wconf 91' lang='lat'><strong><em>;</em></strong></span> <span class='ocrx_word' id='word_1_550' title='bbox 2707 2273 2763 2317; x_wconf 86' lang='lat' dir='ltr'><strong>ut</strong></span> <span class='ocrx_word' id='word_1_551' title='bbox 2805 2266 3032 2320; x_wconf 85' lang='lat' dir='ltr'><strong>sciamus</strong></span> <span class='ocrx_word' id='word_1_552' title='bbox 3056 2284 3171 2337; x_wconf 74' lang='lat' dir='ltr'><strong>qua:</strong></span> <span class='ocrx_word' id='word_1_553' title='bbox 3214 2287 3247 2322; x_wconf 92' lang='lat' dir='ltr'><strong>a</strong></span> <span class='ocrx_word' id='word_1_554' title='bbox 3277 2269 3389 2325; x_wconf 87' lang='lat' dir='ltr'><strong>Deo</strong></span> 
     </span>
    </p>
   </div>
   <div class='ocr_carea' id='block_1_67' title="bbox 1789 2349 3392 2423">
    <p class='ocr_par' dir='ltr' id='par_1_67' title="bbox 1789 2349 3392 2423">
     <span class='ocr_line' id='line_1_67' title="bbox 1789 2349 3392 2423; baseline 0.01 -23"><span class='ocrx_word' id='word_1_555' title='bbox 1789 2349 1979 2402; x_wconf 82' lang='lat' dir='ltr'><strong>donata</strong></span> <span class='ocrx_word' id='word_1_556' title='bbox 2007 2361 2127 2403; x_wconf 88' lang='lat' dir='ltr'><strong>sunt</strong></span> <span class='ocrx_word' id='word_1_557' title='bbox 2157 2350 2321 2417; x_wconf 89' lang='lat' dir='ltr'><strong>nobis,</strong></span> <span class='ocrx_word' id='word_1_558' title='bbox 2372 2368 2488 2422; x_wconf 71' lang='lat' dir='ltr'><strong>quae</strong></span> <span class='ocrx_word' id='word_1_559' title='bbox 2513 2363 2560 2407; x_wconf 89' lang='lat' dir='ltr'><strong>et</strong></span> <span class='ocrx_word' id='word_1_560' title='bbox 2602 2355 2882 2423; x_wconf 86' lang='lat' dir='ltr'><strong>loquimur,</strong></span> <span class='ocrx_word' id='word_1_561' title='bbox 2917 2373 3020 2411; x_wconf 88' lang='lat' dir='ltr'><strong>non</strong></span> <span class='ocrx_word' id='word_1_562' title='bbox 3052 2359 3103 2412; x_wconf 86' lang='lat' dir='ltr'><strong>in</strong></span> <span class='ocrx_word' id='word_1_563' title='bbox 3143 2363 3392 2417; x_wconf 85' lang='lat' dir='ltr'><strong>suasoriis</strong></span> 
     </span>
    </p>
   </div>
   <div class='ocr_carea' id='block_1_68' title="bbox 1791 2440 3390 2524">
    <p class='ocr_par' dir='ltr' id='par_1_68' title="bbox 1791 2440 3390 2524">
     <span class='ocr_line' id='line_1_68' title="bbox 1791 2440 3390 2524; baseline 0.011 -33"><span class='ocrx_word' id='word_1_564' title='bbox 1791 2440 2032 2494; x_wconf 72' lang='lat' dir='ltr'><strong>humanae</strong></span> <span class='ocrx_word' id='word_1_565' title='bbox 2076 2443 2344 2510; x_wconf 78' lang='lat' dir='ltr'><strong>sapientia:</strong></span> <span class='ocrx_word' id='word_1_566' title='bbox 2372 2444 2554 2512; x_wconf 84' lang='lat' dir='ltr'><strong>verbis,</strong></span> <span class='ocrx_word' id='word_1_567' title='bbox 2590 2446 2681 2500; x_wconf 87' lang='lat' dir='ltr'><strong>sed</strong></span> <span class='ocrx_word' id='word_1_568' title='bbox 2722 2449 2778 2501; x_wconf 84' lang='lat' dir='ltr'><strong>in</strong></span> <span class='ocrx_word' id='word_1_569' title='bbox 2827 2449 3116 2506; x_wconf 81' lang='lat' dir='ltr'><strong>ostensione</strong></span> <span class='ocrx_word' id='word_1_570' title='bbox 3141 2451 3390 2524; x_wconf 83' lang='lat' dir='ltr'><strong>Spiritus,</strong></span> 
     </span>
    </p>
   </div>
   <div class='ocr_carea' id='block_1_69' title="bbox 1789 2535 2768 2613">
    <p class='ocr_par' dir='ltr' id='par_1_69' title="bbox 1789 2535 2768 2613">
     <span class='ocr_line' id='line_1_69' title="bbox 1789 2535 2768 2613; baseline 0.009 -23"><span class='ocrx_word' id='word_1_571' title='bbox 1789 2547 1837 2590; x_wconf 87' lang='lat' dir='ltr'><strong>et</strong></span> <span class='ocrx_word' id='word_1_572' title='bbox 1863 2536 2049 2590; x_wconf 86' lang='lat' dir='ltr'><strong>virtute</strong></span> <span class='ocrx_word' id='word_1_573' title='bbox 2076 2535 2174 2592; x_wconf 88' lang='lat' dir='ltr'><strong>Dei</strong></span> <span class='ocrx_word' id='word_1_574' title='bbox 2199 2538 2243 2610; x_wconf 91' lang='grc'><strong>(1</strong></span> <span class='ocrx_word' id='word_1_575' title='bbox 2271 2537 2392 2595; x_wconf 89' lang='lat' dir='ltr'><strong>Cor.</strong></span> <span class='ocrx_word' id='word_1_576' title='bbox 2420 2557 2475 2606; x_wconf 90' lang='grc' dir='ltr'><strong>ιι,</strong></span> <span class='ocrx_word' id='word_1_577' title='bbox 2510 2540 2598 2609; x_wconf 77' lang='grc'><strong>12,</strong></span> <span class='ocrx_word' id='word_1_578' title='bbox 2636 2543 2768 2613; x_wconf 78' lang='grc' dir='ltr'><strong>13)ἱ“</strong></span> 
     </span>
    </p>
   </div>
   <div class='ocr_carea' id='block_1_70' title="bbox 2399 2631 2783 2689">
    <p class='ocr_par' dir='ltr' id='par_1_70' title="bbox 2399 2631 2783 2689">
     <span class='ocr_line' id='line_1_70' title="bbox 2399 2631 2783 2689; baseline 0.008 -3"><span class='ocrx_word' id='word_1_579' title='bbox 2399 2631 2629 2689; x_wconf 86' lang='lat' dir='ltr'><strong>CAPUT</strong></span> <span class='ocrx_word' id='word_1_580' title='bbox 2666 2633 2783 2689; x_wconf 85' lang='lat' dir='ltr'><strong>XII.</strong></span> 
     </span>
    </p>
   </div>
   <div class='ocr_carea' id='block_1_71' title="bbox 1790 2719 3382 2804">
    <p class='ocr_par' dir='ltr' id='par_1_71' title="bbox 1790 2719 3382 2804">
     <span class='ocr_line' id='line_1_71' title="bbox 1790 2719 3382 2804; baseline 0.009 -30"><span class='ocrx_word' id='word_1_581' title='bbox 1790 2719 2020 2776; x_wconf 85' lang='lat' dir='ltr'><strong>Probata</strong></span> <span class='ocrx_word' id='word_1_582' title='bbox 2049 2724 2308 2794; x_wconf 82' lang='lat' dir='ltr'><strong>Spiritum</strong></span> <span class='ocrx_word' id='word_1_583' title='bbox 2333 2742 2476 2797; x_wconf 77' lang='lat' dir='ltr'><strong>reque</strong></span> <span class='ocrx_word' id='word_1_584' title='bbox 2507 2728 2734 2783; x_wconf 86' lang='lat' dir='ltr'><strong>revelare</strong></span> <span class='ocrx_word' id='word_1_585' title='bbox 2759 2745 2821 2783; x_wconf 89' lang='lat' dir='ltr'><strong>ac</strong></span> <span class='ocrx_word' id='word_1_586' title='bbox 2849 2729 3062 2786; x_wconf 84' lang='lat' dir='ltr'><strong>Patrem</strong></span> <span class='ocrx_word' id='word_1_587' title='bbox 3090 2743 3136 2788; x_wconf 92' lang='lat' dir='ltr'><strong>et</strong></span> <span class='ocrx_word' id='word_1_588' title='bbox 3167 2731 3382 2804; x_wconf 85' lang='lat' dir='ltr'><strong>Filium,</strong></span> 
     </span>
    </p>
   </div>
   <div class='ocr_carea' id='block_1_72' title="bbox 1860 2817 3394 2898">
    <p class='ocr_par' dir='ltr' id='par_1_72' title="bbox 1860 2817 3394 2898">
     <span class='ocr_line' id='line_1_72' title="bbox 1860 2817 3394 2898; baseline 0.008 -28"><span class='ocrx_word' id='word_1_589' title='bbox 1860 2817 2114 2887; x_wconf 87' lang='lat' dir='ltr'><strong>quomodo</strong></span> <span class='ocrx_word' id='word_1_590' title='bbox 2148 2835 2250 2873; x_wconf 90' lang='lat' dir='ltr'><strong>non</strong></span> <span class='ocrx_word' id='word_1_591' title='bbox 2281 2818 2520 2890; x_wconf 88' lang='lat' dir='ltr'><strong>loquatur</strong></span> <span class='ocrx_word' id='word_1_592' title='bbox 2553 2838 2586 2876; x_wconf 92' lang='lat' dir='ltr'><strong>a</strong></span> <span class='ocrx_word' id='word_1_593' title='bbox 2612 2838 2666 2876; x_wconf 88' lang='lat' dir='ltr'><strong>se</strong></span> <span class='ocrx_word' id='word_1_594' title='bbox 2700 2822 2837 2878; x_wconf 84' lang='lat' dir='ltr'><strong>idem</strong></span> <span class='ocrx_word' id='word_1_595' title='bbox 2867 2824 3122 2894; x_wconf 84' lang='lat' dir='ltr'><strong>Spiritus.</strong></span> <span class='ocrx_word' id='word_1_596' title='bbox 3165 2827 3394 2898; x_wconf 73' lang='lat' dir='ltr'><strong>explica-</strong></span> 
     </span>
    </p>
   </div>
   <div class='ocr_carea' id='block_1_73' title="bbox 1863 2913 3390 2989">
    <p class='ocr_par' dir='ltr' id='par_1_73' title="bbox 1863 2913 3390 2989">
     <span class='ocr_line' id='line_1_73' title="bbox 1863 2913 3390 2989; baseline 0.009 -26"><span class='ocrx_word' id='word_1_597' title='bbox 1863 2920 1976 2976; x_wconf 90' lang='lat' dir='ltr'><strong>tur;</strong></span> <span class='ocrx_word' id='word_1_598' title='bbox 2005 2913 2388 2984; x_wconf 85' lang='lat' dir='ltr'><strong>ostenditurque</strong></span> <span class='ocrx_word' id='word_1_599' title='bbox 2433 2931 2535 2968; x_wconf 88' lang='lat' dir='ltr'><strong>non</strong></span> <span class='ocrx_word' id='word_1_600' title='bbox 2583 2915 2860 2987; x_wconf 85' lang='lat' dir='ltr'><strong>cogitanda</strong></span> <span class='ocrx_word' id='word_1_601' title='bbox 2903 2917 2955 2970; x_wconf 89' lang='lat' dir='ltr'><strong>in</strong></span> <span class='ocrx_word' id='word_1_602' title='bbox 3001 2918 3112 2989; x_wconf 87' lang='lat' dir='ltr'><strong>ipso</strong></span> <span class='ocrx_word' id='word_1_603' title='bbox 3138 2933 3390 2989; x_wconf 85' lang='lat' dir='ltr'><strong>corporeo</strong></span> 
     </span>
    </p>
   </div>
   <div class='ocr_carea' id='block_1_74' title="bbox 1864 3004 3393 3084">
    <p class='ocr_par' dir='ltr' id='par_1_74' title="bbox 1864 3004 3393 3084">
     <span class='ocr_line' id='line_1_74' title="bbox 1864 3004 3393 3084; baseline 0.009 -30"><span class='ocrx_word' id='word_1_604' title='bbox 1864 3018 2083 3070; x_wconf 87' lang='lat' dir='ltr'><strong>organa,</strong></span> <span class='ocrx_word' id='word_1_605' title='bbox 2118 3021 2212 3058; x_wconf 90' lang='lat' dir='ltr'><strong>nec</strong></span> <span class='ocrx_word' id='word_1_606' title='bbox 2258 3004 2420 3059; x_wconf 88' lang='lat' dir='ltr'><strong>ullam</strong></span> <span class='ocrx_word' id='word_1_607' title='bbox 2449 3005 2844 3075; x_wconf 73' lang='lat' dir='ltr'><strong>inferioritatem</strong></span> <span class='ocrx_word' id='word_1_608' title='bbox 2873 3025 2936 3063; x_wconf 80' lang='lat' dir='ltr'><strong>ea:</strong></span> <span class='ocrx_word' id='word_1_609' title='bbox 2972 3025 3031 3063; x_wconf 91' lang='lat' dir='ltr'><strong>eo</strong></span> <span class='ocrx_word' id='word_1_610' title='bbox 3074 3011 3393 3084; x_wconf 77' lang='lat' dir='ltr'><strong>ﬁngendum,</strong></span> 
     </span>
    </p>
   </div>
   <div class='ocr_carea' id='block_1_75' title="bbox 1861 3095 3394 3168">
    <p class='ocr_par' dir='ltr' id='par_1_75' title="bbox 1861 3095 3394 3168">
     <span class='ocr_line' id='line_1_75' title="bbox 1861 3095 3394 3168; baseline 0.01 -22"><span class='ocrx_word' id='word_1_611' title='bbox 1861 3097 1998 3162; x_wconf 84' lang='lat' dir='ltr'><strong>quod</strong></span> <span class='ocrx_word' id='word_1_612' title='bbox 2017 3095 2198 3151; x_wconf 86' lang='lat' dir='ltr'><strong>audire</strong></span> <span class='ocrx_word' id='word_1_613' title='bbox 2225 3097 2461 3168; x_wconf 87' lang='lat' dir='ltr'><strong>legatur;</strong></span> <span class='ocrx_word' id='word_1_614' title='bbox 2488 3101 2699 3166; x_wconf 84' lang='lat' dir='ltr'><strong>quando</strong></span> <span class='ocrx_word' id='word_1_615' title='bbox 2726 3102 2861 3156; x_wconf 89' lang='lat' dir='ltr'><strong>idem</strong></span> <span class='ocrx_word' id='word_1_616' title='bbox 2906 3100 3048 3158; x_wconf 85' lang='lat' dir='ltr'><strong>Filio</strong></span> <span class='ocrx_word' id='word_1_617' title='bbox 3087 3117 3218 3161; x_wconf 84' lang='lat' dir='ltr'><strong>esset</strong></span> <span class='ocrx_word' id='word_1_618' title='bbox 3244 3107 3394 3162; x_wconf 88' lang='lat' dir='ltr'><strong>attri-</strong></span> 
     </span>
    </p>
   </div>
   <div class='ocr_carea' id='block_1_76' title="bbox 1868 3186 3396 3269">
    <p class='ocr_par' dir='ltr' id='par_1_76' title="bbox 1868 3186 3396 3269">
     <span class='ocr_line' id='line_1_76' title="bbox 1868 3186 3396 3269; baseline 0.01 -30"><span class='ocrx_word' id='word_1_619' title='bbox 1868 3186 2161 3254; x_wconf 78' lang='lat' dir='ltr'><strong>buendum&#39;;</strong></span> <span class='ocrx_word' id='word_1_620' title='bbox 2193 3191 2347 3245; x_wconf 86' lang='lat' dir='ltr'><strong>immo</strong></span> <span class='ocrx_word' id='word_1_621' title='bbox 2378 3208 2496 3248; x_wconf 83' lang='lat' dir='ltr'><strong>uero</strong></span> <span class='ocrx_word' id='word_1_622' title='bbox 2527 3195 2683 3248; x_wconf 90' lang='lat' dir='ltr'><strong>etiam</strong></span> <span class='ocrx_word' id='word_1_623' title='bbox 2712 3194 2881 3262; x_wconf 89' lang='lat' dir='ltr'><strong>Patri,</strong></span> <span class='ocrx_word' id='word_1_624' title='bbox 2911 3213 3030 3251; x_wconf 89' lang='lat' dir='ltr'><strong>cum</strong></span> <span class='ocrx_word' id='word_1_625' title='bbox 3071 3191 3120 3252; x_wconf 83' lang='lat' dir='ltr'><strong>et</strong></span> <span class='ocrx_word' id='word_1_626' title='bbox 3159 3199 3269 3269; x_wconf 90' lang='lat' dir='ltr'><strong>ipse</strong></span> <span class='ocrx_word' id='word_1_627' title='bbox 3297 3217 3396 3255; x_wconf 89' lang='lat' dir='ltr'><strong>au-</strong></span> 
     </span>
    </p>
   </div>
   <div class='ocr_carea' id='block_1_77' title="bbox 1875 3281 3400 3357">
    <p class='ocr_par' dir='ltr' id='par_1_77' title="bbox 1875 3281 3400 3357">
     <span class='ocr_line' id='line_1_77' title="bbox 1875 3281 3400 3357; baseline 0.012 -26"><span class='ocrx_word' id='word_1_628' title='bbox 1875 3281 1981 3332; x_wconf 81' lang='lat' dir='ltr'><strong>diat</strong></span> <span class='ocrx_word' id='word_1_629' title='bbox 2012 3281 2234 3338; x_wconf 80' lang='lat' dir='ltr'><strong>Filium.</strong></span> <span class='ocrx_word' id='word_1_630' title='bbox 2266 3285 2524 3353; x_wconf 86' lang='lat' dir='ltr'><strong>Spiritum</strong></span> <span class='ocrx_word' id='word_1_631' title='bbox 2549 3287 2712 3357; x_wconf 87' lang='lat' dir='ltr'><strong>igitur</strong></span> <span class='ocrx_word' id='word_1_632' title='bbox 2739 3304 2797 3342; x_wconf 90' lang='lat' dir='ltr'><strong>eo</strong></span> <span class='ocrx_word' id='word_1_633' title='bbox 2825 3305 2979 3346; x_wconf 85' lang='lat' dir='ltr'><strong>sensu</strong></span> <span class='ocrx_word' id='word_1_634' title='bbox 3009 3293 3192 3346; x_wconf 85' lang='lat' dir='ltr'><strong>audire</strong></span> <span class='ocrx_word' id='word_1_635' title='bbox 3219 3302 3267 3347; x_wconf 86' lang='lat' dir='ltr'><strong>et</strong></span> <span class='ocrx_word' id='word_1_636' title='bbox 3293 3294 3400 3349; x_wconf 86' lang='lat' dir='ltr'><strong>cla-</strong></span> 
     </span>
    </p>
   </div>
   <div class='ocr_carea' id='block_1_78' title="bbox 1874 3373 3397 3454">
    <p class='ocr_par' dir='ltr' id='par_1_78' title="bbox 1874 3373 3397 3454">
     <span class='ocr_line' id='line_1_78' title="bbox 1874 3373 3397 3454; baseline 0.01 -29"><span class='ocrx_word' id='word_1_637' title='bbox 1874 3373 2080 3442; x_wconf 80' lang='lat' dir='ltr'><strong>riﬁcare</strong></span> <span class='ocrx_word' id='word_1_638' title='bbox 2107 3373 2329 3440; x_wconf 87' lang='lat' dir='ltr'><strong>Filium,</strong></span> <span class='ocrx_word' id='word_1_639' title='bbox 2360 3377 2498 3447; x_wconf 86' lang='lat' dir='ltr'><strong>quod</strong></span> <span class='ocrx_word' id='word_1_640' title='bbox 2521 3394 2637 3432; x_wconf 89' lang='lat' dir='ltr'><strong>eum</strong></span> <span class='ocrx_word' id='word_1_641' title='bbox 2669 3383 2932 3451; x_wconf 84' lang='lat' dir='ltr'><strong>praphetis</strong></span> <span class='ocrx_word' id='word_1_642' title='bbox 2959 3392 3110 3453; x_wconf 89' lang='lat' dir='ltr'><strong>atque</strong></span> <span class='ocrx_word' id='word_1_643' title='bbox 3145 3385 3397 3454; x_wconf 85' lang='lat' dir='ltr'><strong>apostolis</strong></span> 
     </span>
    </p>
   </div>
   <div class='ocr_carea' id='block_1_79' title="bbox 1871 3463 3395 3545">
    <p class='ocr_par' dir='ltr' id='par_1_79' title="bbox 1871 3463 3395 3545">
     <span class='ocr_line' id='line_1_79' title="bbox 1871 3463 3395 3545; baseline 0.01 -29"><span class='ocrx_word' id='word_1_644' title='bbox 1871 3463 2150 3530; x_wconf 79' lang='lat' dir='ltr'><strong>reuelauit;</strong></span> <span class='ocrx_word' id='word_1_645' title='bbox 2175 3483 2277 3536; x_wconf 89' lang='lat' dir='ltr'><strong>qua</strong></span> <span class='ocrx_word' id='word_1_646' title='bbox 2319 3483 2384 3522; x_wconf 69' lang='lat' dir='ltr'><strong>ex</strong></span> <span class='ocrx_word' id='word_1_647' title='bbox 2420 3485 2475 3522; x_wconf 85' lang='lat' dir='ltr'><strong>re</strong></span> <span class='ocrx_word' id='word_1_648' title='bbox 2512 3472 2827 3540; x_wconf 83' lang='lat' dir='ltr'><strong>Operationis</strong></span> <span class='ocrx_word' id='word_1_649' title='bbox 2875 3474 3032 3528; x_wconf 89' lang='lat' dir='ltr'><strong>trium</strong></span> <span class='ocrx_word' id='word_1_650' title='bbox 3062 3493 3395 3545; x_wconf 86' lang='lat' dir='ltr'><strong>personarum</strong></span> 
     </span>
    </p>
   </div>
   <div class='ocr_carea' id='block_1_80' title="bbox 1872 3557 3396 3639">
    <p class='ocr_par' dir='ltr' id='par_1_80' title="bbox 1872 3557 3396 3639">
     <span class='ocr_line' id='line_1_80' title="bbox 1872 3557 3396 3639; baseline 0.012 -31"><span class='ocrx_word' id='word_1_651' title='bbox 1872 3557 2042 3612; x_wconf 85' lang='lat' dir='ltr'><strong>unitas</strong></span> <span class='ocrx_word' id='word_1_652' title='bbox 2064 3559 2332 3624; x_wconf 68' lang='lat' dir='ltr'><strong>asta-uitur;</strong></span> <span class='ocrx_word' id='word_1_653' title='bbox 2355 3568 2400 3613; x_wconf 87' lang='lat' dir='ltr'><strong>et</strong></span> <span class='ocrx_word' id='word_1_654' title='bbox 2423 3577 2538 3614; x_wconf 90' lang='lat' dir='ltr'><strong>cum</strong></span> <span class='ocrx_word' id='word_1_655' title='bbox 2561 3563 2735 3617; x_wconf 84' lang='lat' dir='ltr'><strong>eadem</strong></span> <span class='ocrx_word' id='word_1_656' title='bbox 2758 3564 2986 3635; x_wconf 86' lang='lat' dir='ltr'><strong>Spiritus</strong></span> <span class='ocrx_word' id='word_1_657' title='bbox 3002 3579 3262 3636; x_wconf 85' lang='lat' dir='ltr'><strong>aperetur,</strong></span> <span class='ocrx_word' id='word_1_658' title='bbox 3280 3586 3396 3639; x_wconf 77' lang='lat' dir='ltr'><strong>quw</strong></span> 
     </span>
    </p>
   </div>
   <div class='ocr_carea' id='block_1_81' title="bbox 1874 3646 3389 3726">
    <p class='ocr_par' dir='ltr' id='par_1_81' title="bbox 1874 3646 3389 3726">
     <span class='ocr_line' id='line_1_81' title="bbox 1874 3646 3389 3726; baseline 0.01 -25"><span class='ocrx_word' id='word_1_659' title='bbox 1874 3646 2030 3702; x_wconf 86' lang='lat' dir='ltr'><strong>Pater</strong></span> <span class='ocrx_word' id='word_1_660' title='bbox 2057 3649 2231 3703; x_wconf 79' lang='lat' dir='ltr'><strong>cadent</strong></span> <span class='ocrx_word' id='word_1_661' title='bbox 2257 3666 2455 3721; x_wconf 89' lang='lat' dir='ltr'><strong>quoque</strong></span> <span class='ocrx_word' id='word_1_662' title='bbox 2486 3652 2780 3709; x_wconf 85' lang='lat' dir='ltr'><strong>declaratur</strong></span> <span class='ocrx_word' id='word_1_663' title='bbox 2807 3657 3074 3726; x_wconf 86' lang='lat' dir='ltr'><strong>utriusque</strong></span> <span class='ocrx_word' id='word_1_664' title='bbox 3126 3675 3235 3714; x_wconf 87' lang='lat' dir='ltr'><strong>esse</strong></span> <span class='ocrx_word' id='word_1_665' title='bbox 3275 3662 3389 3715; x_wconf 38' lang='lat' dir='ltr'><strong>subs</strong></span> 
     </span>
    </p>
   </div>
   <div class='ocr_carea' id='block_1_82' title="bbox 1871 3741 2082 3793">
    <p class='ocr_par' dir='ltr' id='par_1_82' title="bbox 1871 3741 2082 3793">
     <span class='ocr_line' id='line_1_82' title="bbox 1871 3741 2082 3793; baseline 0.005 -1"><span class='ocrx_word' id='word_1_666' title='bbox 1871 3741 2082 3793; x_wconf 87' lang='lat' dir='ltr'><strong>stantia.</strong></span> 
     </span>
    </p>
   </div>
   <div class='ocr_carea' id='block_1_83' title="bbox 1875 3831 3398 3910">
    <p class='ocr_par' dir='ltr' id='par_1_83' title="bbox 1875 3831 3398 3910">
     <span class='ocr_line' id='line_1_83' title="bbox 1875 3831 3398 3910; baseline 0.013 -26"><span class='ocrx_word' id='word_1_667' title='bbox 1875 3831 1997 3886; x_wconf 77' lang='grc'><strong>150.</strong></span> <span class='ocrx_word' id='word_1_668' title='bbox 2058 3832 2348 3889; x_wconf 89' lang='lat' dir='ltr'><strong>Probatum</strong></span> <span class='ocrx_word' id='word_1_669' title='bbox 2380 3845 2464 3892; x_wconf 87' lang='lat' dir='ltr'><strong>est</strong></span> <span class='ocrx_word' id='word_1_670' title='bbox 2513 3837 2677 3907; x_wconf 78' lang='lat' dir='ltr'><strong>igitur</strong></span> <span class='ocrx_word' id='word_1_671' title='bbox 2725 3841 2850 3910; x_wconf 89' lang='lat' dir='ltr'><strong>quia</strong></span> <span class='ocrx_word' id='word_1_672' title='bbox 2893 3843 3036 3897; x_wconf 77' lang='lat' dir='ltr'><strong>sicut</strong></span> <span class='ocrx_word' id='word_1_673' title='bbox 3066 3844 3209 3901; x_wconf 92' lang='lat' dir='ltr'><strong>Deus</strong></span> <span class='ocrx_word' id='word_1_674' title='bbox 3239 3847 3398 3905; x_wconf 89' lang='lat' dir='ltr'><strong>nobis</strong></span> 
     </span>
    </p>
   </div>
   <div class='ocr_carea' id='block_1_84' title="bbox 1800 3925 3395 4000">
    <p class='ocr_par' dir='ltr' id='par_1_84' title="bbox 1800 3925 3395 4000">
     <span class='ocr_line' id='line_1_84' title="bbox 1800 3925 3395 4000; baseline 0.013 -26"><span class='ocrx_word' id='word_1_675' title='bbox 1800 3937 1919 3991; x_wconf 63' lang='lat' dir='ltr'><strong>quas</strong></span> <span class='ocrx_word' id='word_1_676' title='bbox 1951 3937 2046 3976; x_wconf 88' lang='lat' dir='ltr'><strong>sua</strong></span> <span class='ocrx_word' id='word_1_677' title='bbox 2088 3931 2236 3987; x_wconf 86' lang='lat' dir='ltr'><strong>sunt,</strong></span> <span class='ocrx_word' id='word_1_678' title='bbox 2272 3925 2342 3980; x_wconf 91' lang='lat' dir='ltr'><strong>ita</strong></span> <span class='ocrx_word' id='word_1_679' title='bbox 2374 3934 2429 3981; x_wconf 90' lang='lat' dir='ltr'><strong>et</strong></span> <span class='ocrx_word' id='word_1_680' title='bbox 2457 3926 2627 3983; x_wconf 90' lang='lat' dir='ltr'><strong>Filius</strong></span> <span class='ocrx_word' id='word_1_681' title='bbox 2658 3944 2782 3998; x_wconf 64' lang='lat' dir='ltr'><strong>quae</strong></span> <span class='ocrx_word' id='word_1_682' title='bbox 2813 3931 2909 3986; x_wconf 89' lang='lat' dir='ltr'><strong>Dei</strong></span> <span class='ocrx_word' id='word_1_683' title='bbox 2939 3942 3096 4000; x_wconf 89' lang='lat' dir='ltr'><strong>sunt,</strong></span> <span class='ocrx_word' id='word_1_684' title='bbox 3125 3935 3196 3992; x_wconf 89' lang='lat' dir='ltr'><strong>ita</strong></span> <span class='ocrx_word' id='word_1_685' title='bbox 3230 3939 3395 3994; x_wconf 86' lang='lat' dir='ltr'><strong>etiam</strong></span> 
     </span>
    </p>
   </div>
   <div class='ocr_carea' id='block_1_85' title="bbox 1799 4014 3400 4097">
    <p class='ocr_par' dir='ltr' id='par_1_85' title="bbox 1799 4014 3400 4097">
     <span class='ocr_line' id='line_1_85' title="bbox 1799 4014 3400 4097; baseline 0.011 -27"><span class='ocrx_word' id='word_1_686' title='bbox 1799 4014 2037 4085; x_wconf 89' lang='lat' dir='ltr'><strong>Spiritus</strong></span> <span class='ocrx_word' id='word_1_687' title='bbox 2069 4015 2349 4070; x_wconf 83' lang='lat' dir='ltr'><strong>revelavit.</strong></span> <span class='ocrx_word' id='word_1_688' title='bbox 2380 4017 2458 4072; x_wconf 83' lang='lat' dir='ltr'><strong>Ex</strong></span> <span class='ocrx_word' id='word_1_689' title='bbox 2503 4034 2613 4073; x_wconf 91' lang='lat' dir='ltr'><strong>uno</strong></span> <span class='ocrx_word' id='word_1_690' title='bbox 2657 4020 2800 4074; x_wconf 91' lang='lat' dir='ltr'><strong>enim</strong></span> <span class='ocrx_word' id='word_1_691' title='bbox 2848 4023 3050 4092; x_wconf 88' lang='lat' dir='ltr'><strong>Spiritu</strong></span> <span class='ocrx_word' id='word_1_692' title='bbox 3092 4043 3188 4097; x_wconf 90' lang='lat' dir='ltr'><strong>per</strong></span> <span class='ocrx_word' id='word_1_693' title='bbox 3234 4047 3400 4087; x_wconf 90' lang='lat' dir='ltr'><strong>unum</strong></span> 
     </span>
    </p>
   </div>
   <div class='ocr_carea' id='block_1_86' title="bbox 1799 4106 3389 4189">
    <p class='ocr_par' dir='ltr' id='par_1_86' title="bbox 1799 4106 3389 4189">
     <span class='ocr_line' id='line_1_86' title="bbox 1799 4106 3389 4189; baseline 0.012 -28"><span class='ocrx_word' id='word_1_694' title='bbox 1799 4106 1997 4161; x_wconf 88' lang='lat' dir='ltr'><strong>Filium</strong></span> <span class='ocrx_word' id='word_1_695' title='bbox 2029 4107 2080 4160; x_wconf 92' lang='lat' dir='ltr'><strong>in</strong></span> <span class='ocrx_word' id='word_1_696' title='bbox 2111 4122 2274 4161; x_wconf 93' lang='lat' dir='ltr'><strong>unum</strong></span> <span class='ocrx_word' id='word_1_697' title='bbox 2309 4108 2522 4165; x_wconf 89' lang='lat' dir='ltr'><strong>Patrem</strong></span> <span class='ocrx_word' id='word_1_698' title='bbox 2553 4113 2792 4180; x_wconf 82' lang='lat' dir='ltr'><strong>cognitio</strong></span> <span class='ocrx_word' id='word_1_699' title='bbox 2815 4124 3000 4170; x_wconf 89' lang='lat' dir='ltr'><strong>nostra</strong></span> <span class='ocrx_word' id='word_1_700' title='bbox 3033 4121 3278 4189; x_wconf 90' lang='lat' dir='ltr'><strong>procedit</strong></span> <span class='ocrx_word' id='word_1_701' title='bbox 3309 4132 3389 4180; x_wconf 90' lang='lat' dir='ltr'><strong>:et</strong></span> 
     </span>
    </p>
   </div>
   <div class='ocr_carea' id='block_1_87' title="bbox 1799 4199 3395 4282">
    <p class='ocr_par' dir='ltr' id='par_1_87' title="bbox 1799 4199 3395 4282">
     <span class='ocr_line' id='line_1_87' title="bbox 1799 4199 3395 4282; baseline 0.011 -29"><span class='ocrx_word' id='word_1_702' title='bbox 1799 4214 1865 4254; x_wconf 85' lang='lat' dir='ltr'><strong>ex</strong></span> <span class='ocrx_word' id='word_1_703' title='bbox 1898 4214 2008 4253; x_wconf 94' lang='lat' dir='ltr'><strong>uno</strong></span> <span class='ocrx_word' id='word_1_704' title='bbox 2039 4199 2200 4254; x_wconf 88' lang='lat' dir='ltr'><strong>Patre</strong></span> <span class='ocrx_word' id='word_1_705' title='bbox 2253 4217 2350 4271; x_wconf 87' lang='lat' dir='ltr'><strong>per</strong></span> <span class='ocrx_word' id='word_1_706' title='bbox 2391 4218 2556 4257; x_wconf 93' lang='lat' dir='ltr'><strong>unum</strong></span> <span class='ocrx_word' id='word_1_707' title='bbox 2604 4203 2798 4259; x_wconf 83' lang='lat' dir='ltr'><strong>Filium</strong></span> <span class='ocrx_word' id='word_1_708' title='bbox 2843 4206 2896 4262; x_wconf 92' lang='lat' dir='ltr'><strong>in</strong></span> <span class='ocrx_word' id='word_1_709' title='bbox 2932 4225 3094 4265; x_wconf 90' lang='lat' dir='ltr'><strong>unum</strong></span> <span class='ocrx_word' id='word_1_710' title='bbox 3136 4211 3395 4282; x_wconf 89' lang='lat' dir='ltr'><strong>Spiritutn</strong></span> 
     </span>
    </p>
   </div>
   <div class='ocr_carea' id='block_1_88' title="bbox 1799 4291 3401 4376">
    <p class='ocr_par' dir='ltr' id='par_1_88' title="bbox 1799 4291 3401 4376">
     <span class='ocr_line' id='line_1_88' title="bbox 1799 4291 3401 4376; baseline 0.011 -31"><span class='ocrx_word' id='word_1_711' title='bbox 1799 4302 2045 4347; x_wconf 85' lang='lat' dir='ltr'><strong>sanctum</strong></span> <span class='ocrx_word' id='word_1_712' title='bbox 2093 4291 2310 4349; x_wconf 90' lang='lat' dir='ltr'><strong>bonitas</strong></span> <span class='ocrx_word' id='word_1_713' title='bbox 2364 4296 2804 4353; x_wconf 87' lang='lat' dir='ltr'><strong>etsanetilicatio</strong></span> <span class='ocrx_word' id='word_1_714' title='bbox 2860 4309 2916 4356; x_wconf 89' lang='lat' dir='ltr'><strong>et</strong></span> <span class='ocrx_word' id='word_1_715' title='bbox 2979 4301 3261 4373; x_wconf 88' lang='lat' dir='ltr'><strong>imperiale</strong></span> <span class='ocrx_word' id='word_1_716' title='bbox 3311 4307 3401 4376; x_wconf 88' lang='lat' dir='ltr'><strong>jus</strong></span> 
     </span>
    </p>
   </div>
   <div class='ocr_carea' id='block_1_89' title="bbox 1799 4385 3400 4468">
    <p class='ocr_par' dir='ltr' id='par_1_89' title="bbox 1799 4385 3400 4468">
     <span class='ocr_line' id='line_1_89' title="bbox 1799 4385 3400 4468; baseline 0.009 -28"><span class='ocrx_word' id='word_1_717' title='bbox 1799 4395 2021 4440; x_wconf 63' lang='lat' dir='ltr'><strong>aeterna:</strong></span> <span class='ocrx_word' id='word_1_718' title='bbox 2051 4385 2284 4443; x_wconf 89' lang='lat' dir='ltr'><strong>traditur</strong></span> <span class='ocrx_word' id='word_1_719' title='bbox 2312 4390 2615 4458; x_wconf 86' lang='lat' dir='ltr'><strong>potestatis.</strong></span> <span class='ocrx_word' id='word_1_720' title='bbox 2649 4389 2749 4446; x_wconf 86' lang='lat' dir='ltr'><strong>Ubi</strong></span> <span class='ocrx_word' id='word_1_721' title='bbox 2781 4407 2912 4465; x_wconf 82' lang='lat' dir='ltr'><strong>ergo</strong></span> <span class='ocrx_word' id='word_1_722' title='bbox 2954 4397 3197 4452; x_wconf 90' lang='lat' dir='ltr'><strong>ostensio</strong></span> <span class='ocrx_word' id='word_1_723' title='bbox 3228 4397 3400 4468; x_wconf 84' lang='lat' dir='ltr'><strong>Spiri-</strong></span> 
     </span>
    </p>
   </div>
   <div class='ocr_carea' id='block_1_90' title="bbox 1801 4474 3400 4556">
    <p class='ocr_par' dir='ltr' id='par_1_90' title="bbox 1801 4474 3400 4556">
     <span class='ocr_line' id='line_1_90' title="bbox 1801 4474 3400 4556; baseline 0.009 -25"><span class='ocrx_word' id='word_1_724' title='bbox 1801 4485 1911 4543; x_wconf 91' lang='lat' dir='ltr'><strong>tus,</strong></span> <span class='ocrx_word' id='word_1_725' title='bbox 1941 4474 1966 4513; x_wconf 72' lang='grc' dir='ltr'>ἀ</span> <span class='ocrx_word' id='word_1_726' title='bbox 1995 4479 2066 4534; x_wconf 88' lang='lat' dir='ltr'><strong>ibi</strong></span> <span class='ocrx_word' id='word_1_727' title='bbox 2101 4479 2192 4534; x_wconf 92' lang='lat' dir='ltr'><strong>Dei</strong></span> <span class='ocrx_word' id='word_1_728' title='bbox 2236 4479 2409 4537; x_wconf 89' lang='lat' dir='ltr'><strong>virtus</strong></span> <span class='ocrx_word' id='word_1_729' title='bbox 2443 4499 2455 4534; x_wconf 83' lang='lat'><strong>;</strong></span> <span class='ocrx_word' id='word_1_730' title='bbox 2491 4497 2592 4538; x_wconf 90' lang='lat' dir='ltr'><strong>nec</strong></span> <span class='ocrx_word' id='word_1_731' title='bbox 2636 4492 2816 4553; x_wconf 89' lang='lat' dir='ltr'><strong>potest</strong></span> <span class='ocrx_word' id='word_1_732' title='bbox 2842 4501 2964 4542; x_wconf 89' lang='lat' dir='ltr'><strong>esse</strong></span> <span class='ocrx_word' id='word_1_733' title='bbox 2987 4486 3276 4556; x_wconf 88' lang='lat' dir='ltr'><strong>discretio,</strong></span> <span class='ocrx_word' id='word_1_734' title='bbox 3308 4490 3400 4546; x_wconf 92' lang='lat' dir='ltr'><strong>ubi</strong></span> 
     </span>
    </p>
   </div>
   <div class='ocr_carea' id='block_1_91' title="bbox 122 4572 3394 4653">
    <p class='ocr_par' dir='ltr' id='par_1_91' title="bbox 122 4572 3394 4653">
     <span class='ocr_line' id='line_1_91' title="bbox 122 4572 3394 4653; baseline 0.002 -21"><span class='ocrx_word' id='word_1_735' title='bbox 122 4586 368 4652; x_wconf 69' lang='lat' dir='ltr'><strong>cognovit},</strong></span> <span class='ocrx_word' id='word_1_736' title='bbox 403 4586 504 4640; x_wconf 87' lang='lat' dir='ltr'><strong>nisi</strong></span> <span class='ocrx_word' id='word_1_737' title='bbox 543 4582 773 4653; x_wconf 85' lang='lat' dir='ltr'><strong>Spiritus</strong></span> <span class='ocrx_word' id='word_1_738' title='bbox 795 4579 914 4634; x_wconf 90' lang='lat' dir='ltr'><strong>Dei.</strong></span> <span class='ocrx_word' id='word_1_739' title='bbox 942 4580 1084 4649; x_wconf 80' lang='lat' dir='ltr'><strong>Ergo</strong></span> <span class='ocrx_word' id='word_1_740' title='bbox 1113 4577 1159 4632; x_wconf 91' lang='lat' dir='ltr'><strong>si</strong></span> <span class='ocrx_word' id='word_1_741' title='bbox 1209 4575 1446 4632; x_wconf 89' lang='lat' dir='ltr'><strong>hominis</strong></span> <span class='ocrx_word' id='word_1_742' title='bbox 1474 4575 1695 4645; x_wconf 88' lang='lat' dir='ltr'><strong>spiritus</strong></span> <span class='ocrx_word' id='word_1_743' title='bbox 1717 4585 1773 4647; x_wconf 82' lang='lat' dir='ltr'><strong>D</strong></span> <span class='ocrx_word' id='word_1_744' title='bbox 1801 4584 1940 4640; x_wconf 85' lang='lat' dir='ltr'><strong>Opus</strong></span> <span class='ocrx_word' id='word_1_745' title='bbox 1962 4587 2130 4626; x_wconf 92' lang='lat' dir='ltr'><strong>unum</strong></span> <span class='ocrx_word' id='word_1_746' title='bbox 2156 4579 2261 4628; x_wconf 90' lang='lat' dir='ltr'><strong>est.</strong></span> <span class='ocrx_word' id='word_1_747' title='bbox 2297 4572 2367 4628; x_wconf 90' lang='lat' dir='ltr'><strong>Et</strong></span> <span class='ocrx_word' id='word_1_748' title='bbox 2393 4573 2515 4630; x_wconf 90' lang='lat' dir='ltr'><strong>ideo</strong></span> <span class='ocrx_word' id='word_1_749' title='bbox 2545 4575 2688 4646; x_wconf 91' lang='lat' dir='ltr'><strong>quod</strong></span> <span class='ocrx_word' id='word_1_750' title='bbox 2735 4577 2970 4648; x_wconf 91' lang='lat' dir='ltr'><strong>loquitur</strong></span> <span class='ocrx_word' id='word_1_751' title='bbox 2997 4580 3189 4648; x_wconf 90' lang='lat' dir='ltr'><strong>Filius,</strong></span> <span class='ocrx_word' id='word_1_752' title='bbox 3224 4582 3394 4652; x_wconf 90' lang='lat' dir='ltr'><strong>loqui-</strong></span> 
     </span>
    </p>
   </div>
   <div class='ocr_carea' id='block_1_92' title="bbox 123 4673 1693 4744">
    <p class='ocr_par' dir='ltr' id='par_1_92' title="bbox 123 4673 1693 4744">
     <span class='ocr_line' id='line_1_92' title="bbox 123 4673 1693 4744; baseline 0 -22"><span class='ocrx_word' id='word_1_753' title='bbox 123 4673 250 4728; x_wconf 86' lang='lat' dir='ltr'><strong>novit</strong></span> <span class='ocrx_word' id='word_1_754' title='bbox 276 4692 390 4744; x_wconf 64' lang='lat' dir='ltr'><strong>qua!</strong></span> <span class='ocrx_word' id='word_1_755' title='bbox 427 4675 666 4730; x_wconf 88' lang='lat' dir='ltr'><strong>hominis</strong></span> <span class='ocrx_word' id='word_1_756' title='bbox 695 4682 846 4738; x_wconf 87' lang='lat' dir='ltr'><strong>sunt,</strong></span> <span class='ocrx_word' id='word_1_757' title='bbox 877 4679 932 4728; x_wconf 90' lang='lat' dir='ltr'><strong>ct</strong></span> <span class='ocrx_word' id='word_1_758' title='bbox 974 4681 1262 4740; x_wconf 88' lang='lat' dir='ltr'><strong>antequam</strong></span> <span class='ocrx_word' id='word_1_759' title='bbox 1294 4678 1569 4725; x_wconf 89' lang='lat' dir='ltr'><strong>scrutetur</strong></span> <span class='ocrx_word' id='word_1_760' title='bbox 1589 4685 1693 4723; x_wconf 90' lang='lat' dir='ltr'><strong>no-</strong></span> 
     </span>
    </p>
   </div>
   <div class='ocr_carea' id='block_1_93' title="bbox 121 4761 1694 4838">
    <p class='ocr_par' dir='ltr' id='par_1_93' title="bbox 121 4761 1694 4838">
     <span class='ocr_line' id='line_1_93' title="bbox 121 4761 1694 4838; baseline -0.003 -18"><span class='ocrx_word' id='word_1_761' title='bbox 121 4762 200 4829; x_wconf 65' lang='lat' dir='ltr'><strong>rit,</strong></span> <span class='ocrx_word' id='word_1_762' title='bbox 226 4776 465 4836; x_wconf 88' lang='lat' dir='ltr'><strong>potestne</strong></span> <span class='ocrx_word' id='word_1_763' title='bbox 494 4766 702 4838; x_wconf 88' lang='lat' dir='ltr'><strong>aliquid</strong></span> <span class='ocrx_word' id='word_1_764' title='bbox 731 4765 821 4821; x_wconf 91' lang='lat' dir='ltr'><strong>Dei</strong></span> <span class='ocrx_word' id='word_1_765' title='bbox 848 4779 968 4821; x_wconf 88' lang='lat' dir='ltr'><strong>esse</strong></span> <span class='ocrx_word' id='word_1_766' title='bbox 993 4806 1008 4831; x_wconf 93' lang='lat'><strong>,</strong></span> <span class='ocrx_word' id='word_1_767' title='bbox 1039 4761 1182 4833; x_wconf 91' lang='lat' dir='ltr'><strong>quod</strong></span> <span class='ocrx_word' id='word_1_768' title='bbox 1214 4761 1456 4831; x_wconf 87' lang='lat' dir='ltr'><strong>Spiritus</strong></span> <span class='ocrx_word' id='word_1_769' title='bbox 1479 4761 1571 4816; x_wconf 91' lang='lat' dir='ltr'><strong>Dei</strong></span> <span class='ocrx_word' id='word_1_770' title='bbox 1601 4776 1694 4816; x_wconf 90' lang='lat' dir='ltr'><strong>ne-</strong></span> 
     </span>
    </p>
   </div>
   <div class='ocr_carea' id='block_1_94' title="bbox 120 4851 1694 4933">
    <p class='ocr_par' dir='ltr' id='par_1_94' title="bbox 120 4851 1694 4933">
     <span class='ocr_line' id='line_1_94' title="bbox 120 4851 1694 4933; baseline -0.001 -26"><span class='ocrx_word' id='word_1_771' title='bbox 120 4855 264 4912; x_wconf 87' lang='lat' dir='ltr'><strong>sciat?</strong></span> <span class='ocrx_word' id='word_1_772' title='bbox 287 4860 357 4917; x_wconf 91' lang='lat' dir='ltr'><strong>De</strong></span> <span class='ocrx_word' id='word_1_773' title='bbox 380 4877 488 4933; x_wconf 93' lang='lat' dir='ltr'><strong>quo</strong></span> <span class='ocrx_word' id='word_1_774' title='bbox 539 4875 646 4915; x_wconf 93' lang='lat' dir='ltr'><strong>non</strong></span> <span class='ocrx_word' id='word_1_775' title='bbox 693 4858 869 4914; x_wconf 88' lang='lat' dir='ltr'><strong>otiose</strong></span> <span class='ocrx_word' id='word_1_776' title='bbox 899 4855 1194 4926; x_wconf 80' lang='lat' dir='ltr'><strong>Apostolus</strong></span> <span class='ocrx_word' id='word_1_777' title='bbox 1221 4854 1356 4910; x_wconf 81' lang='lat' dir='ltr'><strong>dixit</strong></span> <span class='ocrx_word' id='word_1_778' title='bbox 1391 4871 1403 4906; x_wconf 89' lang='lat'>:</span> <span class='ocrx_word' id='word_1_779' title='bbox 1438 4855 1571 4920; x_wconf 77' lang='lat' dir='ltr'><strong>Qua:</strong></span> <span class='ocrx_word' id='word_1_780' title='bbox 1597 4851 1694 4907; x_wconf 87' lang='lat' dir='ltr'><strong>Dei</strong></span> 
     </span>
    </p>
   </div>
   <div class='ocr_carea' id='block_1_95' title="bbox 120 4944 1693 5025">
    <p class='ocr_par' dir='ltr' id='par_1_95' title="bbox 120 4944 1693 5025">
     <span class='ocr_line' id='line_1_95' title="bbox 120 4944 1693 5025; baseline 0.001 -26"><span class='ocrx_word' id='word_1_781' title='bbox 120 4959 240 5017; x_wconf 84' lang='lat' dir='ltr'><strong>sunt,</strong></span> <span class='ocrx_word' id='word_1_782' title='bbox 290 4969 432 5008; x_wconf 91' lang='lat' dir='ltr'><strong>nemo</strong></span> <span class='ocrx_word' id='word_1_783' title='bbox 479 4952 738 5025; x_wconf 83' lang='lat' dir='ltr'><strong>cognovit,</strong></span> <span class='ocrx_word' id='word_1_784' title='bbox 766 4950 866 5004; x_wconf 87' lang='lat' dir='ltr'><strong>nisi</strong></span> <span class='ocrx_word' id='word_1_785' title='bbox 917 4948 1148 5020; x_wconf 86' lang='lat' dir='ltr'><strong>Spiritus</strong></span> <span class='ocrx_word' id='word_1_786' title='bbox 1198 4945 1347 5000; x_wconf 91' lang='lat' dir='ltr'><strong>Dei:</strong></span> <span class='ocrx_word' id='word_1_787' title='bbox 1400 4961 1507 5001; x_wconf 87' lang='lat' dir='ltr'><strong>non</strong></span> <span class='ocrx_word' id='word_1_788' title='bbox 1547 4944 1693 5016; x_wconf 86' lang='lat' dir='ltr'><strong>quod</strong></span> 
     </span>
    </p>
   </div>
   <div class='ocr_carea' id='block_1_96' title="bbox 119 5039 1689 5116">
    <p class='ocr_par' dir='ltr' id='par_1_96' title="bbox 119 5039 1689 5116">
     <span class='ocr_line' id='line_1_96' title="bbox 119 5039 1689 5116; baseline -0.003 -23"><span class='ocrx_word' id='word_1_789' title='bbox 119 5043 380 5099; x_wconf 84' lang='lat' dir='ltr'><strong>scrutando</strong></span> <span class='ocrx_word' id='word_1_790' title='bbox 406 5043 748 5116; x_wconf 72' lang='lat' dir='ltr'><strong>cognoverit,</strong></span> <span class='ocrx_word' id='word_1_791' title='bbox 779 5039 876 5096; x_wconf 91' lang='lat' dir='ltr'><strong>sed</strong></span> <span class='ocrx_word' id='word_1_792' title='bbox 901 5039 1117 5094; x_wconf 88' lang='lat' dir='ltr'><strong>noverit</strong></span> <span class='ocrx_word' id='word_1_793' title='bbox 1146 5052 1242 5108; x_wconf 89' lang='lat' dir='ltr'><strong>per</strong></span> <span class='ocrx_word' id='word_1_794' title='bbox 1264 5045 1514 5092; x_wconf 84' lang='lat' dir='ltr'><strong>naturam</strong></span> <span class='ocrx_word' id='word_1_795' title='bbox 1545 5053 1557 5089; x_wconf 92' lang='lat'>:</span> <span class='ocrx_word' id='word_1_796' title='bbox 1583 5051 1689 5091; x_wconf 91' lang='lat' dir='ltr'><strong>non</strong></span> 
     </span>
    </p>
   </div>
   <div class='ocr_carea' id='block_1_97' title="bbox 179 5159 1696 5246">
    <p class='ocr_par' dir='ltr' id='par_1_97' title="bbox 179 5159 1696 5246">
     <span class='ocr_line' id='line_1_97' title="bbox 179 5159 1696 5246; baseline -0.013 -17"><span class='ocrx_word' id='word_1_797' title='bbox 179 5170 203 5199; x_wconf 76' lang='grc'><strong>⁸</strong></span> <span class='ocrx_word' id='word_1_798' title='bbox 237 5169 300 5227; x_wconf 83' lang='grc' dir='ltr'><strong>1η</strong></span> <span class='ocrx_word' id='word_1_799' title='bbox 319 5175 627 5246; x_wconf 86' lang='lat' dir='ltr'><strong>agnitionem</strong></span> <span class='ocrx_word' id='word_1_800' title='bbox 654 5174 788 5246; x_wconf 87' lang='lat' dir='ltr'><strong>eju_s,</strong></span> <span class='ocrx_word' id='word_1_801' title='bbox 818 5167 904 5223; x_wconf 82' lang='lat' dir='ltr'><strong>his</strong></span> <span class='ocrx_word' id='word_1_802' title='bbox 928 5159 1382 5246; x_wconf 59' lang='lat' dir='ltr'><strong>verbisnonnulli</strong></span> <span class='ocrx_word' id='word_1_803' title='bbox 1409 5161 1696 5246; x_wconf 42' lang='lat' dir='ltr'><strong>mss;,sri_b-</strong></span> 
     </span>
    </p>
   </div>
   <div class='ocr_carea' id='block_1_98' title="bbox 114 5227 1696 5313">
    <p class='ocr_par' dir='ltr' id='par_1_98' title="bbox 114 5227 1696 5313">
     <span class='ocr_line' id='line_1_98' title="bbox 114 5227 1696 5313; baseline -0.006 -21"><span class='ocrx_word' id='word_1_804' title='bbox 114 5234 319 5313; x_wconf 65' lang='lat' dir='ltr'><strong>jungunt</strong></span> <span class='ocrx_word' id='word_1_805' title='bbox 345 5227 695 5313; x_wconf 60' lang='lat' dir='ltr'><strong>sicui</strong></span> <span class='ocrx_word' id='word_1_806' title='bbox 717 5227 876 5313; x_wconf 78' lang='lat' dir='ltr'><strong>Pater</strong></span> <span class='ocrx_word' id='word_1_807' title='bbox 907 5239 1041 5313; x_wconf 71' lang='lat' dir='ltr'><strong>novit</strong></span> <span class='ocrx_word' id='word_1_808' title='bbox 1069 5234 1299 5313; x_wconf 69' lang='lat' dir='ltr'><strong>Filium,</strong></span> <span class='ocrx_word' id='word_1_809' title='bbox 1330 5231 1403 5285; x_wconf 85' lang='lat' dir='ltr'><strong>sic</strong></span> <span class='ocrx_word' id='word_1_810' title='bbox 1446 5241 1500 5313; x_wconf 66' lang='lat' dir='ltr'><strong>et</strong></span> <span class='ocrx_word' id='word_1_811' title='bbox 1524 5227 1696 5313; x_wconf 71' lang='lat' dir='ltr'><strong>Filius</strong></span> 
     </span>
    </p>
   </div>
   <div class='ocr_carea' id='block_1_99' title="bbox 119 5304 1696 5384">
    <p class='ocr_par' dir='ltr' id='par_1_99' title="bbox 119 5304 1696 5384">
     <span class='ocr_line' id='line_1_99' title="bbox 119 5304 1696 5384; baseline -0.004 -23"><span class='ocrx_word' id='word_1_812' title='bbox 119 5304 304 5368; x_wconf 57' lang='lat' dir='ltr'><strong>Patiem</strong></span> <span class='ocrx_word' id='word_1_813' title='bbox 324 5304 479 5382; x_wconf 65' lang='lat' dir='ltr'><strong>nouit,</strong></span> <span class='ocrx_word' id='word_1_814' title='bbox 498 5318 570 5370; x_wconf 92' lang='lat' dir='ltr'><strong>sic</strong></span> <span class='ocrx_word' id='word_1_815' title='bbox 600 5323 646 5370; x_wconf 91' lang='lat' dir='ltr'><strong>et</strong></span> <span class='ocrx_word' id='word_1_816' title='bbox 679 5312 908 5381; x_wconf 86' lang='lat' dir='ltr'><strong>Spiritus</strong></span> <span class='ocrx_word' id='word_1_817' title='bbox 941 5308 1106 5362; x_wconf 89' lang='lat' dir='ltr'><strong>Deum</strong></span> <span class='ocrx_word' id='word_1_818' title='bbox 1130 5304 1538 5384; x_wconf 37' lang='lat' dir='ltr'><strong>Patre‘mltovit;</strong></span> <span class='ocrx_word' id='word_1_819' title='bbox 1561 5304 1696 5384; x_wconf 67' lang='lat' dir='ltr'><strong>etsi-</strong></span> 
     </span>
    </p>
   </div>
   <div class='ocr_carea' id='block_1_100' title="bbox 119 5371 1692 5458">
    <p class='ocr_par' dir='ltr' id='par_1_100' title="bbox 119 5371 1692 5458">
     <span class='ocr_line' id='line_1_100' title="bbox 119 5371 1692 5458; baseline -0.003 -30"><span class='ocrx_word' id='word_1_820' title='bbox 119 5390 191 5458; x_wconf 79' lang='lat' dir='ltr'><strong>cut</strong></span> <span class='ocrx_word' id='word_1_821' title='bbox 206 5381 348 5440; x_wconf 79' lang='lat' dir='ltr'><strong>Pater</strong></span> <span class='ocrx_word' id='word_1_822' title='bbox 360 5371 545 5443; x_wconf 70' lang='lat' dir='ltr'><strong>revelat</strong></span> <span class='ocrx_word' id='word_1_823' title='bbox 568 5386 712 5458; x_wconf 84' lang='lat' dir='ltr'><strong>nobis</strong></span> <span class='ocrx_word' id='word_1_824' title='bbox 725 5371 842 5458; x_wconf 68' lang='lat' dir='ltr'><strong>qua:</strong></span> <span class='ocrx_word' id='word_1_825' title='bbox 858 5398 954 5458; x_wconf 78' lang='lat' dir='ltr'><strong>sua</strong></span> <span class='ocrx_word' id='word_1_826' title='bbox 973 5381 1191 5458; x_wconf 71' lang='lat' dir='ltr'><strong>sunt,sic</strong></span> <span class='ocrx_word' id='word_1_827' title='bbox 1205 5385 1251 5429; x_wconf 90' lang='lat' dir='ltr'><strong>et</strong></span> <span class='ocrx_word' id='word_1_828' title='bbox 1271 5371 1462 5458; x_wconf 72' lang='lat' dir='ltr'><strong>ilius,</strong></span> <span class='ocrx_word' id='word_1_829' title='bbox 1478 5374 1550 5454; x_wconf 78' lang='lat' dir='ltr'><strong>sic</strong></span> <span class='ocrx_word' id='word_1_830' title='bbox 1565 5372 1692 5458; x_wconf 47' lang='lat' dir='ltr'><strong>lpi-</strong></span> 
     </span>
    </p>
   </div>
   <div class='ocr_carea' id='block_1_101' title="bbox 117 5444 1694 5530">
    <p class='ocr_par' dir='ltr' id='par_1_101' title="bbox 117 5444 1694 5530">
     <span class='ocr_line' id='line_1_101' title="bbox 117 5444 1694 5530; baseline -0.003 -28"><span class='ocrx_word' id='word_1_831' title='bbox 117 5449 230 5505; x_wconf 87' lang='lat' dir='ltr'><strong>ritus</strong></span> <span class='ocrx_word' id='word_1_832' title='bbox 248 5468 442 5512; x_wconf 85' lang='lat' dir='ltr'><strong>sanctus</strong></span> <span class='ocrx_word' id='word_1_833' title='bbox 473 5444 753 5514; x_wconf 37' lang='lat' dir='ltr'><strong>reuelauit:</strong></span> <span class='ocrx_word' id='word_1_834' title='bbox 769 5452 875 5507; x_wconf 91' lang='lat' dir='ltr'><strong>Sed</strong></span> <span class='ocrx_word' id='word_1_835' title='bbox 904 5467 1026 5530; x_wconf 76' lang='lat' dir='ltr'><strong>cum</strong></span> <span class='ocrx_word' id='word_1_836' title='bbox 1040 5448 1228 5530; x_wconf 73' lang='lat' dir='ltr'><strong>eadem</strong></span> <span class='ocrx_word' id='word_1_837' title='bbox 1247 5447 1353 5499; x_wconf 89' lang='lat' dir='ltr'><strong>alio</strong></span> <span class='ocrx_word' id='word_1_838' title='bbox 1367 5444 1694 5530; x_wconf 39' lang='lat' dir='ltr'><strong>loco‘inaliis</strong></span> 
     </span>
    </p>
   </div>
   <div class='ocr_carea' id='block_1_102' title="bbox 118 5519 1690 5599">
    <p class='ocr_par' dir='ltr' id='par_1_102' title="bbox 118 5519 1690 5599">
     <span class='ocr_line' id='line_1_102' title="bbox 118 5519 1690 5599; baseline -0.006 -22"><span class='ocrx_word' id='word_1_839' title='bbox 118 5522 413 5599; x_wconf 71' lang='lat' dir='ltr'><strong>Quibusdam</strong></span> <span class='ocrx_word' id='word_1_840' title='bbox 434 5544 567 5584; x_wconf 87' lang='lat' dir='ltr'><strong>mss.</strong></span> <span class='ocrx_word' id='word_1_841' title='bbox 597 5528 929 5599; x_wconf 82' lang='lat' dir='ltr'><strong>habeantur;</strong></span> <span class='ocrx_word' id='word_1_842' title='bbox 962 5522 1015 5575; x_wconf 91' lang='lat' dir='ltr'><strong>in</strong></span> <span class='ocrx_word' id='word_1_843' title='bbox 1049 5519 1171 5573; x_wconf 88' lang='lat' dir='ltr'><strong>aliis</strong></span> <span class='ocrx_word' id='word_1_844' title='bbox 1199 5533 1334 5599; x_wconf 33' lang='lat' dir='ltr'><strong>vero.</strong></span> <span class='ocrx_word' id='word_1_845' title='bbox 1355 5522 1690 5599; x_wconf 45' lang='lat' dir='ltr'><strong>non‘textus,</strong></span> 
     </span>
    </p>
   </div>
   <div class='ocr_carea' id='block_1_103' title="bbox 119 5586 1688 5669">
    <p class='ocr_par' dir='ltr' id='par_1_103' title="bbox 119 5586 1688 5669">
     <span class='ocr_line' id='line_1_103' title="bbox 119 5586 1688 5669; baseline -0.003 -25"><span class='ocrx_word' id='word_1_846' title='bbox 119 5591 202 5667; x_wconf 57' lang='lat' dir='ltr'><strong>sed</strong></span> <span class='ocrx_word' id='word_1_847' title='bbox 231 5597 358 5653; x_wconf 89' lang='lat' dir='ltr'><strong>tituli</strong></span> <span class='ocrx_word' id='word_1_848' title='bbox 391 5602 564 5655; x_wconf 87' lang='lat' dir='ltr'><strong>vicem</strong></span> <span class='ocrx_word' id='word_1_849' title='bbox 596 5598 898 5660; x_wconf 86' lang='lat' dir='ltr'><strong>obtineant,</strong></span> <span class='ocrx_word' id='word_1_850' title='bbox 931 5607 1036 5669; x_wconf 89' lang='lat' dir='ltr'><strong>non</strong></span> <span class='ocrx_word' id='word_1_851' title='bbox 1061 5605 1218 5644; x_wconf 84' lang='lat' dir='ltr'><strong>secus</strong></span> <span class='ocrx_word' id='word_1_852' title='bbox 1236 5601 1302 5669; x_wconf 82' lang='lat' dir='ltr'><strong>_ac</strong></span> <span class='ocrx_word' id='word_1_853' title='bbox 1326 5590 1378 5669; x_wconf 79' lang='lat' dir='ltr'><strong>in</strong></span> <span class='ocrx_word' id='word_1_854' title='bbox 1407 5586 1544 5669; x_wconf 78' lang='lat' dir='ltr'><strong>edit.</strong></span> <span class='ocrx_word' id='word_1_855' title='bbox 1575 5593 1688 5669; x_wconf 56' lang='lat' dir='ltr'><strong>ant.</strong></span> 
     </span>
    </p>
   </div>
   <div class='ocr_carea' id='block_1_104' title="bbox 120 5655 1694 5743">
    <p class='ocr_par' dir='ltr' id='par_1_104' title="bbox 120 5655 1694 5743">
     <span class='ocr_line' id='line_1_104' title="bbox 120 5655 1694 5743; baseline -0.008 -21"><span class='ocrx_word' id='word_1_856' title='bbox 120 5655 167 5736; x_wconf 58' lang='lat' dir='ltr'><strong>in</strong></span> <span class='ocrx_word' id='word_1_857' title='bbox 191 5666 367 5743; x_wconf 70' lang='lat' dir='ltr'><strong>quibus</strong></span> <span class='ocrx_word' id='word_1_858' title='bbox 391 5670 460 5743; x_wconf 79' lang='lat' dir='ltr'><strong>ibi</strong></span> <span class='ocrx_word' id='word_1_859' title='bbox 482 5669 816 5743; x_wconf 78' lang='lat' dir='ltr'><strong>legebantur</strong></span> <span class='ocrx_word' id='word_1_860' title='bbox 841 5655 1030 5743; x_wconf 74' lang='lat' dir='ltr'><strong>paucis</strong></span> <span class='ocrx_word' id='word_1_861' title='bbox 1062 5661 1299 5743; x_wconf 67' lang='lat' dir='ltr'><strong>mutatis,</strong></span> <span class='ocrx_word' id='word_1_862' title='bbox 1326 5658 1416 5740; x_wconf 79' lang='lat' dir='ltr'><strong>ubi</strong></span> <span class='ocrx_word' id='word_1_863' title='bbox 1442 5665 1605 5727; x_wconf 84' lang='lat' dir='ltr'><strong>caput</strong></span> <span class='ocrx_word' id='word_1_864' title='bbox 1628 5657 1694 5738; x_wconf 38' lang='lat'><strong>1.2</strong></span> 
     </span>
    </p>
   </div>
   <div class='ocr_carea' id='block_1_105' title="bbox 118 5725 1693 5807">
    <p class='ocr_par' dir='ltr' id='par_1_105' title="bbox 118 5725 1693 5807">
     <span class='ocr_line' id='line_1_105' title="bbox 118 5725 1693 5807; baseline -0.001 -24"><span class='ocrx_word' id='word_1_865' title='bbox 118 5725 575 5807; x_wconf 9' lang='lat' dir='ltr'><strong>incipiebat,rhine’</strong></span> <span class='ocrx_word' id='word_1_866' title='bbox 596 5725 679 5797; x_wconf 8' lang='lat' dir='ltr'><strong>lea</strong></span> <span class='ocrx_word' id='word_1_867' title='bbox 713 5725 938 5807; x_wconf 45' lang='lat' dir='ltr'><strong>marg-ini</strong></span> <span class='ocrx_word' id='word_1_868' title='bbox 971 5744 1178 5790; x_wconf 81' lang='lat' dir='ltr'><strong>tantum</strong></span> <span class='ocrx_word' id='word_1_869' title='bbox 1228 5729 1486 5785; x_wconf 80' lang='lat' dir='ltr'><strong>duximus</strong></span> <span class='ocrx_word' id='word_1_870' title='bbox 1514 5725 1693 5782; x_wconf 82' lang='lat' dir='ltr'><strong>ascri-</strong></span> 
     </span>
    </p>
   </div>
   <div class='ocr_carea' id='block_1_106' title="bbox 1801 4666 3488 4746">
    <p class='ocr_par' dir='ltr' id='par_1_106' title="bbox 1801 4666 3488 4746">
     <span class='ocr_line' id='line_1_106' title="bbox 1801 4666 3488 4746; baseline 0.007 -26"><span class='ocrx_word' id='word_1_871' title='bbox 1801 4675 1888 4720; x_wconf 92' lang='lat' dir='ltr'><strong>tur</strong></span> <span class='ocrx_word' id='word_1_872' title='bbox 1909 4666 2078 4738; x_wconf 77' lang='lat'><strong>659</strong></span> <span class='ocrx_word' id='word_1_873' title='bbox 2106 4676 2162 4722; x_wconf 89' lang='lat' dir='ltr'><strong>et</strong></span> <span class='ocrx_word' id='word_1_874' title='bbox 2192 4667 2354 4724; x_wconf 88' lang='lat' dir='ltr'><strong>Pater</strong></span> <span class='ocrx_word' id='word_1_875' title='bbox 2385 4685 2398 4723; x_wconf 92' lang='lat'>:</span> <span class='ocrx_word' id='word_1_876' title='bbox 2430 4678 2481 4724; x_wconf 90' lang='lat' dir='ltr'><strong>et</strong></span> <span class='ocrx_word' id='word_1_877' title='bbox 2512 4669 2656 4740; x_wconf 91' lang='lat' dir='ltr'><strong>quod</strong></span> <span class='ocrx_word' id='word_1_878' title='bbox 2693 4670 2853 4728; x_wconf 88' lang='lat' dir='ltr'><strong>Pater</strong></span> <span class='ocrx_word' id='word_1_879' title='bbox 2877 4673 3138 4743; x_wconf 92' lang='lat' dir='ltr'><strong>loquitur,</strong></span> <span class='ocrx_word' id='word_1_880' title='bbox 3166 4674 3396 4746; x_wconf 91' lang='lat' dir='ltr'><strong>loquitur</strong></span> <span class='ocrx_word' id='word_1_881' title='bbox 3485 4700 3488 4702; x_wconf 50' lang='grc' dir='ltr'><strong>ν</strong></span> 
     </span>
    </p>
   </div>
   <div class='ocr_carea' id='block_1_107' title="bbox 1796 4759 3400 4840">
    <p class='ocr_par' dir='ltr' id='par_1_107' title="bbox 1796 4759 3400 4840">
     <span class='ocr_line' id='line_1_107' title="bbox 1796 4759 3400 4840; baseline 0.009 -26"><span class='ocrx_word' id='word_1_882' title='bbox 1796 4768 1854 4814; x_wconf 90' lang='lat' dir='ltr'><strong>et</strong></span> <span class='ocrx_word' id='word_1_883' title='bbox 1882 4759 2056 4814; x_wconf 85' lang='lat' dir='ltr'><strong>Filius</strong></span> <span class='ocrx_word' id='word_1_884' title='bbox 2083 4777 2098 4813; x_wconf 89' lang='lat'><strong>:</strong></span> <span class='ocrx_word' id='word_1_885' title='bbox 2131 4769 2187 4815; x_wconf 90' lang='lat' dir='ltr'><strong>et</strong></span> <span class='ocrx_word' id='word_1_886' title='bbox 2214 4761 2358 4831; x_wconf 91' lang='lat' dir='ltr'><strong>quod</strong></span> <span class='ocrx_word' id='word_1_887' title='bbox 2387 4762 2624 4832; x_wconf 89' lang='lat' dir='ltr'><strong>loquitur</strong></span> <span class='ocrx_word' id='word_1_888' title='bbox 2646 4763 2808 4821; x_wconf 89' lang='lat' dir='ltr'><strong>Pater</strong></span> <span class='ocrx_word' id='word_1_889' title='bbox 2837 4774 2892 4822; x_wconf 89' lang='lat' dir='ltr'><strong>et</strong></span> <span class='ocrx_word' id='word_1_890' title='bbox 2925 4767 3126 4837; x_wconf 89' lang='lat' dir='ltr'><strong>Filius,</strong></span> <span class='ocrx_word' id='word_1_891' title='bbox 3160 4768 3400 4840; x_wconf 90' lang='lat' dir='ltr'><strong>loquitur</strong></span> 
     </span>
    </p>
   </div>
   <div class='ocr_carea' id='block_1_108' title="bbox 1798 4851 2394 4922">
    <p class='ocr_par' dir='ltr' id='par_1_108' title="bbox 1798 4851 2394 4922">
     <span class='ocr_line' id='line_1_108' title="bbox 1798 4851 2394 4922; baseline 0 -14"><span class='ocrx_word' id='word_1_892' title='bbox 1798 4861 1854 4908; x_wconf 86' lang='lat' dir='ltr'><strong>et</strong></span> <span class='ocrx_word' id='word_1_893' title='bbox 1882 4851 2124 4922; x_wconf 86' lang='lat' dir='ltr'><strong>Spiritus</strong></span> <span class='ocrx_word' id='word_1_894' title='bbox 2153 4863 2394 4908; x_wconf 88' lang='lat' dir='ltr'><strong>sanctus.</strong></span> 
     </span>
    </p>
   </div>
   <div class='ocr_carea' id='block_1_109' title="bbox 1872 4942 3402 5014">
    <p class='ocr_par' dir='ltr' id='par_1_109' title="bbox 1872 4942 3402 5014">
     <span class='ocr_line' id='line_1_109' title="bbox 1872 4942 3402 5014; baseline 0.01 -18"><span class='ocrx_word' id='word_1_895' title='bbox 1872 4944 1992 4998; x_wconf 77' lang='grc'><strong>151.</strong></span> <span class='ocrx_word' id='word_1_896' title='bbox 2022 4942 2176 4998; x_wconf 91' lang='lat' dir='ltr'><strong>Unde</strong></span> <span class='ocrx_word' id='word_1_897' title='bbox 2197 4943 2344 4999; x_wconf 89' lang='lat' dir='ltr'><strong>etde</strong></span> <span class='ocrx_word' id='word_1_898' title='bbox 2367 4944 2573 5014; x_wconf 87' lang='lat' dir='ltr'><strong>Spiritu</strong></span> <span class='ocrx_word' id='word_1_899' title='bbox 2597 4947 2768 5004; x_wconf 89' lang='lat' dir='ltr'><strong>Filius</strong></span> <span class='ocrx_word' id='word_1_900' title='bbox 2792 4949 2888 5008; x_wconf 87' lang='lat' dir='ltr'><strong>Dei</strong></span> <span class='ocrx_word' id='word_1_901' title='bbox 2913 4951 3053 5009; x_wconf 75' lang='lat' dir='ltr'><strong>dixit</strong></span> <span class='ocrx_word' id='word_1_902' title='bbox 3077 4970 3089 5008; x_wconf 93' lang='lat'><strong>:</strong></span> <span class='ocrx_word' id='word_1_903' title='bbox 3122 4953 3246 5011; x_wconf 85' lang='lat' dir='ltr'><strong>Non</strong></span> <span class='ocrx_word' id='word_1_904' title='bbox 3267 4958 3402 5012; x_wconf 88' lang='lat' dir='ltr'><strong>enim</strong></span> 
     </span>
    </p>
   </div>
   <div class='ocr_carea' id='block_1_110' title="bbox 1795 5033 3402 5110">
    <p class='ocr_par' dir='ltr' id='par_1_110' title="bbox 1795 5033 3402 5110">
     <span class='ocr_line' id='line_1_110' title="bbox 1795 5033 3402 5110; baseline 0.011 -21"><span class='ocrx_word' id='word_1_905' title='bbox 1795 5035 2032 5103; x_wconf 88' lang='lat' dir='ltr'><strong>loquetur</strong></span> <span class='ocrx_word' id='word_1_906' title='bbox 2058 5051 2090 5088; x_wconf 91' lang='lat' dir='ltr'><strong>a</strong></span> <span class='ocrx_word' id='word_1_907' title='bbox 2120 5050 2172 5088; x_wconf 88' lang='lat' dir='ltr'><strong>se</strong></span> <span class='ocrx_word' id='word_1_908' title='bbox 2201 5033 2384 5106; x_wconf 78' lang='lat' dir='ltr'><strong>(Ioan.</strong></span> <span class='ocrx_word' id='word_1_909' title='bbox 2415 5052 2528 5102; x_wconf 74' lang='lat' dir='ltr'><strong>XVI,</strong></span> <span class='ocrx_word' id='word_1_910' title='bbox 2562 5037 2675 5108; x_wconf 81' lang='grc'><strong>15),</strong></span> <span class='ocrx_word' id='word_1_911' title='bbox 2705 5038 2811 5096; x_wconf 85' lang='lat' dir='ltr'><strong>hoc</strong></span> <span class='ocrx_word' id='word_1_912' title='bbox 2841 5050 2956 5110; x_wconf 90' lang='lat' dir='ltr'><strong>est,</strong></span> <span class='ocrx_word' id='word_1_913' title='bbox 2993 5059 3101 5100; x_wconf 91' lang='lat' dir='ltr'><strong>non</strong></span> <span class='ocrx_word' id='word_1_914' title='bbox 3132 5046 3254 5104; x_wconf 82' lang='lat' dir='ltr'><strong>sine</strong></span> <span class='ocrx_word' id='word_1_915' title='bbox 3280 5063 3402 5104; x_wconf 82' lang='lat' dir='ltr'><strong>mea</strong></span> 
     </span>
    </p>
   </div>
   <div class='ocr_carea' id='block_1_111' title="bbox 1805 5154 3402 5237">
    <p class='ocr_par' dir='ltr' id='par_1_111' title="bbox 1805 5154 3402 5237">
     <span class='ocr_line' id='line_1_111' title="bbox 1805 5154 3402 5237; baseline 0.009 -26"><span class='ocrx_word' id='word_1_916' title='bbox 1805 5154 2016 5237; x_wconf 58' lang='lat' dir='ltr'><strong>bendo,</strong></span> <span class='ocrx_word' id='word_1_917' title='bbox 2047 5162 2106 5209; x_wconf 90' lang='lat' dir='ltr'><strong>ut</strong></span> <span class='ocrx_word' id='word_1_918' title='bbox 2149 5154 2336 5237; x_wconf 43' lang='lat' dir='ltr'><strong>discas.</strong></span> <span class='ocrx_word' id='word_1_919' title='bbox 2377 5164 2638 5237; x_wconf 75' lang='lat' dir='ltr'><strong>quantum</strong></span> <span class='ocrx_word' id='word_1_920' title='bbox 2687 5156 3062 5237; x_wconf 78' lang='lat' dir='ltr'><strong>in__simili_bus</strong></span> <span class='ocrx_word' id='word_1_921' title='bbox 3092 5167 3402 5237; x_wconf 87' lang='lat' dir='ltr'><strong>oscitarint,</strong></span> 
     </span>
    </p>
   </div>
   <div class='ocr_carea' id='block_1_112' title="bbox 1804 5226 2983 5298">
    <p class='ocr_par' dir='ltr' id='par_1_112' title="bbox 1804 5226 2983 5298">
     <span class='ocr_line' id='line_1_112' title="bbox 1804 5226 2983 5298; baseline 0.003 -16"><span class='ocrx_word' id='word_1_922' title='bbox 1804 5236 1894 5298; x_wconf 86' lang='lat' dir='ltr'><strong>aut</strong></span> <span class='ocrx_word' id='word_1_923' title='bbox 1917 5226 2019 5298; x_wconf 85' lang='lat' dir='ltr'><strong>sibi</strong></span> <span class='ocrx_word' id='word_1_924' title='bbox 2054 5227 2404 5295; x_wconf 88' lang='lat' dir='ltr'><strong>permiserint</strong></span> <span class='ocrx_word' id='word_1_925' title='bbox 2431 5229 2726 5298; x_wconf 89' lang='lat' dir='ltr'><strong>scriptores</strong></span> <span class='ocrx_word' id='word_1_926' title='bbox 2753 5230 2983 5288; x_wconf 89' lang='lat' dir='ltr'><strong>librarii.</strong></span> 
     </span>
    </p>
   </div>
   <div class='ocr_carea' id='block_1_113' title="bbox 1874 5296 3406 5376">
    <p class='ocr_par' dir='ltr' id='par_1_113' title="bbox 1874 5296 3406 5376">
     <span class='ocr_line' id='line_1_113' title="bbox 1874 5296 3406 5376; baseline 0.01 -26"><span class='ocrx_word' id='word_1_927' title='bbox 1874 5297 1902 5376; x_wconf 60' lang='grc' dir='ltr'><strong>ξ’</strong></span> <span class='ocrx_word' id='word_1_928' title='bbox 1945 5296 2196 5376; x_wconf 75' lang='lat' dir='ltr'><strong>Nonnulli</strong></span> <span class='ocrx_word' id='word_1_929' title='bbox 2229 5296 2677 5376; x_wconf 72' lang='lat' dir='ltr'><strong>mss.,__Spiritum</strong></span> <span class='ocrx_word' id='word_1_930' title='bbox 2701 5319 2880 5376; x_wconf 69' lang='lat' dir='ltr'><strong>suum.</strong></span> <span class='ocrx_word' id='word_1_931' title='bbox 2906 5303 2968 5360; x_wconf 91' lang='lat' dir='ltr'><strong>Si</strong></span> <span class='ocrx_word' id='word_1_932' title='bbox 3005 5316 3128 5362; x_wconf 89' lang='lat' dir='ltr'><strong>ante</strong></span> <span class='ocrx_word' id='word_1_933' title='bbox 3153 5311 3406 5376; x_wconf 76' lang='lat' dir='ltr'><strong>prwmisit</strong></span> 
     </span>
    </p>
   </div>
   <div class='ocr_carea' id='block_1_114' title="bbox 1803 5369 3406 5496">
    <p class='ocr_par' dir='ltr' id='par_1_114' title="bbox 1803 5369 3406 5496">
     <span class='ocr_line' id='line_1_114' title="bbox 1803 5369 3406 5496; baseline 0.011 -74"><span class='ocrx_word' id='word_1_934' title='bbox 1803 5370 1927 5436; x_wconf 88' lang='lat' dir='ltr'><strong>quia</strong></span> <span class='ocrx_word' id='word_1_935' title='bbox 1953 5369 2192 5496; x_wconf 52' lang='lat' dir='ltr'><strong>retiielavit</strong></span> <span class='ocrx_word' id='word_1_936' title='bbox 2216 5369 2360 5424; x_wconf 88' lang='lat' dir='ltr'><strong>nobis</strong></span> <span class='ocrx_word' id='word_1_937' title='bbox 2381 5370 2544 5440; x_wconf 85' lang='lat' dir='ltr'><strong>Deus,</strong></span> <span class='ocrx_word' id='word_1_938' title='bbox 2569 5373 2726 5427; x_wconf 86' lang='lat' dir='ltr'><strong>simul</strong></span> <span class='ocrx_word' id='word_1_939' title='bbox 2745 5383 2802 5428; x_wconf 88' lang='lat' dir='ltr'><strong>ut</strong></span> <span class='ocrx_word' id='word_1_940' title='bbox 2827 5375 3070 5447; x_wconf 85' lang='lat' dir='ltr'><strong>disceres,</strong></span> <span class='ocrx_word' id='word_1_941' title='bbox 3095 5369 3204 5435; x_wconf 76' lang='lat' dir='ltr'><strong>etc.</strong></span> <span class='ocrx_word' id='word_1_942' title='bbox 3231 5381 3406 5440; x_wconf 87' lang='lat' dir='ltr'><strong>Minus</strong></span> 
     </span>
     <span class='ocr_line' id='line_1_115' title="bbox 1803 5455 2113 5496; baseline -0.006 0"><span class='ocrx_word' id='word_1_943' title='bbox 1803 5455 1922 5496; x_wconf 93' lang='lat' dir='ltr'><strong>com</strong></span> <span class='ocrx_word' id='word_1_944' title='bbox 1933 5457 2018 5495; x_wconf 93' lang='lat' dir='ltr'><strong>mo</strong></span> <span class='ocrx_word' id='word_1_945' title='bbox 2059 5457 2113 5496; x_wconf 92' lang='lat' dir='ltr'><strong>e.</strong></span> 
     </span>
    </p>
   </div>
   <div class='ocr_carea' id='block_1_115' title="bbox 1801 5455 3407 5637">
    <p class='ocr_par' dir='ltr' id='par_1_115' title="bbox 1801 5455 3407 5637">
     <span class='ocr_line' id='line_1_116' title="bbox 1933 5457 2113 5494; baseline 0.011 -2"><span class='ocrx_word' id='word_1_946' title='bbox 1933 5457 1979 5493; x_wconf 93' lang='lat' dir='ltr'><strong>m</strong></span> <span class='ocrx_word' id='word_1_947' title='bbox 2097 5478 2113 5494; x_wconf 93' lang='lat'><strong>.</strong></span> 
     </span>
     <span class='ocr_line' id='line_1_117' title="bbox 1801 5455 3407 5637; baseline 0.012 -74"><span class='ocrx_word' id='word_1_948' title='bbox 1801 5455 1922 5637; x_wconf 61' lang='lat'><strong>0:0“</strong></span> <span class='ocrx_word' id='word_1_949' title='bbox 1945 5455 2196 5585; x_wconf 56' lang='grc' dir='ltr'><strong>Ρῗὲιῖᾳυθ</strong></span> <span class='ocrx_word' id='word_1_950' title='bbox 2224 5528 2384 5581; x_wconf 88' lang='lat' dir='ltr'><strong>mss.,</strong></span> <span class='ocrx_word' id='word_1_951' title='bbox 2415 5514 2515 5568; x_wconf 90' lang='lat' dir='ltr'><strong>nisi</strong></span> <span class='ocrx_word' id='word_1_952' title='bbox 2543 5513 2775 5585; x_wconf 85' lang='lat' dir='ltr'><strong>Spiritus</strong></span> <span class='ocrx_word' id='word_1_953' title='bbox 2803 5518 2889 5588; x_wconf 89' lang='lat' dir='ltr'><strong>qui</strong></span> <span class='ocrx_word' id='word_1_954' title='bbox 2910 5519 2964 5573; x_wconf 88' lang='lat' dir='ltr'><strong>in</strong></span> <span class='ocrx_word' id='word_1_955' title='bbox 2986 5520 3100 5590; x_wconf 87' lang='lat' dir='ltr'><strong>ipso</strong></span> <span class='ocrx_word' id='word_1_956' title='bbox 3127 5531 3224 5593; x_wconf 80' lang='lat' dir='ltr'><strong>est,</strong></span> <span class='ocrx_word' id='word_1_957' title='bbox 3250 5533 3306 5580; x_wconf 87' lang='lat' dir='ltr'><strong>et</strong></span> <span class='ocrx_word' id='word_1_958' title='bbox 3324 5525 3407 5582; x_wconf 91' lang='lat' dir='ltr'><strong>sic</strong></span> 
     </span>
     <span class='ocr_line' id='line_1_118' title="bbox 1801 5599 2024 5637; baseline 0.004 -1"><span class='ocrx_word' id='word_1_959' title='bbox 1801 5601 1834 5637; x_wconf 88' lang='grc' dir='ltr'><strong>ιι</strong></span> <span class='ocrx_word' id='word_1_960' title='bbox 1879 5599 2024 5637; x_wconf 83' lang='lat' dir='ltr'><strong>Ioue.</strong></span> 
     </span>
    </p>
   </div>
   <div class='ocr_carea' id='block_1_116' title="bbox 1800 5599 3404 5738">
    <p class='ocr_par' dir='ltr' id='par_1_116' title="bbox 1800 5599 3404 5738">
     <span class='ocr_line' id='line_1_119' title="bbox 1800 5599 3404 5738; baseline 0.009 -26"><span class='ocrx_word' id='word_1_961' title='bbox 1800 5599 2198 5738; x_wconf 26' lang='lat' dir='ltr'><strong>ﬁbhqflﬁinnulli</strong></span> <span class='ocrx_word' id='word_1_962' title='bbox 2223 5670 2383 5723; x_wconf 86' lang='lat' dir='ltr'><strong>mss.,</strong></span> <span class='ocrx_word' id='word_1_963' title='bbox 2411 5655 2480 5712; x_wconf 86' lang='lat' dir='ltr'><strong>ibi</strong></span> <span class='ocrx_word' id='word_1_964' title='bbox 2503 5653 2600 5711; x_wconf 64' lang='lat' dir='ltr'><strong>Dei</strong></span> <span class='ocrx_word' id='word_1_965' title='bbox 2625 5658 2805 5730; x_wconf 80' lang='lat' dir='ltr'><strong>virtus,</strong></span> <span class='ocrx_word' id='word_1_966' title='bbox 2834 5678 2950 5734; x_wconf 74' lang='lat' dir='ltr'><strong>qum</strong></span> <span class='ocrx_word' id='word_1_967' title='bbox 2978 5673 3140 5735; x_wconf 83' lang='lat' dir='ltr'><strong>potest</strong></span> <span class='ocrx_word' id='word_1_968' title='bbox 3166 5683 3274 5724; x_wconf 88' lang='lat' dir='ltr'><strong>esse</strong></span> <span class='ocrx_word' id='word_1_969' title='bbox 3297 5669 3404 5727; x_wconf 88' lang='lat' dir='ltr'><strong>dis-</strong></span> 
     </span>
    </p>
   </div>
   <div class='ocr_carea' id='block_1_117' title="bbox 1805 5737 2008 5784">
    <p class='ocr_par' dir='ltr' id='par_1_117' title="bbox 1805 5737 2008 5784">
     <span class='ocr_line' id='line_1_120' title="bbox 1805 5737 2008 5784; baseline 0.015 -2"><span class='ocrx_word' id='word_1_970' title='bbox 1805 5737 2008 5784; x_wconf 71' lang='lat' dir='ltr'><strong>unctio.</strong></span> 
     </span>
    </p>
   </div>
  </div>
