3936 6168
549 279 649 343 771
1945 260 2195 320 SANCTI
2232 260 2560 318 AMBROSII
3732 256 3816 310 ἐτξ

542 413 599 459 et
620 402 796 458 Patris
827 394 1245 456 communione;
1285 402 1463 457 neque
1483 386 1630 441 enim
1661 382 1869 439 divisus
1891 395 1953 434 ac
1984 393 2146 446 sepa-
2175 387 2228 446 Α
2250 376 2377 433 diue
2407 376 2642 447 aliquam
2678 375 2821 431 inter
2846 372 3061 428 Patrem
3095 379 3153 429 et
3194 370 3393 447 Filium
3427 378 3642 440 putares
3667 374 3819 441 operis

545 505 693 550 ratus
725 501 809 547 est
832 490 1087 559 Spiritus,
1120 485 1213 539 sed
1246 499 1365 551 qua:
1391 480 1562 545 audit,
1598 477 1870 548 loquitur:
1898 474 2049 529 audit
2071 473 2147 526 vi-
2251 485 2372 525 esse
2412 467 2722 523 diStantiam
2746 509 2759 532 ,
2794 465 2887 522 sed
2931 464 3176 535 ejusdi-m
3214 464 3555 532 operationis
3600 462 3821 518 crederes

543 588 745 642 delicet
771 599 865 653 per
879 555 1157 635 unitatem
1184 575 1526 637 substantiae,
1556 583 1611 628 et
1638 586 1732 640 per
1757 568 2146 639 proprietatem
2252 562 2515 617 unitatem
2544 578 2557 613 :
2590 558 2661 615 Et
2695 575 2875 628 opera,
2907 557 3103 628 inquit,
3134 572 3247 625 qua:
3272 571 3369 626 ego
3399 555 3570 626 facio,
3600 555 3702 623 ipse
3725 556 3821 625 facit

545 677 810 735 scientiae.
848 674 1038 743 Neque
1068 673 1211 727 enim
1262 666 1620 723 foraminibus
1652 661 1925 733 aliquibus
1954 672 2151 728 corpo—
2251 654 2431 727 (Joan.
2466 671 2528 719 v,
2560 652 2670 724 17).
2698 652 2767 708 Et
2808 667 2998 707 rursus
3027 666 3093 706 ue
3122 649 3512 707 discretionem
3542 647 3759 718 aliquam
3783 649 3822 701 iu

546 772 749 827 ratibus
783 739 975 836 recipit
1004 764 1268 827 auditum,
1301 773 1353 815 et
1379 756 1705 829 quihusdam
1746 753 1929 808 divina
1960 750 2151 805 modu—
2250 748 2436 817 operis
2462 747 2813 805 diStiuctione
2841 746 3099 808 sentires,
3129 742 3226 798 sed
3254 742 3399 798 idem
3424 741 3585 804 velle.
3609 740 3739 796 idem
3761 739 3822 794 la-

543 866 611 920 lis
641 862 953 920 carnalibus
984 873 1089 912 vox
1119 855 1346 910 resultat
1374 895 1388 917 ,
1422 853 1505 906 vcl
1535 848 1687 905 audit
1725 847 1776 902 id
1810 845 1952 916 quod
1997 845 2151 914 iguo-
2250 857 2380 899 rere
2406 883 2422 909 ,
2459 841 2602 897 idem
2633 854 2797 912 posse
2835 839 3050 895 Patrem
3071 848 3131 894 .et
3160 836 3357 893 Fillqu
3393 834 3666 906 judicares
3686 877 3699 899 ,
3724 835 3827 889 dicit

547 966 659 1021 rat;
697 955 953 1026 quoniam
973 953 1026 1005 in
1051 950 1217 1005 rebus
1240 945 1494 1001 humanis
1513 941 1799 997 scientiam
1830 938 2152 1008 plerumque
2252 935 2351 990 tibi
2381 934 2660 1005 Sapientia
2682 933 2751 989 de
2770 933 2932 989 Patre
2956 949 2968 985 :
3002 930 3347 999 Quwcumque
3367 929 3505 983 enim
3534 928 3620 982 ille
3647 928 3825 999 fecerit,

546 1022 764 1105 auditus
806 1055 1084 1116 operatur,
1131 1051 1187 1097 et
1235 1051 1412 1095 tamen
1448 1054 1545 1092 nec
1588 1038 1639 1090 in
1673 1033 1809 1103 ipsis
1838 1030 2153 1087 hominibus
2252 1030 2432 1083 eadem
2463 1039 2513 1083 et
2543 1025 2715 1082 Filius
2746 1026 2871 1098 facit
2912 1026 3147 1081 similiter
3182 1022 3377 1095 (Ibid.,
3417 1022 3532 1092 19).
3579 1023 3687 1076 Non
3727 1036 3829 1091 ergo

548 1157 765 1211 semper
789 1138 1083 1208 alloquium
1103 1132 1413 1202 corporale,
1434 1128 1783 1184 autcarualis
1800 1123 2017 1179 auditus
2038 1130 2150 1176 est:
2254 1121 2419 1176 alicui
2462 1122 2610 1192 prior
2641 1121 2729 1177 vel
2761 1119 3035 1176 secundus
3063 1127 3147 1173 est
3186 1126 3342 1172 actus
3362 1159 3379 1182 ,
3409 1116 3506 1172 sed
3538 1116 3670 1171 idem
3702 1116 3831 1170 unius

553 1237 651 1302 Qui
674 1207 824 1289 enim
856 1207 1078 1300 loquitur
1106 1226 1315 1297 linguis,
1353 1241 1451 1277 non
1482 1222 1804 1281 hominibus,
1839 1216 2046 1286 inquit,
2080 1212 2156 1266 ιο·
2256 1214 2593 1282 Operatiouis
2609 1211 2855 1268 etractus.
2882 1211 2950 1267 Et
2968 1211 3091 1267 ideo
3114 1208 3246 1266 nihil
3269 1224 3296 1263 a
3316 1225 3378 1265 se
3404 1208 3743 1278 possel‘acerc
3765 1207 3832 1262 Fi-

548 1330 752 1399 quitur,
793 1326 880 1381 sed
913 1322 1042 1377 Deo.
1077 1319 1244 1376 Nemo
1264 1319 1400 1372 enim
1430 1316 1573 1371 audit
1598 1355 1613 1380 ,
1647 1312 1852 1384 Spiritu
1879 1318 2049 1363 autem
2073 1306 2153 1361 ιο-
2258 1308 2361 1361 lius
2384 1308 2610 1373 dicitur;
2635 1308 2760 1377 quia
2788 1323 2816 1361 a
2843 1306 3003 1361 Patre
3028 1320 3136 1360 non
3165 1312 3346 1374 potest
3368 1303 3491 1371 ejus
3512 1300 3742 1370 oprralio
3766 1317 3832 1354 sc-

549 1395 723 1489 ouitur
745 1417 989 1488 mysteria
1020 1415 1062 1483 (l
1091 1413 1212 1467 Cor.
1246 1427 1354 1476 xiv,
1391 1406 1473 1480 ἓ).
2258 1398 2459 1467 parari.
2492 1397 2754 1453 Similiter
2780 1409 2831 1454 et
2861 1397 3098 1466 Spiritus
3126 1395 3305 1452 sancti
3343 1396 3592 1463 operatio
3628 1411 3722 1447 non
3759 1408 3831 1447 sc-

626 1512 751 1566 152.
785 1511 925 1578 Ergo
951 1508 997 1562 si
1027 1508 1079 1559 in
1116 1503 1425 1559 hominibus
1450 1514 1560 1553 non
1590 1510 1808 1565 semper
1833 1492 2051 1548 auditus
2075 1498 2159 1544 est
2259 1494 2521 1549 cernitur.
2549 1490 2702 1549 Unde
2721 1491 2883 1547 etiam
2910 1505 2971 1546 ea
3000 1504 3123 1560 quae
3157 1487 3424 1550 loquitur.
3454 1485 3681 1540 audii-ea
3704 1483 3833 1539 Patre

553 1604 897 1673 corporalis;
932 1602 985 1654 in
1019 1600 1130 1653 Deo
1162 1607 1218 1651 tu
1254 1593 1584 1649 infirmitatis
1621 1590 1870 1644 humana:
1899 1586 2114 1641 sonitus
2140 1623 2156 1649 ,
2260 1585 2478 1641 dicitur.

552 1709 609 1754 et
627 1697 873 1768 qumdam
899 1708 1105 1764 organa
1137 1692 1310 1759 exigis
1334 1687 1570 1744 carnalis
1599 1684 1854 1746 auditus;
1886 1694 2008 1735 cum
2033 1677 2158 1733 ideo
2338 1677 2623 1747 l57.§Quid
2650 1679 2697 1733 si
2724 1677 2896 1733 doceo
2922 1676 3047 1745 quia
3070 1679 3127 1729 et
3155 1670 3316 1726 Pater
3338 1670 3495 1727 audit
3520 1669 3726 1733 Filium,
3752 1669 3834 1723 sici

553 1792 746 1846 audire
786 1790 1000 1849 dicatur
1021 1827 1036 1850 ,
1083 1795 1141 1838 ut
1169 1783 1312 1836 scire
1341 1779 1637 1836 credatur?
1665 1777 1775 1832 Nos
1800 1774 1944 1830 enim
1977 1772 2027 1826 id
2058 1771 2164 1825 sci-
2196 1775 2241 1837 Β
2271 1780 2330 1826 ut
2352 1781 2407 1826 et
2439 1768 2608 1826 Filius
2636 1771 2786 1826 audit
2814 1767 3079 1824 Patrem?
3115 1763 3298 1819 Habes
3344 1766 3497 1821 enim
3525 1764 3766 1833 scriptum
3794 1764 3835 1816 in

556 1899 678 1939 mus
700 1880 844 1952 quod
876 1877 1229 1941 audierimus,
1257 1887 1308 1927 ct
1335 1882 1463 1927 ante
1489 1871 1761 1933 audimus,
1790 1877 1849 1923 ut
1872 1867 2013 1921 scire
2038 1878 2165 1950 pos:
2264 1865 2580 1935 Evangelia,
2611 1865 2737 1935 quia
2766 1863 2897 1919 dicit
2936 1864 3108 1920 Filius
3134 1882 3147 1921 :
3185 1862 3367 1929 Pater,
3398 1863 3595 1933 gratias
3622 1860 3704 1915 tibi
3724 1874 3834 1929 ago,

555 1976 773 2031 simus:
808 1972 859 2027 in
914 1973 1021 2026 Deo
1066 1978 1259 2049 autem
1306 1966 1399 2037 qui
1445 1965 1595 2019 novit
1641 1962 1822 2017 omnia
1866 1968 2158 2028 antequam
2258 1960 2383 2029 quia
2407 1958 2598 2013 audisti
2629 1974 2708 2013 me
2731 1958 2914 2028 (Joan.
2941 1957 3160 2028 11,“).
3183 1957 3477 2027 Quomodo
3497 1952 3837 2011 audiiitPater

554 2070 713 2133 tiam,
742 2065 969 2121 scicntia
1007 2046 1265 2133 praecedit
1293 2060 1561 2113 auditum.
1597 2056 1783 2125 Itaque
1811 2062 1869 2108 ut
1892 2050 2035 2122 quod
2067 2064 2160 2102 ve-
2264 2050 2490 2113 Filium,
2520 2064 2642 2104 cum
2673 2051 2845 2106 Filius
2878 2051 3010 2107 nihil
3054 2051 3121 2106 ad
3151 2051 3373 2107 Patrem
3419 2051 3474 2106 in
3506 2045 3837 2118 superioribus

554 2162 617 2217 lit
649 2162 832 2224 Pater,
856 2158 1051 2212 Filium
1078 2172 1185 2209 non
1215 2156 1469 2224 ignorare
1499 2151 1768 2213 dicamus,
1802 2146 2020 2199 audisse
2048 2155 2164 2196 me-
2262 2144 2334 2200 de
2362 2144 2569 2201 Lazaro
2596 2146 2665 2200 sit
2698 2146 2943 2200 loculus?
2979 2146 3058 2202 Ac
3090 2162 3155 2200 ηρ
3197 2156 3426 2217 pum-es
3468 2143 3591 2213 quia
3629 2139 3778 2197 semei
3813 2151 3835 2191 ει

557 2266 840 2308 moramus
870 2269 883 2303 :
918 2250 1014 2305 sed
1048 2264 1155 2302 non
1206 2248 1256 2300 in
1290 2246 1403 2300 Deo
1442 2257 1613 2298 sonus
1637 2282 1654 2307 ,
1687 2253 1866 2309 neque
1912 2233 2120 2307 syllaba
2146 2272 2162 2299 ,
2267 2238 2429 2294 l’atre
2459 2239 2674 2294 auditus
2695 2248 2779 2293 est
2806 2239 2998 2305 Filius,
3020 2239 3269 2295 addidit:
3304 2237 3376 2295 Et
3396 2255 3495 2309 ego
3517 2236 3721 2291 sciebam
3740 2233 3838 2300 quia

554 2364 677 2415 quae
714 2347 1028 2416 signiﬁcare
1059 2342 1239 2396 solent
1281 2338 1538 2394 indicium
1583 2331 1917 2394 voluntatis;
1948 2327 2043 2384 sed
2071 2339 2165 2381 vo-
2264 2345 2466 2400 semper
2495 2348 2573 2386 me
2597 2331 2750 2387 audis
2779 2330 2972 2403 (lbid.,
2999 2330 3114 2403 42).
3146 2332 3291 2402 Ergo
3321 2346 3434 2386 non
3467 2329 3710 2398 subjecta:
3733 2323 3837 2379 ohe.

559 2441 785 2496 luntatis
817 2440 996 2492 unitas
1027 2436 1229 2489 divinis
1275 2432 1498 2502 quidem
1546 2428 1866 2497 intelligitur
1905 2421 2117 2477 areanis
2145 2458 2161 2485 ,
2264 2424 2505 2487 dientiac,
2536 2424 2630 2480 sed
2659 2425 2880 2478 unitatis
2901 2424 3118 2480 auditus
3148 2433 3234 2480 est
3256 2423 3632 2494 sempiterna}.

562 2533 762 2587 n'tSll‘iS
791 2540 970 2585 autem
1003 2528 1340 2597 signiﬁcatur
1370 2522 1605 2577 indiciis-
2344 2516 2464 2573 158.
2518 2517 2778 2573 Similiter
2807 2517 2971 2585 igitur
3007 2527 3063 2573 et
3101 2516 3295 2572 audire
3332 2532 3362 2569 a
3414 2514 3575 2571 Patre
3614 2509 3833 2583 Spiritus,

633 2626 753 2680 155.
789 2623 924 2691 Quid
955 2631 1036 2676 est
1067 2634 1203 2690 ergo
1236 2636 1250 2672 :
1288 2616 1409 2670 Non
1442 2616 1574 2668 enim
1604 2630 1635 2666 (ι
1662 2629 1715 2666 se
1737 2608 2020 2679 loquetur?
2052 2606 2165 2660 Hoc
2264 2620 2324 2666 et
2349 2611 2651 2666 clariﬁcare
2695 2609 2896 2664 Filium
2940 2610 3158 2665 dicitur,
3188 2606 3513 2665 Chl-“imre
3551 2607 3703 2669 ide",
3732 2602 3831 2672 quia

458 2750 463 2753 -
559 2730 662 2780 est,
698 2732 807 2770 non
841 2716 960 2767 sine
988 2727 1076 2766 me
1103 2711 1380 2780 loquitur;
1414 2708 1538 2776 quia
1569 2706 1823 2772 loquetur
1855 2701 2160 2763 veritatem,
2267 2704 2455 2759 άοοιιίι
2505 2720 2604 2758 ηαδ
2647 2703 2883 2774 spiritus
2923 2715 3142 2758 saucius
3188 2702 3390 2758 Filium
3452 2702 3547 2758 Dei
3587 2698 3833 2768 imaginem

558 2808 884 2875 sapientiam
910 2805 1136 2874 aspirat.
1159 2803 1276 2857 Non
1305 2802 1423 2853 sine
1449 2799 1604 2852 Patre
1635 2795 1896 2864 loquitur,
1921 2792 2044 2861 quia
2071 2790 2165 2843 Dei
2268 2810 2389 2848 esse
2415 2795 2699 2850 invisibilis
2724 2795 2818 2849 Dei
2841 2836 2853 2858 ,
2882 2804 2937 2849 οι
2964 2794 3313 2863 εριοηάοι-ριη
3347 2795 3563 2865 giorim,
3590 2803 3642 2847 ει
3677 2794 3834 2845 cum-

556 2898 792 2967 Spiritus
822 2907 934 2949 est:
963 2908 1068 2949 non
1099 2908 1128 2946 a
1158 2906 1218 2946 se
1246 2889 1689 2957 audit,quoniatu
1720 2901 1786 2940 ex
1824 2886 1929 2938 Deo
1959 2881 2105 2936 omni

2276 2900 2472 2943 cterem
2502 2888 2820 2943 substantia:
2845 2887 2960 2957 ejus
2983 2886 3206 2959 (Caius.
3234 2905 3259 2943 1
3279 2927 3295 2953 ,
3328 2889 3446 2959 15),
3476 2886 3699 2957 Spir-itus
3718 2882 3830 2937 cuitu

634 2986 757 3042 154.
784 2987 974 3039 Omnia
1002 2987 1215 3052 accepit
1240 2998 1269 3035 a
1296 2981 1455 3034 Patre
1478 2978 1664 3043 Filius,
1688 2977 1813 3046 quia
1846 2976 1962 3045 ipse
1986 2973 2127 3027 dixit
2151 2989 2162 3023 :
2268 2989 2321 3033 et
2350 2979 2402 3034 in
2435 2979 2762 3049 patriarchis
2791 2989 2845 3033 et
2876 2980 2927 3033 in
2956 2979 3240 3050 prophetis
3260 2980 3482 3035 locutus
3506 2988 3592 3034 est
3619 2995 3633 3030 :
3662 2984 3710 3030 et
3731 2988 3832 3043 apo-

564 3080 751 3134 Untnia
780 3076 909 3131 mihi
935 3074 1129 3131 tradita
1165 3083 1285 3128 sunt
1308 3091 1339 3126 a
1372 3072 1527 3125 Patre
1553 3086 1662 3123 meo
1689 3068 1906 3139 (Matth.
1934 3082 2008 3131 XI,
2046 3065 2115 3118 27

2275 3073 2391 3128 stoli
2416 3074 2647 3140 denique
2668 3081 2793 3127 tunc
2812 3072 3169 3143 perfectiores
3189 3089 3312 3129 esse
3332 3080 3639 3144 eruperunt,
3659 3078 3829 3140 postea-

559 3174 755 3231 Omuia
788 3172 965 3226 Patris
994 3170 1154 3224 habet
1184 3169 1395 3231 Filius;
1438 3166 1559 3235 quia
1598 3166 1794 3218 iterum
1828 3163 1940 3216 ait:
1975 3159 2162 3214 Omnia
2189 3163 2234 3226 ρ
2268 3183 2428 3235 quam
2480 3167 2739 3237 spiritum
2792 3176 3118 3237 receperam
3163 3166 3358 3237 (Hebr.
3391 3184 3406 3222 1
3434 3210 3449 3234 ν
3484 3169 3509 3222 ι
3540 3207 3555 3229 ν
3582 3163 3657 3236 2),
3704 3159 3827 3215 Nu":

558 3283 672 3338 quia
702 3265 861 3321 Pater
886 3266 1034 3317 habet
1064 3279 1175 3315 mea
1199 3271 1315 3314 sunt
1344 3259 1519 3331 (Joan.
1550 3273 1671 3324 nr,
1699 3257 1811 3327 1:3).
1841 3255 1908 3308 Et
1933 3268 2055 3323 quae
2075 3266 2164 3306 ac-
2269 3274 2399 3327 ergo
2423 3260 2677 3313 distantia
2703 3258 2902 3312 divinas
2925 3260 3142 3314 virtutis
3162 3270 3216 3313 et
3237 3262 3466 3329 gratim;
3494 3273 3615 3314 nam
3640 3254 3744 3310 licet
3769 3250 3829 3303 di-

559 3359 716 3427 ceiiit
736 3360 852 3426 ipse
878 3370 972 3425 per
997 3354 1259 3409 unitatem
1289 3360 1522 3415 natum,
1549 3364 1616 3404 ex
1645 3349 1763 3417 ipso
1793 3343 2113 3413 pcr‘eamde;

2274 3353 2488 3407 visiones
2516 3353 2805 3423 gratiarum
2833 3355 2934 3407 sint
2954 3395 2970 3419 ,
2997 3354 3129 3407 idem
3164 3363 3332 3408 mitem
3362 3354 3593 3421 Spiritus
3620 3368 3639 3405 .°
3664 3359 3707 3402 et
3724 3346 3748 3385 ι)
3770 3345 3828 3398 div

560 3455 823 3508 unitatem
857 3448 1069 3517 accepit
1091 3456 1145 3500 et
1176 3446 1408 3514 Spiritus
1438 3485 1450 3507 ,
1482 3444 1624 3497 sicut
1648 3442 1763 3510 ipse
1793 3437 2051 3493 Dominus
2078 3435 2114 3490 .Ι‹

2271 3446 2487 3499 visiones
2516 3446 2923 3499 ministeriorum
2963 3448 3063 3500 sint
3083 3488 3096 3511 ,
3125 3448 3258 3499 idem
3294 3458 3473 3501 autem
3504 3442 3825 3499 Domitiana

557 3564 652 3603 sua
680 3546 950 3609 declarat,
979 3542 1047 3597 de
1076 3540 1285 3610 Spiritu
1316 3554 1412 3592 suo
1444 3536 1630 3591 dicens
1656 3551 1668 3586 :
1705 3532 1985 3601 Proincrea
2015 3529 2111 3583 dixi

2270 3543 2543 3597 divisiones
2564 3543 2919 3612 operationum
2939 3543 3063 3608 sint,
3092 3542 3231 3595 idem
3249 3551 3427 3595 autem
3449 3540 3610 3604 Deus,
3628 3536 3706 3606 qui
3731 3546 3824 3597 ορε-

554 3642 623 3694 de
651 3655 763 3694 meo
803 3636 1056 3706 accipiet,
1104 3644 1149 3687 et
1199 3629 1525 3686 annuntiabit
1569 3626 1707 3681 vobis
1746 3623 1962 3696 (Ibid.).
2007 3622 2108 3690 ρει(

2272 3646 2409 3688 ratur
2438 3636 2610 3688 omnia
2633 3637 2683 3688 in
2712 3635 2948 3688 oumibus
2980 3633 3024 3706 (Ι
3048 3633 3169 3688 Cor.
3198 3650 3297 3703 xu,
3325 3633 3362 3687 4
3387 3643 3437 3688 et
3464 3629 3614 3701 δρψ).
3642 3624 3826 3683 Divisio-

558 3748 689 3803 ergo
719 3729 956 3800 loquitur
983 3726 1252 3797 Spiritus,
1286 3722 1407 3776 Filii
1439 3733 1521 3777 est
1549 3737 1561 3771 :
1592 3718 1734 3789 quod
1774 3718 1927 3772 dedit
1954 3715 2112 3771 Filius

2268 3744 2365 3783 nes
2392 3739 2517 3783 sunt
2551 3742 2837 3783 munerum
2860 3770 2874 3794 ,
2910 3741 3018 3782 non
3051 3727 3438 3796 separationes
3467 3718 3742 3778 Trinitatis.

560 3824 738 3882 Patris
764 3830 869 3878 est.
906 3821 985 3876 Ita
1015 3819 1148 3874 nihil
1180 3834 1211 3872 a
1243 3832 1302 3872 se
1335 3826 1429 3871 aut
1458 3815 1627 3869 Filius
1656 3813 1893 3881 loquitur
1924 3818 2013 3864 aut
2036 3804 2160 3876 Spi-
2340 3821 2462 3875 139.
2494 3821 2739 3890 Denique
2786 3818 2929 3873 idem
2970 3828 3053 3873 esi
3080 3818 3227 3874 Deus
3264 3818 3358 3889 qui
3391 3826 3647 3887 operam.
3678 3806 3822 3863 omni,

562 3919 723 3983 ritus,
756 3917 878 3985 quia
905 3913 1040 3968 nihil
1061 3922 1217 3967 extra
1249 3925 1310 3964 se
1335 3908 1576 3963 Trinitas
1598 3906 1857 3975 loquitur.

2268 3914 2319 3968 in
2349 3891 2633 3979 omnibus;
2657 3922 2715 3966 ut
2740 3913 2880 3967 scias
2908 3912 3032 3983 quia
3063 3927 3172 3967 non
3197 3921 3282 3968 est
3308 3911 3571 3967 discretio
3596 3898 3822 3973 operatio-

636 4009 760 4063 1'55.
803 4007 959 4075 Quod
999 4008 1048 4060 si
1088 4004 1156 4059 ad
1194 4004 1569 4059 inﬁrmitatem
1600 3998 1834 4069 Spiritus
1868 3992 2065 4058 saneti,
2109 4001 2165 4047 et
2269 4011 2353 4065 "is
2381 4010 2525 4066 iniei.
2550 4008 2717 4067 Deum
2742 4007 2959 4062 panem
2984 4016 3038 4063 ei
3063 4006 3326 4076 Spiriium
3356 4013 3621 4064 summm,
3645 3990 3821 4069 quando

561 4103 852 4173 quamdam
896 4113 1182 4171 corporeae
1230 4094 1649 4151 similitudinem
1692 4091 1914 4145 vilitatis
1944 4087 1992 4141 id
2020 4087 2161 4141 deri.
2267 4119 2328 4157 ea
2370 4118 2491 4172 quae
2529 4111 2788 4171 operam,
2818 4099 3090 4169 Spiriius,
3133 4106 3393 4168 operatur
3424 4104 3479 4152 ei
3507 4095 3655 4149 [iam
3690 4087 3817 4142 ηεαδ,

563 4199 677 4253 vati
720 4196 1059 4259 contendas;
1095 4193 1258 4247 etiam
1292 4190 1354 4244 ad
1406 4188 1529 4243 Filii
1563 4187 1817 4256 iniuriam
1854 4181 2159 4244 derivabis;
2266 4196 2353 4264 qui
2388 4204 2647 4264 ορθωιυι.
2673 4192 2854 4248 omnia
2888 4192 2943 4246 in
2970 4191 3244 4246 omnibus_
3286 4190 3420 4245 Nam
3455 4203 3574 4244 cum
3601 4184 3820 4252 opcwiur

558 4298 680 4365 quia
715 4305 768 4349 et
807 4294 878 4347 de
922 4307 981 4344 se
1010 4287 1181 4343 Filius
1212 4287 1386 4339 dixit:
1422 4283 1571 4337 Sicut
1597 4279 1785 4342 audio,
1807 4277 1992 4346 judico
2019 4292 2036 4340 ;
2067 4284 2112 4328 et

2266 4287 2445 4340 omnia
2478 4288 2530 4340 in
2554 4285 2807 4341 omnibus
2822 4284 2987 4338 Pater
3012 4301 3025 4337 :
3057 4283 3161 4337 Alii
3185 4293 3365 4338 tamen
3388 4284 3542 4336 datur
3570 4292 3654 4347 per
3675 4266 3816 4339 Spiri'

565 4387 721 4441 “Non
743 4393 909 4457 potest
924 4379 1072 4436 aliud
1097 4383 1261 4449 facere
1285 4374 1331 4426 F
1338 4376 1477 4443 ilius,
1494 4374 1593 4426 nisi
1616 4371 1753 4441 quod
1769 4368 1946 4421 viderit
1968 4366 2163 4435 facien-
2268 4390 2372 4433 ιηηι
2420 4396 2586 4436 sermo
2617 4379 2909 4447 saiiientiw,
2961 4379 3055 4431 alii
3101 4393 3271 4431 sermo
3314 4374 3546 4431 scientia:
3586 4364 3817 4423 secundum

563 4498 662 4536 tein
695 4480 905 4533 Patrem
932 4476 1114 4547 (Joan.
1139 4488 1171 4525 v
1195 4511 1211 4538 ,
1237 4468 1352 4540 50).
1388 4470 1444 4522 Si
1478 4466 1622 4521 enim
1660 4478 1848 4518 verum
1879 4469 1992 4525 est,
2024 4460 2162 4513 sicut
2265 4473 2498 4527 eumdem
2528 4471 2783 4543 Spiritum
2806 4511 2818 4529 ,
2870 4470 3022 4523 amri
3052 4468 3178 4537 ράρ,
3224 4468 3277 4522 in
3306 4469 3483 4521 eodem
3510 4460 3718 4533 sim-im,
3744 4448 3815 4504 alii

560 4591 750 4632 verum
783 4582 888 4635 est.
922 4568 1065 4639 quod
1104 4568 1243 4623 dixit
1268 4564 1479 4618 Filius:
1516 4559 1708 4612 Omnia
1727 4571 1843 4626 qua:
1878 4554 2033 4607 Pater
2065 4553 2114 4606 lu

2263 4567 2431 4638 gratia
2461 4565 2783 4618 curationum
2812 4563 2865 4616 in
2907 4576 3009 4617 uno
3044 4561 3282 4633 Spiritu,
3315 4560 3410 4614 alii
3440 4553 3657 4629 operatio
3682 4547 3811 4602 uirtu-

562 4674 664 4738 bet,
696 4685 809 4723 mea
850 4636 970 4719 sunt
1009 4660 1197 4735 (Ibid,
1230 4656 1359 4727 19);
1390 4664 1445 4711 et
1474 4652 1774 4709 secundum
1820 4649 2157 4703 divinitatem
2264 4636 2394 4723 iam,
2421 4656 2512 4710 alii
2538 4654 2830 4728 prophetia,
2853 4653 2946 4707 alii
2971 4653 3215 4707 discretio
3236 4636 3528 4723 spirituum,
3557 4645 3641 4701 alii
3662 4648 3814 4713 genere

563 4782 729 4821 unum
775 4772 859 4818 est
886 4775 1008 4815 cum
1044 4758 1203 4812 Patre
1234 4753 1435 4815 Filius,
1485 4763 1648 4802 unum
1676 4760 1778 4817 per
1804 4741 2160 4798 substantiam
2262 4752 2592 4821 linguarum,
2623 4748 2717 4803 alii
2768 4747 3124 4818 interm-clauo
3163 4760 3479 4799 umquam.
3519 4739 3638 4795 Ηωο
3672 4736 3814 4786 autem

565 4861 869 4918 naturalem
895 4899 908 4923 ,
940 4870 1047 4911 non
1077 4868 1217 4909 unus
1258 4847 1559 4905 secundum
1589 4841 1953 4900 Sabelliauam
1992 4839 2159 4908 perli-
2264 4845 2438 4897 omnia
2461 4852 2701 4914 operatur
2722 4857 2855 4895 unus
2875 4849 3028 4910 atque
3052 4839 3190 4893 idem
3219 4838 3478 4909 Spiritus,
3504 4828 3712 4893 dividens
3728 4820 3810 4877 sitt-

562 4960 729 5013 diam.
755 4954 915 5024 Quod
940 4966 1102 5007 unum
1132 4948 1318 5017 utique
1348 4951 1433 5000 est.
1458 4956 1554 5013 per
1575 4938 1893 4995 subStautia:
1916 4933 2165 5005 proprie-
2261 4940 2397 5011 gulis
2425 4948 2573 5009 prout
2601 4939 2708 4992 vult
2739 4935 2931 5007 (Ibid,
2960 4936 2993 4991 8
3020 4944 3070 4989 et
3099 4933 3255 5007 δρψ).

562 5067 752 5121 tatem,
782 5068 888 5108 non
914 5059 1094 5122 poteSt
1117 5013 1390 5115 separari;
1415 5049 1470 5097 et
1497 5040 1619 5096 ideo
1650 5054 1756 5092 non
1786 5042 1966 5107 potest
1990 5031 2160 5086 Filius
2338 5029 2458 5085 140.
2492 5029 2607 5084 Non
2637 5037 2721 5084 est
2748 5043 2879 5098 ergo
2908 5027 3162 5091 dubium,
3197 5028 3330 5096 quin
3362 5041 3423 5081 ea
3450 5035 3568 5093 quae
3594 5013 3808 5122 operfo

563 5098 752 5121 .........,
784 5098 888 5108 ..νη
914 5098 1093 5122 νη---
1128 5098 1157 5101 ,ν
1379 5098 1390 5108 ,
1789 5098 1801 5107 _

555 5154 758 5217 facere,
787 5149 892 5204 nisi
920 5144 1063 5217 quod
1092 5139 1332 5198 audierit
1358 5153 1387 5192 a
1420 5137 1581 5192 Patre
1606 5151 1620 5200 ;
1650 5132 1776 5203 quia
1807 5136 1861 5185 in
1892 5137 2155 5182 aeternum
2262 5124 2453 5189 Pater,
2484 5134 2738 5193 operetur
2764 5128 2820 5176 et
2847 5120 3105 5191 Spiritus.
3135 5118 3247 5175 Nec
3274 5134 3342 5174 ex
3376 5117 3632 5189 praecepto
3656 5146 3668 5170 ,
3696 5098 3807 5163 εἱουῑ

559 5256 642 5303 cst
676 5200 999 5317 permanebit
1037 5238 1131 5294 Dei
1176 5235 1413 5290 Verbum
1446 5229 1619 5304 (Psal.
1652 5200 1826 5283 cxvm
1849 5266 1865 5293 ,
1905 5223 2020 5294 89),
2057 5234 2158 5275 nec
2260 5213 2349 5290 qui
2384 5218 2741 5289 corporaliter
2770 5215 2941 5281 audit,
2973 5223 3235 5285 operatur
3268 5230 3282 5266 :
3313 5211 3407 5268 sed
3440 5225 3504 5267 ex
3532 5200 3799 5259 voluntate,

2139 5312 2153 5317 -
2339 5312 2349 5317 -
2451 5310 2463 5317 .
2605 5308 2660 5317 -..
2842 5307 2855 5317 .
2880 5308 2911 5317 ..
2953 5305 2986 5317 η
3245 5303 3277 5317 ι·
3434 5303 3454 5317 ι
3486 5296 3642 5317 .__-_l...
3678 5290 3799 5317 ιιιΛΙρσ

562 5290 817 5413 umqruam
848 5339 1012 5393 Pater
1038 5350 1069 5389 a
1097 5332 1222 5389 Filii
1245 5327 1562 5400 operatione
1592 5322 1854 5383 dividitur
1886 5336 1898 5373 :
1934 5327 1989 5373 et
2014 5312 2157 5387 quod
2262 5312 2351 5382 qui
2383 5310 2465 5364 sui
2496 5320 2578 5365 est
2605 5308 2743 5364 liber
2773 5305 2987 5362 arbitrii
3013 5348 3026 5371 ,
3068 5319 3179 5359 non
3209 5303 3406 5358 alienae
3433 5296 3645 5355 famulus
3678 5290 3800 5413 P0”;

2051 5410 2081 5413 _
2376 5412 2379 5413 ,
2468 5408 2513 5413 _-
2686 5408 2696 5413 -
2924 5405 2934 5413 .
2973 5404 2983 5413 .
3212 5401 3223 5413 .
3255 5411 3261 5413 .
3495 5405 3508 5413 .
3576 5386 3655 5413 -..Α
3681 5385 3785 5413 nunc

563 5369 671 5400 uult
697 5369 817 5396 uam
849 5369 1001 5393 ιἰιιῦι
1038 5369 1069 5389 ιι
1098 5369 1122 5389 ι
1146 5369 1222 5387 ιιι.
1245 5369 1561 5400 υγυιι-..υην
1595 5369 1843 5383 ,μη-.-η
1888 5369 1898 5373 ν
1941 5369 1986 5373 ,,
2027 5369 2048 5387 1
2279 5369 2294 5382 _
3016 5369 3023 5371 _

460 5466 469 5477 ν
559 5369 816 5509 opell'atur
848 5433 1015 5486 Filius
1053 5427 1156 5484 scit
1188 5427 1400 5479 Patrem
1436 5421 1612 5474 velle:
1646 5426 1701 5471 et
1733 5414 1878 5484 quod
1904 5414 2019 5467 vult
2051 5410 2153 5466 Pa-
2259 5412 2438 5467 atatis.
2468 5408 2585 5465 Non
2612 5408 2757 5463 enim
2786 5405 2937 5476 quasi
2964 5404 3147 5475 jussus
3174 5401 3540 5473 obtemperat,
3573 5386 3655 5445 sed
3680 5369 3799 5452 quasi

561 5496 664 5600 ter,
697 5529 867 5586 Filius
892 5526 1040 5581 novit
1069 5518 1309 5591 operari.
2260 5505 2484 5576 largitor
2506 5517 2621 5558 sua:
2646 5500 2963 5555 moderator
2989 5506 3073 5554 est
3098 5496 3389 5567 largitatis.
3700 5565 3710 5576 .
3748 5558 3773 5600 li

562 5559 644 5589 tcr
700 5559 867 5586 l‘lllua
894 5559 1040 5581 uuvu
1069 5559 1255 5591 νγυιυη
1275 5559 1309 5571 ι.
2343 5559 2372 5576 υ
3185 5559 3212 5567 ν
3765 5559 3773 5568 υ

556 5598 559 5605 ’
625 5576 790 5699 έθο
816 5620 941 5677 156.
972 5618 1218 5686 Denique
1244 5627 1311 5668 ne
1336 5609 1423 5666 vel
1452 5608 1505 5664 in
1545 5615 1790 5675 tempore
1812 5644 1826 5669 ,
1856 5600 1943 5656 vel
1973 5598 2024 5655 in
2062 5614 2151 5691 or.-
2334 5596 2454 5652 Ml.
2491 5606 2512 5633 ο
2543 5593 2678 5650 Vide
2707 5608 2849 5648 nunc
2876 5592 3090 5648 interim
3122 5597 3299 5644 utrum
3324 5585 3502 5642 omnia
3524 5565 3711 5648 operari
3733 5559 3794 5614 dt-

630 5746 654 5773 “
695 5736 927 5801 Ουῖιιῖιιη
960 5725 1269 5801 ιυδεηηΝορι
1291 5731 1451 5795 potest
1481 5718 1678 5801 aliquid
1706 5722 1890 5789 facere.
2328 5722 2349 5749 ε
2384 5709 2515 5766 Mss.
2560 5708 2798 5778 aliquot,
2840 5705 3015 5760 videro
3048 5719 3277 5757 nulla...
3329 5696 3497 5770 negari
3537 5698 3685 5747 tamen
3716 5681 3791 5729 tum

631 5804 656 5844 ¹⁰
680 5791 814 5862 Τῖθε
845 5816 1001 5868 mss.,
1022 5808 1067 5854 et
1094 5791 1368 5850 divisiones
1389 5791 1767 5862 mysteriorum.
2256 5791 2442 5853 potest.
