  <div class='ocr_page' id='page_1' title='image "/cluster/home/n/w/nwhite01/storage/ocr_20150623/16/uva.x000826550/399.png"; bbox 0 0 3936 6168; ppageno 0'>
   <div class='ocr_carea' id='block_1_1' title="bbox 505 229 612 286">
    <p class='ocr_par' dir='ltr' id='par_1_1' title="bbox 505 229 612 286">
     <span class='ocr_line' id='line_1_1' title="bbox 505 229 612 286; baseline 0 -1"><span class='ocrx_word' id='word_1_1' title='bbox 505 229 612 286; x_wconf 79' lang='grc'><strong>785</strong></span> 
     </span>
    </p>
   </div>
   <div class='ocr_carea' id='block_1_2' title="bbox 1908 191 2518 256">
    <p class='ocr_par' dir='ltr' id='par_1_2' title="bbox 1908 191 2518 256">
     <span class='ocr_line' id='line_1_2' title="bbox 1908 191 2518 256; baseline -0.015 0"><span class='ocrx_word' id='word_1_2' title='bbox 1908 195 2158 256; x_wconf 78' lang='lat' dir='ltr'><strong>SANCTI</strong></span> <span class='ocrx_word' id='word_1_3' title='bbox 2192 191 2518 253; x_wconf 79' lang='lat' dir='ltr'><strong>AMBROSII</strong></span> 
     </span>
    </p>
   </div>
   <div class='ocr_carea' id='block_1_3' title="bbox 3686 180 3783 239">
    <p class='ocr_par' dir='ltr' id='par_1_3' title="bbox 3686 180 3783 239">
     <span class='ocr_line' id='line_1_3' title="bbox 3686 180 3783 239; baseline 0.021 -2"><span class='ocrx_word' id='word_1_4' title='bbox 3686 180 3783 239; x_wconf 59' lang='lat' dir='ltr'><strong>78b</strong></span> 
     </span>
    </p>
   </div>
   <div class='ocr_carea' id='block_1_4' title="bbox 577 302 3781 397">
    <p class='ocr_par' dir='ltr' id='par_1_4' title="bbox 577 302 3781 397">
     <span class='ocr_line' id='line_1_4' title="bbox 577 302 3781 397; baseline -0.012 -2"><span class='ocrx_word' id='word_1_5' title='bbox 577 342 672 397; x_wconf 65' lang='lat'><strong>26.</strong></span> <span class='ocrx_word' id='word_1_6' title='bbox 715 339 792 395; x_wconf 89' lang='lat' dir='ltr'><strong>De</strong></span> <span class='ocrx_word' id='word_1_7' title='bbox 839 333 978 390; x_wconf 87' lang='lat' dir='ltr'><strong>Filio</strong></span> <span class='ocrx_word' id='word_1_8' title='bbox 1009 338 1190 384; x_wconf 88' lang='lat' dir='ltr'><strong>autem</strong></span> <span class='ocrx_word' id='word_1_9' title='bbox 1244 324 1388 381; x_wconf 91' lang='lat' dir='ltr'><strong>idem</strong></span> <span class='ocrx_word' id='word_1_10' title='bbox 1441 318 1737 392; x_wconf 75' lang='lat' dir='ltr'><strong>Apostolus</strong></span> <span class='ocrx_word' id='word_1_11' title='bbox 1785 314 1926 371; x_wconf 73' lang='lat' dir='ltr'><strong>dixit</strong></span> <span class='ocrx_word' id='word_1_12' title='bbox 1959 332 1971 367; x_wconf 90' lang='lat'>:</span> <span class='ocrx_word' id='word_1_13' title='bbox 2006 313 2109 379; x_wconf 85' lang='lat' dir='ltr'><strong>Qui</strong></span> <span class='ocrx_word' id='word_1_14' title='bbox 2138 318 2192 378; x_wconf 82' lang='grc' dir='ltr'><strong>Α</strong></span> <span class='ocrx_word' id='word_1_15' title='bbox 2284 312 2375 367; x_wconf 85' lang='grc'><strong>55.</strong></span> <span class='ocrx_word' id='word_1_16' title='bbox 2419 310 2488 365; x_wconf 90' lang='lat' dir='ltr'><strong>Et</strong></span> <span class='ocrx_word' id='word_1_17' title='bbox 2519 317 2697 364; x_wconf 86' lang='lat' dir='ltr'><strong>tamen</strong></span> <span class='ocrx_word' id='word_1_18' title='bbox 2728 307 2855 376; x_wconf 87' lang='lat' dir='ltr'><strong>quia</strong></span> <span class='ocrx_word' id='word_1_19' title='bbox 2879 314 2905 344; x_wconf 79' lang='grc' dir='ltr'>α</span> <span class='ocrx_word' id='word_1_20' title='bbox 2931 319 3149 362; x_wconf 87' lang='lat' dir='ltr'><strong>manum</strong></span> <span class='ocrx_word' id='word_1_21' title='bbox 3175 305 3402 377; x_wconf 84' lang='lat' dir='ltr'><strong>legimus</strong></span> <span class='ocrx_word' id='word_1_22' title='bbox 3421 302 3617 360; x_wconf 85' lang='lat' dir='ltr'><strong>Filium</strong></span> <span class='ocrx_word' id='word_1_23' title='bbox 3640 302 3781 374; x_wconf 85' lang='lat' dir='ltr'><strong>(scri-</strong></span> 
     </span>
    </p>
   </div>
   <div class='ocr_carea' id='block_1_5' title="bbox 506 404 2105 508">
    <p class='ocr_par' dir='ltr' id='par_1_5' title="bbox 506 404 2105 508">
     <span class='ocr_line' id='line_1_5' title="bbox 506 404 2105 508; baseline -0.022 -17"><span class='ocrx_word' id='word_1_24' title='bbox 506 442 675 508; x_wconf 74' lang='lat' dir='ltr'><strong>factus</strong></span> <span class='ocrx_word' id='word_1_25' title='bbox 700 441 776 485; x_wconf 87' lang='lat' dir='ltr'><strong>est</strong></span> <span class='ocrx_word' id='word_1_26' title='bbox 798 426 942 483; x_wconf 87' lang='lat' dir='ltr'><strong>nobis</strong></span> <span class='ocrx_word' id='word_1_27' title='bbox 972 420 1227 495; x_wconf 86' lang='lat' dir='ltr'><strong>sapientia</strong></span> <span class='ocrx_word' id='word_1_28' title='bbox 1260 435 1293 471; x_wconf 92' lang='lat' dir='ltr'><strong>a</strong></span> <span class='ocrx_word' id='word_1_29' title='bbox 1320 414 1453 479; x_wconf 89' lang='lat' dir='ltr'><strong>Deo,</strong></span> <span class='ocrx_word' id='word_1_30' title='bbox 1502 420 1549 508; x_wconf 77' lang='lat' dir='ltr'><strong>et</strong></span> <span class='ocrx_word' id='word_1_31' title='bbox 1567 409 1802 508; x_wconf 42' lang='lat' dir='ltr'><strong>just-ilia,</strong></span> <span class='ocrx_word' id='word_1_32' title='bbox 1835 415 1881 508; x_wconf 71' lang='lat' dir='ltr'><strong>et</strong></span> <span class='ocrx_word' id='word_1_33' title='bbox 1909 404 2105 508; x_wconf 62' lang='lat' dir='ltr'><strong>sgncti-</strong></span> 
     </span>
    </p>
   </div>
   <div class='ocr_carea' id='block_1_6' title="bbox 508 494 2112 597">
    <p class='ocr_par' dir='ltr' id='par_1_6' title="bbox 508 494 2112 597">
     <span class='ocr_line' id='line_1_6' title="bbox 508 494 2112 597; baseline -0.02 -17"><span class='ocrx_word' id='word_1_34' title='bbox 508 494 704 597; x_wconf 59' lang='lat' dir='ltr'><strong>j&#39;icatio,</strong></span> <span class='ocrx_word' id='word_1_35' title='bbox 737 529 785 574; x_wconf 90' lang='lat' dir='ltr'><strong>et</strong></span> <span class='ocrx_word' id='word_1_36' title='bbox 812 514 1098 583; x_wconf 71' lang='lat' dir='ltr'><strong>redemptio</strong></span> <span class='ocrx_word' id='word_1_37' title='bbox 1130 509 1194 581; x_wconf 87' lang='lat'><strong>(1</strong></span> <span class='ocrx_word' id='word_1_38' title='bbox 1223 506 1345 562; x_wconf 88' lang='lat' dir='ltr'><strong>Cor.</strong></span> <span class='ocrx_word' id='word_1_39' title='bbox 1370 521 1411 573; x_wconf 87' lang='grc' dir='ltr'>ι,</span> <span class='ocrx_word' id='word_1_40' title='bbox 1430 501 1566 572; x_wconf 89' lang='grc'><strong>50).</strong></span> <span class='ocrx_word' id='word_1_41' title='bbox 1590 500 1753 555; x_wconf 81' lang='lat' dir='ltr'><strong>Vides</strong></span> <span class='ocrx_word' id='word_1_42' title='bbox 1785 497 1907 568; x_wconf 89' lang='lat' dir='ltr'><strong>quia</strong></span> <span class='ocrx_word' id='word_1_43' title='bbox 1936 494 2112 597; x_wconf 43' lang='lat' dir='ltr'><strong>fact-us</strong></span> 
     </span>
    </p>
   </div>
   <div class='ocr_carea' id='block_1_7' title="bbox 510 588 2113 678">
    <p class='ocr_par' dir='ltr' id='par_1_7' title="bbox 510 588 2113 678">
     <span class='ocr_line' id='line_1_7' title="bbox 510 588 2113 678; baseline -0.021 0"><span class='ocrx_word' id='word_1_44' title='bbox 510 588 597 678; x_wconf 77' lang='lat' dir='ltr'><strong>est</strong></span> <span class='ocrx_word' id='word_1_45' title='bbox 645 600 1053 671; x_wconf 84' lang='lat' dir='ltr'><strong>sanctiﬁcatio?</strong></span> <span class='ocrx_word' id='word_1_46' title='bbox 1097 604 1206 662; x_wconf 88' lang='lat' dir='ltr'><strong>Sed</strong></span> <span class='ocrx_word' id='word_1_47' title='bbox 1238 602 1409 657; x_wconf 88' lang='lat' dir='ltr'><strong>iactus</strong></span> <span class='ocrx_word' id='word_1_48' title='bbox 1439 606 1524 654; x_wconf 90' lang='lat' dir='ltr'><strong>est</strong></span> <span class='ocrx_word' id='word_1_49' title='bbox 1556 594 1745 660; x_wconf 87' lang='lat' dir='ltr'><strong>nobis;</strong></span> <span class='ocrx_word' id='word_1_50' title='bbox 1778 607 1890 647; x_wconf 88' lang='lat' dir='ltr'><strong>non</strong></span> <span class='ocrx_word' id='word_1_51' title='bbox 1935 599 1994 645; x_wconf 91' lang='lat' dir='ltr'><strong>ut</strong></span> <span class='ocrx_word' id='word_1_52' title='bbox 2019 588 2113 644; x_wconf 87' lang='lat' dir='ltr'><strong>ille</strong></span> 
     </span>
    </p>
   </div>
   <div class='ocr_carea' id='block_1_8' title="bbox 508 682 2111 779">
    <p class='ocr_par' dir='ltr' id='par_1_8' title="bbox 508 682 2111 779">
     <span class='ocr_line' id='line_1_8' title="bbox 508 682 2111 779; baseline -0.022 -7"><span class='ocrx_word' id='word_1_53' title='bbox 508 719 746 771; x_wconf 90' lang='lat' dir='ltr'><strong>mutaret</strong></span> <span class='ocrx_word' id='word_1_54' title='bbox 802 705 944 779; x_wconf 86' lang='lat' dir='ltr'><strong>quod</strong></span> <span class='ocrx_word' id='word_1_55' title='bbox 1001 708 1170 765; x_wconf 88' lang='lat' dir='ltr'><strong>erat,</strong></span> <span class='ocrx_word' id='word_1_56' title='bbox 1225 696 1323 753; x_wconf 89' lang='lat' dir='ltr'><strong>sed</strong></span> <span class='ocrx_word' id='word_1_57' title='bbox 1375 704 1434 750; x_wconf 90' lang='lat' dir='ltr'><strong>ut</strong></span> <span class='ocrx_word' id='word_1_58' title='bbox 1487 707 1586 749; x_wconf 90' lang='lat' dir='ltr'><strong>nos</strong></span> <span class='ocrx_word' id='word_1_59' title='bbox 1639 686 2004 745; x_wconf 86' lang='lat' dir='ltr'><strong>sanctiﬁcaret</strong></span> <span class='ocrx_word' id='word_1_60' title='bbox 2057 682 2111 737; x_wconf 91' lang='lat' dir='ltr'><strong>in</strong></span> 
     </span>
    </p>
   </div>
   <div class='ocr_carea' id='block_1_9' title="bbox 510 819 694 863">
    <p class='ocr_par' dir='ltr' id='par_1_9' title="bbox 510 819 694 863">
     <span class='ocr_line' id='line_1_9' title="bbox 510 819 694 863; baseline -0.027 0"><span class='ocrx_word' id='word_1_61' title='bbox 510 819 694 863; x_wconf 89' lang='lat' dir='ltr'><strong>carne.</strong></span> 
     </span>
    </p>
   </div>
   <div class='ocr_carea' id='block_1_10' title="bbox 577 872 2115 965">
    <p class='ocr_par' dir='ltr' id='par_1_10' title="bbox 577 872 2115 965">
     <span class='ocr_line' id='line_1_10' title="bbox 577 872 2115 965; baseline -0.02 -11"><span class='ocrx_word' id='word_1_62' title='bbox 577 899 670 953; x_wconf 70' lang='lat'><strong>27.</strong></span> <span class='ocrx_word' id='word_1_63' title='bbox 716 893 982 965; x_wconf 82' lang='lat' dir='ltr'><strong>Spiritum</strong></span> <span class='ocrx_word' id='word_1_64' title='bbox 1033 900 1250 959; x_wconf 83' lang='lat' dir='ltr'><strong>quoque</strong></span> <span class='ocrx_word' id='word_1_65' title='bbox 1288 889 1539 938; x_wconf 88' lang='lat' dir='ltr'><strong>sanetum</strong></span> <span class='ocrx_word' id='word_1_66' title='bbox 1589 876 1931 933; x_wconf 87' lang='lat' dir='ltr'><strong>sanctiﬁcarc</strong></span> <span class='ocrx_word' id='word_1_67' title='bbox 1969 872 2115 941; x_wconf 82' lang='lat' dir='ltr'><strong>Apo-</strong></span> 
     </span>
    </p>
   </div>
   <div class='ocr_carea' id='block_1_11' title="bbox 506 965 2118 1049">
    <p class='ocr_par' dir='ltr' id='par_1_11' title="bbox 506 965 2118 1049">
     <span class='ocr_line' id='line_1_11' title="bbox 506 965 2118 1049; baseline -0.021 0"><span class='ocrx_word' id='word_1_68' title='bbox 506 992 683 1049; x_wconf 89' lang='lat' dir='ltr'><strong>stolus</strong></span> <span class='ocrx_word' id='word_1_69' title='bbox 711 988 893 1043; x_wconf 81' lang='lat' dir='ltr'><strong>docet.</strong></span> <span class='ocrx_word' id='word_1_70' title='bbox 921 983 1011 1039; x_wconf 87' lang='lat' dir='ltr'><strong>Sic</strong></span> <span class='ocrx_word' id='word_1_71' title='bbox 1038 980 1182 1037; x_wconf 91' lang='lat' dir='ltr'><strong>enim</strong></span> <span class='ocrx_word' id='word_1_72' title='bbox 1231 977 1367 1032; x_wconf 82' lang='lat' dir='ltr'><strong>dicit</strong></span> <span class='ocrx_word' id='word_1_73' title='bbox 1390 994 1403 1029; x_wconf 91' lang='lat'><strong>:</strong></span> <span class='ocrx_word' id='word_1_74' title='bbox 1436 971 1648 1029; x_wconf 85' lang='lat' dir='ltr'><strong>Gratias</strong></span> <span class='ocrx_word' id='word_1_75' title='bbox 1674 984 1827 1041; x_wconf 87' lang='lat' dir='ltr'><strong>agerc</strong></span> <span class='ocrx_word' id='word_1_76' title='bbox 1874 965 2118 1020; x_wconf 88' lang='lat' dir='ltr'><strong>debemus</strong></span> 
     </span>
    </p>
   </div>
   <div class='ocr_carea' id='block_1_12' title="bbox 509 1060 2115 1155">
    <p class='ocr_par' dir='ltr' id='par_1_12' title="bbox 509 1060 2115 1155">
     <span class='ocr_line' id='line_1_12' title="bbox 509 1060 2115 1155; baseline -0.019 -12"><span class='ocrx_word' id='word_1_77' title='bbox 509 1086 622 1142; x_wconf 88' lang='lat' dir='ltr'><strong>Deo</strong></span> <span class='ocrx_word' id='word_1_78' title='bbox 648 1096 847 1155; x_wconf 90' lang='lat' dir='ltr'><strong>semper</strong></span> <span class='ocrx_word' id='word_1_79' title='bbox 876 1095 969 1149; x_wconf 89' lang='lat' dir='ltr'><strong>pro</strong></span> <span class='ocrx_word' id='word_1_80' title='bbox 991 1076 1155 1138; x_wconf 83' lang='lat' dir='ltr'><strong>uobis,</strong></span> <span class='ocrx_word' id='word_1_81' title='bbox 1202 1076 1394 1145; x_wconf 81' lang='lat' dir='ltr'><strong>fratres</strong></span> <span class='ocrx_word' id='word_1_82' title='bbox 1435 1065 1763 1123; x_wconf 76' lang='lat' dir='ltr'><strong>dilectissimi</strong></span> <span class='ocrx_word' id='word_1_83' title='bbox 1791 1081 1824 1117; x_wconf 89' lang='lat' dir='ltr'><strong>a</strong></span> <span class='ocrx_word' id='word_1_84' title='bbox 1847 1060 2115 1125; x_wconf 83' lang='lat' dir='ltr'><strong>Domino;</strong></span> 
     </span>
    </p>
   </div>
   <div class='ocr_carea' id='block_1_13' title="bbox 508 1153 2116 1251">
    <p class='ocr_par' dir='ltr' id='par_1_13' title="bbox 508 1153 2116 1251">
     <span class='ocr_line' id='line_1_13' title="bbox 508 1153 2116 1251; baseline -0.021 -13"><span class='ocrx_word' id='word_1_85' title='bbox 508 1184 630 1251; x_wconf 85' lang='lat' dir='ltr'><strong>quia</strong></span> <span class='ocrx_word' id='word_1_86' title='bbox 652 1153 803 1251; x_wconf 86' lang='lat' dir='ltr'><strong>elegit</strong></span> <span class='ocrx_word' id='word_1_87' title='bbox 822 1192 911 1231; x_wconf 78' lang='lat' dir='ltr'><strong>vos</strong></span> <span class='ocrx_word' id='word_1_88' title='bbox 943 1173 1081 1228; x_wconf 86' lang='lat' dir='ltr'><strong>Deus</strong></span> <span class='ocrx_word' id='word_1_89' title='bbox 1114 1167 1370 1241; x_wconf 84' lang='lat' dir='ltr'><strong>primitias</strong></span> <span class='ocrx_word' id='word_1_90' title='bbox 1405 1165 1462 1219; x_wconf 89' lang='lat' dir='ltr'><strong>in</strong></span> <span class='ocrx_word' id='word_1_91' title='bbox 1501 1162 1747 1223; x_wconf 88' lang='lat' dir='ltr'><strong>salutem,</strong></span> <span class='ocrx_word' id='word_1_92' title='bbox 1798 1153 2116 1227; x_wconf 55' lang='lat' dir='ltr'><strong>injsaucliﬁ-</strong></span> 
     </span>
    </p>
   </div>
   <div class='ocr_carea' id='block_1_14' title="bbox 510 1247 2077 1340">
    <p class='ocr_par' dir='ltr' id='par_1_14' title="bbox 510 1247 2077 1340">
     <span class='ocr_line' id='line_1_14' title="bbox 510 1247 2077 1340; baseline -0.02 -7"><span class='ocrx_word' id='word_1_93' title='bbox 510 1247 709 1333; x_wconf 82' lang='lat' dir='ltr'><strong>catione</strong></span> <span class='ocrx_word' id='word_1_94' title='bbox 731 1247 987 1340; x_wconf 70' lang='lat' dir='ltr'><strong>Spiritus,</strong></span> <span class='ocrx_word' id='word_1_95' title='bbox 1048 1275 1096 1321; x_wconf 83' lang='lat' dir='ltr'><strong>et</strong></span> <span class='ocrx_word' id='word_1_96' title='bbox 1128 1263 1233 1334; x_wconf 85' lang='lat' dir='ltr'><strong>[ide</strong></span> <span class='ocrx_word' id='word_1_97' title='bbox 1268 1258 1499 1315; x_wconf 84' lang='lat' dir='ltr'><strong>ueritatis</strong></span> <span class='ocrx_word' id='word_1_98' title='bbox 1526 1256 1611 1326; x_wconf 88' lang='lat' dir='ltr'><strong>(ll</strong></span> <span class='ocrx_word' id='word_1_99' title='bbox 1639 1252 1823 1309; x_wconf 83' lang='lat' dir='ltr'><strong>Thess.</strong></span> <span class='ocrx_word' id='word_1_100' title='bbox 1851 1266 1913 1316; x_wconf 90' lang='lat' dir='ltr'><strong>ll,</strong></span> <span class='ocrx_word' id='word_1_101' title='bbox 1948 1247 2077 1340; x_wconf 56' lang='lat'><strong>12).</strong></span> 
     </span>
    </p>
   </div>
   <div class='ocr_carea' id='block_1_15' title="bbox 583 1339 2113 1437">
    <p class='ocr_par' dir='ltr' id='par_1_15' title="bbox 583 1339 2113 1437">
     <span class='ocr_line' id='line_1_15' title="bbox 583 1339 2113 1437; baseline -0.022 -12"><span class='ocrx_word' id='word_1_102' title='bbox 583 1370 675 1425; x_wconf 70' lang='lat'><strong>28.</strong></span> <span class='ocrx_word' id='word_1_103' title='bbox 710 1367 854 1437; x_wconf 89' lang='lat' dir='ltr'><strong>Ergo</strong></span> <span class='ocrx_word' id='word_1_104' title='bbox 902 1358 1206 1418; x_wconf 87' lang='lat' dir='ltr'><strong>sanctiﬁcat</strong></span> <span class='ocrx_word' id='word_1_105' title='bbox 1250 1355 1433 1418; x_wconf 81' lang='lat' dir='ltr'><strong>Pater,</strong></span> <span class='ocrx_word' id='word_1_106' title='bbox 1475 1346 1780 1407; x_wconf 88' lang='lat' dir='ltr'><strong>sanctiﬁcat</strong></span> <span class='ocrx_word' id='word_1_107' title='bbox 1819 1350 1875 1399; x_wconf 87' lang='lat' dir='ltr'><strong>et</strong></span> <span class='ocrx_word' id='word_1_108' title='bbox 1922 1339 2113 1437; x_wconf 79' lang='lat' dir='ltr'><strong>Filius,</strong></span> 
     </span>
    </p>
   </div>
   <div class='ocr_carea' id='block_1_16' title="bbox 514 1431 2117 1527">
    <p class='ocr_par' dir='ltr' id='par_1_16' title="bbox 514 1431 2117 1527">
     <span class='ocr_line' id='line_1_16' title="bbox 514 1431 2117 1527; baseline -0.023 -5"><span class='ocrx_word' id='word_1_109' title='bbox 514 1431 827 1523; x_wconf 65' lang='lat' dir='ltr'><strong>sanctiﬁcat</strong></span> <span class='ocrx_word' id='word_1_110' title='bbox 852 1467 907 1515; x_wconf 90' lang='lat' dir='ltr'><strong>et</strong></span> <span class='ocrx_word' id='word_1_111' title='bbox 934 1454 1174 1527; x_wconf 84' lang='lat' dir='ltr'><strong>Spiritus</strong></span> <span class='ocrx_word' id='word_1_112' title='bbox 1204 1455 1428 1505; x_wconf 88' lang='lat' dir='ltr'><strong>sanctus</strong></span> <span class='ocrx_word' id='word_1_113' title='bbox 1457 1462 1470 1498; x_wconf 94' lang='lat'>:</span> <span class='ocrx_word' id='word_1_114' title='bbox 1521 1440 1616 1498; x_wconf 90' lang='lat' dir='ltr'><strong>sed</strong></span> <span class='ocrx_word' id='word_1_115' title='bbox 1644 1454 1751 1495; x_wconf 90' lang='lat' dir='ltr'><strong>una</strong></span> <span class='ocrx_word' id='word_1_116' title='bbox 1777 1444 1863 1493; x_wconf 90' lang='lat' dir='ltr'><strong>est</strong></span> <span class='ocrx_word' id='word_1_117' title='bbox 1913 1431 2117 1490; x_wconf 84' lang='lat' dir='ltr'><strong>sancti-</strong></span> 
     </span>
    </p>
   </div>
   <div class='ocr_carea' id='block_1_17' title="bbox 513 1526 2117 1624">
    <p class='ocr_par' dir='ltr' id='par_1_17' title="bbox 513 1526 2117 1624">
     <span class='ocr_line' id='line_1_17' title="bbox 513 1526 2117 1624; baseline -0.023 -9"><span class='ocrx_word' id='word_1_118' title='bbox 513 1559 717 1622; x_wconf 87' lang='lat' dir='ltr'><strong>ﬁcatio,</strong></span> <span class='ocrx_word' id='word_1_119' title='bbox 767 1552 894 1624; x_wconf 89' lang='lat' dir='ltr'><strong>quia</strong></span> <span class='ocrx_word' id='word_1_120' title='bbox 926 1526 1096 1611; x_wconf 86' lang='lat' dir='ltr'><strong>unum</strong></span> <span class='ocrx_word' id='word_1_121' title='bbox 1128 1553 1212 1601; x_wconf 88' lang='lat' dir='ltr'><strong>est</strong></span> <span class='ocrx_word' id='word_1_122' title='bbox 1262 1538 1556 1611; x_wconf 90' lang='lat' dir='ltr'><strong>baptisma,</strong></span> <span class='ocrx_word' id='word_1_123' title='bbox 1605 1542 1660 1588; x_wconf 91' lang='lat' dir='ltr'><strong>et</strong></span> <span class='ocrx_word' id='word_1_124' title='bbox 1687 1546 1792 1587; x_wconf 88' lang='lat' dir='ltr'><strong>una</strong></span> <span class='ocrx_word' id='word_1_125' title='bbox 1821 1526 1993 1601; x_wconf 87' lang='lat' dir='ltr'><strong>gratia</strong></span> <span class='ocrx_word' id='word_1_126' title='bbox 2025 1539 2117 1581; x_wconf 85' lang='lat' dir='ltr'><strong>sa-</strong></span> 
     </span>
    </p>
   </div>
   <div class='ocr_carea' id='block_1_18' title="bbox 513 1633 1297 1715">
    <p class='ocr_par' dir='ltr' id='par_1_18' title="bbox 513 1633 1297 1715">
     <span class='ocr_line' id='line_1_18' title="bbox 513 1633 1297 1715; baseline -0.026 -8"><span class='ocrx_word' id='word_1_127' title='bbox 513 1646 780 1707; x_wconf 88' lang='lat' dir='ltr'><strong>cramenti</strong></span> <span class='ocrx_word' id='word_1_128' title='bbox 815 1640 1054 1715; x_wconf 83' lang='lat' dir='ltr'><strong>(Ephes.</strong></span> <span class='ocrx_word' id='word_1_129' title='bbox 1089 1652 1163 1703; x_wconf 84' lang='lat' dir='ltr'><strong>tv,</strong></span> <span class='ocrx_word' id='word_1_130' title='bbox 1194 1634 1228 1689; x_wconf 81' lang='grc'><strong>5</strong></span> <span class='ocrx_word' id='word_1_131' title='bbox 1256 1633 1297 1704; x_wconf 93' lang='grc'><strong>).</strong></span> 
     </span>
    </p>
   </div>
   <div class='ocr_carea' id='block_1_19' title="bbox 1147 1743 1496 1805">
    <p class='ocr_par' dir='ltr' id='par_1_19' title="bbox 1147 1743 1496 1805">
     <span class='ocr_line' id='line_1_19' title="bbox 1147 1743 1496 1805; baseline -0.023 0"><span class='ocrx_word' id='word_1_132' title='bbox 1147 1745 1378 1805; x_wconf 83' lang='lat' dir='ltr'><strong>CAPUT</strong></span> <span class='ocrx_word' id='word_1_133' title='bbox 1431 1743 1496 1799; x_wconf 83' lang='lat' dir='ltr'><strong>V.</strong></span> 
     </span>
    </p>
   </div>
   <div class='ocr_carea' id='block_1_20' title="bbox 517 1849 2121 1941">
    <p class='ocr_par' dir='ltr' id='par_1_20' title="bbox 517 1849 2121 1941">
     <span class='ocr_line' id='line_1_20' title="bbox 517 1849 2121 1941; baseline -0.021 -12"><span class='ocrx_word' id='word_1_134' title='bbox 517 1871 713 1941; x_wconf 75' lang='lat' dir='ltr'><strong>Colligit</strong></span> <span class='ocrx_word' id='word_1_135' title='bbox 736 1876 943 1935; x_wconf 75' lang='lat' dir='ltr'><strong>coeptum</strong></span> <span class='ocrx_word' id='word_1_136' title='bbox 964 1865 1317 1932; x_wconf 84' lang='lat' dir='ltr'><strong>argumentum,</strong></span> <span class='ocrx_word' id='word_1_137' title='bbox 1331 1863 1376 1910; x_wconf 89' lang='lat' dir='ltr'><strong>et</strong></span> <span class='ocrx_word' id='word_1_138' title='bbox 1393 1854 1625 1908; x_wconf 84' lang='lat' dir='ltr'><strong>unitatem</strong></span> <span class='ocrx_word' id='word_1_139' title='bbox 1646 1849 1958 1941; x_wconf 67' lang='lat' dir='ltr'><strong>peruigilem:</strong></span> <span class='ocrx_word' id='word_1_140' title='bbox 1978 1851 2121 1911; x_wconf 89' lang='lat' dir='ltr'><strong>atque</strong></span> 
     </span>
    </p>
   </div>
   <div class='ocr_carea' id='block_1_21' title="bbox 579 1934 2122 2018">
    <p class='ocr_par' dir='ltr' id='par_1_21' title="bbox 579 1934 2122 2018">
     <span class='ocr_line' id='line_1_21' title="bbox 579 1934 2122 2018; baseline -0.021 -5"><span class='ocrx_word' id='word_1_141' title='bbox 579 1934 837 2013; x_wconf 49' lang='lat' dir='ltr'><strong>desteram</strong></span> <span class='ocrx_word' id='word_1_142' title='bbox 861 1948 1132 2018; x_wconf 76' lang='lat' dir='ltr'><strong>signiﬁcari</strong></span> <span class='ocrx_word' id='word_1_143' title='bbox 1161 1945 1276 1998; x_wconf 89' lang='lat' dir='ltr'><strong>inde</strong></span> <span class='ocrx_word' id='word_1_144' title='bbox 1308 1941 1560 2007; x_wconf 76' lang='lat' dir='ltr'><strong>confirmat</strong></span> <span class='ocrx_word' id='word_1_145' title='bbox 1584 1978 1596 2001; x_wconf 89' lang='lat'><strong>,</strong></span> <span class='ocrx_word' id='word_1_146' title='bbox 1622 1936 1750 2003; x_wconf 83' lang='lat' dir='ltr'><strong>quod</strong></span> <span class='ocrx_word' id='word_1_147' title='bbox 1774 1934 1946 1987; x_wconf 89' lang='lat' dir='ltr'><strong>eadem</strong></span> <span class='ocrx_word' id='word_1_148' title='bbox 1967 1942 2122 2018; x_wconf 83' lang='lat' dir='ltr'><strong>opera</strong></span> 
     </span>
    </p>
   </div>
   <div class='ocr_carea' id='block_1_22' title="bbox 577 2015 2122 2102">
    <p class='ocr_par' dir='ltr' id='par_1_22' title="bbox 577 2015 2122 2102">
     <span class='ocr_line' id='line_1_22' title="bbox 577 2015 2122 2102; baseline -0.02 -7"><span class='ocrx_word' id='word_1_149' title='bbox 577 2041 671 2094; x_wconf 88' lang='lat' dir='ltr'><strong>Dei</strong></span> <span class='ocrx_word' id='word_1_150' title='bbox 695 2040 823 2100; x_wconf 87' lang='lat' dir='ltr'><strong>sint,</strong></span> <span class='ocrx_word' id='word_1_151' title='bbox 855 2015 965 2102; x_wconf 65' lang='lat' dir='ltr'><strong>quin</strong></span> <span class='ocrx_word' id='word_1_152' title='bbox 995 2037 1107 2085; x_wconf 86' lang='lat' dir='ltr'><strong>sunt</strong></span> <span class='ocrx_word' id='word_1_153' title='bbox 1136 2040 1397 2088; x_wconf 87' lang='lat' dir='ltr'><strong>manuum;</strong></span> <span class='ocrx_word' id='word_1_154' title='bbox 1430 2030 1476 2077; x_wconf 88' lang='lat' dir='ltr'><strong>et</strong></span> <span class='ocrx_word' id='word_1_155' title='bbox 1509 2035 1620 2089; x_wconf 70' lang='lat' dir='ltr'><strong>qua:</strong></span> <span class='ocrx_word' id='word_1_156' title='bbox 1658 2032 1924 2102; x_wconf 87' lang='lat' dir='ltr'><strong>manuum,</strong></span> <span class='ocrx_word' id='word_1_157' title='bbox 1947 2015 2122 2102; x_wconf 81' lang='lat' dir='ltr'><strong>eadem</strong></span> 
     </span>
    </p>
   </div>
   <div class='ocr_carea' id='block_1_23' title="bbox 577 2098 2121 2185">
    <p class='ocr_par' dir='ltr' id='par_1_23' title="bbox 577 2098 2121 2185">
     <span class='ocr_line' id='line_1_23' title="bbox 577 2098 2121 2185; baseline -0.018 -7"><span class='ocrx_word' id='word_1_158' title='bbox 577 2124 725 2176; x_wconf 87' lang='lat' dir='ltr'><strong>etiam</strong></span> <span class='ocrx_word' id='word_1_159' title='bbox 738 2098 832 2175; x_wconf 87' lang='lat' dir='ltr'><strong>sint</strong></span> <span class='ocrx_word' id='word_1_160' title='bbox 846 2098 1142 2185; x_wconf 85' lang='lat' dir='ltr'><strong>digitorum:</strong></span> <span class='ocrx_word' id='word_1_161' title='bbox 1164 2127 1222 2164; x_wconf 91' lang='lat' dir='ltr'><strong>ac</strong></span> <span class='ocrx_word' id='word_1_162' title='bbox 1240 2114 1436 2164; x_wconf 86' lang='lat' dir='ltr'><strong>demum</strong></span> <span class='ocrx_word' id='word_1_163' title='bbox 1457 2107 1585 2174; x_wconf 84' lang='lat' dir='ltr'><strong>quod</strong></span> <span class='ocrx_word' id='word_1_164' title='bbox 1604 2118 1775 2157; x_wconf 87' lang='lat' dir='ltr'><strong>manus</strong></span> <span class='ocrx_word' id='word_1_165' title='bbox 1794 2101 1922 2185; x_wconf 52' lang='lat' dir='ltr'><strong>filio</strong></span> <span class='ocrx_word' id='word_1_166' title='bbox 1943 2108 1988 2153; x_wconf 91' lang='lat' dir='ltr'><strong>et</strong></span> <span class='ocrx_word' id='word_1_167' title='bbox 2004 2098 2121 2164; x_wconf 85' lang='lat' dir='ltr'><strong>Spi-</strong></span> 
     </span>
    </p>
   </div>
   <div class='ocr_carea' id='block_1_24' title="bbox 578 2183 1972 2267">
    <p class='ocr_par' dir='ltr' id='par_1_24' title="bbox 578 2183 1972 2267">
     <span class='ocr_line' id='line_1_24' title="bbox 578 2183 1972 2267; baseline -0.018 -8"><span class='ocrx_word' id='word_1_168' title='bbox 578 2206 696 2259; x_wconf 88' lang='lat' dir='ltr'><strong>ritui</strong></span> <span class='ocrx_word' id='word_1_169' title='bbox 718 2183 922 2267; x_wconf 77' lang='lat' dir='ltr'><strong>perinde</strong></span> <span class='ocrx_word' id='word_1_170' title='bbox 943 2195 1217 2261; x_wconf 84' lang='lat' dir='ltr'><strong>conveniat,</strong></span> <span class='ocrx_word' id='word_1_171' title='bbox 1241 2208 1300 2245; x_wconf 93' lang='lat' dir='ltr'><strong>ac</strong></span> <span class='ocrx_word' id='word_1_172' title='bbox 1324 2188 1534 2257; x_wconf 82' lang='lat' dir='ltr'><strong>Spiritui</strong></span> <span class='ocrx_word' id='word_1_173' title='bbox 1556 2194 1602 2239; x_wconf 88' lang='lat' dir='ltr'><strong>et</strong></span> <span class='ocrx_word' id='word_1_174' title='bbox 1620 2184 1750 2238; x_wconf 86' lang='lat' dir='ltr'><strong>Filio</strong></span> <span class='ocrx_word' id='word_1_175' title='bbox 1772 2183 1972 2251; x_wconf 75' lang='lat' dir='ltr'><strong>digitus.</strong></span> 
     </span>
    </p>
   </div>
   <div class='ocr_carea' id='block_1_25' title="bbox 585 2265 2122 2361">
    <p class='ocr_par' dir='ltr' id='par_1_25' title="bbox 585 2265 2122 2361">
     <span class='ocr_line' id='line_1_25' title="bbox 585 2265 2122 2361; baseline -0.018 -14"><span class='ocrx_word' id='word_1_176' title='bbox 585 2292 677 2349; x_wconf 71' lang='lat'><strong>29.</strong></span> <span class='ocrx_word' id='word_1_177' title='bbox 754 2289 896 2344; x_wconf 76' lang='lat' dir='ltr'><strong>Alius</strong></span> <span class='ocrx_word' id='word_1_178' title='bbox 947 2302 1066 2355; x_wconf 86' lang='lat' dir='ltr'><strong>cap.</strong></span> <span class='ocrx_word' id='word_1_179' title='bbox 1096 2281 1184 2337; x_wconf 85' lang='lat' dir='ltr'><strong>Vl.</strong></span> <span class='ocrx_word' id='word_1_180' title='bbox 1214 2279 1237 2353; x_wconf 89' lang='lat'>]</span> <span class='ocrx_word' id='word_1_181' title='bbox 1264 2276 1372 2335; x_wconf 88' lang='lat' dir='ltr'><strong>Sed</strong></span> <span class='ocrx_word' id='word_1_182' title='bbox 1403 2273 1533 2346; x_wconf 86' lang='lat' dir='ltr'><strong>quid</strong></span> <span class='ocrx_word' id='word_1_183' title='bbox 1566 2272 1762 2328; x_wconf 92' lang='lat' dir='ltr'><strong>mirum</strong></span> <span class='ocrx_word' id='word_1_184' title='bbox 1821 2271 1865 2324; x_wconf 87' lang='lat' dir='ltr'><strong>si</strong></span> <span class='ocrx_word' id='word_1_185' title='bbox 1921 2265 2122 2361; x_wconf 42' lang='lat' dir='ltr'><strong>sancti:-</strong></span> 
     </span>
    </p>
   </div>
   <div class='ocr_carea' id='block_1_26' title="bbox 517 2358 2122 2453">
    <p class='ocr_par' dir='ltr' id='par_1_26' title="bbox 517 2358 2122 2453">
     <span class='ocr_line' id='line_1_26' title="bbox 517 2358 2122 2453; baseline -0.017 -11"><span class='ocrx_word' id='word_1_186' title='bbox 517 2389 647 2443; x_wconf 87' lang='lat' dir='ltr'><strong>ﬁcat</strong></span> <span class='ocrx_word' id='word_1_187' title='bbox 675 2358 921 2453; x_wconf 88' lang='lat' dir='ltr'><strong>singulos</strong></span> <span class='ocrx_word' id='word_1_188' title='bbox 949 2381 1065 2450; x_wconf 89' lang='lat' dir='ltr'><strong>ipse</strong></span> <span class='ocrx_word' id='word_1_189' title='bbox 1109 2370 1543 2431; x_wconf 73' lang='lat' dir='ltr'><strong>sanctiﬁcatione</strong></span> <span class='ocrx_word' id='word_1_190' title='bbox 1571 2381 1679 2422; x_wconf 93' lang='lat' dir='ltr'><strong>non</strong></span> <span class='ocrx_word' id='word_1_191' title='bbox 1707 2362 1977 2434; x_wconf 79' lang='lat' dir='ltr'><strong>indigens,</strong></span> <span class='ocrx_word' id='word_1_192' title='bbox 2025 2358 2122 2416; x_wconf 92' lang='lat' dir='ltr'><strong>sed</strong></span> 
     </span>
    </p>
   </div>
   <div class='ocr_carea' id='block_1_27' title="bbox 516 2457 2121 2544">
    <p class='ocr_par' dir='ltr' id='par_1_27' title="bbox 516 2457 2121 2544">
     <span class='ocr_line' id='line_1_27' title="bbox 516 2457 2121 2544; baseline -0.017 -8"><span class='ocrx_word' id='word_1_193' title='bbox 516 2477 875 2541; x_wconf 91' lang='lat' dir='ltr'><strong>redundans;</strong></span> <span class='ocrx_word' id='word_1_194' title='bbox 936 2470 1154 2544; x_wconf 87' lang='lat' dir='ltr'><strong>quando</strong></span> <span class='ocrx_word' id='word_1_195' title='bbox 1194 2474 1426 2530; x_wconf 89' lang='lat' dir='ltr'><strong>tantam,</strong></span> <span class='ocrx_word' id='word_1_196' title='bbox 1478 2472 1537 2518; x_wconf 91' lang='lat' dir='ltr'><strong>ut</strong></span> <span class='ocrx_word' id='word_1_197' title='bbox 1586 2460 1726 2526; x_wconf 78' lang='lat' dir='ltr'><strong>dixi,</strong></span> <span class='ocrx_word' id='word_1_198' title='bbox 1782 2457 2121 2528; x_wconf 88' lang='lat' dir='ltr'><strong>majestatem</strong></span> 
     </span>
    </p>
   </div>
   <div class='ocr_carea' id='block_1_28' title="bbox 513 2548 2121 2643">
    <p class='ocr_par' dir='ltr' id='par_1_28' title="bbox 513 2548 2121 2643">
     <span class='ocr_line' id='line_1_28' title="bbox 513 2548 2121 2643; baseline -0.016 -16"><span class='ocrx_word' id='word_1_199' title='bbox 513 2573 632 2643; x_wconf 90' lang='lat' dir='ltr'><strong>ejus</strong></span> <span class='ocrx_word' id='word_1_200' title='bbox 658 2569 993 2638; x_wconf 87' lang='lat' dir='ltr'><strong>accepimus,</strong></span> <span class='ocrx_word' id='word_1_201' title='bbox 1043 2572 1101 2617; x_wconf 92' lang='lat' dir='ltr'><strong>ut</strong></span> <span class='ocrx_word' id='word_1_202' title='bbox 1156 2570 1432 2630; x_wconf 80' lang='lat' dir='ltr'><strong>tamquam</strong></span> <span class='ocrx_word' id='word_1_203' title='bbox 1462 2553 1666 2626; x_wconf 79' lang='lat' dir='ltr'><strong>digitus</strong></span> <span class='ocrx_word' id='word_1_204' title='bbox 1694 2568 1724 2607; x_wconf 90' lang='lat' dir='ltr'><strong>a</strong></span> <span class='ocrx_word' id='word_1_205' title='bbox 1761 2564 2014 2621; x_wconf 87' lang='lat' dir='ltr'><strong>corpore,</strong></span> <span class='ocrx_word' id='word_1_206' title='bbox 2049 2548 2121 2602; x_wconf 88' lang='lat' dir='ltr'><strong>ita</strong></span> 
     </span>
    </p>
   </div>
   <div class='ocr_carea' id='block_1_29' title="bbox 522 2638 2124 2727">
    <p class='ocr_par' dir='ltr' id='par_1_29' title="bbox 522 2638 2124 2727">
     <span class='ocr_line' id='line_1_29' title="bbox 522 2638 2124 2727; baseline -0.018 -7"><span class='ocrx_word' id='word_1_207' title='bbox 522 2638 559 2719; x_wconf 69' lang='grc' dir='ltr'><strong>ει</strong></span> <span class='ocrx_word' id='word_1_208' title='bbox 584 2665 696 2719; x_wconf 92' lang='lat' dir='ltr'><strong>Deo</strong></span> <span class='ocrx_word' id='word_1_209' title='bbox 720 2662 883 2716; x_wconf 88' lang='lat' dir='ltr'><strong>Patre</strong></span> <span class='ocrx_word' id='word_1_210' title='bbox 907 2653 1289 2727; x_wconf 81' lang='lat' dir='ltr'><strong>inseparabilis</strong></span> <span class='ocrx_word' id='word_1_211' title='bbox 1312 2649 1559 2704; x_wconf 82' lang='lat' dir='ltr'><strong>videatur</strong></span> <span class='ocrx_word' id='word_1_212' title='bbox 1600 2644 1835 2715; x_wconf 88' lang='lat' dir='ltr'><strong>Spiritus</strong></span> <span class='ocrx_word' id='word_1_213' title='bbox 1862 2638 2124 2696; x_wconf 86' lang='lat' dir='ltr'><strong>sanctus?</strong></span> 
     </span>
    </p>
   </div>
   <div class='ocr_carea' id='block_1_30' title="bbox 592 2733 2119 2821">
    <p class='ocr_par' dir='ltr' id='par_1_30' title="bbox 592 2733 2119 2821">
     <span class='ocr_line' id='line_1_30' title="bbox 592 2733 2119 2821; baseline -0.016 -11"><span class='ocrx_word' id='word_1_214' title='bbox 592 2756 683 2811; x_wconf 86' lang='grc'><strong>50.</strong></span> <span class='ocrx_word' id='word_1_215' title='bbox 703 2752 856 2821; x_wconf 83' lang='lat' dir='ltr'><strong>Quod</strong></span> <span class='ocrx_word' id='word_1_216' title='bbox 874 2750 1053 2821; x_wconf 89' lang='lat' dir='ltr'><strong>siquis</strong></span> <span class='ocrx_word' id='word_1_217' title='bbox 1073 2747 1139 2802; x_wconf 89' lang='lat' dir='ltr'><strong>ad</strong></span> <span class='ocrx_word' id='word_1_218' title='bbox 1158 2742 1598 2804; x_wconf 87' lang='lat' dir='ltr'><strong>diminutionem,</strong></span> <span class='ocrx_word' id='word_1_219' title='bbox 1627 2752 1733 2790; x_wconf 91' lang='lat' dir='ltr'><strong>non</strong></span> <span class='ocrx_word' id='word_1_220' title='bbox 1760 2733 1829 2789; x_wconf 88' lang='lat' dir='ltr'><strong>ad</strong></span> <span class='ocrx_word' id='word_1_221' title='bbox 1856 2733 2119 2788; x_wconf 86' lang='lat' dir='ltr'><strong>unitatem</strong></span> 
     </span>
    </p>
   </div>
   <div class='ocr_carea' id='block_1_31' title="bbox 520 2825 2122 2920">
    <p class='ocr_par' dir='ltr' id='par_1_31' title="bbox 520 2825 2122 2920">
     <span class='ocr_line' id='line_1_31' title="bbox 520 2825 2122 2920; baseline -0.014 -17"><span class='ocrx_word' id='word_1_222' title='bbox 520 2846 809 2920; x_wconf 84' lang='lat' dir='ltr'><strong>potestatis</strong></span> <span class='ocrx_word' id='word_1_223' title='bbox 835 2849 989 2913; x_wconf 81' lang='lat' dir='ltr'><strong>putat</strong></span> <span class='ocrx_word' id='word_1_224' title='bbox 1017 2854 1141 2895; x_wconf 91' lang='lat' dir='ltr'><strong>esse</strong></span> <span class='ocrx_word' id='word_1_225' title='bbox 1170 2832 1537 2896; x_wconf 78' lang='lat' dir='ltr'><strong>referendum,</strong></span> <span class='ocrx_word' id='word_1_226' title='bbox 1565 2830 1611 2884; x_wconf 92' lang='lat' dir='ltr'><strong>is</strong></span> <span class='ocrx_word' id='word_1_227' title='bbox 1642 2826 1886 2898; x_wconf 83' lang='lat' dir='ltr'><strong>proiecto</strong></span> <span class='ocrx_word' id='word_1_228' title='bbox 1916 2825 1969 2879; x_wconf 91' lang='lat' dir='ltr'><strong>in</strong></span> <span class='ocrx_word' id='word_1_229' title='bbox 2000 2838 2122 2880; x_wconf 88' lang='lat' dir='ltr'><strong>eam</strong></span> 
     </span>
    </p>
   </div>
   <div class='ocr_carea' id='block_1_32' title="bbox 520 2917 2123 2998">
    <p class='ocr_par' dir='ltr' id='par_1_32' title="bbox 520 2917 2123 2998">
     <span class='ocr_line' id='line_1_32' title="bbox 520 2917 2123 2998; baseline -0.015 -3"><span class='ocrx_word' id='word_1_230' title='bbox 520 2917 813 2995; x_wconf 76' lang='lat' dir='ltr'><strong>amentiam</strong></span> <span class='ocrx_word' id='word_1_231' title='bbox 840 2933 1021 2997; x_wconf 87' lang='lat' dir='ltr'><strong>cadet,</strong></span> <span class='ocrx_word' id='word_1_232' title='bbox 1052 2940 1108 2985; x_wconf 92' lang='lat' dir='ltr'><strong>ut</strong></span> <span class='ocrx_word' id='word_1_233' title='bbox 1133 2938 1407 2998; x_wconf 85' lang='lat' dir='ltr'><strong>tamquam</strong></span> <span class='ocrx_word' id='word_1_234' title='bbox 1435 2925 1488 2978; x_wconf 90' lang='lat' dir='ltr'><strong>in</strong></span> <span class='ocrx_word' id='word_1_235' title='bbox 1519 2936 1681 2977; x_wconf 88' lang='lat' dir='ltr'><strong>unam</strong></span> <span class='ocrx_word' id='word_1_236' title='bbox 1711 2919 1858 2976; x_wconf 85' lang='lat' dir='ltr'><strong>velut</strong></span> <span class='ocrx_word' id='word_1_237' title='bbox 1875 2917 2123 2989; x_wconf 88' lang='lat' dir='ltr'><strong>corporis</strong></span> 
     </span>
    </p>
   </div>
   <div class='ocr_carea' id='block_1_33' title="bbox 521 3015 2122 3095">
    <p class='ocr_par' dir='ltr' id='par_1_33' title="bbox 521 3015 2122 3095">
     <span class='ocr_line' id='line_1_33' title="bbox 521 3015 2122 3095; baseline -0.011 -7"><span class='ocrx_word' id='word_1_238' title='bbox 521 3035 750 3088; x_wconf 82' lang='lat' dir='ltr'><strong>formam</strong></span> <span class='ocrx_word' id='word_1_239' title='bbox 795 3029 1008 3084; x_wconf 86' lang='lat' dir='ltr'><strong>Patrem</strong></span> <span class='ocrx_word' id='word_1_240' title='bbox 1038 3024 1271 3095; x_wconf 61' lang='lat' dir='ltr'><strong>clm]</strong></span> <span class='ocrx_word' id='word_1_241' title='bbox 1293 3019 1487 3075; x_wconf 88' lang='lat' dir='ltr'><strong>Filium</strong></span> <span class='ocrx_word' id='word_1_242' title='bbox 1516 3026 1569 3073; x_wconf 89' lang='lat' dir='ltr'><strong>et</strong></span> <span class='ocrx_word' id='word_1_243' title='bbox 1591 3015 1853 3087; x_wconf 85' lang='lat' dir='ltr'><strong>Spiritum</strong></span> <span class='ocrx_word' id='word_1_244' title='bbox 1874 3021 2122 3070; x_wconf 88' lang='lat' dir='ltr'><strong>sanctum</strong></span> 
     </span>
    </p>
   </div>
   <div class='ocr_carea' id='block_1_34' title="bbox 521 3106 2193 3193">
    <p class='ocr_par' dir='ltr' id='par_1_34' title="bbox 521 3106 2193 3193">
     <span class='ocr_line' id='line_1_34' title="bbox 521 3106 2193 3193; baseline -0.011 -14"><span class='ocrx_word' id='word_1_245' title='bbox 521 3124 770 3179; x_wconf 69' lang='lat' dir='ltr'><strong>videatur</strong></span> <span class='ocrx_word' id='word_1_246' title='bbox 793 3118 1078 3189; x_wconf 74' lang='lat' dir='ltr'><strong>efﬁngere,</strong></span> <span class='ocrx_word' id='word_1_247' title='bbox 1106 3124 1165 3172; x_wconf 91' lang='lat' dir='ltr'><strong>et</strong></span> <span class='ocrx_word' id='word_1_248' title='bbox 1187 3111 1575 3169; x_wconf 88' lang='lat' dir='ltr'><strong>distinctiones</strong></span> <span class='ocrx_word' id='word_1_249' title='bbox 1594 3107 1858 3180; x_wconf 89' lang='lat' dir='ltr'><strong>quasdam</strong></span> <span class='ocrx_word' id='word_1_250' title='bbox 1885 3106 2121 3177; x_wconf 91' lang='lat' dir='ltr'><strong>ﬁgurare</strong></span> <span class='ocrx_word' id='word_1_251' title='bbox 2146 3130 2193 3193; x_wconf 68' lang='grc' dir='ltr'>ρ</span> 
     </span>
    </p>
   </div>
   <div class='ocr_carea' id='block_1_35' title="bbox 527 3213 922 3271">
    <p class='ocr_par' dir='ltr' id='par_1_35' title="bbox 527 3213 922 3271">
     <span class='ocr_line' id='line_1_35' title="bbox 527 3213 922 3271; baseline -0.018 -1"><span class='ocrx_word' id='word_1_252' title='bbox 527 3213 922 3271; x_wconf 86' lang='lat' dir='ltr'><strong>membrorum.</strong></span> 
     </span>
    </p>
   </div>
   <div class='ocr_carea' id='block_1_36' title="bbox 587 3289 2123 3368">
    <p class='ocr_par' dir='ltr' id='par_1_36' title="bbox 587 3289 2123 3368">
     <span class='ocr_line' id='line_1_36' title="bbox 587 3289 2123 3368; baseline -0.012 -7"><span class='ocrx_word' id='word_1_253' title='bbox 587 3307 679 3360; x_wconf 84' lang='grc'><strong>51.</strong></span> <span class='ocrx_word' id='word_1_254' title='bbox 718 3302 825 3360; x_wconf 91' lang='lat' dir='ltr'><strong>Sed</strong></span> <span class='ocrx_word' id='word_1_255' title='bbox 855 3297 1152 3368; x_wconf 81' lang='lat' dir='ltr'><strong>accipiant,</strong></span> <span class='ocrx_word' id='word_1_256' title='bbox 1184 3306 1245 3352; x_wconf 91' lang='lat' dir='ltr'><strong>ut</strong></span> <span class='ocrx_word' id='word_1_257' title='bbox 1268 3295 1469 3366; x_wconf 69' lang='lat' dir='ltr'><strong>saepius</strong></span> <span class='ocrx_word' id='word_1_258' title='bbox 1496 3293 1632 3362; x_wconf 77' lang='lat' dir='ltr'><strong>disi,</strong></span> <span class='ocrx_word' id='word_1_259' title='bbox 1662 3307 1772 3347; x_wconf 92' lang='lat' dir='ltr'><strong>non</strong></span> <span class='ocrx_word' id='word_1_260' title='bbox 1831 3289 2123 3360; x_wconf 62' lang='lat' dir='ltr'><strong>inaequali-</strong></span> 
     </span>
    </p>
   </div>
   <div class='ocr_carea' id='block_1_37' title="bbox 427 3381 2124 3462">
    <p class='ocr_par' dir='ltr' id='par_1_37' title="bbox 427 3381 2124 3462">
     <span class='ocr_line' id='line_1_37' title="bbox 427 3381 2124 3462; baseline -0.011 -8"><span class='ocrx_word' id='word_1_261' title='bbox 427 3442 430 3446; x_wconf 91' lang='lat'><strong>.</strong></span> <span class='ocrx_word' id='word_1_262' title='bbox 523 3406 712 3462; x_wconf 90' lang='lat' dir='ltr'><strong>tatem,</strong></span> <span class='ocrx_word' id='word_1_263' title='bbox 741 3393 839 3451; x_wconf 89' lang='lat' dir='ltr'><strong>sed</strong></span> <span class='ocrx_word' id='word_1_264' title='bbox 880 3390 1146 3446; x_wconf 88' lang='lat' dir='ltr'><strong>unitatem</strong></span> <span class='ocrx_word' id='word_1_265' title='bbox 1188 3388 1474 3460; x_wconf 88' lang='lat' dir='ltr'><strong>potestatis</strong></span> <span class='ocrx_word' id='word_1_266' title='bbox 1503 3386 1604 3440; x_wconf 92' lang='lat' dir='ltr'><strong>hac</strong></span> <span class='ocrx_word' id='word_1_267' title='bbox 1636 3383 2018 3440; x_wconf 79' lang='lat' dir='ltr'><strong>tesﬁﬁcatione</strong></span> <span class='ocrx_word' id='word_1_268' title='bbox 2049 3381 2124 3436; x_wconf 89' lang='lat' dir='ltr'><strong>si-</strong></span> 
     </span>
    </p>
   </div>
   <div class='ocr_carea' id='block_1_38' title="bbox 521 3473 2119 3564">
    <p class='ocr_par' dir='ltr' id='par_1_38' title="bbox 521 3473 2119 3564">
     <span class='ocr_line' id='line_1_38' title="bbox 521 3473 2119 3564; baseline -0.013 -16"><span class='ocrx_word' id='word_1_269' title='bbox 521 3492 718 3564; x_wconf 89' lang='lat' dir='ltr'><strong>gnari;</strong></span> <span class='ocrx_word' id='word_1_270' title='bbox 752 3482 1193 3560; x_wconf 87' lang='lat' dir='ltr'><strong>quandoquidem</strong></span> <span class='ocrx_word' id='word_1_271' title='bbox 1221 3496 1343 3552; x_wconf 73' lang='lat' dir='ltr'><strong>qua:</strong></span> <span class='ocrx_word' id='word_1_272' title='bbox 1374 3494 1539 3550; x_wconf 87' lang='lat' dir='ltr'><strong>opera</strong></span> <span class='ocrx_word' id='word_1_273' title='bbox 1573 3477 1670 3534; x_wconf 90' lang='lat' dir='ltr'><strong>Dei</strong></span> <span class='ocrx_word' id='word_1_274' title='bbox 1721 3485 1877 3541; x_wconf 88' lang='lat' dir='ltr'><strong>sunt,</strong></span> <span class='ocrx_word' id='word_1_275' title='bbox 1928 3473 2119 3530; x_wconf 91' lang='lat' dir='ltr'><strong>eadem</strong></span> 
     </span>
    </p>
   </div>
   <div class='ocr_carea' id='block_1_39' title="bbox 524 3572 2123 3655">
    <p class='ocr_par' dir='ltr' id='par_1_39' title="bbox 524 3572 2123 3655">
     <span class='ocr_line' id='line_1_39' title="bbox 524 3572 2123 3655; baseline -0.014 -10"><span class='ocrx_word' id='word_1_276' title='bbox 524 3589 635 3645; x_wconf 89' lang='lat' dir='ltr'><strong>sint</strong></span> <span class='ocrx_word' id='word_1_277' title='bbox 660 3598 823 3655; x_wconf 88' lang='lat' dir='ltr'><strong>opera</strong></span> <span class='ocrx_word' id='word_1_278' title='bbox 852 3594 1134 3640; x_wconf 88' lang='lat' dir='ltr'><strong>manuum.</strong></span> <span class='ocrx_word' id='word_1_279' title='bbox 1169 3574 1357 3633; x_wconf 81' lang='lat' dir='ltr'><strong>eadem</strong></span> <span class='ocrx_word' id='word_1_280' title='bbox 1400 3573 1566 3630; x_wconf 88' lang='lat' dir='ltr'><strong>etiam</strong></span> <span class='ocrx_word' id='word_1_281' title='bbox 1613 3572 1911 3642; x_wconf 79' lang='lat' dir='ltr'><strong>legerimus</strong></span> <span class='ocrx_word' id='word_1_282' title='bbox 1952 3584 2123 3639; x_wconf 87' lang='lat' dir='ltr'><strong>opera</strong></span> 
     </span>
    </p>
   </div>
   <div class='ocr_carea' id='block_1_40' title="bbox 517 3663 2123 3749">
    <p class='ocr_par' dir='ltr' id='par_1_40' title="bbox 517 3663 2123 3749">
     <span class='ocr_line' id='line_1_40' title="bbox 517 3663 2123 3749; baseline -0.014 -11"><span class='ocrx_word' id='word_1_283' title='bbox 517 3697 639 3738; x_wconf 87' lang='lat' dir='ltr'><strong>esse</strong></span> <span class='ocrx_word' id='word_1_284' title='bbox 666 3678 985 3749; x_wconf 88' lang='lat' dir='ltr'><strong>digitorum.</strong></span> <span class='ocrx_word' id='word_1_285' title='bbox 1038 3671 1314 3740; x_wconf 84' lang='lat' dir='ltr'><strong>Scriptum</strong></span> <span class='ocrx_word' id='word_1_286' title='bbox 1356 3677 1441 3722; x_wconf 89' lang='lat' dir='ltr'><strong>est</strong></span> <span class='ocrx_word' id='word_1_287' title='bbox 1483 3666 1628 3722; x_wconf 89' lang='lat' dir='ltr'><strong>enim</strong></span> <span class='ocrx_word' id='word_1_288' title='bbox 1659 3682 1673 3719; x_wconf 88' lang='lat'><strong>:</strong></span> <span class='ocrx_word' id='word_1_289' title='bbox 1707 3663 1837 3723; x_wconf 72' lang='lat' dir='ltr'><strong>Caeli</strong></span> <span class='ocrx_word' id='word_1_290' title='bbox 1878 3670 2123 3718; x_wconf 83' lang='lat' dir='ltr'><strong>enarrunt</strong></span> 
     </span>
    </p>
   </div>
   <div class='ocr_carea' id='block_1_41' title="bbox 520 3756 2124 3846">
    <p class='ocr_par' dir='ltr' id='par_1_41' title="bbox 520 3756 2124 3846">
     <span class='ocr_line' id='line_1_41' title="bbox 520 3756 2124 3846; baseline -0.014 -17"><span class='ocrx_word' id='word_1_291' title='bbox 520 3774 744 3846; x_wconf 86' lang='lat' dir='ltr'><strong>gloriam</strong></span> <span class='ocrx_word' id='word_1_292' title='bbox 776 3768 876 3824; x_wconf 87' lang='lat' dir='ltr'><strong>Dei</strong></span> <span class='ocrx_word' id='word_1_293' title='bbox 901 3809 916 3835; x_wconf 96' lang='lat'><strong>,</strong></span> <span class='ocrx_word' id='word_1_294' title='bbox 949 3776 999 3821; x_wconf 89' lang='lat' dir='ltr'><strong>et</strong></span> <span class='ocrx_word' id='word_1_295' title='bbox 1026 3780 1180 3837; x_wconf 79' lang='lat' dir='ltr'><strong>Opera</strong></span> <span class='ocrx_word' id='word_1_296' title='bbox 1212 3776 1459 3815; x_wconf 88' lang='lat' dir='ltr'><strong>manuum</strong></span> <span class='ocrx_word' id='word_1_297' title='bbox 1487 3762 1600 3832; x_wconf 88' lang='lat' dir='ltr'><strong>ejus</strong></span> <span class='ocrx_word' id='word_1_298' title='bbox 1643 3757 1914 3812; x_wconf 84' lang='lat' dir='ltr'><strong>annuntiat</strong></span> <span class='ocrx_word' id='word_1_299' title='bbox 1944 3756 2124 3824; x_wconf 79' lang='lat' dir='ltr'><strong>ﬁrma-</strong></span> 
     </span>
    </p>
   </div>
   <div class='ocr_carea' id='block_1_42' title="bbox 220 3848 2115 3918">
    <p class='ocr_par' dir='ltr' id='par_1_42' title="bbox 220 3848 2115 3918">
     <span class='ocr_line' id='line_1_42' title="bbox 220 3848 2115 3918; baseline 0.009 -37"><span class='ocrx_word' id='word_1_300' title='bbox 220 3862 747 3902; x_wconf 26' lang='lat' dir='ltr'><strong>amm—u‘mﬂmm</strong></span> <span class='ocrx_word' id='word_1_301' title='bbox 780 3860 799 3918; x_wconf 79' lang='grc'>(</span> <span class='ocrx_word' id='word_1_302' title='bbox 831 3859 952 3907; x_wconf 63' lang='grc' dir='ltr'><strong>ρςηι</strong></span> <span class='ocrx_word' id='word_1_303' title='bbox 1004 3871 1139 3909; x_wconf 68' lang='lat' dir='ltr'><strong>mu</strong></span> <span class='ocrx_word' id='word_1_304' title='bbox 1190 3855 1212 3909; x_wconf 73' lang='grc'><strong>1</strong></span> <span class='ocrx_word' id='word_1_305' title='bbox 1243 3853 1407 3917; x_wconf 35' lang='grc' dir='ltr'><strong>ηελλ</strong></span> <span class='ocrx_word' id='word_1_306' title='bbox 1424 3852 1552 3905; x_wconf 86' lang='lat' dir='ltr'><strong>alibi</strong></span> <span class='ocrx_word' id='word_1_307' title='bbox 1583 3869 1596 3905; x_wconf 91' lang='lat'><strong>:</strong></span> <span class='ocrx_word' id='word_1_308' title='bbox 1630 3848 1790 3903; x_wconf 85' lang='lat' dir='ltr'><strong>Initio</strong></span> <span class='ocrx_word' id='word_1_309' title='bbox 1827 3857 2018 3903; x_wconf 88' lang='lat' dir='ltr'><strong>terram</strong></span> <span class='ocrx_word' id='word_1_310' title='bbox 2069 3856 2115 3900; x_wconf 86' lang='lat' dir='ltr'><strong>tu</strong></span> 
     </span>
    </p>
   </div>
   <div class='ocr_carea' id='block_1_43' title="bbox 521 3938 2124 4012">
    <p class='ocr_par' dir='ltr' id='par_1_43' title="bbox 521 3938 2124 4012">
     <span class='ocr_line' id='line_1_43' title="bbox 521 3938 2124 4012; baseline -0.004 -17"><span class='ocrx_word' id='word_1_311' title='bbox 521 3941 780 4012; x_wconf 78' lang='lat' dir='ltr'><strong>fundasti,</strong></span> <span class='ocrx_word' id='word_1_312' title='bbox 819 3938 1057 4003; x_wconf 85' lang='lat' dir='ltr'><strong>Domine,</strong></span> <span class='ocrx_word' id='word_1_313' title='bbox 1099 3945 1143 3989; x_wconf 91' lang='lat' dir='ltr'><strong>et</strong></span> <span class='ocrx_word' id='word_1_314' title='bbox 1173 3950 1330 4007; x_wconf 79' lang='lat' dir='ltr'><strong>Opera</strong></span> <span class='ocrx_word' id='word_1_315' title='bbox 1362 3950 1609 3989; x_wconf 87' lang='lat' dir='ltr'><strong>manumn</strong></span> <span class='ocrx_word' id='word_1_316' title='bbox 1635 3941 1841 3990; x_wconf 83' lang='lat' dir='ltr'><strong>tuamm</strong></span> <span class='ocrx_word' id='word_1_317' title='bbox 1867 3952 1987 3989; x_wconf 68' lang='lat' dir='ltr'><strong>sunt</strong></span> <span class='ocrx_word' id='word_1_318' title='bbox 2008 3941 2124 3990; x_wconf 73' lang='grc' dir='ltr'><strong>εωιε</strong></span> 
     </span>
    </p>
   </div>
   <div class='ocr_carea' id='block_1_44' title="bbox 515 4026 2125 4101">
    <p class='ocr_par' dir='ltr' id='par_1_44' title="bbox 515 4026 2125 4101">
     <span class='ocr_line' id='line_1_44' title="bbox 515 4026 2125 4101; baseline -0.003 -15"><span class='ocrx_word' id='word_1_319' title='bbox 515 4032 760 4101; x_wconf 85' lang='lat' dir='ltr'><strong>(Psalm.</strong></span> <span class='ocrx_word' id='word_1_320' title='bbox 806 4045 901 4091; x_wconf 82' lang='lat' dir='ltr'><strong>Cl.</strong></span> <span class='ocrx_word' id='word_1_321' title='bbox 941 4027 1075 4101; x_wconf 69' lang='grc'><strong>26).</strong></span> <span class='ocrx_word' id='word_1_322' title='bbox 1142 4026 1345 4082; x_wconf 85' lang='lat' dir='ltr'><strong>Eadem</strong></span> <span class='ocrx_word' id='word_1_323' title='bbox 1392 4026 1557 4097; x_wconf 82' lang='lat' dir='ltr'><strong>igitur</strong></span> <span class='ocrx_word' id='word_1_324' title='bbox 1611 4035 1738 4082; x_wconf 89' lang='lat' dir='ltr'><strong>sunt</strong></span> <span class='ocrx_word' id='word_1_325' title='bbox 1793 4041 1959 4097; x_wconf 88' lang='lat' dir='ltr'><strong>opera</strong></span> <span class='ocrx_word' id='word_1_326' title='bbox 2009 4041 2125 4081; x_wconf 89' lang='lat' dir='ltr'><strong>ma-</strong></span> 
     </span>
    </p>
   </div>
   <div class='ocr_carea' id='block_1_45' title="bbox 522 4117 2123 4190">
    <p class='ocr_par' dir='ltr' id='par_1_45' title="bbox 522 4117 2123 4190">
     <span class='ocr_line' id='line_1_45' title="bbox 522 4117 2123 4190; baseline -0.003 -13"><span class='ocrx_word' id='word_1_327' title='bbox 522 4138 715 4185; x_wconf 89' lang='lat' dir='ltr'><strong>nuum,</strong></span> <span class='ocrx_word' id='word_1_328' title='bbox 775 4133 899 4190; x_wconf 73' lang='lat' dir='ltr'><strong>qua:</strong></span> <span class='ocrx_word' id='word_1_329' title='bbox 943 4126 1070 4173; x_wconf 92' lang='lat' dir='ltr'><strong>sunt</strong></span> <span class='ocrx_word' id='word_1_330' title='bbox 1118 4131 1286 4188; x_wconf 87' lang='lat' dir='ltr'><strong>opera</strong></span> <span class='ocrx_word' id='word_1_331' title='bbox 1335 4117 1452 4172; x_wconf 91' lang='lat' dir='ltr'><strong>Dei.</strong></span> <span class='ocrx_word' id='word_1_332' title='bbox 1479 4117 1597 4173; x_wconf 88' lang='lat' dir='ltr'><strong>Non</strong></span> <span class='ocrx_word' id='word_1_333' title='bbox 1640 4132 1772 4188; x_wconf 90' lang='lat' dir='ltr'><strong>ergo</strong></span> <span class='ocrx_word' id='word_1_334' title='bbox 1812 4117 1992 4187; x_wconf 89' lang='lat' dir='ltr'><strong>aliqua</strong></span> <span class='ocrx_word' id='word_1_335' title='bbox 2026 4132 2123 4186; x_wconf 88' lang='lat' dir='ltr'><strong>pro</strong></span> 
     </span>
    </p>
   </div>
   <div class='ocr_carea' id='block_1_46' title="bbox 525 4208 2123 4280">
    <p class='ocr_par' dir='ltr' id='par_1_46' title="bbox 525 4208 2123 4280">
     <span class='ocr_line' id='line_1_46' title="bbox 525 4208 2123 4280; baseline -0.003 -11"><span class='ocrx_word' id='word_1_336' title='bbox 525 4213 896 4269; x_wconf 87' lang='lat' dir='ltr'><strong>membrorum</strong></span> <span class='ocrx_word' id='word_1_337' title='bbox 928 4210 1294 4279; x_wconf 85' lang='lat' dir='ltr'><strong>corporalium</strong></span> <span class='ocrx_word' id='word_1_338' title='bbox 1323 4209 1588 4279; x_wconf 89' lang='lat' dir='ltr'><strong>qualitate</strong></span> <span class='ocrx_word' id='word_1_339' title='bbox 1621 4208 1885 4265; x_wconf 88' lang='lat' dir='ltr'><strong>discretio</strong></span> <span class='ocrx_word' id='word_1_340' title='bbox 1930 4224 2123 4280; x_wconf 88' lang='lat' dir='ltr'><strong>opera-</strong></span> 
     </span>
    </p>
   </div>
   <div class='ocr_carea' id='block_1_47' title="bbox 527 4301 1520 4374">
    <p class='ocr_par' dir='ltr' id='par_1_47' title="bbox 527 4301 1520 4374">
     <span class='ocr_line' id='line_1_47' title="bbox 527 4301 1520 4374; baseline -0.008 -11"><span class='ocrx_word' id='word_1_341' title='bbox 527 4309 717 4374; x_wconf 85' lang='lat' dir='ltr'><strong>tionis,</strong></span> <span class='ocrx_word' id='word_1_342' title='bbox 751 4304 847 4362; x_wconf 86' lang='lat' dir='ltr'><strong>scd</strong></span> <span class='ocrx_word' id='word_1_343' title='bbox 891 4305 1070 4358; x_wconf 88' lang='lat' dir='ltr'><strong>unitas</strong></span> <span class='ocrx_word' id='word_1_344' title='bbox 1101 4301 1388 4373; x_wconf 85' lang='lat' dir='ltr'><strong>potestatis</strong></span> <span class='ocrx_word' id='word_1_345' title='bbox 1416 4311 1520 4356; x_wconf 91' lang='lat' dir='ltr'><strong>est.</strong></span> 
     </span>
    </p>
   </div>
   <div class='ocr_carea' id='block_1_48' title="bbox 594 4395 2117 4469">
    <p class='ocr_par' dir='ltr' id='par_1_48' title="bbox 594 4395 2117 4469">
     <span class='ocr_line' id='line_1_48' title="bbox 594 4395 2117 4469; baseline -0.003 -12"><span class='ocrx_word' id='word_1_346' title='bbox 594 4404 684 4457; x_wconf 75' lang='grc'><strong>52.</strong></span> <span class='ocrx_word' id='word_1_347' title='bbox 726 4400 858 4469; x_wconf 70' lang='lat' dir='ltr'><strong>Quae</strong></span> <span class='ocrx_word' id='word_1_348' title='bbox 885 4407 1069 4454; x_wconf 89' lang='lat' dir='ltr'><strong>autem</strong></span> <span class='ocrx_word' id='word_1_349' title='bbox 1098 4411 1264 4467; x_wconf 85' lang='lat' dir='ltr'><strong>opera</strong></span> <span class='ocrx_word' id='word_1_350' title='bbox 1291 4405 1419 4451; x_wconf 89' lang='lat' dir='ltr'><strong>sunt</strong></span> <span class='ocrx_word' id='word_1_351' title='bbox 1460 4411 1739 4462; x_wconf 88' lang='lat' dir='ltr'><strong>manuum,</strong></span> <span class='ocrx_word' id='word_1_352' title='bbox 1767 4395 1957 4452; x_wconf 85' lang='lat' dir='ltr'><strong>eadem</strong></span> <span class='ocrx_word' id='word_1_353' title='bbox 1985 4411 2117 4468; x_wconf 91' lang='lat' dir='ltr'><strong>ope-</strong></span> 
     </span>
    </p>
   </div>
   <div class='ocr_carea' id='block_1_49' title="bbox 2145 1732 2195 1792">
    <p class='ocr_par' dir='ltr' id='par_1_49' title="bbox 2145 1732 2195 1792">
     <span class='ocr_line' id='line_1_49' title="bbox 2145 1732 2195 1792; baseline 0 0"><span class='ocrx_word' id='word_1_354' title='bbox 2145 1732 2195 1792; x_wconf 89' lang='lat' dir='ltr'><strong>B</strong></span> 
     </span>
    </p>
   </div>
   <div class='ocr_carea' id='block_1_50' title="bbox 2213 397 3783 478">
    <p class='ocr_par' dir='ltr' id='par_1_50' title="bbox 2213 397 3783 478">
     <span class='ocr_line' id='line_1_50' title="bbox 2213 397 3783 478; baseline -0.008 -17"><span class='ocrx_word' id='word_1_355' title='bbox 2213 419 2365 478; x_wconf 90' lang='lat' dir='ltr'><strong>ptum</strong></span> <span class='ocrx_word' id='word_1_356' title='bbox 2394 413 2478 461; x_wconf 89' lang='lat' dir='ltr'><strong>est</strong></span> <span class='ocrx_word' id='word_1_357' title='bbox 2505 404 2651 459; x_wconf 88' lang='lat' dir='ltr'><strong>enim</strong></span> <span class='ocrx_word' id='word_1_358' title='bbox 2680 422 2693 457; x_wconf 89' lang='lat'><strong>:</strong></span> <span class='ocrx_word' id='word_1_359' title='bbox 2730 401 2919 458; x_wconf 86' lang='lat' dir='ltr'><strong>Nonne</strong></span> <span class='ocrx_word' id='word_1_360' title='bbox 2942 417 3126 456; x_wconf 80' lang='lat' dir='ltr'><strong>atauus</strong></span> <span class='ocrx_word' id='word_1_361' title='bbox 3165 416 3280 454; x_wconf 88' lang='lat' dir='ltr'><strong>mea</strong></span> <span class='ocrx_word' id='word_1_362' title='bbox 3325 399 3443 471; x_wconf 77' lang='lat' dir='ltr'><strong>[erit</strong></span> <span class='ocrx_word' id='word_1_363' title='bbox 3470 398 3583 453; x_wconf 76' lang='lat' dir='ltr'><strong>[uec</strong></span> <span class='ocrx_word' id='word_1_364' title='bbox 3628 397 3783 452; x_wconf 84' lang='lat' dir='ltr'><strong>omnia</strong></span> 
     </span>
    </p>
   </div>
   <div class='ocr_carea' id='block_1_51' title="bbox 2215 492 3783 575">
    <p class='ocr_par' dir='ltr' id='par_1_51' title="bbox 2215 492 3783 575">
     <span class='ocr_line' id='line_1_51' title="bbox 2215 492 3783 575; baseline -0.008 -18"><span class='ocrx_word' id='word_1_365' title='bbox 2215 502 2236 575; x_wconf 95' lang='lat'>(</span> <span class='ocrx_word' id='word_1_366' title='bbox 2271 500 2415 556; x_wconf 87' lang='lat' dir='ltr'><strong>Esai.</strong></span> <span class='ocrx_word' id='word_1_367' title='bbox 2448 516 2593 568; x_wconf 78' lang='lat' dir='ltr'><strong>Lm,</strong></span> <span class='ocrx_word' id='word_1_368' title='bbox 2620 500 2657 554; x_wconf 72' lang='lat'><strong>2</strong></span> <span class='ocrx_word' id='word_1_369' title='bbox 2681 498 2747 571; x_wconf 89' lang='lat'><strong>)?</strong></span> <span class='ocrx_word' id='word_1_370' title='bbox 2778 509 2833 554; x_wconf 91' lang='lat' dir='ltr'><strong>et</strong></span> <span class='ocrx_word' id='word_1_371' title='bbox 2859 498 2985 554; x_wconf 88' lang='lat' dir='ltr'><strong>alibi</strong></span> <span class='ocrx_word' id='word_1_372' title='bbox 3019 515 3032 550; x_wconf 89' lang='lat'>:</span> <span class='ocrx_word' id='word_1_373' title='bbox 3067 496 3269 550; x_wconf 89' lang='lat' dir='ltr'><strong>Ponam</strong></span> <span class='ocrx_word' id='word_1_374' title='bbox 3295 505 3341 549; x_wconf 92' lang='lat' dir='ltr'><strong>le</strong></span> <span class='ocrx_word' id='word_1_375' title='bbox 3366 495 3420 548; x_wconf 91' lang='lat' dir='ltr'><strong>in</strong></span> <span class='ocrx_word' id='word_1_376' title='bbox 3440 492 3688 565; x_wconf 76' lang='lat' dir='ltr'><strong>foramine</strong></span> <span class='ocrx_word' id='word_1_377' title='bbox 3706 507 3783 563; x_wconf 89' lang='lat' dir='ltr'><strong>pe-</strong></span> 
     </span>
    </p>
   </div>
   <div class='ocr_carea' id='block_1_52' title="bbox 2213 580 3787 667">
    <p class='ocr_par' dir='ltr' id='par_1_52' title="bbox 2213 580 3787 667">
     <span class='ocr_line' id='line_1_52' title="bbox 2213 580 3787 667; baseline -0.006 -20"><span class='ocrx_word' id='word_1_378' title='bbox 2213 603 2326 659; x_wconf 77' lang='lat' dir='ltr'><strong>lrw,</strong></span> <span class='ocrx_word' id='word_1_379' title='bbox 2358 580 2407 649; x_wconf 86' lang='lat' dir='ltr'><strong>et</strong></span> <span class='ocrx_word' id='word_1_380' title='bbox 2433 604 2698 667; x_wconf 76' lang='lat' dir='ltr'><strong>protegam</strong></span> <span class='ocrx_word' id='word_1_381' title='bbox 2724 607 2938 647; x_wconf 88' lang='lat' dir='ltr'><strong>manum</strong></span> <span class='ocrx_word' id='word_1_382' title='bbox 2963 606 3131 647; x_wconf 89' lang='lat' dir='ltr'><strong>meam</strong></span> <span class='ocrx_word' id='word_1_383' title='bbox 3159 605 3314 661; x_wconf 85' lang='lat' dir='ltr'><strong>super</strong></span> <span class='ocrx_word' id='word_1_384' title='bbox 3360 597 3427 643; x_wconf 89' lang='lat' dir='ltr'><strong>te.</strong></span> <span class='ocrx_word' id='word_1_385' title='bbox 3481 586 3643 641; x_wconf 85' lang='lat' dir='ltr'><strong>Posui</strong></span> <span class='ocrx_word' id='word_1_386' title='bbox 3687 601 3787 638; x_wconf 78' lang='lat' dir='ltr'><strong>nta—</strong></span> 
     </span>
    </p>
   </div>
   <div class='ocr_carea' id='block_1_53' title="bbox 2214 678 3784 758">
    <p class='ocr_par' dir='ltr' id='par_1_53' title="bbox 2214 678 3784 758">
     <span class='ocr_line' id='line_1_53' title="bbox 2214 678 3784 758; baseline -0.004 -17"><span class='ocrx_word' id='word_1_387' title='bbox 2214 704 2337 741; x_wconf 86' lang='lat' dir='ltr'><strong>num</strong></span> <span class='ocrx_word' id='word_1_388' title='bbox 2364 703 2533 741; x_wconf 89' lang='lat' dir='ltr'><strong>meam</strong></span> <span class='ocrx_word' id='word_1_389' title='bbox 2560 686 2653 740; x_wconf 87' lang='lat' dir='ltr'><strong>sub</strong></span> <span class='ocrx_word' id='word_1_390' title='bbox 2674 694 2961 758; x_wconf 88' lang='lat' dir='ltr'><strong>legumento</strong></span> <span class='ocrx_word' id='word_1_391' title='bbox 2986 693 3146 757; x_wconf 78' lang='lat' dir='ltr'><strong>petra:</strong></span> <span class='ocrx_word' id='word_1_392' title='bbox 3171 684 3189 750; x_wconf 87' lang='lat'><strong>(</strong></span> <span class='ocrx_word' id='word_1_393' title='bbox 3216 682 3385 738; x_wconf 73' lang='lat' dir='ltr'><strong>Exod.</strong></span> <span class='ocrx_word' id='word_1_394' title='bbox 3417 696 3589 736; x_wconf 66' lang='grc' dir='ltr'>χχχιιι</span> <span class='ocrx_word' id='word_1_395' title='bbox 3611 720 3626 745; x_wconf 86' lang='grc'>,</span> <span class='ocrx_word' id='word_1_396' title='bbox 3646 678 3715 734; x_wconf 72' lang='lat'><strong>22</strong></span> <span class='ocrx_word' id='word_1_397' title='bbox 3733 678 3784 751; x_wconf 92' lang='lat'><strong>);</strong></span> 
     </span>
    </p>
   </div>
   <div class='ocr_carea' id='block_1_54' title="bbox 2213 773 3786 852">
    <p class='ocr_par' dir='ltr' id='par_1_54' title="bbox 2213 773 3786 852">
     <span class='ocr_line' id='line_1_54' title="bbox 2213 773 3786 852; baseline -0.006 -16"><span class='ocrx_word' id='word_1_398' title='bbox 2213 779 2359 852; x_wconf 89' lang='lat' dir='ltr'><strong>quod</strong></span> <span class='ocrx_word' id='word_1_399' title='bbox 2389 779 2457 835; x_wconf 91' lang='lat' dir='ltr'><strong>ad</strong></span> <span class='ocrx_word' id='word_1_400' title='bbox 2485 779 2880 835; x_wconf 88' lang='lat' dir='ltr'><strong>incarnationis</strong></span> <span class='ocrx_word' id='word_1_401' title='bbox 2912 779 3231 850; x_wconf 85' lang='lat' dir='ltr'><strong>mysterium</strong></span> <span class='ocrx_word' id='word_1_402' title='bbox 3277 784 3519 847; x_wconf 86' lang='lat' dir='ltr'><strong>spectat,</strong></span> <span class='ocrx_word' id='word_1_403' title='bbox 3571 773 3690 845; x_wconf 85' lang='lat' dir='ltr'><strong>quia</strong></span> <span class='ocrx_word' id='word_1_404' title='bbox 3712 773 3786 828; x_wconf 89' lang='lat' dir='ltr'><strong>in-</strong></span> 
     </span>
    </p>
   </div>
   <div class='ocr_carea' id='block_1_55' title="bbox 2215 867 3788 943">
    <p class='ocr_par' dir='ltr' id='par_1_55' title="bbox 2215 867 3788 943">
     <span class='ocr_line' id='line_1_55' title="bbox 2215 867 3788 943; baseline -0.003 -16"><span class='ocrx_word' id='word_1_405' title='bbox 2215 880 2584 943; x_wconf 89' lang='lat' dir='ltr'><strong>tegumentum</strong></span> <span class='ocrx_word' id='word_1_406' title='bbox 2616 869 2868 942; x_wconf 87' lang='lat' dir='ltr'><strong>corporis</strong></span> <span class='ocrx_word' id='word_1_407' title='bbox 2895 870 3068 925; x_wconf 86' lang='lat' dir='ltr'><strong>virtus</strong></span> <span class='ocrx_word' id='word_1_408' title='bbox 3113 869 3209 924; x_wconf 89' lang='lat' dir='ltr'><strong>Dei</strong></span> <span class='ocrx_word' id='word_1_409' title='bbox 3244 867 3577 937; x_wconf 86' lang='lat' dir='ltr'><strong>sempiterna</strong></span> <span class='ocrx_word' id='word_1_410' title='bbox 3621 880 3788 922; x_wconf 87' lang='lat' dir='ltr'><strong>susce-</strong></span> 
     </span>
    </p>
   </div>
   <div class='ocr_carea' id='block_1_56' title="bbox 2217 956 3779 1035">
    <p class='ocr_par' dir='ltr' id='par_1_56' title="bbox 2217 956 3779 1035">
     <span class='ocr_line' id='line_1_56' title="bbox 2217 956 3779 1035; baseline -0.003 -16"><span class='ocrx_word' id='word_1_411' title='bbox 2217 964 2320 1035; x_wconf 86' lang='lat' dir='ltr'><strong>pit)</strong></span> <span class='ocrx_word' id='word_1_412' title='bbox 2350 964 2539 1035; x_wconf 88' lang='lat' dir='ltr'><strong>utique</strong></span> <span class='ocrx_word' id='word_1_413' title='bbox 2575 963 2742 1034; x_wconf 84' lang='lat' dir='ltr'><strong>liquet</strong></span> <span class='ocrx_word' id='word_1_414' title='bbox 2770 976 2962 1019; x_wconf 90' lang='lat' dir='ltr'><strong>tnanus</strong></span> <span class='ocrx_word' id='word_1_415' title='bbox 2989 970 3044 1018; x_wconf 92' lang='lat' dir='ltr'><strong>et</strong></span> <span class='ocrx_word' id='word_1_416' title='bbox 3074 961 3143 1017; x_wconf 87' lang='lat' dir='ltr'><strong>de</strong></span> <span class='ocrx_word' id='word_1_417' title='bbox 3166 960 3308 1017; x_wconf 90' lang='lat' dir='ltr'><strong>Filio</strong></span> <span class='ocrx_word' id='word_1_418' title='bbox 3334 959 3430 1016; x_wconf 88' lang='lat' dir='ltr'><strong>Dei</strong></span> <span class='ocrx_word' id='word_1_419' title='bbox 3461 969 3518 1015; x_wconf 87' lang='lat' dir='ltr'><strong>et</strong></span> <span class='ocrx_word' id='word_1_420' title='bbox 3563 956 3631 1016; x_wconf 91' lang='lat' dir='ltr'><strong>de</strong></span> <span class='ocrx_word' id='word_1_421' title='bbox 3668 958 3779 1031; x_wconf 83' lang='lat' dir='ltr'><strong>Spi-</strong></span> 
     </span>
    </p>
   </div>
   <div class='ocr_carea' id='block_1_57' title="bbox 2217 1054 3191 1125">
    <p class='ocr_par' dir='ltr' id='par_1_57' title="bbox 2217 1054 3191 1125">
     <span class='ocr_line' id='line_1_57' title="bbox 2217 1054 3191 1125; baseline -0.003 -14"><span class='ocrx_word' id='word_1_422' title='bbox 2217 1056 2325 1111; x_wconf 88' lang='lat' dir='ltr'><strong>ritu</strong></span> <span class='ocrx_word' id='word_1_423' title='bbox 2347 1064 2537 1111; x_wconf 88' lang='lat' dir='ltr'><strong>sancto</strong></span> <span class='ocrx_word' id='word_1_424' title='bbox 2570 1055 2905 1125; x_wconf 81' lang='lat' dir='ltr'><strong>Scripturam</strong></span> <span class='ocrx_word' id='word_1_425' title='bbox 2936 1054 3191 1109; x_wconf 90' lang='lat' dir='ltr'><strong>locutam.</strong></span> 
     </span>
    </p>
   </div>
   <div class='ocr_carea' id='block_1_58' title="bbox 2300 1144 3785 1219">
    <p class='ocr_par' dir='ltr' id='par_1_58' title="bbox 2300 1144 3785 1219">
     <span class='ocr_line' id='line_1_58' title="bbox 2300 1144 3785 1219; baseline -0.001 -17"><span class='ocrx_word' id='word_1_426' title='bbox 2300 1147 2393 1204; x_wconf 75' lang='grc' dir='ltr'><strong>δι.</strong></span> <span class='ocrx_word' id='word_1_427' title='bbox 2439 1146 2506 1202; x_wconf 84' lang='lat' dir='ltr'><strong>Et</strong></span> <span class='ocrx_word' id='word_1_428' title='bbox 2532 1162 2724 1203; x_wconf 90' lang='lat' dir='ltr'><strong>rursus</strong></span> <span class='ocrx_word' id='word_1_429' title='bbox 2746 1146 2873 1219; x_wconf 88' lang='lat' dir='ltr'><strong>quia</strong></span> <span class='ocrx_word' id='word_1_430' title='bbox 2923 1146 3151 1218; x_wconf 90' lang='lat' dir='ltr'><strong>digitum</strong></span> <span class='ocrx_word' id='word_1_431' title='bbox 3198 1145 3299 1203; x_wconf 90' lang='lat' dir='ltr'><strong>Dei</strong></span> <span class='ocrx_word' id='word_1_432' title='bbox 3352 1145 3614 1215; x_wconf 88' lang='lat' dir='ltr'><strong>Spiritum</strong></span> <span class='ocrx_word' id='word_1_433' title='bbox 3668 1144 3785 1217; x_wconf 82' lang='lat' dir='ltr'><strong>legi-</strong></span> 
     </span>
    </p>
   </div>
   <div class='ocr_carea' id='block_1_59' title="bbox 2218 1237 3793 1312">
    <p class='ocr_par' dir='ltr' id='par_1_59' title="bbox 2218 1237 3793 1312">
     <span class='ocr_line' id='line_1_59' title="bbox 2218 1237 3793 1312; baseline -0.002 -16"><span class='ocrx_word' id='word_1_434' title='bbox 2218 1255 2341 1296; x_wconf 90' lang='lat' dir='ltr'><strong>mus</strong></span> <span class='ocrx_word' id='word_1_435' title='bbox 2365 1240 2386 1312; x_wconf 91' lang='lat'>(</span> <span class='ocrx_word' id='word_1_436' title='bbox 2409 1237 2539 1295; x_wconf 87' lang='lat' dir='ltr'><strong>Luc.</strong></span> <span class='ocrx_word' id='word_1_437' title='bbox 2572 1255 2648 1306; x_wconf 72' lang='grc' dir='ltr'><strong>χι,</strong></span> <span class='ocrx_word' id='word_1_438' title='bbox 2675 1237 2747 1295; x_wconf 79' lang='lat'><strong>‘20</strong></span> <span class='ocrx_word' id='word_1_439' title='bbox 2769 1237 2788 1310; x_wconf 95' lang='lat'>)</span> <span class='ocrx_word' id='word_1_440' title='bbox 2810 1279 2826 1306; x_wconf 91' lang='lat'><strong>,</strong></span> <span class='ocrx_word' id='word_1_441' title='bbox 2859 1237 2984 1294; x_wconf 91' lang='lat' dir='ltr'><strong>ideo</strong></span> <span class='ocrx_word' id='word_1_442' title='bbox 3014 1238 3324 1309; x_wconf 87' lang='lat' dir='ltr'><strong>appellatos</strong></span> <span class='ocrx_word' id='word_1_443' title='bbox 3341 1237 3544 1310; x_wconf 87' lang='lat' dir='ltr'><strong>digitos</strong></span> <span class='ocrx_word' id='word_1_444' title='bbox 3574 1237 3793 1294; x_wconf 70' lang='lat' dir='ltr'><strong>restitua-</strong></span> 
     </span>
    </p>
   </div>
   <div class='ocr_carea' id='block_1_60' title="bbox 2218 1331 3795 1404">
    <p class='ocr_par' dir='ltr' id='par_1_60' title="bbox 2218 1331 3795 1404">
     <span class='ocr_line' id='line_1_60' title="bbox 2218 1331 3795 1404; baseline -0.002 -15"><span class='ocrx_word' id='word_1_445' title='bbox 2218 1349 2362 1401; x_wconf 90' lang='lat' dir='ltr'><strong>mus,</strong></span> <span class='ocrx_word' id='word_1_446' title='bbox 2397 1341 2456 1389; x_wconf 92' lang='lat' dir='ltr'><strong>ut</strong></span> <span class='ocrx_word' id='word_1_447' title='bbox 2484 1332 2685 1389; x_wconf 90' lang='lat' dir='ltr'><strong>Filium</strong></span> <span class='ocrx_word' id='word_1_448' title='bbox 2713 1332 3089 1403; x_wconf 90' lang='lat' dir='ltr'><strong>Spiritumque</strong></span> <span class='ocrx_word' id='word_1_449' title='bbox 3114 1332 3379 1404; x_wconf 88' lang='lat' dir='ltr'><strong>signaret.</strong></span> <span class='ocrx_word' id='word_1_450' title='bbox 3408 1331 3649 1401; x_wconf 89' lang='lat' dir='ltr'><strong>Denique</strong></span> <span class='ocrx_word' id='word_1_451' title='bbox 3668 1341 3722 1387; x_wconf 91' lang='lat' dir='ltr'><strong>ut</strong></span> <span class='ocrx_word' id='word_1_452' title='bbox 3745 1338 3795 1387; x_wconf 90' lang='lat' dir='ltr'><strong>et</strong></span> 
     </span>
    </p>
   </div>
   <div class='ocr_carea' id='block_1_61' title="bbox 2218 1425 3794 1499">
    <p class='ocr_par' dir='ltr' id='par_1_61' title="bbox 2218 1425 3794 1499">
     <span class='ocr_line' id='line_1_61' title="bbox 2218 1425 3794 1499; baseline -0.002 -15"><span class='ocrx_word' id='word_1_453' title='bbox 2218 1428 2338 1484; x_wconf 85' lang='lat' dir='ltr'><strong>Filii</strong></span> <span class='ocrx_word' id='word_1_454' title='bbox 2366 1436 2422 1484; x_wconf 92' lang='lat' dir='ltr'><strong>et</strong></span> <span class='ocrx_word' id='word_1_455' title='bbox 2443 1426 2683 1499; x_wconf 88' lang='lat' dir='ltr'><strong>Spiritus</strong></span> <span class='ocrx_word' id='word_1_456' title='bbox 2712 1425 3203 1483; x_wconf 88' lang='lat' dir='ltr'><strong>sanctiﬁcationem</strong></span> <span class='ocrx_word' id='word_1_457' title='bbox 3232 1440 3293 1483; x_wconf 90' lang='lat' dir='ltr'><strong>se</strong></span> <span class='ocrx_word' id='word_1_458' title='bbox 3321 1426 3525 1483; x_wconf 89' lang='lat' dir='ltr'><strong>habere</strong></span> <span class='ocrx_word' id='word_1_459' title='bbox 3545 1440 3794 1483; x_wconf 83' lang='lat' dir='ltr'><strong>memora-</strong></span> 
     </span>
    </p>
   </div>
   <div class='ocr_carea' id='block_1_62' title="bbox 2219 1518 3796 1591">
    <p class='ocr_par' dir='ltr' id='par_1_62' title="bbox 2219 1518 3796 1591">
     <span class='ocr_line' id='line_1_62' title="bbox 2219 1518 3796 1591; baseline -0.003 -14"><span class='ocrx_word' id='word_1_460' title='bbox 2219 1529 2329 1588; x_wconf 87' lang='lat' dir='ltr'><strong>ret,</strong></span> <span class='ocrx_word' id='word_1_461' title='bbox 2359 1521 2437 1576; x_wconf 88' lang='lat' dir='ltr'><strong>ait</strong></span> <span class='ocrx_word' id='word_1_462' title='bbox 2459 1520 2678 1591; x_wconf 90' lang='lat' dir='ltr'><strong>quidam</strong></span> <span class='ocrx_word' id='word_1_463' title='bbox 2704 1530 2963 1576; x_wconf 88' lang='lat' dir='ltr'><strong>sanctus:</strong></span> <span class='ocrx_word' id='word_1_464' title='bbox 2994 1518 3184 1574; x_wconf 75' lang='lat' dir='ltr'><strong>Manus</strong></span> <span class='ocrx_word' id='word_1_465' title='bbox 3237 1528 3338 1574; x_wconf 76' lang='lat' dir='ltr'><strong>ture</strong></span> <span class='ocrx_word' id='word_1_466' title='bbox 3384 1523 3617 1590; x_wconf 78' lang='lat' dir='ltr'><strong>fecerunt</strong></span> <span class='ocrx_word' id='word_1_467' title='bbox 3638 1534 3730 1587; x_wconf 84' lang='lat' dir='ltr'><strong>me,</strong></span> <span class='ocrx_word' id='word_1_468' title='bbox 3751 1527 3796 1573; x_wconf 86' lang='lat' dir='ltr'><strong>et</strong></span> 
     </span>
    </p>
   </div>
   <div class='ocr_carea' id='block_1_63' title="bbox 2218 1613 3135 1688">
    <p class='ocr_par' dir='ltr' id='par_1_63' title="bbox 2218 1613 3135 1688">
     <span class='ocr_line' id='line_1_63' title="bbox 2218 1613 3135 1688; baseline -0.001 -19"><span class='ocrx_word' id='word_1_469' title='bbox 2218 1616 2607 1687; x_wconf 83' lang='lat' dir='ltr'><strong>plasmaoerunt</strong></span> <span class='ocrx_word' id='word_1_470' title='bbox 2638 1631 2717 1670; x_wconf 87' lang='lat' dir='ltr'><strong>me</strong></span> <span class='ocrx_word' id='word_1_471' title='bbox 2742 1614 2765 1685; x_wconf 83' lang='lat'><strong>(</strong></span> <span class='ocrx_word' id='word_1_472' title='bbox 2790 1614 2917 1670; x_wconf 80' lang='lat' dir='ltr'><strong>Job.</strong></span> <span class='ocrx_word' id='word_1_473' title='bbox 2947 1630 2983 1669; x_wconf 70' lang='grc' dir='ltr'><strong>ι</strong></span> <span class='ocrx_word' id='word_1_474' title='bbox 3000 1656 3015 1681; x_wconf 84' lang='grc'><strong><em>,</em></strong></span> <span class='ocrx_word' id='word_1_475' title='bbox 3039 1613 3135 1688; x_wconf 92' lang='lat'><strong>8).</strong></span> 
     </span>
    </p>
   </div>
   <div class='ocr_carea' id='block_1_64' title="bbox 2826 1705 3549 1776">
    <p class='ocr_par' dir='ltr' id='par_1_64' title="bbox 2826 1705 3549 1776">
     <span class='ocr_line' id='line_1_64' title="bbox 2826 1705 3549 1776; baseline -0.004 -13"><span class='ocrx_word' id='word_1_476' title='bbox 2826 1705 3060 1763; x_wconf 71' lang='lat' dir='ltr'><strong>cspur</strong></span> <span class='ocrx_word' id='word_1_477' title='bbox 3115 1705 3204 1762; x_wconf 81' lang='lat' dir='ltr'><strong>VL</strong></span> <span class='ocrx_word' id='word_1_478' title='bbox 3541 1768 3549 1776; x_wconf 52' lang='grc'><em>,</em></span> 
     </span>
    </p>
   </div>
   <div class='ocr_carea' id='block_1_65' title="bbox 2227 1799 3797 1873">
    <p class='ocr_par' dir='ltr' id='par_1_65' title="bbox 2227 1799 3797 1873">
     <span class='ocr_line' id='line_1_65' title="bbox 2227 1799 3797 1873; baseline -0.003 -14"><span class='ocrx_word' id='word_1_479' title='bbox 2227 1801 2492 1871; x_wconf 88' lang='lat' dir='ltr'><strong>Spiritum</strong></span> <span class='ocrx_word' id='word_1_480' title='bbox 2522 1801 2736 1873; x_wconf 88' lang='lat' dir='ltr'><strong>perinde</strong></span> <span class='ocrx_word' id='word_1_481' title='bbox 2764 1818 2826 1857; x_wconf 91' lang='lat' dir='ltr'><strong>ac</strong></span> <span class='ocrx_word' id='word_1_482' title='bbox 2868 1800 3079 1856; x_wconf 87' lang='lat' dir='ltr'><strong>Patrem</strong></span> <span class='ocrx_word' id='word_1_483' title='bbox 3099 1812 3147 1856; x_wconf 85' lang='lat' dir='ltr'><strong>et</strong></span> <span class='ocrx_word' id='word_1_484' title='bbox 3179 1799 3379 1856; x_wconf 85' lang='lat' dir='ltr'><strong>Filium</strong></span> <span class='ocrx_word' id='word_1_485' title='bbox 3419 1816 3673 1873; x_wconf 81' lang='lat' dir='ltr'><strong>arguere;</strong></span> <span class='ocrx_word' id='word_1_486' title='bbox 3712 1799 3797 1854; x_wconf 80' lang='lat' dir='ltr'><strong>im-</strong></span> 
     </span>
    </p>
   </div>
   <div class='ocr_carea' id='block_1_66' title="bbox 2298 1893 3800 1969">
    <p class='ocr_par' dir='ltr' id='par_1_66' title="bbox 2298 1893 3800 1969">
     <span class='ocr_line' id='line_1_66' title="bbox 2298 1893 3800 1969; baseline -0.002 -20"><span class='ocrx_word' id='word_1_487' title='bbox 2298 1911 2381 1950; x_wconf 88' lang='lat' dir='ltr'><strong>mo</strong></span> <span class='ocrx_word' id='word_1_488' title='bbox 2412 1910 2533 1949; x_wconf 83' lang='lat' dir='ltr'><strong>vero</strong></span> <span class='ocrx_word' id='word_1_489' title='bbox 2552 1894 2799 1969; x_wconf 83' lang='lat' dir='ltr'><strong>judicare</strong></span> <span class='ocrx_word' id='word_1_490' title='bbox 2823 1910 2927 1949; x_wconf 88' lang='lat' dir='ltr'><strong>non</strong></span> <span class='ocrx_word' id='word_1_491' title='bbox 2956 1910 3109 1967; x_wconf 82' lang='lat' dir='ltr'><strong>posse</strong></span> <span class='ocrx_word' id='word_1_492' title='bbox 3125 1895 3336 1965; x_wconf 82' lang='lat' dir='ltr'><strong>judires</strong></span> <span class='ocrx_word' id='word_1_493' title='bbox 3363 1893 3559 1965; x_wconf 87' lang='lat' dir='ltr'><strong>absque</strong></span> <span class='ocrx_word' id='word_1_494' title='bbox 3587 1895 3723 1965; x_wconf 88' lang='lat' dir='ltr'><strong>ipso,</strong></span> <span class='ocrx_word' id='word_1_495' title='bbox 3751 1900 3800 1947; x_wconf 80' lang='lat' dir='ltr'><strong>ut</strong></span> 
     </span>
    </p>
   </div>
   <div class='ocr_carea' id='block_1_67' title="bbox 2299 1984 3797 2058">
    <p class='ocr_par' dir='ltr' id='par_1_67' title="bbox 2299 1984 3797 2058">
     <span class='ocr_line' id='line_1_67' title="bbox 2299 1984 3797 2058; baseline -0.003 -16"><span class='ocrx_word' id='word_1_496' title='bbox 2299 1986 2600 2042; x_wconf 88' lang='lat' dir='ltr'><strong>Salomonis</strong></span> <span class='ocrx_word' id='word_1_497' title='bbox 2620 1984 2961 2058; x_wconf 86' lang='lat' dir='ltr'><strong>Danielisque</strong></span> <span class='ocrx_word' id='word_1_498' title='bbox 2979 1987 3198 2056; x_wconf 86' lang='lat' dir='ltr'><strong>judiciis</strong></span> <span class='ocrx_word' id='word_1_499' title='bbox 3222 2028 3239 2054; x_wconf 95' lang='lat'><strong>,</strong></span> <span class='ocrx_word' id='word_1_500' title='bbox 3286 2002 3403 2056; x_wconf 70' lang='lat' dir='ltr'><strong>qum</strong></span> <span class='ocrx_word' id='word_1_501' title='bbox 3433 1986 3598 2040; x_wconf 86' lang='lat' dir='ltr'><strong>obiter</strong></span> <span class='ocrx_word' id='word_1_502' title='bbox 3639 1984 3797 2055; x_wconf 84' lang='lat' dir='ltr'><strong>paucis</strong></span> 
     </span>
    </p>
   </div>
   <div class='ocr_carea' id='block_1_68' title="bbox 2295 2076 3793 2151">
    <p class='ocr_par' dir='ltr' id='par_1_68' title="bbox 2295 2076 3793 2151">
     <span class='ocr_line' id='line_1_68' title="bbox 2295 2076 3793 2151; baseline -0.003 -16"><span class='ocrx_word' id='word_1_503' title='bbox 2295 2079 2644 2151; x_wconf 71' lang='lat' dir='ltr'><strong>explicantur,</strong></span> <span class='ocrx_word' id='word_1_504' title='bbox 2677 2080 3008 2146; x_wconf 86' lang='lat' dir='ltr'><strong>ostenditur;</strong></span> <span class='ocrx_word' id='word_1_505' title='bbox 3062 2095 3220 2149; x_wconf 83' lang='lat' dir='ltr'><strong>neque</strong></span> <span class='ocrx_word' id='word_1_506' title='bbox 3254 2079 3421 2133; x_wconf 87' lang='lat' dir='ltr'><strong>alium</strong></span> <span class='ocrx_word' id='word_1_507' title='bbox 3445 2076 3650 2132; x_wconf 87' lang='lat' dir='ltr'><strong>Danieli</strong></span> <span class='ocrx_word' id='word_1_508' title='bbox 3670 2076 3793 2147; x_wconf 82' lang='lat' dir='ltr'><strong>aspi-</strong></span> 
     </span>
    </p>
   </div>
   <div class='ocr_carea' id='block_1_69' title="bbox 2295 2163 3212 2243">
    <p class='ocr_par' dir='ltr' id='par_1_69' title="bbox 2295 2163 3212 2243">
     <span class='ocr_line' id='line_1_69' title="bbox 2295 2163 3212 2243; baseline -0.002 -17"><span class='ocrx_word' id='word_1_509' title='bbox 2295 2187 2459 2238; x_wconf 86' lang='lat' dir='ltr'><strong>rasse,</strong></span> <span class='ocrx_word' id='word_1_510' title='bbox 2486 2188 2640 2243; x_wconf 84' lang='lat' dir='ltr'><strong>quam</strong></span> <span class='ocrx_word' id='word_1_511' title='bbox 2667 2170 2926 2242; x_wconf 86' lang='lat' dir='ltr'><strong>Spiritum</strong></span> <span class='ocrx_word' id='word_1_512' title='bbox 2956 2163 3212 2225; x_wconf 62' lang='lat' dir='ltr'><strong>sanctum.</strong></span> 
     </span>
    </p>
   </div>
   <div class='ocr_carea' id='block_1_70' title="bbox 2298 2258 3797 2337">
    <p class='ocr_par' dir='ltr' id='par_1_70' title="bbox 2298 2258 3797 2337">
     <span class='ocr_line' id='line_1_70' title="bbox 2298 2258 3797 2337; baseline -0.004 -17"><span class='ocrx_word' id='word_1_513' title='bbox 2298 2264 2387 2320; x_wconf 82' lang='grc'><strong>55.</strong></span> <span class='ocrx_word' id='word_1_514' title='bbox 2430 2262 2451 2336; x_wconf 91' lang='grc'>[</span> <span class='ocrx_word' id='word_1_515' title='bbox 2476 2264 2618 2319; x_wconf 78' lang='lat' dir='ltr'><strong>Alias</strong></span> <span class='ocrx_word' id='word_1_516' title='bbox 2644 2280 2760 2336; x_wconf 88' lang='lat' dir='ltr'><strong>cap.</strong></span> <span class='ocrx_word' id='word_1_517' title='bbox 2794 2263 2907 2319; x_wconf 81' lang='lat' dir='ltr'><strong>VII.</strong></span> <span class='ocrx_word' id='word_1_518' title='bbox 2934 2263 2953 2337; x_wconf 94' lang='lat'>]</span> <span class='ocrx_word' id='word_1_519' title='bbox 2994 2263 3104 2319; x_wconf 87' lang='lat' dir='ltr'><strong>Cur</strong></span> <span class='ocrx_word' id='word_1_520' title='bbox 3128 2262 3275 2318; x_wconf 81' lang='lat' dir='ltr'><strong>enim</strong></span> <span class='ocrx_word' id='word_1_521' title='bbox 3306 2263 3602 2320; x_wconf 81' lang='lat' dir='ltr'><strong>verborum</strong></span> <span class='ocrx_word' id='word_1_522' title='bbox 3625 2258 3797 2318; x_wconf 57' lang='lat' dir='ltr'><strong>simili-</strong></span> 
     </span>
    </p>
   </div>
   <div class='ocr_carea' id='block_1_71' title="bbox 2226 2356 3794 2427">
    <p class='ocr_par' dir='ltr' id='par_1_71' title="bbox 2226 2356 3794 2427">
     <span class='ocr_line' id='line_1_71' title="bbox 2226 2356 3794 2427; baseline -0.002 -14"><span class='ocrx_word' id='word_1_523' title='bbox 2226 2357 2471 2413; x_wconf 90' lang='lat' dir='ltr'><strong>tudinem</strong></span> <span class='ocrx_word' id='word_1_524' title='bbox 2506 2372 2840 2424; x_wconf 87' lang='lat' dir='ltr'><strong>recusamus,</strong></span> <span class='ocrx_word' id='word_1_525' title='bbox 2878 2358 2969 2414; x_wconf 92' lang='lat' dir='ltr'><strong>ubi</strong></span> <span class='ocrx_word' id='word_1_526' title='bbox 3002 2357 3269 2413; x_wconf 89' lang='lat' dir='ltr'><strong>unitatem</strong></span> <span class='ocrx_word' id='word_1_527' title='bbox 3298 2358 3591 2427; x_wconf 87' lang='lat' dir='ltr'><strong>potestatis</strong></span> <span class='ocrx_word' id='word_1_528' title='bbox 3617 2356 3794 2412; x_wconf 88' lang='lat' dir='ltr'><strong>asseri-</strong></span> 
     </span>
    </p>
   </div>
   <div class='ocr_carea' id='block_1_72' title="bbox 2226 2449 3799 2521">
    <p class='ocr_par' dir='ltr' id='par_1_72' title="bbox 2226 2449 3799 2521">
     <span class='ocr_line' id='line_1_72' title="bbox 2226 2449 3799 2521; baseline -0.002 -15"><span class='ocrx_word' id='word_1_529' title='bbox 2226 2465 2376 2515; x_wconf 87' lang='lat' dir='ltr'><strong>mus;</strong></span> <span class='ocrx_word' id='word_1_530' title='bbox 2405 2464 2527 2505; x_wconf 89' lang='lat' dir='ltr'><strong>cum</strong></span> <span class='ocrx_word' id='word_1_531' title='bbox 2556 2464 2797 2521; x_wconf 88' lang='lat' dir='ltr'><strong>eousque</strong></span> <span class='ocrx_word' id='word_1_532' title='bbox 2820 2451 3013 2505; x_wconf 82' lang='lat' dir='ltr'><strong>unitas&#39;</strong></span> <span class='ocrx_word' id='word_1_533' title='bbox 3033 2449 3322 2520; x_wconf 68' lang='lat' dir='ltr'><strong>pote-atatis</strong></span> <span class='ocrx_word' id='word_1_534' title='bbox 3348 2451 3441 2515; x_wconf 91' lang='lat' dir='ltr'><strong>sit,</strong></span> <span class='ocrx_word' id='word_1_535' title='bbox 3473 2459 3532 2506; x_wconf 90' lang='lat' dir='ltr'><strong>ut</strong></span> <span class='ocrx_word' id='word_1_536' title='bbox 3556 2459 3611 2507; x_wconf 89' lang='lat' dir='ltr'><strong>et</strong></span> <span class='ocrx_word' id='word_1_537' title='bbox 3633 2456 3799 2520; x_wconf 82' lang='lat' dir='ltr'><strong>arguat</strong></span> 
     </span>
    </p>
   </div>
   <div class='ocr_carea' id='block_1_73' title="bbox 2224 2541 3795 2614">
    <p class='ocr_par' dir='ltr' id='par_1_73' title="bbox 2224 2541 3795 2614">
     <span class='ocr_line' id='line_1_73' title="bbox 2224 2541 3795 2614; baseline -0.001 -16"><span class='ocrx_word' id='word_1_538' title='bbox 2224 2541 2480 2613; x_wconf 89' lang='lat' dir='ltr'><strong>Spiritus,</strong></span> <span class='ocrx_word' id='word_1_539' title='bbox 2510 2542 2652 2597; x_wconf 87' lang='lat' dir='ltr'><strong>sicut</strong></span> <span class='ocrx_word' id='word_1_540' title='bbox 2672 2542 2856 2613; x_wconf 87' lang='lat' dir='ltr'><strong>arguit</strong></span> <span class='ocrx_word' id='word_1_541' title='bbox 2895 2542 3095 2611; x_wconf 89' lang='lat' dir='ltr'><strong>Pater,</strong></span> <span class='ocrx_word' id='word_1_542' title='bbox 3157 2550 3213 2598; x_wconf 90' lang='lat' dir='ltr'><strong>et</strong></span> <span class='ocrx_word' id='word_1_543' title='bbox 3258 2543 3443 2614; x_wconf 86' lang='lat' dir='ltr'><strong>arguit</strong></span> <span class='ocrx_word' id='word_1_544' title='bbox 3480 2542 3684 2599; x_wconf 80' lang='lat' dir='ltr'><strong>Filius?</strong></span> <span class='ocrx_word' id='word_1_545' title='bbox 3719 2541 3795 2598; x_wconf 90' lang='lat' dir='ltr'><strong>Sic</strong></span> 
     </span>
    </p>
   </div>
   <div class='ocr_carea' id='block_1_74' title="bbox 2223 2634 3794 2707">
    <p class='ocr_par' dir='ltr' id='par_1_74' title="bbox 2223 2634 3794 2707">
     <span class='ocr_line' id='line_1_74' title="bbox 2223 2634 3794 2707; baseline -0.001 -18"><span class='ocrx_word' id='word_1_546' title='bbox 2223 2635 2372 2690; x_wconf 90' lang='lat' dir='ltr'><strong>enim</strong></span> <span class='ocrx_word' id='word_1_547' title='bbox 2402 2635 2663 2706; x_wconf 92' lang='lat' dir='ltr'><strong>scriptum</strong></span> <span class='ocrx_word' id='word_1_548' title='bbox 2692 2645 2817 2690; x_wconf 92' lang='lat' dir='ltr'><strong>est:</strong></span> <span class='ocrx_word' id='word_1_549' title='bbox 2857 2634 3101 2703; x_wconf 88' lang='lat' dir='ltr'><strong>Domine,</strong></span> <span class='ocrx_word' id='word_1_550' title='bbox 3142 2651 3203 2689; x_wconf 87' lang='lat' dir='ltr'><strong>ne</strong></span> <span class='ocrx_word' id='word_1_551' title='bbox 3221 2636 3303 2689; x_wconf 89' lang='lat' dir='ltr'><strong>ira</strong></span> <span class='ocrx_word' id='word_1_552' title='bbox 3358 2645 3450 2690; x_wconf 85' lang='lat' dir='ltr'><strong>tua</strong></span> <span class='ocrx_word' id='word_1_553' title='bbox 3500 2651 3679 2707; x_wconf 81' lang='lat' dir='ltr'><strong>arguas</strong></span> <span class='ocrx_word' id='word_1_554' title='bbox 3700 2648 3794 2697; x_wconf 81' lang='lat' dir='ltr'><strong>me,</strong></span> 
     </span>
    </p>
   </div>
   <div class='ocr_carea' id='block_1_75' title="bbox 2223 2725 3793 2801">
    <p class='ocr_par' dir='ltr' id='par_1_75' title="bbox 2223 2725 3793 2801">
     <span class='ocr_line' id='line_1_75' title="bbox 2223 2725 3793 2801; baseline -0.001 -20"><span class='ocrx_word' id='word_1_555' title='bbox 2223 2745 2384 2798; x_wconf 87' lang='lat' dir='ltr'><strong>neque</strong></span> <span class='ocrx_word' id='word_1_556' title='bbox 2397 2730 2450 2784; x_wconf 89' lang='lat' dir='ltr'><strong>in</strong></span> <span class='ocrx_word' id='word_1_557' title='bbox 2462 2732 2634 2796; x_wconf 78' lang='lat' dir='ltr'><strong>furore</strong></span> <span class='ocrx_word' id='word_1_558' title='bbox 2660 2738 2748 2784; x_wconf 89' lang='lat' dir='ltr'><strong>tuo</strong></span> <span class='ocrx_word' id='word_1_559' title='bbox 2779 2729 3032 2801; x_wconf 82' lang='lat' dir='ltr'><strong>corripias</strong></span> <span class='ocrx_word' id='word_1_560' title='bbox 3061 2745 3139 2783; x_wconf 87' lang='lat' dir='ltr'><strong>me</strong></span> <span class='ocrx_word' id='word_1_561' title='bbox 3165 2726 3397 2801; x_wconf 85' lang='lat' dir='ltr'><strong>(Psalm.</strong></span> <span class='ocrx_word' id='word_1_562' title='bbox 3416 2745 3494 2796; x_wconf 82' lang='grc' dir='ltr'><strong>νι,</strong></span> <span class='ocrx_word' id='word_1_563' title='bbox 3516 2728 3593 2798; x_wconf 77' lang='grc'><strong>1).</strong></span> <span class='ocrx_word' id='word_1_564' title='bbox 3611 2725 3793 2783; x_wconf 88' lang='lat' dir='ltr'><strong>Deinde</strong></span> 
     </span>
    </p>
   </div>
   <div class='ocr_carea' id='block_1_76' title="bbox 2226 2820 3791 2894">
    <p class='ocr_par' dir='ltr' id='par_1_76' title="bbox 2226 2820 3791 2894">
     <span class='ocr_line' id='line_1_76' title="bbox 2226 2820 3791 2894; baseline -0.003 -17"><span class='ocrx_word' id='word_1_565' title='bbox 2226 2823 2280 2877; x_wconf 92' lang='lat' dir='ltr'><strong>in</strong></span> <span class='ocrx_word' id='word_1_566' title='bbox 2309 2822 2729 2894; x_wconf 86' lang='lat' dir='ltr'><strong>quadragesimo</strong></span> <span class='ocrx_word' id='word_1_567' title='bbox 2760 2837 2902 2878; x_wconf 90' lang='lat' dir='ltr'><strong>nouo</strong></span> <span class='ocrx_word' id='word_1_568' title='bbox 2934 2822 3150 2892; x_wconf 84' lang='lat' dir='ltr'><strong>psalmo</strong></span> <span class='ocrx_word' id='word_1_569' title='bbox 3182 2820 3265 2877; x_wconf 89' lang='lat' dir='ltr'><strong>sic</strong></span> <span class='ocrx_word' id='word_1_570' title='bbox 3311 2821 3453 2877; x_wconf 89' lang='lat' dir='ltr'><strong>dicit</strong></span> <span class='ocrx_word' id='word_1_571' title='bbox 3491 2821 3738 2878; x_wconf 90' lang='lat' dir='ltr'><strong>Dominus</strong></span> <span class='ocrx_word' id='word_1_572' title='bbox 3780 2834 3791 2871; x_wconf 91' lang='lat'><strong>:</strong></span> 
     </span>
    </p>
   </div>
   <div class='ocr_carea' id='block_1_77' title="bbox 2226 2914 3794 2986">
    <p class='ocr_par' dir='ltr' id='par_1_77' title="bbox 2226 2914 3794 2986">
     <span class='ocr_line' id='line_1_77' title="bbox 2226 2914 3794 2986; baseline -0.002 -18"><span class='ocrx_word' id='word_1_573' title='bbox 2226 2914 2459 2986; x_wconf 82' lang='lat' dir='ltr'><strong>Arguam</strong></span> <span class='ocrx_word' id='word_1_574' title='bbox 2502 2925 2580 2982; x_wconf 90' lang='lat' dir='ltr'><strong>te,</strong></span> <span class='ocrx_word' id='word_1_575' title='bbox 2630 2924 2681 2971; x_wconf 91' lang='lat' dir='ltr'><strong>et</strong></span> <span class='ocrx_word' id='word_1_576' title='bbox 2735 2923 2959 2970; x_wconf 87' lang='lat' dir='ltr'><strong>statuam</strong></span> <span class='ocrx_word' id='word_1_577' title='bbox 3013 2924 3132 2969; x_wconf 89' lang='lat' dir='ltr'><strong>ante</strong></span> <span class='ocrx_word' id='word_1_578' title='bbox 3179 2915 3370 2986; x_wconf 79' lang='lat' dir='ltr'><strong>[aciem</strong></span> <span class='ocrx_word' id='word_1_579' title='bbox 3420 2923 3566 2968; x_wconf 88' lang='lat' dir='ltr'><strong>tuam</strong></span> <span class='ocrx_word' id='word_1_580' title='bbox 3610 2920 3794 2985; x_wconf 85' lang='lat' dir='ltr'><strong>peccata</strong></span> 
     </span>
    </p>
   </div>
   <div class='ocr_carea' id='block_1_78' title="bbox 2223 3006 3794 3080">
    <p class='ocr_par' dir='ltr' id='par_1_78' title="bbox 2223 3006 3794 3080">
     <span class='ocr_line' id='line_1_78' title="bbox 2223 3006 3794 3080; baseline -0.001 -20"><span class='ocrx_word' id='word_1_581' title='bbox 2223 3015 2312 3063; x_wconf 90' lang='lat' dir='ltr'><strong>tua</strong></span> <span class='ocrx_word' id='word_1_582' title='bbox 2337 3006 2524 3080; x_wconf 86' lang='lat' dir='ltr'><strong>(Psal.</strong></span> <span class='ocrx_word' id='word_1_583' title='bbox 2554 3023 2703 3075; x_wconf 73' lang='grc' dir='ltr'><strong>ηις,</strong></span> <span class='ocrx_word' id='word_1_584' title='bbox 2736 3006 2883 3079; x_wconf 73' lang='lat'><strong>21);</strong></span> <span class='ocrx_word' id='word_1_585' title='bbox 2939 3009 3014 3063; x_wconf 86' lang='lat' dir='ltr'><strong>ita</strong></span> <span class='ocrx_word' id='word_1_586' title='bbox 3064 3008 3233 3063; x_wconf 89' lang='lat' dir='ltr'><strong>etiam</strong></span> <span class='ocrx_word' id='word_1_587' title='bbox 3263 3006 3333 3062; x_wconf 89' lang='lat' dir='ltr'><strong>de</strong></span> <span class='ocrx_word' id='word_1_588' title='bbox 3377 3007 3591 3078; x_wconf 90' lang='lat' dir='ltr'><strong>Spiritu</strong></span> <span class='ocrx_word' id='word_1_589' title='bbox 3629 3011 3794 3061; x_wconf 80' lang='lat' dir='ltr'><strong>sancto</strong></span> 
     </span>
    </p>
   </div>
   <div class='ocr_carea' id='block_1_79' title="bbox 2224 3096 3792 3173">
    <p class='ocr_par' dir='ltr' id='par_1_79' title="bbox 2224 3096 3792 3173">
     <span class='ocr_line' id='line_1_79' title="bbox 2224 3096 3792 3173; baseline -0.004 -17"><span class='ocrx_word' id='word_1_590' title='bbox 2224 3100 2398 3157; x_wconf 88' lang='lat' dir='ltr'><strong>Filius</strong></span> <span class='ocrx_word' id='word_1_591' title='bbox 2420 3101 2562 3157; x_wconf 83' lang='lat' dir='ltr'><strong>dixit</strong></span> <span class='ocrx_word' id='word_1_592' title='bbox 2587 3120 2599 3154; x_wconf 90' lang='lat'><strong>:</strong></span> <span class='ocrx_word' id='word_1_593' title='bbox 2633 3100 2761 3157; x_wconf 86' lang='lat' dir='ltr'><strong>Cum</strong></span> <span class='ocrx_word' id='word_1_594' title='bbox 2782 3110 2955 3156; x_wconf 88' lang='lat' dir='ltr'><strong>autem</strong></span> <span class='ocrx_word' id='word_1_595' title='bbox 2980 3101 3175 3165; x_wconf 86' lang='lat' dir='ltr'><strong>abiero,</strong></span> <span class='ocrx_word' id='word_1_596' title='bbox 3197 3102 3401 3155; x_wconf 87' lang='lat' dir='ltr'><strong>mittam</strong></span> <span class='ocrx_word' id='word_1_597' title='bbox 3421 3100 3720 3173; x_wconf 82' lang='lat' dir='ltr'><strong>paraclitum</strong></span> <span class='ocrx_word' id='word_1_598' title='bbox 3736 3096 3792 3152; x_wconf 84' lang='lat' dir='ltr'><strong>ad</strong></span> 
     </span>
    </p>
   </div>
   <div class='ocr_carea' id='block_1_80' title="bbox 2225 3188 3792 3266">
    <p class='ocr_par' dir='ltr' id='par_1_80' title="bbox 2225 3188 3792 3266">
     <span class='ocr_line' id='line_1_80' title="bbox 2225 3188 3792 3266; baseline -0.006 -17"><span class='ocrx_word' id='word_1_599' title='bbox 2225 3210 2313 3250; x_wconf 81' lang='lat' dir='ltr'><strong>vos</strong></span> <span class='ocrx_word' id='word_1_600' title='bbox 2336 3211 2355 3249; x_wconf 92' lang='lat'><strong><em>:</em></strong></span> <span class='ocrx_word' id='word_1_601' title='bbox 2396 3205 2447 3250; x_wconf 89' lang='lat' dir='ltr'><strong>et</strong></span> <span class='ocrx_word' id='word_1_602' title='bbox 2472 3195 2562 3250; x_wconf 91' lang='lat' dir='ltr'><strong>ille</strong></span> <span class='ocrx_word' id='word_1_603' title='bbox 2592 3195 2797 3250; x_wconf 75' lang='lat' dir='ltr'><strong>veniens</strong></span> <span class='ocrx_word' id='word_1_604' title='bbox 2824 3202 3001 3266; x_wconf 87' lang='lat' dir='ltr'><strong>arguet</strong></span> <span class='ocrx_word' id='word_1_605' title='bbox 3032 3192 3282 3248; x_wconf 87' lang='lat' dir='ltr'><strong>mundum</strong></span> <span class='ocrx_word' id='word_1_606' title='bbox 3311 3192 3376 3248; x_wconf 89' lang='lat' dir='ltr'><strong>de</strong></span> <span class='ocrx_word' id='word_1_607' title='bbox 3428 3201 3655 3264; x_wconf 84' lang='lat' dir='ltr'><strong>peccato,</strong></span> <span class='ocrx_word' id='word_1_608' title='bbox 3681 3188 3792 3246; x_wconf 85' lang='lat' dir='ltr'><strong>etde</strong></span> 
     </span>
    </p>
   </div>
   <div class='ocr_carea' id='block_1_81' title="bbox 2214 3284 3712 3360">
    <p class='ocr_par' dir='ltr' id='par_1_81' title="bbox 2214 3284 3712 3360">
     <span class='ocr_line' id='line_1_81' title="bbox 2214 3284 3712 3360; baseline 0 -20"><span class='ocrx_word' id='word_1_609' title='bbox 2214 3286 2448 3359; x_wconf 87' lang='lat' dir='ltr'><strong>justitia,</strong></span> <span class='ocrx_word' id='word_1_610' title='bbox 2480 3297 2528 3341; x_wconf 82' lang='lat' dir='ltr'><strong>et</strong></span> <span class='ocrx_word' id='word_1_611' title='bbox 2549 3286 2613 3342; x_wconf 88' lang='lat' dir='ltr'><strong>de</strong></span> <span class='ocrx_word' id='word_1_612' title='bbox 2632 3286 2838 3360; x_wconf 86' lang='lat' dir='ltr'><strong>judicio</strong></span> <span class='ocrx_word' id='word_1_613' title='bbox 2865 3284 3068 3357; x_wconf 75' lang='lat' dir='ltr'><strong>(locu.</strong></span> <span class='ocrx_word' id='word_1_614' title='bbox 3101 3301 3213 3352; x_wconf 73' lang='lat' dir='ltr'><strong>xw,</strong></span> <span class='ocrx_word' id='word_1_615' title='bbox 3241 3285 3297 3351; x_wconf 81' lang='lat'><strong>7,</strong></span> <span class='ocrx_word' id='word_1_616' title='bbox 3331 3284 3435 3358; x_wconf 84' lang='lat'><strong>8).</strong></span> <span class='ocrx_word' id='word_1_617' title='bbox 3708 3297 3712 3300; x_wconf 75' lang='lat'><strong><em>‘</em></strong></span> 
     </span>
    </p>
   </div>
   <div class='ocr_carea' id='block_1_82' title="bbox 2293 3375 3790 3453">
    <p class='ocr_par' dir='ltr' id='par_1_82' title="bbox 2293 3375 3790 3453">
     <span class='ocr_line' id='line_1_82' title="bbox 2293 3375 3790 3453; baseline -0.005 -16"><span class='ocrx_word' id='word_1_618' title='bbox 2293 3381 2386 3437; x_wconf 90' lang='grc'><strong>56.</strong></span> <span class='ocrx_word' id='word_1_619' title='bbox 2427 3382 2538 3438; x_wconf 89' lang='lat' dir='ltr'><strong>Sed</strong></span> <span class='ocrx_word' id='word_1_620' title='bbox 2588 3397 2699 3453; x_wconf 92' lang='lat' dir='ltr'><strong>quo</strong></span> <span class='ocrx_word' id='word_1_621' title='bbox 2742 3396 2842 3438; x_wconf 91' lang='lat' dir='ltr'><strong>nos</strong></span> <span class='ocrx_word' id='word_1_622' title='bbox 2887 3381 3223 3453; x_wconf 90' lang='lat' dir='ltr'><strong>perﬁdorum</strong></span> <span class='ocrx_word' id='word_1_623' title='bbox 3274 3380 3563 3437; x_wconf 86' lang='lat' dir='ltr'><strong>hominum</strong></span> <span class='ocrx_word' id='word_1_624' title='bbox 3601 3375 3790 3435; x_wconf 81' lang='lat' dir='ltr'><strong>deducit</strong></span> 
     </span>
    </p>
   </div>
   <div class='ocr_carea' id='block_1_83' title="bbox 2223 3471 3788 3545">
    <p class='ocr_par' dir='ltr' id='par_1_83' title="bbox 2223 3471 3788 3545">
     <span class='ocr_line' id='line_1_83' title="bbox 2223 3471 3788 3545; baseline -0.005 -15"><span class='ocrx_word' id='word_1_625' title='bbox 2223 3475 2485 3540; x_wconf 88' lang='lat' dir='ltr'><strong>amentia,</strong></span> <span class='ocrx_word' id='word_1_626' title='bbox 2515 3473 2544 3513; x_wconf 75' lang='grc' dir='ltr'><strong>ι)</strong></span> <span class='ocrx_word' id='word_1_627' title='bbox 2578 3484 2636 3529; x_wconf 91' lang='lat' dir='ltr'><strong>ut</strong></span> <span class='ocrx_word' id='word_1_628' title='bbox 2660 3475 2815 3545; x_wconf 88' lang='lat' dir='ltr'><strong>quasi</strong></span> <span class='ocrx_word' id='word_1_629' title='bbox 2841 3474 2909 3530; x_wconf 89' lang='lat' dir='ltr'><strong>de</strong></span> <span class='ocrx_word' id='word_1_630' title='bbox 2938 3472 3193 3545; x_wconf 87' lang='lat' dir='ltr'><strong>ambiguo</strong></span> <span class='ocrx_word' id='word_1_631' title='bbox 3220 3471 3363 3542; x_wconf 89' lang='lat' dir='ltr'><strong>quod</strong></span> <span class='ocrx_word' id='word_1_632' title='bbox 3397 3473 3632 3544; x_wconf 90' lang='lat' dir='ltr'><strong>Spiritus</strong></span> <span class='ocrx_word' id='word_1_633' title='bbox 3677 3484 3788 3526; x_wconf 82' lang='lat' dir='ltr'><strong>san-</strong></span> 
     </span>
    </p>
   </div>
   <div class='ocr_carea' id='block_1_84' title="bbox 2223 3561 3790 3639">
    <p class='ocr_par' dir='ltr' id='par_1_84' title="bbox 2223 3561 3790 3639">
     <span class='ocr_line' id='line_1_84' title="bbox 2223 3561 3790 3639; baseline -0.006 -15"><span class='ocrx_word' id='word_1_634' title='bbox 2223 3576 2345 3625; x_wconf 89' lang='lat' dir='ltr'><strong>ctus</strong></span> <span class='ocrx_word' id='word_1_635' title='bbox 2375 3575 2587 3639; x_wconf 87' lang='lat' dir='ltr'><strong>arguat,</strong></span> <span class='ocrx_word' id='word_1_636' title='bbox 2619 3566 2782 3639; x_wconf 71' lang='grc'><strong>672</strong></span> <span class='ocrx_word' id='word_1_637' title='bbox 2811 3565 3095 3622; x_wconf 84' lang='lat' dir='ltr'><strong>videamur</strong></span> <span class='ocrx_word' id='word_1_638' title='bbox 3124 3573 3407 3631; x_wconf 87' lang='lat' dir='ltr'><strong>astruere;</strong></span> <span class='ocrx_word' id='word_1_639' title='bbox 3466 3579 3588 3621; x_wconf 88' lang='lat' dir='ltr'><strong>cum</strong></span> <span class='ocrx_word' id='word_1_640' title='bbox 3604 3561 3790 3634; x_wconf 78' lang='lat' dir='ltr'><strong>judices</strong></span> 
     </span>
    </p>
   </div>
   <div class='ocr_carea' id='block_1_85' title="bbox 2223 3652 3792 3731">
    <p class='ocr_par' dir='ltr' id='par_1_85' title="bbox 2223 3652 3792 3731">
     <span class='ocr_line' id='line_1_85' title="bbox 2223 3652 3792 3731; baseline -0.008 -15"><span class='ocrx_word' id='word_1_641' title='bbox 2223 3660 2329 3731; x_wconf 88' lang='lat' dir='ltr'><strong>ipsi</strong></span> <span class='ocrx_word' id='word_1_642' title='bbox 2355 3675 2462 3715; x_wconf 92' lang='lat' dir='ltr'><strong>non</strong></span> <span class='ocrx_word' id='word_1_643' title='bbox 2487 3668 2690 3730; x_wconf 85' lang='lat' dir='ltr'><strong>queant</strong></span> <span class='ocrx_word' id='word_1_644' title='bbox 2713 3658 2820 3713; x_wconf 91' lang='lat' dir='ltr'><strong>nisi</strong></span> <span class='ocrx_word' id='word_1_645' title='bbox 2843 3673 2941 3730; x_wconf 91' lang='lat' dir='ltr'><strong>per</strong></span> <span class='ocrx_word' id='word_1_646' title='bbox 2971 3658 3234 3727; x_wconf 87' lang='lat' dir='ltr'><strong>Spiritum</strong></span> <span class='ocrx_word' id='word_1_647' title='bbox 3259 3655 3550 3727; x_wconf 84' lang='lat' dir='ltr'><strong>judicare?</strong></span> <span class='ocrx_word' id='word_1_648' title='bbox 3576 3652 3792 3722; x_wconf 88' lang='lat' dir='ltr'><strong>Denique</strong></span> 
     </span>
    </p>
   </div>
   <div class='ocr_carea' id='block_1_86' title="bbox 2223 3743 3785 3819">
    <p class='ocr_par' dir='ltr' id='par_1_86' title="bbox 2223 3743 3785 3819">
     <span class='ocr_line' id='line_1_86' title="bbox 2223 3743 3785 3819; baseline -0.008 -12"><span class='ocrx_word' id='word_1_649' title='bbox 2223 3750 2409 3807; x_wconf 88' lang='lat' dir='ltr'><strong>nobile</strong></span> <span class='ocrx_word' id='word_1_650' title='bbox 2460 3749 2592 3804; x_wconf 90' lang='lat' dir='ltr'><strong>illud</strong></span> <span class='ocrx_word' id='word_1_651' title='bbox 2632 3749 2939 3805; x_wconf 89' lang='lat' dir='ltr'><strong>Salomonis</strong></span> <span class='ocrx_word' id='word_1_652' title='bbox 2981 3748 3276 3819; x_wconf 89' lang='lat' dir='ltr'><strong>judicium,</strong></span> <span class='ocrx_word' id='word_1_653' title='bbox 3303 3749 3453 3819; x_wconf 90' lang='lat' dir='ltr'><strong>quod</strong></span> <span class='ocrx_word' id='word_1_654' title='bbox 3484 3749 3623 3803; x_wconf 90' lang='lat' dir='ltr'><strong>inter</strong></span> <span class='ocrx_word' id='word_1_655' title='bbox 3645 3743 3785 3801; x_wconf 90' lang='lat' dir='ltr'><strong>dubia</strong></span> 
     </span>
    </p>
   </div>
   <div class='ocr_carea' id='block_1_87' title="bbox 2223 3836 3785 3913">
    <p class='ocr_par' dir='ltr' id='par_1_87' title="bbox 2223 3836 3785 3913">
     <span class='ocr_line' id='line_1_87' title="bbox 2223 3836 3785 3913; baseline -0.007 -11"><span class='ocrx_word' id='word_1_656' title='bbox 2223 3845 2587 3913; x_wconf 87' lang='lat' dir='ltr'><strong>certantium;</strong></span> <span class='ocrx_word' id='word_1_657' title='bbox 2620 3859 2746 3900; x_wconf 91' lang='lat' dir='ltr'><strong>cum</strong></span> <span class='ocrx_word' id='word_1_658' title='bbox 2776 3859 2903 3912; x_wconf 91' lang='lat' dir='ltr'><strong>una,</strong></span> <span class='ocrx_word' id='word_1_659' title='bbox 2928 3857 3195 3913; x_wconf 88' lang='lat' dir='ltr'><strong>oppresso</strong></span> <span class='ocrx_word' id='word_1_660' title='bbox 3231 3841 3485 3912; x_wconf 76' lang='lat' dir='ltr'><strong>parvulo,</strong></span> <span class='ocrx_word' id='word_1_661' title='bbox 3514 3855 3665 3912; x_wconf 88' lang='lat' dir='ltr'><strong>quem</strong></span> <span class='ocrx_word' id='word_1_662' title='bbox 3686 3836 3785 3908; x_wconf 78' lang='lat' dir='ltr'><strong>ipsa</strong></span> 
     </span>
    </p>
   </div>
   <div class='ocr_carea' id='block_1_88' title="bbox 2216 3935 3785 4003">
    <p class='ocr_par' dir='ltr' id='par_1_88' title="bbox 2216 3935 3785 4003">
     <span class='ocr_line' id='line_1_88' title="bbox 2216 3935 3785 4003; baseline -0.003 -15"><span class='ocrx_word' id='word_1_663' title='bbox 2216 3949 2539 4003; x_wconf 71' lang='lat' dir='ltr'><strong>susceperat</strong></span> <span class='ocrx_word' id='word_1_664' title='bbox 2557 3979 2574 3999; x_wconf 90' lang='lat'><strong>,</strong></span> <span class='ocrx_word' id='word_1_665' title='bbox 2591 3937 2869 3990; x_wconf 77' lang='lat' dir='ltr'><strong>vindicare</strong></span> <span class='ocrx_word' id='word_1_666' title='bbox 2898 3937 3000 3990; x_wconf 84' lang='lat' dir='ltr'><strong>sibi</strong></span> <span class='ocrx_word' id='word_1_667' title='bbox 3023 3935 3190 3991; x_wconf 85' lang='lat' dir='ltr'><strong>vellet</strong></span> <span class='ocrx_word' id='word_1_668' title='bbox 3203 3935 3470 4001; x_wconf 88' lang='lat' dir='ltr'><strong>alienum,</strong></span> <span class='ocrx_word' id='word_1_669' title='bbox 3493 3935 3657 3990; x_wconf 84' lang='lat' dir='ltr'><strong>altera</strong></span> <span class='ocrx_word' id='word_1_670' title='bbox 3680 3942 3785 4001; x_wconf 81' lang='lat' dir='ltr'><strong>pro-</strong></span> 
     </span>
    </p>
   </div>
   <div class='ocr_carea' id='block_1_89' title="bbox 2225 4020 3786 4097">
    <p class='ocr_par' dir='ltr' id='par_1_89' title="bbox 2225 4020 3786 4097">
     <span class='ocr_line' id='line_1_89' title="bbox 2225 4020 3786 4097; baseline -0.001 -18"><span class='ocrx_word' id='word_1_671' title='bbox 2225 4024 2403 4095; x_wconf 90' lang='lat' dir='ltr'><strong>prium</strong></span> <span class='ocrx_word' id='word_1_672' title='bbox 2433 4024 2601 4079; x_wconf 90' lang='lat' dir='ltr'><strong>ﬁlium</strong></span> <span class='ocrx_word' id='word_1_673' title='bbox 2635 4026 2976 4087; x_wconf 79' lang='lat' dir='ltr'><strong>deiensaret;</strong></span> <span class='ocrx_word' id='word_1_674' title='bbox 3007 4035 3065 4081; x_wconf 89' lang='lat' dir='ltr'><strong>et</strong></span> <span class='ocrx_word' id='word_1_675' title='bbox 3102 4026 3345 4082; x_wconf 82' lang='lat' dir='ltr'><strong>fraudem</strong></span> <span class='ocrx_word' id='word_1_676' title='bbox 3377 4027 3434 4081; x_wconf 91' lang='lat' dir='ltr'><strong>in</strong></span> <span class='ocrx_word' id='word_1_677' title='bbox 3478 4024 3614 4097; x_wconf 83' lang='lat' dir='ltr'><strong>ipsis</strong></span> <span class='ocrx_word' id='word_1_678' title='bbox 3658 4020 3786 4088; x_wconf 75' lang='lat' dir='ltr'><strong>cogi-</strong></span> 
     </span>
    </p>
   </div>
   <div class='ocr_carea' id='block_1_90' title="bbox 2224 4112 3785 4189">
    <p class='ocr_par' dir='ltr' id='par_1_90' title="bbox 2224 4112 3785 4189">
     <span class='ocr_line' id='line_1_90' title="bbox 2224 4112 3785 4189; baseline -0.003 -18"><span class='ocrx_word' id='word_1_679' title='bbox 2224 4117 2518 4172; x_wconf 90' lang='lat' dir='ltr'><strong>tationibus</strong></span> <span class='ocrx_word' id='word_1_680' title='bbox 2549 4118 2802 4184; x_wconf 90' lang='lat' dir='ltr'><strong>occultis,</strong></span> <span class='ocrx_word' id='word_1_681' title='bbox 2832 4128 2889 4175; x_wconf 90' lang='lat' dir='ltr'><strong>et</strong></span> <span class='ocrx_word' id='word_1_682' title='bbox 2918 4118 3174 4189; x_wconf 89' lang='lat' dir='ltr'><strong>pietatem</strong></span> <span class='ocrx_word' id='word_1_683' title='bbox 3208 4119 3261 4174; x_wconf 89' lang='lat' dir='ltr'><strong>in</strong></span> <span class='ocrx_word' id='word_1_684' title='bbox 3301 4119 3564 4176; x_wconf 86' lang='lat' dir='ltr'><strong>maternis</strong></span> <span class='ocrx_word' id='word_1_685' title='bbox 3591 4112 3785 4171; x_wconf 83' lang='lat' dir='ltr'><strong>visceri-</strong></span> 
     </span>
    </p>
   </div>
   <div class='ocr_carea' id='block_1_91' title="bbox 2222 4207 3781 4283">
    <p class='ocr_par' dir='ltr' id='par_1_91' title="bbox 2222 4207 3781 4283">
     <span class='ocr_line' id='line_1_91' title="bbox 2222 4207 3781 4283; baseline 0 -19"><span class='ocrx_word' id='word_1_686' title='bbox 2222 4207 2323 4264; x_wconf 89' lang='lat' dir='ltr'><strong>bus</strong></span> <span class='ocrx_word' id='word_1_687' title='bbox 2349 4209 2711 4279; x_wconf 81' lang='lat' dir='ltr'><strong>deprehendit</strong></span> <span class='ocrx_word' id='word_1_688' title='bbox 2734 4210 2965 4283; x_wconf 88' lang='lat' dir='ltr'><strong>,.utique</strong></span> <span class='ocrx_word' id='word_1_689' title='bbox 2993 4222 3016 4251; x_wconf 72' lang='grc' dir='ltr'><strong>ι</strong></span> <span class='ocrx_word' id='word_1_690' title='bbox 3033 4226 3129 4281; x_wconf 92' lang='lat' dir='ltr'><strong>per</strong></span> <span class='ocrx_word' id='word_1_691' title='bbox 3154 4210 3391 4281; x_wconf 90' lang='lat' dir='ltr'><strong>Spiritus</strong></span> <span class='ocrx_word' id='word_1_692' title='bbox 3418 4211 3589 4268; x_wconf 88' lang='lat' dir='ltr'><strong>sancti</strong></span> <span class='ocrx_word' id='word_1_693' title='bbox 3612 4217 3781 4264; x_wconf 81' lang='lat' dir='ltr'><strong>munus</strong></span> 
     </span>
    </p>
   </div>
   <div class='ocr_carea' id='block_1_92' title="bbox 2219 4302 3781 4377">
    <p class='ocr_par' dir='ltr' id='par_1_92' title="bbox 2219 4302 3781 4377">
     <span class='ocr_line' id='line_1_92' title="bbox 2219 4302 3781 4377; baseline -0.003 -19"><span class='ocrx_word' id='word_1_694' title='bbox 2219 4303 2443 4358; x_wconf 90' lang='lat' dir='ltr'><strong>emicuit</strong></span> <span class='ocrx_word' id='word_1_695' title='bbox 2489 4303 2600 4377; x_wconf 89' lang='lat' dir='ltr'><strong>(Ill</strong></span> <span class='ocrx_word' id='word_1_696' title='bbox 2630 4303 2758 4377; x_wconf 84' lang='lat' dir='ltr'><strong>Reg.</strong></span> <span class='ocrx_word' id='word_1_697' title='bbox 2810 4319 2908 4371; x_wconf 87' lang='lat' dir='ltr'><strong>ut,</strong></span> <span class='ocrx_word' id='word_1_698' title='bbox 2972 4302 3098 4376; x_wconf 76' lang='grc'><strong>16).</strong></span> <span class='ocrx_word' id='word_1_699' title='bbox 3129 4302 3317 4374; x_wconf 85' lang='lat' dir='ltr'><strong>Neque</strong></span> <span class='ocrx_word' id='word_1_700' title='bbox 3364 4303 3513 4360; x_wconf 90' lang='lat' dir='ltr'><strong>enim</strong></span> <span class='ocrx_word' id='word_1_701' title='bbox 3555 4302 3781 4358; x_wconf 83' lang='lat' dir='ltr'><strong>latentem</strong></span> 
     </span>
    </p>
   </div>
   <div class='ocr_carea' id='block_1_93' title="bbox 2219 4385 3780 4468">
    <p class='ocr_par' dir='ltr' id='par_1_93' title="bbox 2219 4385 3780 4468">
     <span class='ocr_line' id='line_1_93' title="bbox 2219 4385 3780 4468; baseline -0.006 -18"><span class='ocrx_word' id='word_1_702' title='bbox 2219 4396 2612 4452; x_wconf 88' lang='lat' dir='ltr'><strong>conscientiam</strong></span> <span class='ocrx_word' id='word_1_703' title='bbox 2639 4396 2966 4452; x_wconf 78' lang='lat' dir='ltr'><strong>feminarum</strong></span> <span class='ocrx_word' id='word_1_704' title='bbox 2994 4396 3098 4451; x_wconf 88' lang='lat' dir='ltr'><strong>alia</strong></span> <span class='ocrx_word' id='word_1_705' title='bbox 3128 4396 3308 4467; x_wconf 90' lang='lat' dir='ltr'><strong>aliqua</strong></span> <span class='ocrx_word' id='word_1_706' title='bbox 3337 4400 3670 4468; x_wconf 86' lang='lat' dir='ltr'><strong>penetrasset</strong></span> <span class='ocrx_word' id='word_1_707' title='bbox 3694 4385 3780 4444; x_wconf 90' lang='lat' dir='ltr'><strong>nisi</strong></span> 
     </span>
    </p>
   </div>
   <div class='ocr_carea' id='block_1_94' title="bbox 523 4479 3782 4566">
    <p class='ocr_par' dir='ltr' id='par_1_94' title="bbox 523 4479 3782 4566">
     <span class='ocr_line' id='line_1_94' title="bbox 523 4479 3782 4566; baseline -0.004 -18"><span class='ocrx_word' id='word_1_708' title='bbox 523 4511 581 4548; x_wconf 86' lang='lat' dir='ltr'><strong>ra</strong></span> <span class='ocrx_word' id='word_1_709' title='bbox 612 4494 903 4564; x_wconf 83' lang='lat' dir='ltr'><strong>digitorum</strong></span> <span class='ocrx_word' id='word_1_710' title='bbox 929 4506 943 4554; x_wconf 91' lang='lat'><strong>;</strong></span> <span class='ocrx_word' id='word_1_711' title='bbox 967 4488 1090 4559; x_wconf 81' lang='lat' dir='ltr'><strong>quia</strong></span> <span class='ocrx_word' id='word_1_712' title='bbox 1115 4502 1271 4557; x_wconf 68' lang='lat' dir='ltr'><strong>aeque</strong></span> <span class='ocrx_word' id='word_1_713' title='bbox 1301 4488 1563 4557; x_wconf 88' lang='lat' dir='ltr'><strong>scriptum</strong></span> <span class='ocrx_word' id='word_1_714' title='bbox 1608 4494 1694 4542; x_wconf 90' lang='lat' dir='ltr'><strong>est</strong></span> <span class='ocrx_word' id='word_1_715' title='bbox 1722 4504 1735 4540; x_wconf 93' lang='lat'><strong>:</strong></span> <span class='ocrx_word' id='word_1_716' title='bbox 1768 4486 2022 4555; x_wconf 84' lang='lat' dir='ltr'><strong>Quoniam</strong></span> <span class='ocrx_word' id='word_1_717' title='bbox 2044 4489 2118 4543; x_wconf 80' lang='lat' dir='ltr'><strong>ri-</strong></span> <span class='ocrx_word' id='word_1_718' title='bbox 2145 4505 2198 4566; x_wconf 72' lang='grc' dir='ltr'>ι)</span> <span class='ocrx_word' id='word_1_719' title='bbox 2223 4487 2460 4558; x_wconf 89' lang='lat' dir='ltr'><strong>Spiritus</strong></span> <span class='ocrx_word' id='word_1_720' title='bbox 2483 4489 2654 4544; x_wconf 90' lang='lat' dir='ltr'><strong>sancti</strong></span> <span class='ocrx_word' id='word_1_721' title='bbox 2686 4487 2980 4556; x_wconf 83' lang='lat' dir='ltr'><strong>machaera,</strong></span> <span class='ocrx_word' id='word_1_722' title='bbox 3013 4488 3082 4544; x_wconf 90' lang='lat' dir='ltr'><strong>de</strong></span> <span class='ocrx_word' id='word_1_723' title='bbox 3131 4504 3236 4559; x_wconf 86' lang='lat' dir='ltr'><strong>qua</strong></span> <span class='ocrx_word' id='word_1_724' title='bbox 3263 4489 3340 4545; x_wconf 91' lang='lat' dir='ltr'><strong>ait</strong></span> <span class='ocrx_word' id='word_1_725' title='bbox 3368 4487 3648 4544; x_wconf 90' lang='lat' dir='ltr'><strong>Dominus:</strong></span> <span class='ocrx_word' id='word_1_726' title='bbox 3679 4479 3782 4535; x_wconf 85' lang='lat' dir='ltr'><strong>Non</strong></span> 
     </span>
    </p>
   </div>
   <div class='ocr_carea' id='block_1_95' title="bbox 520 4577 2120 4651">
    <p class='ocr_par' dir='ltr' id='par_1_95' title="bbox 520 4577 2120 4651">
     <span class='ocr_line' id='line_1_95' title="bbox 520 4577 2120 4651; baseline -0.005 -10"><span class='ocrx_word' id='word_1_727' title='bbox 520 4586 648 4641; x_wconf 82' lang='lat' dir='ltr'><strong>debo</strong></span> <span class='ocrx_word' id='word_1_728' title='bbox 677 4584 830 4638; x_wconf 69' lang='lat' dir='ltr'><strong>caelos</strong></span> <span class='ocrx_word' id='word_1_729' title='bbox 858 4591 1160 4651; x_wconf 88' lang='lat' dir='ltr'><strong>luos,opera</strong></span> <span class='ocrx_word' id='word_1_730' title='bbox 1179 4579 1453 4649; x_wconf 83' lang='lat' dir='ltr'><strong>digitorum</strong></span> <span class='ocrx_word' id='word_1_731' title='bbox 1479 4585 1708 4643; x_wconf 85' lang='lat' dir='ltr'><strong>tuorum,</strong></span> <span class='ocrx_word' id='word_1_732' title='bbox 1732 4577 1906 4632; x_wconf 86' lang='lat' dir='ltr'><strong>lunam</strong></span> <span class='ocrx_word' id='word_1_733' title='bbox 1933 4588 1979 4633; x_wconf 89' lang='lat' dir='ltr'><strong>et</strong></span> <span class='ocrx_word' id='word_1_734' title='bbox 2001 4579 2120 4633; x_wconf 82' lang='lat' dir='ltr'><strong>stel-</strong></span> 
     </span>
    </p>
   </div>
   <div class='ocr_carea' id='block_1_96' title="bbox 524 4667 2115 4748">
    <p class='ocr_par' dir='ltr' id='par_1_96' title="bbox 524 4667 2115 4748">
     <span class='ocr_line' id='line_1_96' title="bbox 524 4667 2115 4748; baseline -0.009 -16"><span class='ocrx_word' id='word_1_735' title='bbox 524 4679 601 4732; x_wconf 87' lang='lat' dir='ltr'><strong>las</strong></span> <span class='ocrx_word' id='word_1_736' title='bbox 625 4692 752 4748; x_wconf 87' lang='lat' dir='ltr'><strong>quas</strong></span> <span class='ocrx_word' id='word_1_737' title='bbox 768 4682 821 4727; x_wconf 87' lang='lat' dir='ltr'><strong>tu</strong></span> <span class='ocrx_word' id='word_1_738' title='bbox 840 4668 1259 4744; x_wconf 79' lang='lat' dir='ltr'><strong>fundasli(Psal.</strong></span> <span class='ocrx_word' id='word_1_739' title='bbox 1275 4684 1391 4735; x_wconf 79' lang='lat' dir='ltr'><strong>vm,</strong></span> <span class='ocrx_word' id='word_1_740' title='bbox 1414 4670 1493 4741; x_wconf 74' lang='grc'><strong>4).</strong></span> <span class='ocrx_word' id='word_1_741' title='bbox 1511 4667 1652 4736; x_wconf 87' lang='lat' dir='ltr'><strong>Quid</strong></span> <span class='ocrx_word' id='word_1_742' title='bbox 1676 4667 1940 4740; x_wconf 84' lang='lat' dir='ltr'><strong>hicigilur</strong></span> <span class='ocrx_word' id='word_1_743' title='bbox 1960 4668 2115 4741; x_wconf 83' lang='lat' dir='ltr'><strong>digiti</strong></span> 
     </span>
    </p>
   </div>
   <div class='ocr_carea' id='block_1_97' title="bbox 523 4759 2111 4837">
    <p class='ocr_par' dir='ltr' id='par_1_97' title="bbox 523 4759 2111 4837">
     <span class='ocr_line' id='line_1_97' title="bbox 523 4759 2111 4837; baseline -0.004 -13"><span class='ocrx_word' id='word_1_744' title='bbox 523 4771 704 4825; x_wconf 91' lang='lat' dir='ltr'><strong>minus</strong></span> <span class='ocrx_word' id='word_1_745' title='bbox 732 4779 894 4837; x_wconf 90' lang='lat' dir='ltr'><strong>quam</strong></span> <span class='ocrx_word' id='word_1_746' title='bbox 944 4775 1135 4818; x_wconf 89' lang='lat' dir='ltr'><strong>manus</strong></span> <span class='ocrx_word' id='word_1_747' title='bbox 1185 4759 1381 4815; x_wconf 83' lang='lat' dir='ltr'><strong>fecisse</strong></span> <span class='ocrx_word' id='word_1_748' title='bbox 1437 4759 1769 4830; x_wconf 87' lang='lat' dir='ltr'><strong>produntur;</strong></span> <span class='ocrx_word' id='word_1_749' title='bbox 1820 4763 2111 4820; x_wconf 90' lang='lat' dir='ltr'><strong>cumidem</strong></span> 
     </span>
    </p>
   </div>
   <div class='ocr_carea' id='block_1_98' title="bbox 520 4851 2109 4926">
    <p class='ocr_par' dir='ltr' id='par_1_98' title="bbox 520 4851 2109 4926">
     <span class='ocr_line' id='line_1_98' title="bbox 520 4851 2109 4926; baseline -0.004 -11"><span class='ocrx_word' id='word_1_750' title='bbox 520 4860 755 4918; x_wconf 81' lang='lat' dir='ltr'><strong>fecerint</strong></span> <span class='ocrx_word' id='word_1_751' title='bbox 806 4855 985 4926; x_wconf 89' lang='lat' dir='ltr'><strong>digiti,</strong></span> <span class='ocrx_word' id='word_1_752' title='bbox 1039 4851 1187 4924; x_wconf 91' lang='lat' dir='ltr'><strong>quod</strong></span> <span class='ocrx_word' id='word_1_753' title='bbox 1237 4867 1460 4918; x_wconf 82' lang='lat' dir='ltr'><strong>manus;</strong></span> <span class='ocrx_word' id='word_1_754' title='bbox 1504 4852 1647 4907; x_wconf 86' lang='lat' dir='ltr'><strong>sient</strong></span> <span class='ocrx_word' id='word_1_755' title='bbox 1689 4853 1947 4924; x_wconf 88' lang='lat' dir='ltr'><strong>scriptum</strong></span> <span class='ocrx_word' id='word_1_756' title='bbox 1992 4864 2109 4911; x_wconf 67' lang='lat' dir='ltr'><strong>Cal:</strong></span> 
     </span>
    </p>
   </div>
   <div class='ocr_carea' id='block_1_99' title="bbox 527 4941 2112 5020">
    <p class='ocr_par' dir='ltr' id='par_1_99' title="bbox 527 4941 2112 5020">
     <span class='ocr_line' id='line_1_99' title="bbox 527 4941 2112 5020; baseline -0.003 -13"><span class='ocrx_word' id='word_1_757' title='bbox 527 4951 784 5020; x_wconf 83' lang='lat' dir='ltr'><strong>Quoniam</strong></span> <span class='ocrx_word' id='word_1_758' title='bbox 809 4943 1073 5001; x_wconf 87' lang='lat' dir='ltr'><strong>delectasti</strong></span> <span class='ocrx_word' id='word_1_759' title='bbox 1100 4959 1201 5009; x_wconf 91' lang='lat' dir='ltr'><strong>me,</strong></span> <span class='ocrx_word' id='word_1_760' title='bbox 1237 4941 1480 5010; x_wconf 89' lang='lat' dir='ltr'><strong>Domine,</strong></span> <span class='ocrx_word' id='word_1_761' title='bbox 1512 4943 1565 4997; x_wconf 89' lang='lat' dir='ltr'><strong>in</strong></span> <span class='ocrx_word' id='word_1_762' title='bbox 1592 4948 1795 5017; x_wconf 82' lang='lat' dir='ltr'><strong>factura</strong></span> <span class='ocrx_word' id='word_1_763' title='bbox 1825 4957 1912 5000; x_wconf 88' lang='lat' dir='ltr'><strong>tua</strong></span> <span class='ocrx_word' id='word_1_764' title='bbox 1937 4988 1952 5015; x_wconf 94' lang='lat'><strong>,</strong></span> <span class='ocrx_word' id='word_1_765' title='bbox 1984 4959 2030 5003; x_wconf 89' lang='lat' dir='ltr'><strong>et</strong></span> <span class='ocrx_word' id='word_1_766' title='bbox 2056 4950 2112 5003; x_wconf 90' lang='lat' dir='ltr'><strong>in</strong></span> 
     </span>
    </p>
   </div>
   <div class='ocr_carea' id='block_1_100' title="bbox 521 5034 2068 5117">
    <p class='ocr_par' dir='ltr' id='par_1_100' title="bbox 521 5034 2068 5117">
     <span class='ocr_line' id='line_1_100' title="bbox 521 5034 2068 5117; baseline 0 -21"><span class='ocrx_word' id='word_1_767' title='bbox 521 5043 761 5117; x_wconf 89' lang='lat' dir='ltr'><strong>operibus</strong></span> <span class='ocrx_word' id='word_1_768' title='bbox 787 5053 1031 5093; x_wconf 88' lang='lat' dir='ltr'><strong>manuum</strong></span> <span class='ocrx_word' id='word_1_769' title='bbox 1054 5045 1257 5090; x_wconf 88' lang='lat' dir='ltr'><strong>tuarum</strong></span> <span class='ocrx_word' id='word_1_770' title='bbox 1285 5034 1572 5090; x_wconf 87' lang='lat' dir='ltr'><strong>delectabar</strong></span> <span class='ocrx_word' id='word_1_771' title='bbox 1598 5034 1618 5108; x_wconf 90' lang='lat'>(</span> <span class='ocrx_word' id='word_1_772' title='bbox 1643 5034 1791 5092; x_wconf 89' lang='lat' dir='ltr'><strong>Psal.</strong></span> <span class='ocrx_word' id='word_1_773' title='bbox 1830 5054 1943 5106; x_wconf 69' lang='lat' dir='ltr'><strong>XCI,</strong></span> <span class='ocrx_word' id='word_1_774' title='bbox 1977 5039 2068 5112; x_wconf 83' lang='lat'><strong>5).</strong></span> 
     </span>
    </p>
   </div>
   <div class='ocr_carea' id='block_1_101' title="bbox 594 5148 1833 5220">
    <p class='ocr_par' dir='ltr' id='par_1_101' title="bbox 594 5148 1833 5220">
     <span class='ocr_line' id='line_1_101' title="bbox 594 5148 1833 5220; baseline -0.004 -11"><span class='ocrx_word' id='word_1_775' title='bbox 594 5167 621 5195; x_wconf 71' lang='grc' dir='ltr'>ει</span> <span class='ocrx_word' id='word_1_776' title='bbox 660 5155 795 5210; x_wconf 87' lang='lat' dir='ltr'><strong>Tres</strong></span> <span class='ocrx_word' id='word_1_777' title='bbox 823 5165 981 5213; x_wconf 89' lang='lat' dir='ltr'><strong>mss.,</strong></span> <span class='ocrx_word' id='word_1_778' title='bbox 1011 5150 1131 5220; x_wconf 84' lang='lat' dir='ltr'><strong>quia</strong></span> <span class='ocrx_word' id='word_1_779' title='bbox 1150 5164 1310 5201; x_wconf 87' lang='lat' dir='ltr'><strong>unum</strong></span> <span class='ocrx_word' id='word_1_780' title='bbox 1340 5148 1577 5220; x_wconf 83' lang='lat' dir='ltr'><strong>legimus,</strong></span> <span class='ocrx_word' id='word_1_781' title='bbox 1609 5158 1716 5204; x_wconf 90' lang='lat' dir='ltr'><strong>etc.</strong></span> <span class='ocrx_word' id='word_1_782' title='bbox 1825 5206 1833 5215; x_wconf 87' lang='lat'>_</span> 
     </span>
    </p>
   </div>
   <div class='ocr_carea' id='block_1_102' title="bbox 596 5218 2108 5309">
    <p class='ocr_par' dir='ltr' id='par_1_102' title="bbox 596 5218 2108 5309">
     <span class='ocr_line' id='line_1_102' title="bbox 596 5218 2108 5309; baseline 0.001 -31"><span class='ocrx_word' id='word_1_783' title='bbox 596 5226 624 5265; x_wconf 69' lang='grc' dir='ltr'><strong>ι’</strong></span> <span class='ocrx_word' id='word_1_784' title='bbox 662 5227 865 5309; x_wconf 62' lang='lat' dir='ltr'><strong>gmnes</strong></span> <span class='ocrx_word' id='word_1_785' title='bbox 893 5218 1033 5303; x_wconf 61' lang='lat' dir='ltr'><strong>edit.</strong></span> <span class='ocrx_word' id='word_1_786' title='bbox 1053 5218 1118 5274; x_wconf 83' lang='lat' dir='ltr'><strong>ac</strong></span> <span class='ocrx_word' id='word_1_787' title='bbox 1142 5235 1275 5309; x_wconf 53' lang='lat' dir='ltr'><strong>n&#39;tss.</strong></span> <span class='ocrx_word' id='word_1_788' title='bbox 1311 5218 1579 5301; x_wconf 76' lang='lat' dir='ltr'><strong>nonnulli,</strong></span> <span class='ocrx_word' id='word_1_789' title='bbox 1614 5229 1670 5273; x_wconf 91' lang='lat' dir='ltr'><strong>ut</strong></span> <span class='ocrx_word' id='word_1_790' title='bbox 1696 5237 1811 5291; x_wconf 76' lang='lat' dir='ltr'><strong>qua:</strong></span> <span class='ocrx_word' id='word_1_791' title='bbox 1836 5232 1951 5306; x_wconf 67' lang='lat' dir='ltr'><strong>sup!</strong></span> <span class='ocrx_word' id='word_1_792' title='bbox 1981 5241 2108 5309; x_wconf 55' lang='lat' dir='ltr'><strong>qua.</strong></span> 
     </span>
    </p>
   </div>
   <div class='ocr_carea' id='block_1_103' title="bbox 525 5288 2114 5365">
    <p class='ocr_par' dir='ltr' id='par_1_103' title="bbox 525 5288 2114 5365">
     <span class='ocr_line' id='line_1_103' title="bbox 525 5288 2114 5365; baseline -0.001 -10"><span class='ocrx_word' id='word_1_793' title='bbox 525 5302 607 5355; x_wconf 88' lang='lat' dir='ltr'><strong>si:</strong></span> <span class='ocrx_word' id='word_1_794' title='bbox 636 5296 730 5350; x_wconf 91' lang='lat' dir='ltr'><strong>alii</strong></span> <span class='ocrx_word' id='word_1_795' title='bbox 761 5308 894 5348; x_wconf 89' lang='lat' dir='ltr'><strong>mss.</strong></span> <span class='ocrx_word' id='word_1_796' title='bbox 923 5290 1018 5357; x_wconf 88' lang='lat' dir='ltr'><strong>qui</strong></span> <span class='ocrx_word' id='word_1_797' title='bbox 1047 5299 1102 5345; x_wconf 89' lang='lat' dir='ltr'><strong>et</strong></span> <span class='ocrx_word' id='word_1_798' title='bbox 1132 5288 1320 5359; x_wconf 91' lang='lat' dir='ltr'><strong>plures</strong></span> <span class='ocrx_word' id='word_1_799' title='bbox 1364 5288 1719 5361; x_wconf 86' lang='lat' dir='ltr'><strong>putioresqne</strong></span> <span class='ocrx_word' id='word_1_800' title='bbox 1753 5288 2075 5352; x_wconf 86' lang='lat' dir='ltr'><strong>concinnius</strong></span> <span class='ocrx_word' id='word_1_801' title='bbox 2099 5338 2114 5365; x_wconf 93' lang='lat'><strong>,</strong></span> 
     </span>
    </p>
   </div>
   <div class='ocr_carea' id='block_1_104' title="bbox 527 5366 932 5439">
    <p class='ocr_par' dir='ltr' id='par_1_104' title="bbox 527 5366 932 5439">
     <span class='ocr_line' id='line_1_104' title="bbox 527 5366 932 5439; baseline -0.025 -13"><span class='ocrx_word' id='word_1_802' title='bbox 527 5380 586 5426; x_wconf 88' lang='lat' dir='ltr'><strong>ut</strong></span> <span class='ocrx_word' id='word_1_803' title='bbox 613 5366 783 5439; x_wconf 81' lang='lat' dir='ltr'><strong>quasi,</strong></span> <span class='ocrx_word' id='word_1_804' title='bbox 826 5374 932 5419; x_wconf 88' lang='lat' dir='ltr'><strong>etc.</strong></span> 
     </span>
    </p>
   </div>
   <div class='ocr_carea' id='block_1_105' title="bbox 604 5430 2114 5503">
    <p class='ocr_par' dir='ltr' id='par_1_105' title="bbox 604 5430 2114 5503">
     <span class='ocr_line' id='line_1_105' title="bbox 604 5430 2114 5503; baseline 0.004 -15"><span class='ocrx_word' id='word_1_805' title='bbox 604 5430 636 5479; x_wconf 75' lang='grc' dir='ltr'><strong>ε’</strong></span> <span class='ocrx_word' id='word_1_806' title='bbox 673 5440 746 5491; x_wconf 88' lang='lat' dir='ltr'><strong>Ita</strong></span> <span class='ocrx_word' id='word_1_807' title='bbox 777 5447 968 5489; x_wconf 90' lang='lat' dir='ltr'><strong>omnes</strong></span> <span class='ocrx_word' id='word_1_808' title='bbox 996 5430 1128 5486; x_wconf 90' lang='lat' dir='ltr'><strong>edit.</strong></span> <span class='ocrx_word' id='word_1_809' title='bbox 1151 5445 1215 5485; x_wconf 92' lang='lat' dir='ltr'><strong>ac</strong></span> <span class='ocrx_word' id='word_1_810' title='bbox 1246 5430 1428 5503; x_wconf 88' lang='lat' dir='ltr'><strong>plures</strong></span> <span class='ocrx_word' id='word_1_811' title='bbox 1450 5445 1584 5487; x_wconf 90' lang='lat' dir='ltr'><strong>mss.</strong></span> <span class='ocrx_word' id='word_1_812' title='bbox 1616 5435 1860 5489; x_wconf 89' lang='lat' dir='ltr'><strong>nonnulli</strong></span> <span class='ocrx_word' id='word_1_813' title='bbox 1888 5444 2067 5493; x_wconf 90' lang='lat' dir='ltr'><strong>tamen</strong></span> <span class='ocrx_word' id='word_1_814' title='bbox 2099 5479 2114 5503; x_wconf 88' lang='lat'><strong>,</strong></span> 
     </span>
    </p>
   </div>
   <div class='ocr_carea' id='block_1_106' title="bbox 523 5502 2108 5582">
    <p class='ocr_par' dir='ltr' id='par_1_106' title="bbox 523 5502 2108 5582">
     <span class='ocr_line' id='line_1_106' title="bbox 523 5502 2108 5582; baseline -0.001 -19"><span class='ocrx_word' id='word_1_815' title='bbox 523 5528 618 5582; x_wconf 83' lang='lat' dir='ltr'><strong>per</strong></span> <span class='ocrx_word' id='word_1_816' title='bbox 642 5508 893 5582; x_wconf 79' lang='lat' dir='ltr'><strong>Spiritum</strong></span> <span class='ocrx_word' id='word_1_817' title='bbox 908 5511 1140 5582; x_wconf 76' lang='lat' dir='ltr'><strong>sanctum</strong></span> <span class='ocrx_word' id='word_1_818' title='bbox 1161 5502 1308 5582; x_wconf 46' lang='lat' dir='ltr'><strong>istud.</strong></span> <span class='ocrx_word' id='word_1_819' title='bbox 1325 5519 1508 5557; x_wconf 83' lang='lat' dir='ltr'><strong>ntunus</strong></span> <span class='ocrx_word' id='word_1_820' title='bbox 1528 5504 1774 5582; x_wconf 74' lang='lat' dir='ltr'><strong>emicuit;</strong></span> <span class='ocrx_word' id='word_1_821' title='bbox 1802 5507 1927 5561; x_wconf 83' lang='lat' dir='ltr'><strong>Alb.</strong></span> <span class='ocrx_word' id='word_1_822' title='bbox 1952 5502 2108 5572; x_wconf 88' lang='lat' dir='ltr'><strong>unus,</strong></span> 
     </span>
    </p>
   </div>
   <div class='ocr_carea' id='block_1_107' title="bbox 528 5572 2112 5651">
    <p class='ocr_par' dir='ltr' id='par_1_107' title="bbox 528 5572 2112 5651">
     <span class='ocr_line' id='line_1_107' title="bbox 528 5572 2112 5651; baseline 0 -17"><span class='ocrx_word' id='word_1_823' title='bbox 528 5572 756 5651; x_wconf 71' lang='lat' dir='ltr'><strong>Spir-ilus</strong></span> <span class='ocrx_word' id='word_1_824' title='bbox 799 5574 965 5651; x_wconf 68' lang='lat' dir='ltr'><strong>sancti</strong></span> <span class='ocrx_word' id='word_1_825' title='bbox 1017 5589 1244 5651; x_wconf 51' lang='lat' dir='ltr'><strong>munere</strong></span> <span class='ocrx_word' id='word_1_826' title='bbox 1273 5572 1454 5627; x_wconf 89' lang='lat' dir='ltr'><strong>doctus</strong></span> <span class='ocrx_word' id='word_1_827' title='bbox 1505 5584 1603 5628; x_wconf 86' lang='lat' dir='ltr'><strong>est.</strong></span> <span class='ocrx_word' id='word_1_828' title='bbox 1631 5575 1829 5651; x_wconf 66' lang='lat' dir='ltr'><strong>lterum</strong></span> <span class='ocrx_word' id='word_1_829' title='bbox 1858 5580 2112 5651; x_wconf 81' lang='lat' dir='ltr'><strong>sequenti</strong></span> 
     </span>
    </p>
   </div>
   <div class='ocr_carea' id='block_1_108' title="bbox 523 5643 2107 5714">
    <p class='ocr_par' dir='ltr' id='par_1_108' title="bbox 523 5643 2107 5714">
     <span class='ocr_line' id='line_1_108' title="bbox 523 5643 2107 5714; baseline 0.002 -12"><span class='ocrx_word' id='word_1_830' title='bbox 523 5643 793 5703; x_wconf 76' lang='lat' dir='ltr'><strong>sententia</strong></span> <span class='ocrx_word' id='word_1_831' title='bbox 819 5643 1293 5714; x_wconf 17' lang='lat' dir='ltr'><strong>ubiﬂomnesedit.</strong></span> <span class='ocrx_word' id='word_1_832' title='bbox 1325 5658 1391 5698; x_wconf 88' lang='lat' dir='ltr'><strong>ac</strong></span> <span class='ocrx_word' id='word_1_833' title='bbox 1445 5660 1601 5708; x_wconf 86' lang='lat' dir='ltr'><strong>mss.,</strong></span> <span class='ocrx_word' id='word_1_834' title='bbox 1625 5646 1803 5714; x_wconf 85' lang='lat' dir='ltr'><strong>aliqua</strong></span> <span class='ocrx_word' id='word_1_835' title='bbox 1840 5643 2107 5705; x_wconf 78' lang='lat' dir='ltr'><strong>nisi.......</strong></span> 
     </span>
    </p>
   </div>
   <div class='ocr_carea' id='block_1_109' title="bbox 523 5712 2112 5800">
    <p class='ocr_par' dir='ltr' id='par_1_109' title="bbox 523 5712 2112 5800">
     <span class='ocr_line' id='line_1_109' title="bbox 523 5712 2112 5800; baseline 0.003 -30"><span class='ocrx_word' id='word_1_836' title='bbox 523 5724 870 5800; x_wconf 69' lang='lat' dir='ltr'><strong>penetrasset;</strong></span> <span class='ocrx_word' id='word_1_837' title='bbox 903 5713 1061 5767; x_wconf 78' lang='lat' dir='ltr'><strong>Rom.</strong></span> <span class='ocrx_word' id='word_1_838' title='bbox 1085 5712 1243 5777; x_wconf 87' lang='lat' dir='ltr'><strong>edit.,</strong></span> <span class='ocrx_word' id='word_1_839' title='bbox 1292 5714 1468 5783; x_wconf 88' lang='lat' dir='ltr'><strong>aliqua</strong></span> <span class='ocrx_word' id='word_1_840' title='bbox 1506 5716 1694 5785; x_wconf 86' lang='lat' dir='ltr'><strong>potuit,</strong></span> <span class='ocrx_word' id='word_1_841' title='bbox 1715 5712 1946 5776; x_wconf 59' lang='lat' dir='ltr'><strong>nisi&quot;...</strong></span> <span class='ocrx_word' id='word_1_842' title='bbox 1972 5719 2112 5775; x_wconf 86' lang='lat' dir='ltr'><strong>dete-</strong></span> 
     </span>
    </p>
   </div>
   <div class='ocr_carea' id='block_1_110' title="bbox 2227 4570 3776 4655">
    <p class='ocr_par' dir='ltr' id='par_1_110' title="bbox 2227 4570 3776 4655">
     <span class='ocr_line' id='line_1_110' title="bbox 2227 4570 3776 4655; baseline 0 -22"><span class='ocrx_word' id='word_1_843' title='bbox 2227 4580 2340 4634; x_wconf 81' lang='lat' dir='ltr'><strong>reni</strong></span> <span class='ocrx_word' id='word_1_844' title='bbox 2365 4597 2542 4652; x_wconf 88' lang='lat' dir='ltr'><strong>pacem</strong></span> <span class='ocrx_word' id='word_1_845' title='bbox 2571 4583 2789 4648; x_wconf 87' lang='lat' dir='ltr'><strong>mittere,</strong></span> <span class='ocrx_word' id='word_1_846' title='bbox 2829 4580 2919 4636; x_wconf 79' lang='lat' dir='ltr'><strong>sed</strong></span> <span class='ocrx_word' id='word_1_847' title='bbox 2947 4580 3258 4638; x_wconf 61' lang='lat' dir='ltr'><strong>machaeram</strong></span> <span class='ocrx_word' id='word_1_848' title='bbox 3295 4581 3316 4655; x_wconf 95' lang='lat'>(</span> <span class='ocrx_word' id='word_1_849' title='bbox 3341 4579 3532 4636; x_wconf 79' lang='lat' dir='ltr'><strong>Matth.</strong></span> <span class='ocrx_word' id='word_1_850' title='bbox 3560 4594 3612 4645; x_wconf 72' lang='grc' dir='ltr'>ι,</span> <span class='ocrx_word' id='word_1_851' title='bbox 3640 4570 3736 4642; x_wconf 69' lang='grc'><strong>54)</strong></span> <span class='ocrx_word' id='word_1_852' title='bbox 3763 4585 3776 4633; x_wconf 86' lang='grc'>;</span> 
     </span>
    </p>
   </div>
   <div class='ocr_carea' id='block_1_111' title="bbox 2223 4662 3776 4743">
    <p class='ocr_par' dir='ltr' id='par_1_111' title="bbox 2223 4662 3776 4743">
     <span class='ocr_line' id='line_1_111' title="bbox 2223 4662 3776 4743; baseline -0.005 -18"><span class='ocrx_word' id='word_1_853' title='bbox 2223 4671 2350 4741; x_wconf 89' lang='lat' dir='ltr'><strong>quia</strong></span> <span class='ocrx_word' id='word_1_854' title='bbox 2377 4687 2481 4727; x_wconf 93' lang='lat' dir='ltr'><strong>non</strong></span> <span class='ocrx_word' id='word_1_855' title='bbox 2513 4672 2683 4739; x_wconf 81' lang='lat' dir='ltr'><strong>ferro,</strong></span> <span class='ocrx_word' id='word_1_856' title='bbox 2706 4672 2799 4728; x_wconf 91' lang='lat' dir='ltr'><strong>sed</strong></span> <span class='ocrx_word' id='word_1_857' title='bbox 2823 4671 3027 4742; x_wconf 89' lang='lat' dir='ltr'><strong>Spiritu</strong></span> <span class='ocrx_word' id='word_1_858' title='bbox 3058 4689 3212 4728; x_wconf 81' lang='lat' dir='ltr'><strong>mens</strong></span> <span class='ocrx_word' id='word_1_859' title='bbox 3251 4674 3462 4729; x_wconf 90' lang='lat' dir='ltr'><strong>interna</strong></span> <span class='ocrx_word' id='word_1_860' title='bbox 3500 4662 3776 4743; x_wconf 73' lang='lat' dir='ltr'><strong>penetrabi-</strong></span> 
     </span>
    </p>
   </div>
   <div class='ocr_carea' id='block_1_112' title="bbox 2223 4760 3776 4841">
    <p class='ocr_par' dir='ltr' id='par_1_112' title="bbox 2223 4760 3776 4841">
     <span class='ocr_line' id='line_1_112' title="bbox 2223 4760 3776 4841; baseline 0 -22"><span class='ocrx_word' id='word_1_861' title='bbox 2223 4764 2289 4821; x_wconf 88' lang='lat' dir='ltr'><strong>lis</strong></span> <span class='ocrx_word' id='word_1_862' title='bbox 2316 4781 2330 4821; x_wconf 93' lang='lat'><strong>:</strong></span> <span class='ocrx_word' id='word_1_863' title='bbox 2358 4764 2454 4821; x_wconf 84' lang='lat' dir='ltr'><strong>Est</strong></span> <span class='ocrx_word' id='word_1_864' title='bbox 2481 4767 2616 4822; x_wconf 88' lang='lat' dir='ltr'><strong>enim</strong></span> <span class='ocrx_word' id='word_1_865' title='bbox 2643 4766 2872 4839; x_wconf 88' lang='lat' dir='ltr'><strong>Spiritus</strong></span> <span class='ocrx_word' id='word_1_866' title='bbox 2906 4768 3262 4841; x_wconf 78' lang='lat' dir='ltr'><strong>intelligentia:</strong></span> <span class='ocrx_word' id='word_1_867' title='bbox 3293 4778 3500 4822; x_wconf 87' lang='lat' dir='ltr'><strong>sanctus</strong></span> <span class='ocrx_word' id='word_1_868' title='bbox 3519 4806 3535 4830; x_wconf 92' lang='lat'><strong>,</strong></span> <span class='ocrx_word' id='word_1_869' title='bbox 3583 4760 3743 4816; x_wconf 85' lang='lat' dir='ltr'><strong>unicus</strong></span> <span class='ocrx_word' id='word_1_870' title='bbox 3762 4795 3776 4819; x_wconf 76' lang='grc' dir='ltr'><strong>ι</strong></span> 
     </span>
    </p>
   </div>
   <div class='ocr_carea' id='block_1_113' title="bbox 2220 4849 3773 4934">
    <p class='ocr_par' dir='ltr' id='par_1_113' title="bbox 2220 4849 3773 4934">
     <span class='ocr_line' id='line_1_113' title="bbox 2220 4849 3773 4934; baseline -0.006 -22"><span class='ocrx_word' id='word_1_871' title='bbox 2220 4860 2524 4932; x_wconf 72' lang='lat' dir='ltr'><strong>multiplex,</strong></span> <span class='ocrx_word' id='word_1_872' title='bbox 2552 4860 2778 4928; x_wconf 88' lang='lat' dir='ltr'><strong>subtilis,</strong></span> <span class='ocrx_word' id='word_1_873' title='bbox 2804 4861 3007 4916; x_wconf 86' lang='lat' dir='ltr'><strong>mobilis</strong></span> <span class='ocrx_word' id='word_1_874' title='bbox 3030 4861 3049 4933; x_wconf 94' lang='lat'>(</span> <span class='ocrx_word' id='word_1_875' title='bbox 3073 4861 3203 4934; x_wconf 88' lang='lat' dir='ltr'><strong>Sap.</strong></span> <span class='ocrx_word' id='word_1_876' title='bbox 3235 4876 3332 4930; x_wconf 85' lang='lat' dir='ltr'><strong>vn,</strong></span> <span class='ocrx_word' id='word_1_877' title='bbox 3360 4860 3432 4915; x_wconf 74' lang='lat'><strong>2‘2</strong></span> <span class='ocrx_word' id='word_1_878' title='bbox 3457 4858 3511 4931; x_wconf 91' lang='lat'><strong>);</strong></span> <span class='ocrx_word' id='word_1_879' title='bbox 3541 4862 3594 4910; x_wconf 89' lang='lat' dir='ltr'><strong>et</strong></span> <span class='ocrx_word' id='word_1_880' title='bbox 3620 4849 3739 4907; x_wconf 80' lang='lat' dir='ltr'><strong>inira</strong></span> <span class='ocrx_word' id='word_1_881' title='bbox 3762 4862 3773 4897; x_wconf 88' lang='lat'><strong>:</strong></span> 
     </span>
    </p>
   </div>
   <div class='ocr_carea' id='block_1_114' title="bbox 2223 4950 3136 5027">
    <p class='ocr_par' dir='ltr' id='par_1_114' title="bbox 2223 4950 3136 5027">
     <span class='ocr_line' id='line_1_114' title="bbox 2223 4950 3136 5027; baseline 0.004 -23"><span class='ocrx_word' id='word_1_882' title='bbox 2223 4950 2410 5006; x_wconf 82' lang='lat' dir='ltr'><strong>Omnia</strong></span> <span class='ocrx_word' id='word_1_883' title='bbox 2438 4954 2752 5026; x_wconf 87' lang='lat' dir='ltr'><strong>prospiciens</strong></span> <span class='ocrx_word' id='word_1_884' title='bbox 2781 4952 2972 5027; x_wconf 88' lang='lat' dir='ltr'><strong>(Ibid.,</strong></span> <span class='ocrx_word' id='word_1_885' title='bbox 3004 4954 3076 5008; x_wconf 70' lang='lat'><strong>25</strong></span> <span class='ocrx_word' id='word_1_886' title='bbox 3092 4952 3136 5025; x_wconf 89' lang='lat'><strong>).</strong></span> 
     </span>
    </p>
   </div>
   <div class='ocr_carea' id='block_1_115' title="bbox 2289 5031 3772 5118">
    <p class='ocr_par' dir='ltr' id='par_1_115' title="bbox 2289 5031 3772 5118">
     <span class='ocr_line' id='line_1_115' title="bbox 2289 5031 3772 5118; baseline -0.007 -18"><span class='ocrx_word' id='word_1_887' title='bbox 2289 5046 2379 5100; x_wconf 87' lang='grc'><strong>57.</strong></span> <span class='ocrx_word' id='word_1_888' title='bbox 2425 5045 2559 5103; x_wconf 82' lang='lat' dir='ltr'><strong>Vide</strong></span> <span class='ocrx_word' id='word_1_889' title='bbox 2587 5045 2852 5117; x_wconf 87' lang='lat' dir='ltr'><strong>pr0pheta</strong></span> <span class='ocrx_word' id='word_1_890' title='bbox 2884 5047 3015 5117; x_wconf 91' lang='lat' dir='ltr'><strong>quid</strong></span> <span class='ocrx_word' id='word_1_891' title='bbox 3045 5046 3209 5114; x_wconf 89' lang='lat' dir='ltr'><strong>dicat,</strong></span> <span class='ocrx_word' id='word_1_892' title='bbox 3234 5046 3363 5118; x_wconf 85' lang='lat' dir='ltr'><strong>quia</strong></span> <span class='ocrx_word' id='word_1_893' title='bbox 3388 5043 3566 5102; x_wconf 88' lang='lat' dir='ltr'><strong>omnia</strong></span> <span class='ocrx_word' id='word_1_894' title='bbox 3586 5031 3772 5112; x_wconf 84' lang='lat' dir='ltr'><strong>prospi-</strong></span> 
     </span>
    </p>
   </div>
   <div class='ocr_carea' id='block_1_116' title="bbox 2214 5157 3771 5233">
    <p class='ocr_par' dir='ltr' id='par_1_116' title="bbox 2214 5157 3771 5233">
     <span class='ocr_line' id='line_1_116' title="bbox 2214 5157 3771 5233; baseline -0.002 -19"><span class='ocrx_word' id='word_1_895' title='bbox 2214 5175 2352 5229; x_wconf 90' lang='lat' dir='ltr'><strong>gere.</strong></span> <span class='ocrx_word' id='word_1_896' title='bbox 2381 5158 2667 5233; x_wconf 71' lang='lat' dir='ltr'><strong>Postremo</strong></span> <span class='ocrx_word' id='word_1_897' title='bbox 2695 5161 2883 5233; x_wconf 89' lang='lat' dir='ltr'><strong>paucis</strong></span> <span class='ocrx_word' id='word_1_898' title='bbox 2932 5161 3232 5233; x_wconf 85' lang='lat' dir='ltr'><strong>interjectis</strong></span> <span class='ocrx_word' id='word_1_899' title='bbox 3280 5176 3380 5233; x_wconf 89' lang='lat' dir='ltr'><strong>pro</strong></span> <span class='ocrx_word' id='word_1_900' title='bbox 3415 5176 3555 5233; x_wconf 83' lang='lat' dir='ltr'><strong>mens</strong></span> <span class='ocrx_word' id='word_1_901' title='bbox 3598 5157 3771 5233; x_wconf 50' lang='lat' dir='ltr'><strong>interna</strong></span> 
     </span>
    </p>
   </div>
   <div class='ocr_carea' id='block_1_117' title="bbox 2215 5228 3770 5311">
    <p class='ocr_par' dir='ltr' id='par_1_117' title="bbox 2215 5228 3770 5311">
     <span class='ocr_line' id='line_1_117' title="bbox 2215 5228 3770 5311; baseline 0.005 -30"><span class='ocrx_word' id='word_1_902' title='bbox 2215 5228 2532 5311; x_wconf 77' lang='lat' dir='ltr'><strong>penetratur.</strong></span> <span class='ocrx_word' id='word_1_903' title='bbox 2564 5228 2908 5286; x_wconf 76' lang='lat' dir='ltr'><strong>Penelrabilis</strong></span> <span class='ocrx_word' id='word_1_904' title='bbox 2936 5242 3035 5311; x_wconf 76' lang='lat' dir='ltr'><strong>est,</strong></span> <span class='ocrx_word' id='word_1_905' title='bbox 3064 5228 3210 5303; x_wconf 81' lang='lat' dir='ltr'><strong>quod</strong></span> <span class='ocrx_word' id='word_1_906' title='bbox 3259 5228 3454 5304; x_wconf 78' lang='lat' dir='ltr'><strong>legitur</strong></span> <span class='ocrx_word' id='word_1_907' title='bbox 3484 5232 3535 5311; x_wconf 77' lang='lat' dir='ltr'><strong>in</strong></span> <span class='ocrx_word' id='word_1_908' title='bbox 3584 5228 3770 5311; x_wconf 58' lang='grc' dir='ltr'>οιξςιεξξξ</span> 
     </span>
    </p>
   </div>
   <div class='ocr_carea' id='block_1_118' title="bbox 2217 5295 3768 5367">
    <p class='ocr_par' dir='ltr' id='par_1_118' title="bbox 2217 5295 3768 5367">
     <span class='ocr_line' id='line_1_118' title="bbox 2217 5295 3768 5367; baseline 0 -13"><span class='ocrx_word' id='word_1_909' title='bbox 2217 5295 2353 5355; x_wconf 78' lang='lat' dir='ltr'><strong>edit.</strong></span> <span class='ocrx_word' id='word_1_910' title='bbox 2402 5309 2457 5355; x_wconf 90' lang='lat' dir='ltr'><strong>et</strong></span> <span class='ocrx_word' id='word_1_911' title='bbox 2502 5316 2638 5356; x_wconf 89' lang='lat' dir='ltr'><strong>mss.</strong></span> <span class='ocrx_word' id='word_1_912' title='bbox 2685 5318 2793 5357; x_wconf 88' lang='lat' dir='ltr'><strong>uno</strong></span> <span class='ocrx_word' id='word_1_913' title='bbox 2822 5312 2916 5358; x_wconf 88' lang='lat' dir='ltr'><strong>aut</strong></span> <span class='ocrx_word' id='word_1_914' title='bbox 2959 5295 3135 5359; x_wconf 74' lang='lat' dir='ltr'><strong>altero</strong></span> <span class='ocrx_word' id='word_1_915' title='bbox 3191 5295 3459 5367; x_wconf 61' lang='lat' dir='ltr'><strong>cxce&#39;nto;</strong></span> <span class='ocrx_word' id='word_1_916' title='bbox 3501 5300 3553 5355; x_wconf 92' lang='lat' dir='ltr'><strong>in</strong></span> <span class='ocrx_word' id='word_1_917' title='bbox 3576 5295 3768 5367; x_wconf 69' lang='lat' dir='ltr'><strong>reliqui!i</strong></span> 
     </span>
    </p>
   </div>
   <div class='ocr_carea' id='block_1_119' title="bbox 2218 5366 3766 5446">
    <p class='ocr_par' dir='ltr' id='par_1_119' title="bbox 2218 5366 3766 5446">
     <span class='ocr_line' id='line_1_119' title="bbox 2218 5366 3766 5446; baseline -0.004 -22"><span class='ocrx_word' id='word_1_918' title='bbox 2218 5372 2489 5446; x_wconf 84' lang='lat' dir='ltr'><strong>omittitur</strong></span> <span class='ocrx_word' id='word_1_919' title='bbox 2517 5373 2742 5446; x_wconf 85' lang='lat' dir='ltr'><strong>verbum</strong></span> <span class='ocrx_word' id='word_1_920' title='bbox 2771 5384 3089 5446; x_wconf 78' lang='lat' dir='ltr'><strong>penetratur,</strong></span> <span class='ocrx_word' id='word_1_921' title='bbox 3115 5383 3188 5446; x_wconf 9' lang='lat' dir='ltr'><strong>et,</strong></span> <span class='ocrx_word' id='word_1_922' title='bbox 3216 5372 3541 5446; x_wconf 86' lang='lat' dir='ltr'><strong>penetrabilis</strong></span> <span class='ocrx_word' id='word_1_923' title='bbox 3565 5366 3766 5446; x_wconf 48' lang='lat' dir='ltr'><strong>refertur</strong></span> 
     </span>
    </p>
   </div>
   <div class='ocr_carea' id='block_1_120' title="bbox 2220 5440 3762 5513">
    <p class='ocr_par' dir='ltr' id='par_1_120' title="bbox 2220 5440 3762 5513">
     <span class='ocr_line' id='line_1_120' title="bbox 2220 5440 3762 5513; baseline -0.006 -19"><span class='ocrx_word' id='word_1_924' title='bbox 2220 5440 2287 5495; x_wconf 86' lang='lat' dir='ltr'><strong>ad</strong></span> <span class='ocrx_word' id='word_1_925' title='bbox 2317 5456 2481 5513; x_wconf 83' lang='lat' dir='ltr'><strong>voces</strong></span> <span class='ocrx_word' id='word_1_926' title='bbox 2506 5459 2651 5498; x_wconf 90' lang='lat' dir='ltr'><strong>mens</strong></span> <span class='ocrx_word' id='word_1_927' title='bbox 2674 5440 2897 5499; x_wconf 79' lang='lat' dir='ltr'><strong>interna.</strong></span> <span class='ocrx_word' id='word_1_928' title='bbox 2928 5444 3117 5499; x_wconf 83' lang='lat' dir='ltr'><strong>Melius</strong></span> <span class='ocrx_word' id='word_1_929' title='bbox 3142 5444 3194 5498; x_wconf 92' lang='lat' dir='ltr'><strong>id</strong></span> <span class='ocrx_word' id='word_1_930' title='bbox 3216 5440 3467 5513; x_wconf 67' lang='lat' dir='ltr'><strong>quidem;</strong></span> <span class='ocrx_word' id='word_1_931' title='bbox 3524 5454 3617 5495; x_wconf 92' lang='lat' dir='ltr'><strong>nec</strong></span> <span class='ocrx_word' id='word_1_932' title='bbox 3641 5440 3762 5513; x_wconf 83' lang='lat' dir='ltr'><strong>enim</strong></span> 
     </span>
    </p>
   </div>
   <div class='ocr_carea' id='block_1_121' title="bbox 2218 5512 3763 5595">
    <p class='ocr_par' dir='ltr' id='par_1_121' title="bbox 2218 5512 3763 5595">
     <span class='ocr_line' id='line_1_121' title="bbox 2218 5512 3763 5595; baseline 0.005 -33"><span class='ocrx_word' id='word_1_933' title='bbox 2218 5512 2548 5595; x_wconf 63' lang='lat' dir='ltr'><strong>penetrabilis</strong></span> <span class='ocrx_word' id='word_1_934' title='bbox 2579 5514 2806 5595; x_wconf 72' lang='lat' dir='ltr'><strong>habetur</strong></span> <span class='ocrx_word' id='word_1_935' title='bbox 2830 5515 3036 5595; x_wconf 64' lang='lat' dir='ltr'><strong>inloco</strong></span> <span class='ocrx_word' id='word_1_936' title='bbox 3062 5512 3345 5595; x_wconf 73' lang='lat' dir='ltr'><strong>Sapientior</strong></span> <span class='ocrx_word' id='word_1_937' title='bbox 3371 5516 3532 5595; x_wconf 79' lang='lat' dir='ltr'><strong>citato</strong></span> <span class='ocrx_word' id='word_1_938' title='bbox 3558 5551 3573 5575; x_wconf 92' lang='lat'><strong>,</strong></span> <span class='ocrx_word' id='word_1_939' title='bbox 3612 5512 3763 5595; x_wconf 61' lang='lat' dir='ltr'><strong>nque</strong></span> 
     </span>
    </p>
   </div>
   <div class='ocr_carea' id='block_1_122' title="bbox 2216 5576 3762 5656">
    <p class='ocr_par' dir='ltr' id='par_1_122' title="bbox 2216 5576 3762 5656">
     <span class='ocr_line' id='line_1_122' title="bbox 2216 5576 3762 5656; baseline 0.001 -19"><span class='ocrx_word' id='word_1_940' title='bbox 2216 5576 2379 5637; x_wconf 80' lang='lat' dir='ltr'><strong>etiam</strong></span> <span class='ocrx_word' id='word_1_941' title='bbox 2409 5583 2475 5637; x_wconf 87' lang='lat' dir='ltr'><strong>ad</strong></span> <span class='ocrx_word' id='word_1_942' title='bbox 2509 5584 2845 5653; x_wconf 88' lang='lat' dir='ltr'><strong>probandum</strong></span> <span class='ocrx_word' id='word_1_943' title='bbox 2878 5576 3151 5641; x_wconf 77' lang='lat' dir='ltr'><strong>Ambrosii</strong></span> <span class='ocrx_word' id='word_1_944' title='bbox 3182 5588 3512 5656; x_wconf 81' lang='lat' dir='ltr'><strong>prepositum</strong></span> <span class='ocrx_word' id='word_1_945' title='bbox 3564 5576 3762 5656; x_wconf 58' lang='lat' dir='ltr'><strong>mugiti-</strong></span> 
     </span>
    </p>
   </div>
   <div class='ocr_carea' id='block_1_123' title="bbox 2217 5644 3758 5730">
    <p class='ocr_par' dir='ltr' id='par_1_123' title="bbox 2217 5644 3758 5730">
     <span class='ocr_line' id='line_1_123' title="bbox 2217 5644 3758 5730; baseline -0.008 -17"><span class='ocrx_word' id='word_1_946' title='bbox 2217 5660 2303 5707; x_wconf 84' lang='lat' dir='ltr'><strong>lur</strong></span> <span class='ocrx_word' id='word_1_947' title='bbox 2327 5667 2492 5730; x_wconf 81' lang='lat' dir='ltr'><strong>;_cum</strong></span> <span class='ocrx_word' id='word_1_948' title='bbox 2510 5644 2659 5710; x_wconf 63' lang='lat' dir='ltr'><strong>satis</strong></span> <span class='ocrx_word' id='word_1_949' title='bbox 2683 5670 2756 5730; x_wconf 63' lang='lat' dir='ltr'><strong>es</strong></span> <span class='ocrx_word' id='word_1_950' title='bbox 2779 5670 2847 5712; x_wconf 91' lang='lat' dir='ltr'><strong>eo</strong></span> <span class='ocrx_word' id='word_1_951' title='bbox 2863 5658 3141 5727; x_wconf 90' lang='lat' dir='ltr'><strong>probetur,</strong></span> <span class='ocrx_word' id='word_1_952' title='bbox 3171 5644 3318 5730; x_wconf 75' lang='lat' dir='ltr'><strong>quod</strong></span> <span class='ocrx_word' id='word_1_953' title='bbox 3345 5654 3538 5713; x_wconf 84' lang='lat' dir='ltr'><strong>subtilis</strong></span> <span class='ocrx_word' id='word_1_954' title='bbox 3562 5644 3758 5703; x_wconf 77' lang='lat' dir='ltr'><strong>mobilit-</strong></span> 
     </span>
    </p>
   </div>
   <div class='ocr_carea' id='block_1_124' title="bbox 2210 5723 2943 5798">
    <p class='ocr_par' dir='ltr' id='par_1_124' title="bbox 2210 5723 2943 5798">
     <span class='ocr_line' id='line_1_124' title="bbox 2210 5723 2943 5798; baseline 0.011 -21"><span class='ocrx_word' id='word_1_955' title='bbox 2210 5740 2311 5794; x_wconf 81' lang='lat' dir='ltr'><strong>que</strong></span> <span class='ocrx_word' id='word_1_956' title='bbox 2339 5723 2573 5798; x_wconf 86' lang='lat' dir='ltr'><strong>Spiritus</strong></span> <span class='ocrx_word' id='word_1_957' title='bbox 2610 5723 2943 5785; x_wconf 80' lang='lat' dir='ltr'><strong>nominatur.</strong></span> 
     </span>
    </p>
   </div>
  </div>
