3936 6168
157 289 245 342 785
1245 296 1332 352 DE
1373 295 1642 354 SPIRITU
1681 296 1953 358 SANCTO
1994 303 2127 363 LIB.
2175 307 2259 364 Ill.

3318 318 3425 375 786

144 406 224 461 cit.
256 405 312 461 Et
341 405 461 462 ideo
487 406 652 462 etiam
677 408 935 464 Salomon
963 413 1265 481 prospexit,
1300 421 1357 467 ut
1388 411 1714 468 machaeram
1743 417 1799 479 Α
1822 416 2062 473 lescentis
2093 419 2272 494 (Dan.
2301 440 2376 490 IV,
2413 424 2473 481 21
2501 423 2542 496 ),
2571 426 2819 494 Spiritum
2859 428 2913 482 in
2942 443 3008 483 eo
3062 440 3212 500 putet
3262 432 3428 488 fuisse

141 497 270 552 illam
291 499 506 569 juberet
532 499 719 557 alferri
747 503 835 572 (Ill
869 503 997 577 Reg.
1025 520 1104 572 ιιι,
1134 504 1270 577 24);
1301 506 1426 576 quia
1457 507 1714 562 simulato

140 590 266 661 quod
308 591 552 648 dividere
585 593 750 649 vellet
805 593 1070 652 infantem
1096 639 1108 659 .
1158 597 1530 653 consideravit
1573 597 1718 668 quod

139 698 250 739 vera
276 694 442 742 mater
469 687 590 757 plus
637 689 950 746 consuleret
1000 692 1112 747 lilio
1163 709 1326 763 quam
1377 694 1612 760 solatio;
1663 703 1717 750 et

139 779 346 850 gratiam
371 781 506 851 juri,
541 798 648 838 non
680 786 1008 856 gratitejura
1041 786 1340 857 praeferret.
1379 791 1444 842 At
1467 804 1596 843 vero
1623 788 1714 842 illa

139 887 244 943 qua:
272 875 452 930 matris
491 876 777 932 simularet
800 877 1076 947 affectum,
1107 880 1360 936 vincendi
1404 880 1583 936 studio
1612 896 1716 936 cac-

137 982 210 1034 ca,
239 976 262 1004 ο
287 968 431 1036 parvi
459 967 688 1025 duceret
717 970 838 1040 ejus
860 972 1108 1036 exitium,
1131 972 1182 1026 in
1207 989 1312 1044 quo
1339 975 1577 1028 nesciret
1601 974 1716 1044 pie-

138 1059 248 1113 tatis
296 1061 665 1131 dispendium.
725 1063 909 1134 itaque
967 1065 1052 1120 vir
1104 1066 1197 1121 illc
1255 1066 1562 1137 spiritalis,
1619 1069 1710 1137 qui

136 1151 646 1221 dijudicaretomnia
673 1156 972 1229 (Spiritalis
987 1160 1132 1214 enim
1163 1159 1207 1230 (1
1236 1157 1429 1225 Cor.u,
1456 1160 1550 1230 15)
1571 1161 1713 1230 diju-

136 1247 254 1300 dicat
297 1249 506 1321 omnia)
565 1261 815 1307 naturam
863 1254 915 1308 in
964 1253 1248 1308 affectibus
1288 1254 1556 1325 quaesivit,
1589 1269 1712 1325 quas

135 1339 321 1394 latebat
342 1341 394 1396 in
422 1343 653 1400 vocibus
681 1363 694 1399 :
728 1354 783 1400 et
817 1347 1075 1416 pietatem
1103 1345 1481 1416 interrogavit,
1503 1357 1559 1402 ut
1581 1362 1709 1416 pro-

134 1428 265 1486 deret
299 1433 610 1491 veritatem.
667 1435 812 1491 Vicit
862 1438 1048 1508 itaque
1091 1449 1266 1494 mater
1313 1437 1599 1494 charitatis
1627 1437 1708 1494 af-

135 1520 278 1588 lectu,
303 1540 427 1593 qua:
452 1524 667 1604 fructus
695 1537 780 1584 est
831 1528 1089 1600 Spiritus.
1279 1593 1292 1598 η

191 1614 273 1670 58.
314 1616 594 1687 Dijudicat
626 1621 678 1675 in
704 1621 987 1693 prepheta,
1023 1623 1149 1694 quia
1183 1639 1280 1694 per
1320 1625 1585 1695 Spiritum
1614 1627 1708 1681 da-

135 1716 206 1763 tur
243 1723 418 1768 sermo
469 1715 757 1784 sapientia:
783 1734 796 1772 :
824 1719 1098 1786 quomodo
1143 1733 1276 1790 ergo
1306 1729 1538 1790 negatur
1558 1722 1707 1792 quod

1823 510 2098 583 hominis,
2150 533 2256 571 non
2284 517 2543 587 Spiritum
2585 531 2872 586 sanctum;
2917 521 3110 592 legate
3143 523 3196 578 in
3241 533 3425 594 poste-

1822 603 2082 674 rioribus,
2121 617 2177 663 et
2215 610 2456 666 inveniet
2483 613 2604 685 quia
2658 612 2920 682 Spiritum
2966 625 3215 670 sanctum
3267 631 3425 673 acce-

1821 695 1898 764 pit
1927 695 2138 763 Daniel,
2169 707 2224 752 et
2255 699 2378 754 ideo
2406 703 2774 772 prophetavit.
2809 704 3053 774 Denique
3085 712 3143 760 et
3174 722 3270 763 rex
3297 722 3422 764 eum

1820 791 2079 860 prmtulit,
2107 792 2232 861 quia
2263 793 2497 850 habebat
2521 797 2751 866 gratiam
2781 797 3108 865 spiritalem.
3140 799 3233 856 Sic
3277 803 3424 857 enim

1819 882 1950 937 dicit
1980 903 1992 938 :
2022 882 2101 937 Tu
2127 895 2319 951 autem,
2357 885 2569 953 Daniel,
2595 898 2738 960 potes
2763 907 2782 955 ;
2809 891 2929 960 quia
2953 891 3184 962 Spiritus
3214 903 3424 947 sanctus

1817 972 1916 1027 Dei
1950 975 2001 1028 in
2029 986 2076 1030 te
2101 986 2196 1030 est.
2226 976 2294 1032 Et
2317 977 2454 1032 infra
2483 979 2765 1049 Scriptura
2821 979 2954 1034 dicit
2984 999 2995 1034 :
3026 979 3093 1034 Et
3117 983 3214 1053 fuit
3237 981 3433 1038 Daniel

1815 1069 2123 1138 prwpositus
2151 1069 2299 1134 illis;
2331 1072 2581 1137 quoniam
2611 1069 2844 1140 Spiritus
2869 1081 2982 1125 erat
3019 1089 3269 1143 superans
3288 1075 3341 1127 in
3363 1089 3423 1127 eo

1813 1157 1989 1227 (Dan.
2023 1174 2094 1222 vi,
2127 1161 2160 1214 5
2180 1157 2222 1231 ).
2253 1160 2361 1215 Sed
2389 1163 2554 1216 etiam
2584 1161 2785 1234 Moysis
2812 1161 3047 1233 Spiritus
3096 1163 3421 1232 judicaturis

1813 1248 2018 1306 divisus
2045 1261 2128 1306 est
2158 1250 2367 1324 (Nunt.
2400 1270 2475 1322 xi,
2500 1255 2570 1310 25
2589 1253 2630 1326 ).

2409 1347 2639 1404 CAPUT
2679 1349 2789 1403 VII.

1814 1430 2016 1488 Filium
2040 1436 2215 1506 ipsunt
2243 1454 2347 1492 non
2362 1439 2609 1512 judicare
2631 1451 2720 1495 aut
2738 1443 3003 1497 vindicare
3029 1443 3139 1498 sine
3170 1444 3375 1513 Spiritu
3399 1463 3417 1509 ,°

1883 1528 2020 1582 unde
2049 1528 2186 1584 idem
2215 1530 2446 1603 Spiritus
2503 1532 2657 1588 Verbi
2697 1536 2906 1605 gladius
2956 1538 3277 1608 appellatur.
3308 1541 3414 1594 Sed

1883 1638 1997 1675 cum
2021 1623 2247 1678 vicissim
2280 1624 2504 1679 Verbum
2532 1627 2736 1682 dicatur
2754 1629 2985 1700 Spiritus
3016 1631 3246 1701 gladius,
3270 1650 3384 1686 sum
3402 1663 3414 1672 -

1880 1731 2018 1769 ntant
2042 1716 2094 1770 in
2127 1726 2339 1788 utroque
2367 1720 2608 1788 potentia:
2638 1722 2887 1775 unitatem
2920 1723 3043 1777 inde
3069 1725 3332 1794 cognosci.

131 1817 340 1874 arguere
374 1809 549 1876 possit
575 1809 812 1880 Spiritus
838 1821 1061 1866 sanctus
1096 1813 1355 1870 mundum
1382 1813 1451 1869 de
1474 1815 1702 1885 judicio,
1736 1814 1784 1874 B
1882 1807 1972 1861 “-
2015 1806 2120 1863 Sed
2151 1809 2279 1879 quid
2307 1810 2374 1866 de
2401 1811 2614 1866 Galeris
2637 1811 2972 1882 loquamur?
3017 1813 3036 1850 ί
3074 1814 3253 1884 ipsum
3307 1815 3415 1870 DO-

130 1898 204 1968 qui
232 1897 416 1968 judicii
453 1901 596 1956 tollit
626 1903 963 1973 ambiguum,
997 1904 1227 1976 largitur
1267 1909 1568 1962 eventum?

190 1989 308 2047 59c!
321 1990 412 2047 40.
431 1993 624 2049 Daniel
639 2010 854 2066 quoque
871 1996 976 2050 nisi
991 1997 1294 2067 accepisset
1308 1998 1405 2054 Dei
1421 1999 1706 2068 Spiritum,

137 2095 404 2153 numquam
434 2085 710 2155 potuisset
753 2087 1169 2157 deprehendere
1205 2088 1532 2144 adulterium
1589 2090 1712 2146 libi-

133 2172 274 2242 dinis,
304 2176 655 2232 mendacium
680 2178 912 2235 fraudis.
946 2180 1080 2236 Nam
1112 2197 1234 2237 cum
1267 2182 1520 2238 Susanna
1556 2198 1710 2254 pres—

130 2255 420 2339 byterorum
466 2272 962 2342 conjurationibus
1005 2277 1273 2345 appetita,
1327 2275 1582 2332 inﬂexam
1614 2292 1713 2347 po-

125 2362 218 2428 puli
247 2372 474 2419 mentem
507 2364 729 2420 videret
780 2367 1255 2436 contemplatione
1281 2369 1559 2423 seniorum
1588 2385 1602 2434 ;
1655 2379 1711 2425 et

125 2453 348 2509 omnibus
388 2455 658 2511 destituta
707 2457 965 2514 subsidiis
995 2499 1010 2524 ,
1061 2458 1179 2513 sola
1209 2457 1236 2496 ι)
1266 2459 1411 2514 inter
1461 2458 1710 2516 homines

127 2543 376 2612 pudicitia:
407 2562 526 2602 suae
556 2548 775 2603 conscia
809 2548 979 2603 Deum
1029 2549 1296 2604 arbitrum
1345 2561 1661 2620 precaretur
1692 2569 1705 2606 :

127 2633 400 2706 Exaudivit,
435 2641 638 2709 inquit,
675 2639 930 2694 Dominus
984 2656 1159 2695 vocent
1203 2645 1338 2715 ejus,
1387 2660 1502 2697 cum
1556 2644 1709 2698 duce-

123 2736 264 2794 retur,
290 2740 342 2784 ut
364 2733 563 2803 periret
591 2748 610 2786 :
640 2741 689 2786 et
717 2733 958 2787 excitavit
986 2733 1237 2789 Dominus
1289 2735 1543 2807 Spiritum
1587 2753 1708 2792 san-

126 2827 242 2872 ctum
269 2825 410 2892 pueri
438 2823 812 2889 adolescentis,
846 2826 928 2878 cui
954 2841 1139 2880 nomen
1165 2824 1353 2881 Daniel
1375 2827 1533 2897 (Dan.
1569 2845 1662 2882 χιιι
1691 2871 1704 2895 ,

124 2911 355 2984 ιι,ι5).
398 2915 596 2986 Itaque
621 2916 922 2972 secundum
969 2918 1182 2988 accepti
1244 2918 1484 2988 Spiritus
1531 2921 1706 2976 sancti

125 3004 324 3072 gratiam
355 3007 668 3062 vacillantia
695 3007 1025 3078 perﬁdorum
1052 3010 1365 3064 testimonia
1394 3010 1704 3080 deprehen-

125 3095 220 3163 dit;
261 3115 428 3172 neque
455 3101 610 3157 enim
643 3101 747 3156 alia
778 3103 880 3156 nisi
912 3101 1111 3157 divina:
1162 3101 1260 3158 luit
1305 3106 1553 3174 operatio
1603 3121 1704 3176 po-

1817 1899 2025 1955 ntinum
2053 1901 2240 1957 Jesum
2269 1904 2321 1958 in
2371 1903 2578 1974 Spiritu
2622 1920 2729 1960 non
2770 1906 2946 1960 solum
2980 1906 3227 1976 judicare
3263 1923 3420 1964 acce-

1818 1992 2014 2062 pimus,
2052 1993 2148 2049 sed
2178 1995 2343 2050 etiam
2375 1996 2675 2052 vindicare.
2719 1997 2910 2068 Neque
2939 1999 3085 2054 enim
3114 1999 3421 2057 vindicaret

1815 2084 1868 2138 in
1907 2084 2315 2154 Antichristum,
2353 2087 2451 2142 nisi
2485 2098 2617 2144 ante
2635 2089 2703 2143 de
2726 2090 2843 2158 ejus
2877 2091 3088 2144 meritis
3115 2091 3411 2158 judicarct,

1815 2189 1975 2246 quem
1999 2177 2018 2248 (
2041 2177 2181 2230 sicut
2204 2178 2466 2250 legimus)
2494 2177 2751 2234 Dominus
2780 2179 2936 2234 Jesus
2963 2183 3238 2249 interﬁciet
3293 2184 3418 2254 Spi-

1813 2270 1919 2322 ritu
1946 2269 2052 2322 oris
2073 2269 2154 2323 sui
2178 2267 2253 2342 (II
2283 2269 2466 2325 Thess.
2501 2287 2558 2338 ll,
2590 2268 2666 2340 8).
2700 2269 2888 2341 [Alias
2917 2289 3034 2342 cap.
3091 2271 3270 2345 VIII].
3305 2274 3411 2329 Sed

1814 2359 1905 2417 hic
1959 2377 2065 2416 non
2103 2363 2360 2433 acquisita
2383 2363 2554 2434 gratia
2585 2375 2703 2430 est,
2748 2365 2842 2419 sed
2893 2366 3170 2420 individua
3223 2379 3414 2421 manet

1814 2454 2030 2520 unitas;
2085 2455 2211 2525 quia
2261 2470 2436 2524 neque
2474 2453 2726 2510 Christus
2776 2456 2895 2510 sine
2938 2455 3142 2527 Spiritu
3172 2499 3186 2523 ,
3237 2473 3416 2526 neque

1811 2547 2049 2618 Spiritus
2077 2557 2256 2618 potest
2289 2563 2412 2603 esse
2441 2548 2559 2602 sine
2586 2547 2824 2604 Christo.
2866 2547 2986 2604 Non
3029 2549 3176 2605 enim
3227 2558 3408 2620 potest

1810 2639 2008 2695 divinae
2038 2651 2244 2695 natura:
2279 2641 2456 2695 unitas
2487 2641 2752 2711 separari.

1881 2731 1972 2785 45.
2017 2731 2085 2786 Ει
2113 2732 2236 2802 quia
2267 2733 2318 2786 in
2344 2731 2584 2787 medium
2609 2731 2661 2786 id
2692 2731 2843 2786 venit
2886 2734 3202 2804 exemplum
3250 2735 3394 2804 quod

1810 2823 2073 2879 Dominus
2129 2824 2290 2880 Jesus
2339 2824 2626 2880 interﬁciet
2669 2822 2874 2892 Spiritu
2916 2826 3029 2880 oris
3058 2826 3162 2890 sui,
3195 2826 3410 2896 gladius

1809 2915 2026 2986 quidam
2049 2915 2214 2972 Verbi
2237 2917 2469 2986 Spirittts
2513 2919 2836 2992 intelligitur
2884 2918 3126 2988 (Epltes.
3164 2933 3242 2984 vr,
3276 2918 3407 2990 17).

1809 3009 2056 3080 Denique
2093 3021 2150 3066 et
2185 3011 2236 3065 in
2267 3011 2569 3084 Evangelio
2600 3013 2732 3069 dicit
2759 3015 2878 3085 ipse
2915 3013 3179 3068 Dominus
3207 3012 3365 3068 .Iesus
3397 3030 3411 3066 :

1810 3101 1936 3157 Non
1959 3104 2076 3158 veni
2110 3120 2290 3175 pacem
2317 3106 2540 3172 mittere,
2569 3112 2659 3160 sed
2681 3093 2915 3177 gladium
2937 3104 3164 3179 (Matth.
3201 3120 3255 3170 x,
3287 3103 3408 3176 34).

126 3194 334 3258 testatis,
359 3205 416 3250 ut
446 3209 552 3252 eos
581 3210 684 3251 vox
717 3211 813 3250 sua
867 3195 1123 3266 proderet
1152 3240 1166 3264 ,
1222 3213 1452 3268 quorum
1501 3198 1704 3258 latebat
1733 3193 1777 3258 C
1809 3197 1973 3254 Venit
2000 3199 2144 3252 enim
2175 3208 2233 3253 ut
2257 3197 2515 3268 Spiritum
2540 3199 2730 3266 daret,
2759 3200 2994 3270 ideoque
3016 3209 3071 3254 et
3092 3199 3145 3252 in
3173 3213 3270 3253 ore
3294 3197 3412 3268 ejus

123 3282 345 3342 allectus.

184 3379 264 3432 11.
305 3379 582 3450 l’ercipite
606 3379 772 3450 igitur
795 3381 1035 3452 Spiritus
1064 3383 1238 3438 sancti
1269 3397 1484 3438 sacrum
1508 3391 1564 3439 et
1591 3398 1702 3440 cce-

123 3467 243 3525 leste
286 3473 634 3530 miraculum.
685 3473 779 3528 Illa
811 3490 932 3544 quin
971 3475 1163 3530 maluit
1194 3476 1297 3532 sibi
1345 3487 1496 3531 casta
1535 3492 1658 3533 esse
1684 3519 1698 3543 ,

123 3576 262 3630 quam
310 3566 560 3637 populo:
594 3566 683 3621 illa
734 3581 855 3636 qua:
905 3565 1096 3620 maluit
1129 3565 1459 3623 innocentiae
1511 3567 1701 3623 subire

121 3658 422 3726 periculum,
480 3673 646 3728 quam
704 3658 926 3728 pudoris
953 3677 966 3711 :
997 3675 1116 3729 qua:
1142 3674 1264 3714 cum
1298 3670 1656 3716 accusaretur
1682 3701 1697 3726 ,

124 3752 315 3808 tacebat
341 3772 355 3809 :
387 3769 515 3810 cum
542 3755 915 3819 damnaretur,
945 3753 1165 3819 silebat,
1195 3755 1558 3810 conscientiae
1587 3769 1701 3808 suae

122 3855 352 3903 contenta
377 3847 628 3917 judicio:
663 3861 785 3919 qua:
838 3849 1204 3902 reverentiam
1266 3848 1489 3918 pudoris
1537 3848 1700 3902 etiam

124 3934 168 3991 in
198 3941 445 4008 periculis
476 3940 842 4002 reservabat;
894 3955 963 3994 ne
1006 3942 1306 3995 extorsisse
1345 3939 1698 4009 petulantiam

125 4028 414 4088 viderentur
441 4075 456 4096 ,
513 4033 602 4101 qui
651 4040 982 4103 extorquere
1027 4049 1132 4086 non
1166 4041 1455 4101 potuerant
1479 4031 1699 4086 castita-

126 4132 218 4179 tcm
243 4143 254 4180 :
285 4127 379 4181 ubi
400 4127 568 4199 673
591 4127 874 4181 Dominum
902 4124 1466 4194 invocavil,Spiritum
1499 4125 1699 4180 meruit

122 4218 200 4284 qui
278 4218 542 4276 latentem
590 4219 1034 4291 presbyterorum
1093 4217 1488 4273 conscientiam
1545 4231 1701 4273 reve-

126 4307 254 4365 lavit.

183 4402 266 4459 42.
305 4406 529 4463 Discant
559 4405 766 4477 pudica:
811 4406 1136 4462 calumniam
1180 4419 1288 4459 non
1321 4403 1534 4459 timere.
1565 4401 1700 4458 Nam

124 4507 228 4562 aute
255 4499 634 4553 castimoniam
668 4499 792 4553 vitae
825 4497 1099 4568 prmtulit,
1151 4511 1255 4552 nec
1302 4497 1428 4549 vita:
1480 4494 1672 4564 dispen

125 4583 252 4643 dium
282 4593 542 4660 pertulit,
595 4600 649 4646 et
696 4591 923 4662 gloriam
956 4589 1141 4645 retulit
1182 4589 1471 4645 castitatis.
1510 4587 1602 4643 Sic
1650 4572 1782 4643 etD

125 4677 376 4737 Abraham
403 4683 674 4753 quondam
705 4683 892 4751 jussus
945 4694 966 4720 ο
1021 4681 1172 4736 adire
1223 4682 1508 4752 peregrina
1539 4721 1553 4746 ,
1603 4695 1704 4736 nec

126 4775 312 4830 uxoria:
338 4779 580 4847 periculo
605 4777 900 4848 pudicitia),
930 4791 1029 4831 nec
1061 4775 1252 4835 mortis
1271 4777 1566 4847 proposita:
1596 4783 1706 4831 ter-

124 4878 233 4921 rore
262 4878 570 4935 revocatus,
602 4882 655 4925 et
680 4871 840 4924 vitam
871 4883 1051 4937 suam,
1077 4879 1131 4924 et
1169 4868 1549 4924 castimoniam
1587 4883 1702 4924 ser-

123 4959 254 5013 vavit
277 4962 477 5017 uxoris.
509 4961 726 5017 Nullum
755 4962 937 5030 itaque
966 4956 992 4996 ἀ
1029 4961 1139 5015 Deo
1181 4959 1484 5016 credidisse
1529 4958 1705 5029 poeni-

123 5047 216 5102 tuit
243 5067 257 5104 :
304 5061 358 5108 et
387 5054 613 5108 castitas
642 5053 988 5108 devmionem
1013 5052 1309 5108 cumulavit
1335 5054 1389 5107 in
1421 5051 1556 5108 Sara
1584 5092 1599 5116 ,
1645 5061 1701 5106 et

123 5138 326 5199 devotio
363 5149 692 5203 castitatem.

185 5229 271 5287 45.
313 5235 392 5290 Ac
424 5253 490 5292 ne
518 5239 639 5307 quis
670 5236 814 5293 forte
838 5237 1140 5305 existimet,
1166 5239 1290 5308 quia
1315 5237 1534 5293 dicente
1557 5238 1704 5293 Scri-

125 5330 269 5388 ptura
298 5343 313 5381 :
344 5327 601 5383 Excitavit
631 5327 773 5383 Deus
824 5327 1080 5400 Spiritum
1137 5339 1368 5385 sanctum
1391 5329 1538 5400 pueri
1579 5329 1705 5385 adu-

190 5465 217 5536 ξι
255 5458 382 5536 Mss.
416 5463 639 5533 aliquot,
664 5465 809 5536 parvi
837 5463 1045 5536 duceret
1068 5467 1184 5535 ejus
1208 5464 1423 5536 exitum.

193 5525 219 5564 ι’
258 5530 414 5587 Eras.
437 5543 492 5589 et
507 5525 635 5604 'seq.
656 5525 814 5599 edit.,
839 5535 973 5588 inter
997 5525 1167 5589 Itosles
1193 5550 1210 5589 :
1235 5534 1459 5590 Amerb.
1491 5541 1547 5588 et
1569 5549 1704 5588 mss.

129 5611 314 5657 magno
343 5617 633 5657 consensu.
654 5606 788 5657 inter
812 5605 1064 5657 homines.

179 5613 314 5669 agno
343 5617 633 5666 consensu,
654 5613 788 5658 inter
812 5613 1064 5660 homines.

184 5672 220 5748 ξ
259 5671 505 5748 Μυρὼ..
539 5676 683 5729 adire
708 5678 1072 5747 peregrinam;
1105 5676 1260 5730 Eras.
1303 5686 1358 5730 et
1382 5691 1497 5745 seq.
1528 5677 1662 5731 edit.
1688 5718 1703 5745 ,

132 5737 606 5814 adi_re_peregrinam
629 5737 850 5811 ter-ram}
877 5737 1067 5801 omnes
1097 5761 1224 5800 mss.
1255 5755 1313 5798 ut
1341 5748 1394 5800 in
1424 5737 1596 5802 textu.

199 5808 225 5844 ἀ
265 5808 580 5880 Ἱ⁹τρειίιι53.,
614 5808 841 5873 Domino
857 5817 1132 5874 credidisse
1161 5817 1414 5886 paenituit-

1805 3290 2018 3361 gladius
2052 3290 2136 3346 bis
2163 3298 2372 3358 acutus,
2404 3277 2593 3363 utique
2624 3294 2800 3362 gratia
2856 3291 3121 3363 spiritalis
3181 3291 3200 3363 (
3243 3291 3409 3361 Apoc.

1805 3395 1920 3447 xix,
1955 3382 2084 3454 15).
2117 3383 2348 3453 Spiritus
2376 3400 2507 3455 ergo
2540 3383 2707 3440 Verbi
2734 3385 2948 3455 gladius
2977 3395 3082 3440 est.

1875 3474 1967 3528 46.
2013 3474 2082 3528 Ει
2112 3483 2169 3530 ut
2197 3476 2339 3530 scias
2371 3476 2804 3546 inaequalitatem
2839 3493 2947 3532 non
2975 3491 3122 3542 esse,
3161 3477 3257 3530 sed
3287 3478 3409 3531 uni-

1809 3575 1974 3624 tatem
2001 3577 2230 3633 naturae,
2266 3567 2501 3624 Verbum
2540 3584 2756 3640 quoque
2787 3570 2997 3638 gladius
3037 3578 3123 3624 est
3168 3569 3411 3638 Spiritus

1804 3659 2021 3725 sancti;
2070 3660 2332 3729 scriptum
2369 3670 2451 3714 est
2501 3659 2688 3713 enim:
2726 3659 3051 3727 Accipientes
3093 3670 3294 3712 scutum
3343 3661 3408 3727 fi-

1805 3750 1910 3818 dei,
1946 3751 1999 3803 in
2027 3766 2126 3820 quo
2152 3752 2360 3821 possitis
2392 3752 2564 3804 omnia
2594 3752 2696 3805 tela
2735 3751 2952 3824 maligni
3000 3751 3164 3821 ignita
3214 3751 3411 3804 exstiti-

1804 3858 1980 3913 gnere,
2009 3851 2056 3894 et
2079 3842 2279 3912 galeam
2305 3843 2487 3896 salutis
2520 3843 2782 3906 assumite,
2811 3851 2858 3896 et
2885 3842 3116 3911 gladium
3150 3841 3406 3913 Spiritus,

1802 3934 1940 4004 quod
1967 3944 2040 3987 est
2077 3933 2300 3987 Verbum
2329 3933 2424 3988 Dei
2454 3935 2471 4004 (
2503 3933 2696 4005 Epltes.
2730 3949 2802 3996 vr,
2839 3934 2926 3999 16,
2954 3932 3081 4005 17).

1877 4026 1966 4080 47.
2010 4024 2142 4079 Cum
2173 4024 2340 4095 igitur
2362 4025 2525 4080 Verbi
2556 4025 2771 4094 gladius
2796 4024 3034 4094 Spiritus
3059 4037 3284 4082 sanctus
3312 4027 3405 4092 sit,

1805 4125 1861 4172 et
1901 4116 2140 4186 Spiritus
2181 4117 2356 4171 sancti
2400 4117 2615 4187 gladius
2671 4116 2906 4172 Verbum
2950 4117 3045 4173 Dei
3077 4119 3188 4186 sit;
3222 4119 3409 4189 utique

1803 4209 1985 4266 unitas
2013 4217 2097 4266 est
2127 4210 2401 4280 potentiae.

2293 4305 2459 4378 67:.
2497 4303 2726 4361 CAPUT
2767 4303 2904 4359 vm.

1806 4397 2122 4454 Prwdictam
2147 4399 2400 4453 unitatem
2427 4413 2485 4452 eo
2512 4397 2743 4466 probari,
2794 4396 2931 4466 quod
2957 4396 3091 4450 sicut
3125 4394 3306 4460 Pater,
3335 4396 3409 4448 ita

1878 4494 2032 4547 etiam
2068 4491 2112 4545 F
2113 4493 2237 4546 ilius
2265 4491 2562 4546 contristari
2583 4507 2644 4544 ac
2674 4491 2859 4544 tentari
2889 4489 3102 4562 legitur.
3135 4487 3407 4543 Tentatum

1881 4588 2034 4640 etiam
2059 4584 2258 4640 Filium
2285 4589 2338 4640 in
2369 4585 2590 4650 deserto,
2631 4585 2718 4638 ubi
2751 4597 2915 4638 erecta
2938 4584 3114 4653 fuitin
3145 4599 3284 4638 amco
3301 4600 3410 4638 ser-

1879 4685 2028 4749 pente
2069 4677 2240 4747 ﬁgura
2292 4677 2460 4730 crucis
2487 4674 2618 4730 :sed
2673 4673 2934 4745 Spiritum
2981 4690 3179 4744 quoque
3217 4673 3408 4728 ibidem

1879 4777 2126 4824 tentatum
2154 4769 2256 4822 dici
2288 4767 2351 4821 ab
2393 4765 2660 4836 Apostolo.
2697 4763 3117 4818 Hinclsraelitas
3144 4765 3206 4818 ab
3229 4765 3405 4818 eodem

1880 4864 2084 4935 Spiritu
2112 4863 2336 4915 directos
2366 4862 2416 4914 in
2449 4870 2637 4913 terram
2662 4861 2991 4928 promissam,
3020 4859 3224 4928 ipsique
3251 4875 3408 4912 unam

1879 4973 1984 5012 esse
2037 4971 2152 5009 cum
2202 4952 2363 5007 Patre
2394 4963 2441 5007 et
2493 4951 2634 5006 Filio
2664 4952 2977 5005 voluntatem
3031 4968 3093 5006 ac
3121 4953 3406 5022 potentiam

1877 5048 2074 5118 colligit
2115 5046 2436 5100 Ambrosius.

1877 5140 1966 5196 48.
2012 5137 2202 5210 [Alias
2228 5153 2344 5207 cap.
2377 5135 2516 5208 IX.]
2555 5135 3019 5202 Quamunitatem
3054 5135 3184 5192 licet
3234 5137 3401 5191 etiam

1807 5235 1926 5291 aliis
1951 5232 2357 5302 Seripturarum
2388 5229 2528 5285 locis
2554 5228 2924 5285 considerare.
2960 5229 3096 5284 Nam
3142 5245 3266 5284 cum
3310 5229 3399 5284 di-

1807 5336 1897 5384 cat
1926 5324 2184 5382 Ezechiel
2210 5323 2279 5379 ad
2302 5324 2560 5395 populum
2589 5321 2904 5378 Iudaeorum
2943 5339 2956 5376 :
2980 5321 3048 5376 Et
3070 5320 3414 5376 contristastis

1884 5471 1907 5498 θ
1947 5460 2108 5515 Rom.
2139 5458 2275 5515 edit.
2301 5459 2439 5525 sola,
2492 5460 2546 5513 in
2577 5457 2949 5529 superioribus.
2975 5457 3118 5512 Infra
3160 5473 3291 5514 vero
3313 5473 3406 5513 ea-

1809 5533 1933 5617 dem
1983 5532 2116 5588 edit.
2173 5530 2332 5586 Rom.
2379 5545 2504 5586 cum
2540 5543 2672 5586 mss.
2718 5543 2824 5584 non
2869 5531 3078 5599 paucis,
3106 5530 3414 5601 pra’posilus

1807 5605 2079 5730 ιιιῗαςίᾶεε.
2112 5674 2341 5744 aliquot,
2370 5671 2472 5726 Per
2494 5673 2666 5743 ipsum
2705 5669 2986 5727 Dominum
3018 5671 3199 5729 Iesum
3239 5671 3413 5743 Spiri-

1815 5755 1921 5801 lunt
1948 5763 2048 5802 non
2079 5746 2266 5813 solum,
2307 5753 2414 5801 etc.
