3936 6168
536 239 640 293 787

1880 235 2139 293 SANCTI.
2167 238 2327 305 ΑΜΕ

3715 245 3805 301 788

537 370 616 410 me
646 355 699 408 in
728 353 961 408 omnibus
991 352 1071 405 his
1090 391 1107 419 ,
1136 352 1259 406 dicit
1291 350 1544 407 Dominus
1573 352 1593 422 (
1622 351 1807 407 Ezech.
1842 368 1952 419 xvt,
1981 353 2051 407 i5
2078 352 2125 422 );
2158 355 2209 427 ᾼ
2236 368 2429 407 renam
2451 353 2695 409 cmlestis
2723 354 2999 410 alimonia:
3029 354 3269 425 pluviam
3300 354 3670 422 ministrabat,
3708 358 3807 427 ipse

536 446 735 501 Paulus
790 459 930 499 novo
982 445 1183 514 pepqu
1231 447 1283 499 in
1333 445 1561 515 epistola
1611 461 1707 500 sua
1742 444 1914 501 dicit:
1953 442 2131 501 Nolite

534 539 842 595 contristare
869 536 1124 609 Spiritum
1152 547 1385 592 sanctum
1414 535 1514 592 Dei
1536 579 1554 606 ,
1583 538 1637 592 in
1666 554 1766 608 quo
1795 539 1987 606 signati
2007 537 2131 593 estis

537 626 769 702 (Ephes.
800 642 874 691 tv,
908 626 1030 699 30).
1073 626 1282 683 Rursus
1311 643 1434 683 cum
1479 626 1670 683 Esaias
1715 628 1858 683 dicat
1902 628 1969 683 de
2000 628 2131 698 ipsis

532 720 738 777 Judreis
771 739 785 774 :
819 718 933 792 Ipsi
958 729 1131 772 autem
1159 735 1259 774 non
1288 719 1638 786 crediderunt,
1682 719 1772 775 sed
1798 720 2133 775 exacerbave-

532 823 654 869 runt
688 815 942 887 Spiritum
972 824 1206 868 sanctum
1234 812 1256 887 (
1287 811 1435 869 Esai.
1471 831 1623 881 um,
1660 813 1769 885 10)
1800 832 1813 880 ;
1867 813 2037 870 David
2065 814 2135 870 de

535 909 649 965 Deo
682 908 850 965 dicit:
885 909 950 967 Et
971 908 1406 963 exarerbarerunt
1430 908 1737 963 altissimum
1768 910 1820 962 in
1856 909 2084 962 siccitate
2113 948 2130 974 ,

531 1008 579 1055 et
612 1008 932 1055 tentoverunt
991 998 1151 1053 Deum
1194 999 1244 1053 in
1272 998 1512 1054 cordibus
1538 1001 1646 1054 suis
1677 999 1697 1073 (
1725 998 1873 1054 Psal.
1904 1014 2083 1056 Lxxvtt
2113 1041 2129 1066 ,

534 1093 625 1161 rt,
676 1094 808 1164 is).

600 1185 692 1242 49.
737 1186 934 1257 Accipe
964 1186 1128 1243 etianr
1171 1185 1296 1255 quia
1326 1201 1446 1241 cum
1478 1185 1607 1241 alibi
1643 1184 1844 1241 dixerit
1889 1184 2135 1255 Scriptu-

530 1294 590 1333 ra
621 1287 884 1334 tentatum
913 1279 1205 1346 Spiritum,
1237 1287 1506 1335 tentatum
1528 1279 1693 1333 etiam
1716 1276 1909 1342 Deum,
1942 1279 2131 1333 eadem

535 1376 679 1430 dicat
707 1387 760 1431 et
784 1374 1061 1430 Christum
1085 1388 1208 1428 esse
1240 1381 1540 1437 tentatum;
1572 1371 1738 1427 habes
1760 1371 1905 1426 enim
1936 1370 2002 1426 ad
2031 1368 2137 1426 Co-

538 1467 774 1523 rinthios
808 1467 1127 1535 Apostolum
1160 1483 1174 1519 :
1207 1463 1391 1534 Neque
1416 1474 1666 1518 tentemus
1695 1461 1980 1529 Christum,
2005 1463 2138 1517 sicut

532 1561 744 1630 quidam
783 1574 960 1612 eorum
999 1565 1342 1623 tentat'erunt,
1385 1564 1434 1609 et
1464 1572 1495 1608 a
1527 1555 1845 1626 serpentibus
1877 1554 2135 1626 perierunt

533 1652 551 1721 (
585 1653 601 1706 l
635 1649 755 1705 Cor.
795 1666 850 1713 χ,
881 1646 978 1721 9).
1010 1647 1167 1704 Justa
1190 1647 1455 1715 vindicta,
1487 1654 1547 1701 ιιι
1577 1646 1873 1701 adversarii
1925 1661 2134 1702 venena

536 1745 830 1805 sentirent,
872 1742 965 1812 qui
991 1756 1100 1795 non
1127 1742 1531 1795 venerabantur
1555 1748 1858 1795 auctorem.

607 1838 697 1895 50.
745 1837 812 1893 Et
842 1838 980 1892 bene
1011 1835 1297 1902 Dominus,
1327 1849 1475 1890 aereo
1520 1842 1775 1906 serpente
1827 1848 2094 1906 suspenso
2120 1876 2135 1901 ,

531 1937 702 2008 jussit
751 1934 933 1989 curari
972 1931 1199 1987 vulnera
1253 1930 1563 1986 sauciorum
1613 1927 1831 2002 (Num.
1880 1946 1991 1997 XXI,
2032 1927 2133 2001 9);

532 2030 711 2099 imago
749 2028 896 2081 enim
928 2024 1109 2079 crucis
1134 2037 1314 2079 aereus
1336 2037 1565 2092 serpens
1592 2031 1715 2086 est;
1772 2037 1894 2077 nam
1934 2021 2036 2078 etsi
2084 2022 2137 2077 in

535 2135 701 2175 carne
729 2134 822 2174 sua
856 2132 1156 2188 suspensus
1186 2125 1270 2172 est
1291 2112 1564 2182 Christus,
1592 2126 1767 2171 tamen
1792 2116 1844 2169 in
1868 2130 1933 2170 eo
1946 2126 1999 2170 et
2024 2116 2137 2185 ipse

532 2212 826 2268 cruciﬁxus
855 2218 941 2265 est
966 2208 1192 2275 mundo,
1233 2219 1288 2263 et
1316 2206 1418 2276 ipsi
1444 2207 1737 2265 crucifixus
1759 2217 1843 2264 est
1873 2207 2135 2262 mundus:

536 2303 669 2360 Mihi
699 2307 860 2367 enim,
891 2304 1087 2375 inquit,
1120 2302 1657 2371 mundus_cruciﬁ:cus
1680 2312 1779 2368 est,
1803 2311 1852 2357 et
1873 2317 1967 2373 ego
1988 2317 2137 2355 mun-

530 2400 646 2474 tlo'(
670 2399 844 2455 Galat.
876 2415 953 2465 vr,
988 2396 1119 2468 14).
1151 2395 1460 2453 Cruciﬁxus
1484 2405 1568 2451 est
1595 2411 1728 2469 ergo
1760 2395 1814 2450 in
1836 2395 1951 2450 suis
1980 2411 2137 2450 mun-

533 2495 636 2550 dus
667 2494 979 2557 illecebris;
1014 2499 1071 2547 et
1091 2490 1212 2546 ideo
1236 2506 1345 2545 non
1367 2505 1552 2556 verus,
1580 2490 1675 2545 sed
1706 2503 1884 2544 aereus
1902 2503 2135 2559 suspen-

528 2604 622 2641 sus
654 2597 737 2642 est
769 2600 1037 2656 serpens;
1066 2583 1192 2656 quia
1221 2583 1273 2637 in
1303 2583 1532 2637 Veritale
1583 2580 1801 2655 quidem
1840 2582 2091 2647 corporis
2116 2622 2132 2647 ,

522 2680 622 2737 sed
663 2681 783 2735 sine
816 2681 1046 2735 veritate
1076 2678 1287 2748 peccati
1320 2681 1562 2743 suscepit
1596 2675 1861 2729 Dominus
1887 2677 2127 2745 speciem

527 2772 878 2841 peccatoris;
908 2780 965 2825 ut
995 2786 1088 2840 per
1115 2770 1389 2826 lubricum
1425 2767 1763 2822 inlirmitatis
1792 2767 2039 2821 humana:
2062 2767 2135 2822 si-

534 2862 794 2916 mulando
821 2870 1132 2930 serpentem
1158 2902 1173 2927 ,
1202 2858 1465 2928 depositis
1490 2857 1674 2913 carnis
1720 2858 1932 2913 exuviis
1958 2899 1973 2924 ,
2017 2859 2130 2915 veri

529 2956 839 3009 destrueret
887 2952 1158 3022 serpentis
1209 2950 1488 3006 astutiam.
1540 2951 1642 3004 Per
1688 2966 1903 3006 crucenr
1946 2952 2131 3022 itaque

532 3047 766 3113 Domini,
800 3062 921 3117 qum
955 3047 1008 3099 in
1034 3043 1350 3098 tentationis
1382 3044 1587 3104 ultione
1613 3044 1909 3112 subvenit,
1952 3044 2124 3103 offen-

2166 1740 2214 1807 B

2234 448 2601 519 quotidianam
2634 463 2891 513 messem,
2922 464 3085 520 quam
3131 458 3278 505 terra
3310 464 3413 506 non
3464 449 3805 520 parturient,

2234 539 2469 613 agricola
2504 554 2611 594 non
2644 547 2883 607 severat,
2914 538 3087 595 imbre
3118 538 3288 595 fertili
3326 539 3670 596 fecundabat.

2305 628 2396 685 55.
2454 629 2606 683 Nunc
2660 639 2971 699 spectemus
3026 630 3264 701 singula.
3322 630 3583 702 Requiem
3634 631 3811 688 Judmis

2237 720 2564 789 promiserat
2604 721 2777 786 Dens,
2808 735 2929 775 eam
2963 721 3207 791 requiem
3241 721 3477 790 Spiritus
3515 737 3664 776 suam
3701 723 3812 777 dicit

2234 810 2432 882 (Exod.
2469 827 2562 866 xvi
2586 826 2612 878 ,·
2634 812 2745 883 12).
2776 812 3065 867 Tentatum
3098 829 3157 867 se
3187 830 3213 865 a
3250 813 3476 883 perﬁdis
3505 814 3645 870 Dens
3676 815 3811 869 Pater

2237 914 2540 971 meruerat,
2584 913 2843 959 tentatum
2887 905 2955 958 ab
2997 905 3189 960 iisdem
3224 920 3286 960 se
3315 906 3447 960 dicit
3477 914 3535 961 et
3560 906 3805 976 Spiritus;

2234 996 2360 1063 quia
2405 1009 2510 1049 una
2554 996 2784 1051 tentatio
2824 1006 2946 1062 est,
2987 1012 3091 1066 qua
3141 1005 3344 1052 tentata
3378 1007 3463 1053 est
3492 1012 3524 1051 a
3555 998 3811 1067 sacrilegis

2237 1102 2343 1142 una
2374 1087 2633 1142 divinitas
2662 1087 2978 1144 Trinitatis.
3024 1088 3368 1144 Condenrnat
3409 1089 3554 1144 Deus
3587 1090 3813 1159 populum

2236 1180 2552 1236 J‘udrcorum
2598 1183 2616 1252 (
2646 1181 2810 1236 Num.
2844 1198 2961 1248 xw,
2993 1181 3107 1253 8);
3156 1193 3214 1236 ιιι
3257 1183 3309 1235 in
3355 1193 3554 1237 terram
3587 1183 3813 1238 fluentem

2239 1273 2325 1329 lac
2353 1284 2409 1329 et
2440 1275 2543 1329 mel
2568 1316 2582 1341 ,
2617 1272 2724 1328 hoc
2750 1284 2829 1328 est
2852 1315 2866 1340 ,
2900 1273 2967 1327 ad
2996 1274 3422 1330 resurrectionis
3451 1276 3684 1343 requiem
3714 1289 3815 1344 per-

2237 1366 2427 1421 venire
2472 1380 2579 1420 non
2625 1367 2832 1436 possit:
2866 1366 3055 1421 eadem
3099 1368 3374 1422 sententia
3418 1366 3735 1422 condemnat
3769 1375 3815 1422 et

2236 1463 2474 1535 Spiritus
2496 1462 2685 1519 dicens
2709 1479 2723 1517 :
2749 1461 2812 1518 Si
2837 1463 3116 1516 introibant
3140 1461 3193 1516 in
3216 1462 3444 1533 requiem
3472 1478 3637 1516 meam
3659 1460 3807 1532 (Psal.

2241 1571 2392 1620 χειν,
2422 1556 2482 1610 Η
2509 1555 2554 1627 ).
2602 1554 2776 1611 Unius
2827 1570 2958 1627 ergo
3001 1554 3277 1611 sententia
3318 1556 3648 1624 voluntatis,
3680 1554 3816 1611 utrius

2238 1650 2559 1706 excellentia
2595 1651 2880 1721 potestatis
2914 1659 3019 1704 est.
3144 1716 3151 1721 ι

2610 1726 2614 1731 ’
2849 1741 3085 1798 CAPUT
3140 1743 3234 1798 1x.
3786 1816 3791 1819 _

2243 1838 2500 1909 Spiritum
2528 1839 2762 1893 sanctu‘m
2789 1838 3087 1894 exacerburi
3115 1839 3456 1909 conﬁrmatur
3482 1854 3545 1893 ex
3572 1836 3703 1892 Petri
3725 1851 3819 1889 rer-

2313 1931 2389 1985 bis
2412 1948 2432 1997 ;
2463 1932 2549 1986 ubi
2578 1947 2735 1986 unum
2764 1940 2810 1986 et
2838 1929 2970 1984 idem
3001 1946 3110 1984 esse
3141 1928 3403 2004 Spiritum
3432 1925 3564 1995 Dei,
3591 1944 3648 1984 ac
3672 1925 3817 1997 Spiri-

2314 2035 2418 2079 tum
2459 2023 2699 2093 Domini,
2743 2042 2859 2079 cum
2904 2041 2968 2079 ea:
3010 2025 3130 2079 aliis
3164 2023 3327 2091 locis,
3363 2033 3472 2077 tum
3510 2039 3538 2076 e
3572 2030 3818 2076 memorata

2313 2117 2545 2193 ejusdem
2575 2116 2794 2186 apostoli
2825 2115 3074 2169 sententia
3104 2114 3157 2168 in
3187 2113 3447 2168 Anartium
3481 2129 3542 2167 ac
3570 2111 3816 2181 Sopatrum

2313 2210 2599 2266 ostenditur
2621 2225 2640 2263 :
2679 2208 2816 2262 unde
2859 2207 3087 2280 Spiritus
3123 2208 3290 2262 sancti
3327 2206 3410 2262 vel
3444 2223 3561 2261 cum
3592 2204 3733 2260 Patre
3765 2220 3816 2258 ac

2314 2302 2454 2359 Filio
2479 2302 2890 2376 conjunctionent
2908 2344 2922 2368 ,
2950 2300 3029 2354 vel
3053 2300 3317 2372 prapriam
3345 2299 3659 2354 divinitatem
3681 2294 3816 2353 euinci

2311 2389 2657 2453 contenditur.

2311 2488 2399 2544 54.
2431 2488 2685 2542 Fortasse
2714 2494 2897 2541 tamen
2930 2482 3123 2557 aliquis
3154 2483 3364 2540 diceret
3397 2484 3505 2540 hoc
3535 2480 3811 2549 exemplum
3904 2540 3905 2549 χ

2241 2599 2347 2637 non
2378 2596 2537 2652 posse
2577 2579 2643 2634 ad
2674 2580 3071 2649 proprietatem
3104 2579 3281 2634 sancti
3309 2577 3555 2649 Spiritus
3583 2575 3807 2640 derivari,

2238 2675 2338 2731 nisi
2368 2676 2476 2730 alio
2510 2674 2633 2728 loco
2660 2672 2829 2728 etiam
2858 2672 3055 2727 Petrus
3093 2673 3387 2743 apostolus
3426 2688 3529 2727 nos
3566 2669 3810 2727 docuisset

2236 2770 2473 2841 peccatis
2515 2767 2719 2823 nostris
2760 2767 2927 2821 etiam
2967 2763 3230 2843 Spiritum
3278 2780 3445 2835 posse
3487 2765 3710 2830 tentari,
3744 2762 3808 2817 sic

2234 2863 2379 2918 enim
2414 2860 2581 2916 habes
2612 2861 2679 2914 ad
2712 2861 2936 2915 Ananiae
2964 2859 3253 2930 conjugem
3286 2860 3499 2915 dictum
3529 2878 3543 2914 :
3576 2858 3703 2939 Quid
3726 2858 3806 2911 uti-

2231 2973 2329 3027 que
2346 2955 2577 3009 convenit
2599 2954 2737 3009 vobis
2760 2966 2953 3009 tentare
2976 2953 3231 3025 Spiritum
3254 2950 3476 3009 Domini
3498 2954 3631 3029 (Act.
3656 2971 3703 3018 v,
3724 2951 3805 3023 9)?

2233 3047 2444 3101 Etenim
2489 3047 2697 3101 Domini
2742 3046 2976 3115 Spiritus
3006 3047 3119 3115 ipse
3149 3054 3235 3101 est
3263 3046 3360 3100 Dei
3398 3048 3668 3117 Spiritus;
3695 3045 3805 3115 quia

525 3156 636 3195 smn
697 3142 747 3193 in
805 3138 1028 3209 perﬁdis
1060 3136 1343 3191 Trinitatis
1370 3150 1634 3211 agnosco,
1666 3140 1755 3209 qui
1790 3140 2126 3197 medicinam
2150 3112 2198 3187 Ct
2232 3154 2370 3194 unus
2402 3150 2620 3213 sanctus
2650 3151 2728 3195 est
2753 3139 3019 3211 Spiritus,
3045 3147 3103 3192 ut
3128 3139 3290 3193 etiam
3326 3140 3531 3195 Paulus
3561 3140 3804 3211 apostolus

528 3232 809 3289 Trinitatis
836 3229 1064 3299 accipio.

596 3323 683 3376 5|.
730 3320 875 3391 Ergo
899 3337 1021 3377 cum
1049 3319 1250 3374 habeas
1280 3320 1333 3374 in
1362 3319 1498 3375 libro
1530 3318 1702 3393 Moysi
1732 3363 1746 3389 ,
1778 3324 1902 3393 quia
1930 3323 2124 3380 Domi-

527 3428 628 3468 nus
657 3421 896 3466 tentatus
926 3422 1210 3487 serpentes
1242 3411 1526 3465 immiserit
1559 3412 1758 3484 populo
1807 3412 2120 3475 Judaeorurn

524 3510 547 3582 (
577 3506 734 3562 Num.
771 3523 882 3577 χχι,
914 3505 1017 3578 6),
1041 3520 1267 3560 necesse
1294 3515 1378 3561 est
1408 3516 1503 3559 aut
1536 3507 1795 3561 unitatem
1837 3508 1891 3561 in
1927 3508 2123 3581 majes-

526 3609 634 3656 tate
661 3599 839 3653 divina
874 3596 1096 3653 fatearis
1129 3594 1303 3663 Patris
1329 3604 1383 3650 et
1410 3595 1528 3652 [ε’ιίἰί
1563 3605 1617 3652 et
1644 3596 1878 3667 Spiritus
1907 3601 2076 3654 sancti
2104 3618 2118 3655 :

520 3706 613 3750 aut
633 3704 780 3750 certe
826 3701 851 3730 α
884 3708 1004 3747 cum
1035 3691 1296 3761 Spiritum
1323 3690 1467 3746 dicat
1496 3691 1793 3761 apostolica
1841 3691 2120 3760 Scriptura

526 3796 815 3851 tentatum,
846 3780 1067 3841 Domini
1092 3784 1313 3840 nomine
1344 3783 1602 3855 Spiritrun
1639 3783 1826 3859 utique
1867 3784 2122 3857 designa-

519 3881 619 3933 vit.
654 3878 949 3933 Teutatum
977 3887 1158 3933 autem
1193 3875 1455 3947 Spiritum
1485 3885 1731 3931 sanctum
1763 3877 1832 3931 ad
1861 3875 2123 3939 Hehrtcos

522 3971 772 4027 scribens
800 3970 1082 4039 apostolus
1108 3970 1268 4035 dicit;
1305 3970 1384 4024 sic
1412 3970 1564 4027 enim
1607 3969 1808 4026 habes:
1841 3970 1976 4039 Quia
2006 3971 2119 4026 [uec

522 4064 647 4119 dicit
676 4063 902 4136 Spiritus
930 4074 1171 4127 sanctus:
1204 4062 1371 4139 Hodie
1395 4065 1438 4119 si
1465 4079 1640 4117 vocem
1665 4067 1779 4137 ejus
1822 4066 2116 4134 audieritis,

522 4157 961 4215 nnliteobdurure
985 4158 1141 4213 corda
1168 4169 1357 4224 vestra,
1389 4160 1522 4213 sicut
1551 4161 1602 4212 in
1631 4159 1918 4221 irritatione
1936 4178 2115 4223 secuit.

522 4250 645 4304 dum
672 4251 809 4305 diem
839 4251 1139 4304 tentationis
1165 4252 1223 4305 in
1264 4250 1488 4312 deserto,
1533 4250 1620 4310 ubi
1667 4261 1989 4307 tentaverunt
2034 4271 2114 4309 me

522 4355 693 4417 patres
719 4344 895 4411 vestri,
925 4343 1265 4416 probaverunt
1288 4353 1332 4397 et
1363 4343 1597 4405 viderunt
1627 4359 1783 4416 apem
1813 4361 1945 4405 mea.
1979 4346 2112 4414 Qua-

521 4435 763 4507 draginta
786 4435 938 4491 annis
971 4434 1236 4505 proximus
1264 4436 1341 4506 [ui
1367 4435 1685 4506 generationi
1705 4434 1847 4503 huic,
1877 4446 1926 4491 et
1950 4438 2059 4503 dixi
2089 4455 2109 4493 :

2234 3232 2419 3288 dot-uit
2463 3233 2651 3288 dicens
2678 3251 2691 3287 :
2736 3231 2837 3287 Vos
2862 3243 3034 3286 autent
3064 3233 3117 3286 in
3148 3249 3304 3287 carne
3332 3250 3440 3289 non
3474 3234 3596 3290 estis
3615 3277 3628 3299 ,
3656 3233 3733 3287 sed
3761 3232 3801 3284 in

2234 3326 2474 3395 Spiritu;
2501 3327 2544 3379 si
2574 3335 2744 3380 tamen
2772 3325 3002 3395 Spiritus
3028 3323 3122 3378 Dei
3148 3325 3340 3380 habitat
3368 3327 3427 3380 in
3450 3326 3609 3395 vobis.
3635 3324 3692 3380 Si
3712 3322 3802 3391 quis

2232 3430 2404 3471 autem
2448 3416 2702 3487 Spiritum
2742 3414 2932 3472 Christi
2970 3435 3071 3472 non
3109 3415 3292 3481 habet,
3341 3420 3432 3473 hic
3472 3436 3574 3473 non
3611 3427 3679 3474 est
3714 3419 3803 3490 ejus

2234 3506 2411 3582 (Rom.
2432 3525 2555 3573 vtrt,
2577 3508 2653 3580 9).
2682 3508 2959 3565 Prmmisit
2979 3510 3238 3579 Spiritum
3267 3508 3359 3565 Dei
3382 3555 3397 3576 ,
3427 3521 3482 3567 et
3503 3511 3676 3566 statim
3696 3508 3797 3561 sub-

2228 3601 2365 3658 didit
2392 3600 2641 3657 eurndem
2678 3617 2800 3657 esse
2830 3600 3089 3670 Spiritnrn
3112 3600 3335 3658 Christi.
3362 3602 3439 3658 Et
3464 3620 3584 3659 cum
3608 3602 3801 3656 dixisset

2228 3694 2296 3750 de
2340 3695 2543 3764 Spiritu
2567 3737 2581 3760 ,
2609 3706 2666 3750 ut
2695 3696 3130 3767 iutelligeremus
3166 3697 3288 3769 quia
3322 3698 3416 3754 ubi
3447 3699 3674 3770 Spiritus
3697 3711 3798 3748 sm-

2226 3797 2348 3843 ctus
2370 3830 2382 3852 ,
2414 3789 2486 3843 ibi
2521 3789 2772 3845 Christus
2802 3799 2909 3854 est,
2940 3788 3145 3843 addidit
3175 3807 3188 3843 :
3224 3788 3284 3845 Si
3316 3803 3494 3846 autem
3525 3790 3739 3846 Christus
3756 3787 3798 3837 ὶη

2226 3879 2364 3934 vobis
2391 3878 2596 3955 (lbid.,
2628 3878 2747 3950 10).
3037 3942 3041 3947 ,

2296 3974 2387 4030 55.
2424 3973 2629 4029 Deinde
2650 3972 2922 4045 quomodo
2949 3972 3035 4030 hic
3063 3973 3429 4049 intelligimus
3451 3975 3577 4047 quia
3596 3970 3676 4027 ubi
3697 3968 3797 4038 Spi-

2222 4066 2360 4120 ritus
2384 4107 2397 4132 ,
2428 4066 2499 4120 ibi
2531 4074 2587 4121 et
2615 4065 2908 4131 Christus;
2952 4064 3025 4119 ita
3065 4066 3229 4120 etiam
3262 4066 3389 4120 alibi
3434 4064 3669 4123 ostendit
3693 4060 3792 4131 quia

2221 4160 2314 4214 ubi
2359 4158 2646 4225 Christus,
2694 4157 2765 4211 ibi
2807 4159 2969 4214 etiam
3017 4158 3259 4229 Spiritus
3299 4171 3528 4215 sanctus
3560 4159 3645 4212 sit.
3684 4153 3791 4207 Nam

2217 4268 2339 4308 cum
2364 4240 2634 4308 dixisset:
2662 4250 2934 4321 Numquid
2977 4252 3380 4319 experimentum
3413 4256 3523 4327 ejus
3558 4246 3789 4321 qttteritis,

2215 4349 2303 4418 qui
2332 4349 2384 4411 in
2411 4364 2488 4401 me
2515 4348 2740 4418 loquitur
2771 4346 3003 4400 Christus
3031 4344 3097 4418 (11
3120 4346 3240 4402 Cor.
3267 4364 3385 4411 xm,
3414 4349 3508 4420 5);
3542 4344 3662 4401 alibi
3689 4341 3780 4397 ait:

2225 4441 2365 4496 Puto
2394 4441 2527 4495 enim
2556 4448 2604 4497 et
2631 4456 2723 4510 ego
2754 4439 3011 4510 Spiritum
3041 4437 3138 4493 Dei
3168 4440 3327 4494 habeo
3354 4439 3399 4511 (Ι
3424 4437 3542 4494 Cor.
3572 4453 3655 4505 ιιι,
3685 4432 3783 4505 40),

523 4505 740 4601 Semper
762 4528 848 4581 isti
872 4537 1049 4583 errant
1076 4505 1272 4591 corde;
1317 4528 1418 4599 ipsi
1466 4544 1582 4583 vero
1630 4545 1732 4582 non
1773 4540 2116 4607 cognoverunt
2143 4505 2195 4575 Π
2224 4532 2605 4604 [nseparabilis
2649 4505 2985 4605 ergov676
3022 4539 3106 4586 est
3157 4505 3375 4598 unitas,
3417 4532 3544 4605 quia
3589 4529 3669 4584 ubi
3711 4530 3787 4579 aut

516 4624 624 4678 vias
655 4639 814 4685 meas,
842 4624 971 4679 sicut
991 4622 1171 4699 juravi
1206 4623 1262 4676 in
1286 4623 1367 4677 ira
1393 4638 1529 4689 mea,
1552 4623 1598 4677 si
1624 4622 1909 4683 introibant
1935 4626 1987 4688 in
2028 4642 2112 4687 re-

516 4716 686 4784 quiem
711 4730 879 4769 meam
909 4712 927 4773 ι
960 4710 1115 4769 Hebr.
1148 4727 1227 4777 tu,
1264 4713 1293 4766 7
1324 4722 1373 4769 et
1402 4729 1506 4784 seq.

585 4807 753 4881 675
777 4804 865 4861 52.
903 4806 1042 4877 Ergo
1070 4804 1371 4865 secundum
1412 4805 1734 4881 Apostolum
1767 4813 2008 4869 tentatus
2033 4818 2120 4864 est

515 4899 773 4971 Spiritus.
799 4898 855 4954 Si
879 4905 933 4953 et
956 4897 1072 4972 ipse
1096 4907 1331 4955 tentatus
1356 4907 1458 4965 est,
1485 4907 1541 4959 et
1569 4900 1687 4973 ipse
1710 4900 1893 4973 utique
1925 4902 1975 4956 in
2006 4910 2115 4959 ter-

517 5010 633 5049 ram
667 4994 1110 5067 repromissionis
1149 4993 1463 5050 Judzeorum
1506 4996 1765 5073 populum
1808 4996 2111 5069 dirigebat,

514 5088 659 5143 sicut
684 5087 946 5158 scriptum
977 5094 1101 5141 est:
1138 5084 1273 5159 Quia
1309 5086 1530 5143 adduxit
1570 5103 1656 5151 eos
1696 5103 1788 5161 per
1829 5088 2070 5160 abyssum
2094 5130 2109 5155 ,

512 5180 642 5237 sicut
670 5193 855 5247 equum
883 5193 971 5245 per
1001 5177 1258 5237 desertum
1280 5219 1295 5246 ,
1326 5188 1370 5234 et
1399 5194 1500 5237 non
1531 5178 1927 5249 laboraverunt,
1955 5190 2001 5241 et
2042 5181 2113 5235 si-

514 5280 600 5327 cut
625 5287 808 5341 pecora
833 5287 922 5342 per
948 5286 1208 5343 campum.
1240 5269 1517 5326 Descendit
1547 5271 1781 5351 Spiritus
1804 5290 1836 5328 a
1864 5271 2111 5343 Domino,

511 5376 560 5420 et
586 5364 771 5419 direxit
797 5381 880 5419 eos
907 5363 1082 5434 (Esai.
1113 5379 1247 5419 unt
1268 5406 1281 5431 ,
1311 5364 1412 5429 1⁸5,
1439 5363 1550 5435 14).
1587 5366 1651 5419 Et
1675 5365 1792 5436 ipse
1815 5365 2003 5436 utique
2029 5381 2112 5421 se-

589 5536 617 5569 ι
657 5527 820 5582 Rom.
850 5525 983 5581 edit.
1011 5530 1067 5580 et
1094 5527 1217 5581 eod.
1249 5525 1421 5591 Flam,
1464 5540 1580 5579 eum
1626 5523 1929 5582 Dominum.
1954 5522 2108 5584 Haud

517 5603 661 5656 bono
691 5611 880 5651 sensu.
905 5595 1144 5661 Namque
1172 5596 1467 5666 apostolica
1503 5596 1783 5663 Scriptura
1814 5611 1936 5665 qua:
1965 5596 2110 5653 indl-

518 5669 709 5737 φησιν.
722 5679 829 5737 non
859 5666 962 5719 alia
990 5670 1075 5720 est
1103 5674 1262 5737 quam
1290 5683 1412 5737 quas
1438 5667 1748 5736 subjicitur,
1774 5666 1864 5723 ubi
1894 5669 2108 5726 scilicet

517 5735 643 5791 dicit
675 5735 903 5805 Spiritus
931 5735 1140 5813 sanctus
1271 5735 1591 5813 tentoriorum
1613 5754 1693 5794 me
1717 5750 1887 5809 patres
1924 5742 2100 5797 vestri.

2225 4623 2404 4691 Pater,
2439 4633 2526 4678 aut
2562 4622 2841 4687 Christus,
2873 4635 2961 4677 aut
3004 4621 3270 4692 Spiritus,
3305 4622 3583 4696 Scriptura
3623 4616 3785 4674 testiﬁ-

2221 4729 2413 4784 cante,
2450 4719 2733 4791 signatur;
2776 4718 2845 4771 ibi
2877 4717 3054 4771 omnis
3095 4714 3376 4786 plenitudo
3408 4729 3490 4772 est
3516 4711 3783 4770 Trinitatis.

2293 4811 2384 4868 56.
2416 4810 2584 4888 [Alias
2608 4828 2723 4883 cap.
2748 4809 2844 4884 Χ]
2872 4810 2979 4867 Sed
3006 4821 3061 4867 et
3090 4810 3206 4881 ipse
3233 4811 3427 4866 Petrus
3458 4811 3508 4865 itt
3538 4820 3599 4867 eo
3617 4851 3633 4877 ,
3661 4801 3784 4877 quod

2224 4906 2607 4979 prOpnsuimus
2627 4946 2642 4970 ,
2672 4904 2924 4978 exemplo
2956 4904 3212 4976 pra'misit
3240 4904 3497 4976 Spiritum
3527 4908 3779 4965 sanctum,

2213 5008 2264 5054 et
2298 5006 2487 5070 postea
2518 4997 2655 5051 dixit
2694 4997 2956 5077 Spiritum
3001 4995 3251 5063 Domini;
3291 4998 3373 5051 sic
3410 4997 3551 5063 enim
3592 4992 3777 5047 habes:

2218 5090 2441 5155 Anania,
2469 5104 2560 5142 cur
2586 5074 2814 5158 implevit
2840 5074 3067 5142 Satanas
3093 5103 3180 5141 cor
3206 5098 3348 5140 tuum
3375 5087 3445 5155 ad
3468 5082 3777 5140 mentiendum

2215 5182 2441 5254 Spiritui
2467 5192 2666 5243 sancto,
2694 5190 2747 5235 ut
2773 5181 3004 5251 fraudem
3036 5182 3230 5259 [aceres
3259 5178 3323 5233 de
3346 5176 3647 5263 pretio'aqri
3665 5172 3687 5227 .’
3708 5168 3777 5225 Ita

2215 5292 2385 5331 nonne
2420 5292 2632 5341 manens
2672 5275 2763 5329 tibi
2802 5272 3036 5335 manebat
3068 5313 3085 5351 ε
3120 5283 3170 5327 et
3208 5271 3446 5338 venditus
3484 5273 3537 5337 in
3575 5281 3654 5337 tua
3687 5268 3775 5329 erat

2214 5368 2498 5438 potestate?
2526 5369 2695 5434 Quare
2721 5366 2939 5439 posuisti
2964 5367 3019 5420 in
3042 5365 3195 5419 cor-le
3219 5374 3303 5417 tuo
3329 5365 3427 5419 hoc
3452 5360 3653 5420 scelus?
3673 5353 3784 5435 Non1

2219 5529 2359 5584 Hine
2376 5528 2525 5582 enim
2553 5536 2740 5595 aperto
2761 5527 3049 5583 conﬁcitur
3067 5525 3323 5582 eumdem
3356 5540 3387 5579 a
3418 5525 3582 5581 Paulo
3620 5515 3768 5589 Spiri-

2217 5609 2327 5723 Illtlt‘ll
2354 5598 2480 5723 pici,
2511 5598 2603 5669 qui
2634 5615 2663 5651 a
2693 5598 2879 5677 Moyse
2900 5600 2953 5653 in
2979 5598 3074 5653 lib.
3122 5597 3343 5653 Numer.
3392 5595 3642 5651 Dominus
3685 5600 3765 5667 sp-

2215 5685 2283 5741 pe
2323 5684 2353 5725 ιι
2381 5685 2466 5723 ur.
