3936 6168
519 249 618 307 791

1865 243 2109 301 SANCTI
2149 242 2472 301 AMBROSI]

3707 241 3797 298 792

518 369 893 427 testimonium
932 365 1244 420 convenire.
1287 362 1406 432 Quo
1435 363 1579 419 enim
1611 361 1784 433 possit
1811 361 1919 416 alio
1949 360 2113 416 intel-
2144 363 2198 423 Α
2222 369 2306 417 est
2327 399 2342 427 ,
2375 361 2440 415 de
2465 375 2602 430 aqua
2631 367 2681 414 et
2714 357 2937 428 Spiritu.
2970 358 3116 429 Ergo
3143 371 3266 413 eum
3296 355 3544 412 dubitari
3584 370 3686 411 non
3718 357 3799 413 tle-

522 465 697 521 lectus
737 459 842 515 loci
883 457 1040 513 istius
1067 455 1337 522 derivari,
1371 469 1494 512 cum
1523 453 1696 510 series
1725 453 1974 509 lectionis
2004 462 2116 508 tota

523 557 591 613 de
621 554 824 626 Spiritu
857 552 926 607 sit
948 552 971 606 ι

590 648 681 702 63.
722 642 1055 700 Nicodemus
1085 643 1282 714 quaerit
1310 643 1379 698 de
1409 644 1825 714 regeneratione
1845 684 1860 709 ,
1893 658 2121 714 respon-

517 741 612 796 det
640 736 934 792 Dominus:
961 735 1324 802 Amen,'amen
1347 736 1463 790 dico
1491 735 1614 804 tibi,
1647 736 1749 790 nisi
1775 736 1889 806 quis
1912 745 2121 792 renatus

519 831 678 900 fuerit
709 839 736 867 ⁸
765 845 855 898 per
883 844 1071 900 aquam
1099 837 1146 882 et
1177 827 1438 897 Spiritum
1457 869 1473 894 ,
1506 844 1609 882 non
1637 838 1802 900 potest
1826 829 2038 885 introire
2068 831 2121 884 in

516 940 732 996 regnum
757 921 856 977 Dei
884 920 1065 991 (Joan.
1090 937 1147 976 ιιι
1166 963 1179 986 ,
1203 919 1284 993 5).
1318 921 1383 976 Et
1416 930 1474 976 ut
1502 921 1818 977 ostenderet
1844 922 2002 976 aliam
2029 937 2122 993 ge-

519 1022 861 1074 nerationem
886 1015 1185 1070 secundum
1213 1030 1435 1070 carnem
1463 1030 1606 1081 esse,
1633 1017 1793 1071 aliam
1825 1017 2121 1073 secundum

520 1112 778 1183 Spiritum
803 1152 817 1176 ,
843 1109 1083 1165 addidit:
1113 1109 1264 1178 Quod
1293 1121 1470 1164 natum
1495 1120 1570 1166 est
1595 1127 1660 1166 ea:
1685 1128 1840 1166 carne
1863 1129 1986 1167 caro
2010 1122 2122 1179 est;

521 1206 644 1276 quia
683 1205 746 1259 de
784 1219 937 1257 carne
969 1212 1146 1256 natum
1183 1214 1296 1270 est;
1339 1214 1386 1256 et
1423 1204 1560 1270 quod
1599 1213 1777 1258 natum
1803 1214 1879 1258 est
1910 1205 1974 1258 de
2001 1204 2128 1272 Spi-

519 1299 650 1364 ritu,
673 1296 900 1368 Spiritus
940 1304 1058 1359 est;
1095 1296 1218 1365 quia
1259 1294 1396 1349 Deus
1428 1296 1659 1364 Spiritus
1687 1305 1760 1351 est
1805 1296 2004 1367 (lbid.,
2033 1295 2120 1366 6).

524 1391 632 1446 Pro
659 1403 890 1460 sequere
920 1402 1052 1458 ergo
1082 1396 1248 1442 totam
1280 1389 1476 1444 seriem
1507 1389 1772 1454 lectionis,
1798 1399 1853 1444 et
1879 1387 2126 1444 invenies

528 1480 675 1553 quod
719 1479 981 1535 Dominus
1021 1479 1359 1550 impietatem
1399 1489 1632 1535 vestram
1667 1481 2002 1550 plenitudine
2039 1495 2128 1536 as—

526 1573 786 1629 sertionis
813 1571 1136 1626 excluserit.
1173 1571 1335 1640 Noli,
1369 1574 1575 1642 inquit,
1609 1575 1788 1628 mirari
1817 1575 1937 1642 quia
1979 1575 2088 1629 dixi
2108 1591 2127 1628 :

532 1665 752 1732 Oportet
791 1680 880 1718 vos
919 1663 1062 1718 nasci
1101 1663 1292 1718 denuo.
1325 1663 1553 1734 Spiritus
1585 1666 1671 1718 ubi
1701 1665 1811 1720 uult
1843 1667 2045 1734 spirat,
2079 1678 2126 1722 et

2220 455 2345 510 beat
2373 454 2442 510 de
2469 461 2665 509 sancto
2689 452 2953 524 scriptum
2981 466 3103 507 esse
3125 449 3354 522 Spiritu,
3381 449 3524 520 quod
3549 458 3801 504 natumut

2220 549 2284 603 de
2310 548 2550 618 Spiritu;
2579 563 2686 602 non
2716 555 2800 602 est
2829 545 3054 602 dubium
3082 545 3212 616 quin
3246 544 3392 600 Deus
3418 543 3495 599 sit
3523 551 3579 599 et
3605 552 3801 600 sanctus

2218 645 2492 716 Spiritus,
2523 641 2819 699 secundum
2851 639 2997 713 quod
3039 639 3300 710 scriptum
3349 645 3477 706 est,
3517 637 3639 708 quia
3682 635 3803 693 Deus

2225 736 2454 808 Spiritus
2484 745 2578 790 est.

2293 831 2382 884 67.
2428 828 2573 884 Alibi
2603 841 2822 900 quoque
2861 835 2920 880 ut
2953 826 3053 882 hoc
3080 825 3149 881 de
3186 832 3380 880 sancto
3407 823 3620 894 Spiritu
3648 823 3802 894 scrip-

2223 923 2361 978 sisse
2389 938 2448 979 se
2479 921 2620 977 idem
2653 919 2986 990 evangelista
3017 926 3326 973 reserarct:
3359 915 3472 972 Per
3498 933 3709 987 aquam,
3737 916 3806 971 in-

2223 1015 2377 1086 quit,
2407 1025 2453 1070 et
2480 1015 2738 1084 Spiritum
2767 1013 2900 1068 venit
2930 1009 3165 1066 Christus
3191 1010 3345 1066 Iesus
3365 1051 3381 1075 ,
3434 1026 3538 1064 non
3575 1011 3730 1065 solum
3762 1011 3805 1064 in

2225 1125 2360 1178 aqua
2397 1107 2488 1162 sed
2519 1124 2609 1177 per
2635 1123 2821 1178 aquam
2847 1101 2874 1141 ά
2901 1115 2948 1160 et
2977 1103 3300 1176 sanguinem.
3336 1102 3409 1157 Et
3440 1103 3651 1172 spiritus
3687 1103 3806 1158 testi-

2226 1201 2457 1256 monium
2487 1200 2647 1267 dicit,
2680 1199 2921 1272 quoniam
2950 1197 3183 1270 Spiritus
3213 1206 3286 1252 est
3312 1197 3510 1251 veritas
3534 1213 3553 1262 ;
3577 1198 3690 1266 quia
3723 1205 3808 1249 tres

2227 1306 2346 1350 sunt
2377 1304 2526 1350 testes
2547 1336 2560 1358 ,
2594 1294 2826 1364 Spiritus
2847 1335 2862 1360 ,
2892 1309 3028 1362 aqua
3047 1335 3062 1359 ,
3092 1292 3304 1362 sanguis
3327 1307 3348 1346 :
3375 1298 3428 1344 et
3455 1289 3510 1344 hi
3547 1300 3645 1344 tres
3671 1304 3807 1342 unum

2227 1398 2348 1443 sunt
2381 1388 2422 1460 (Ι
2447 1385 2602 1442 Joan.
2635 1403 2688 1454 v,
2719 1387 2751 1442 6
2780 1397 2828 1440 et
2853 1384 3010 1456 seq.).

2299 1479 2389 1535 68.
2423 1479 2567 1534 Audi
2595 1476 2871 1548 quomodo
2898 1485 3069 1532 testes
3094 1493 3108 1530 :
3138 1474 3382 1546 Spiritus
3407 1481 3643 1528 mentem
3673 1486 3810 1528 reno-

2231 1580 2352 1637 vat,
2395 1585 2532 1642 aqua
2577 1569 2796 1641 prolicit
2838 1567 2907 1622 ad
2952 1567 3268 1633 lavacrum,
3304 1575 3328 1603 ο
3359 1565 3586 1637 sanguis
3625 1573 3810 1635 spectat

2228 1665 2296 1720 ad
2329 1665 2584 1736 pretium.
2615 1663 2854 1734 Spiritus
2883 1662 3028 1716 enim
3059 1676 3158 1716 nos
3186 1675 3283 1730 per
3311 1659 3661 1730 adaptionem
3691 1655 3812 1711 ﬁlios

528 1775 703 1813 vocem
752 1759 863 1828 ejus
901 1756 1054 1812 audis
1082 1774 1100 1811 :
1138 1759 1229 1812 sed
1267 1758 1433 1812 nescis
1472 1757 1610 1812 unde
1649 1759 1818 1813 ueniat
1842 1801 1856 1822 ,
1898 1768 1987 1813 aut
2021 1777 2122 1830 quo
2154 1746 2200 1804 Β
2231 1758 2326 1812 Dei
2358 1757 2519 1823 fecit,
2553 1757 2696 1810 sacri
2727 1754 2894 1810 fontis
2925 1753 3069 1808 unda
3100 1768 3203 1807 nos
3231 1751 3449 1818 abluit,
3485 1749 3697 1820 sanguis
3722 1748 3811 1802 Do-

531 1850 725 1916 vadat;
767 1851 840 1904 sic
879 1861 952 1905 est
993 1850 1159 1904 omnis
1190 1850 1280 1921 qui
1316 1859 1468 1904 natus
1497 1859 1568 1905 est
1595 1850 1659 1906 de
1691 1850 1894 1920 Spiritu
1933 1850 2124 1922 (Ibid.,

422 1997 430 2004 .
531 1960 634 2006 vn.
668 1943 748 2014 8).

603 2037 693 2092 64.
735 2037 867 2104 Quis
904 2047 988 2093 est
1028 2038 1117 2106 qui
1158 2037 1402 2092 nascitur
1427 2037 1496 2094 de
1525 2038 1766 2108 Spiritu,
1799 2048 1855 2094 et
1891 2040 1982 2110 qui
2011 2038 2131 2094 el‘li-

533 2131 674 2184 citur
695 2128 952 2198 Spiritus,
976 2130 1078 2184 nisi
1102 2128 1195 2200 qui
1219 2140 1514 2186 renovatur
1533 2130 1737 2202 Spiritu
1761 2133 1958 2188 mentis
1980 2136 2133 2188 sure?

536 2219 632 2275 llic
672 2229 756 2275 est
793 2221 982 2291 utique
1019 2221 1112 2291 qui
1153 2237 1250 2292 per
1279 2237 1476 2292 aquam
1517 2231 1870 2294 regeneratur
1891 2224 2057 2296 678
2079 2235 2136 2280 et

536 2314 796 2384 Spiritum
837 2323 1130 2380 sanctum;
1169 2316 1424 2386 quoniam
1465 2331 1561 2386 per
1597 2317 1869 2373 lavacrum
1908 2333 2135 2388 regene-

539 2409 768 2464 rationis
809 2415 865 2464 et
909 2409 1280 2464 rcnovationis
1321 2410 1558 2480 Spiritus
1601 2411 1772 2466 sancti
1813 2427 1964 2482 spem
2011 2413 2135 2466 vitae

538 2502 784 2572 capimus
815 2511 1058 2557 aeternae.
1094 2501 1164 2556 Et
1191 2503 1319 2557 alibi
1349 2502 1541 2558 Petrus
1569 2505 1850 2574 apostolus
1881 2507 1994 2560 ait:
2032 2504 2136 2562 Vos

536 2605 707 2650 autem
737 2596 943 2666 Spiritu
968 2606 1144 2652 sancto
1174 2597 1561 2668 baptizabimini
1589 2599 1725 2671 (Act.
1755 2617 1842 2666 XI,
1868 2601 1979 2670 16).
2004 2599 2138 2667 Quis

537 2698 622 2742 est
661 2698 843 2743 autem
884 2689 979 2757 qui
1017 2689 1322 2758 baptizatur
1367 2691 1572 2761 Spiritu
1617 2704 1840 2758 sancto,
1893 2693 1998 2747 nisi
2047 2695 2136 2763 qui

542 2779 848 2834 renascitur
873 2794 968 2849 per
991 2795 1189 2851 aquam
1221 2794 1273 2838 et
1298 2781 1564 2852 Spiritum
1595 2793 1840 2839 sanctum
1860 2785 1884 2838 ?
1907 2784 2052 2855 Ergo
2073 2785 2142 2842 de

541 2880 734 2925 sancto
765 2870 969 2940 Spiritu
1003 2873 1266 2930 Dominus
1295 2877 1464 2930 dixit:
1495 2876 1677 2942 Amen,
1708 2894 1854 2931 amen
1881 2879 1996 2932 dico
2023 2878 2135 2946 tibi,

543 2965 644 3019 nisi
686 2967 801 3034 quis
839 2975 1052 3020 renatus
1093 2967 1248 3037 fuerit
1286 2985 1378 3038 per
1407 2985 1595 3038 aquam
1637 2979 1686 3024 et
1720 2969 1998 3040 Spiritum,
2036 2990 2137 3029 non

541 3069 706 3127 potest
745 3059 961 3113 introire
999 3061 1052 3114 in
1091 3077 1305 3131 regnum
1332 3059 1452 3116 Dei.
1495 3063 1562 3118 Et
1593 3062 1716 3118 ideo
1745 3064 1814 3121 de
1845 3066 1962 3136 ipso
1990 3069 2138 3123 nasci

541 3167 640 3206 nos
670 3152 721 3206 in
756 3151 1150 3221 posterioribus
1175 3153 1416 3210 definivit
1437 3198 1451 3217 .
1483 3172 1579 3226 per
1607 3173 1766 3228 quem
1795 3161 2002 3216 renasci
2033 3177 2132 3218 nos
2157 3141 2203 3205 δ

545 3243 600 3297 in
629 3242 1004 3322 superioribus
1031 3252 1116 3299 est
1141 3246 1374 3301 locutus.
1409 3247 1537 3304 Haec
1569 3249 1844 3306 Dominica
1866 3254 2139 3308 sententia

543 3349 666 3394 est:
697 3338 725 3377 ι’
752 3338 959 3408 scripto
990 3340 1151 3407 nitor,
1184 3355 1292 3396 non
1323 3354 1665 3414 argumento.

611 3433 700 3488 65.
745 3433 945 3502 Qumro
985 3441 1165 3490 tamen
1205 3450 1303 3490 cur
1338 3439 1384 3492 si
1428 3452 1535 3492 non
1575 3437 1853 3494 dubitatur
1880 3455 1980 3511 per
2009 3441 2137 3512 Spi-

545 3529 708 3584 ritum
748 3537 994 3583 sanetum
1025 3539 1048 3567 ε
1081 3545 1178 3584 nos
1207 3532 1458 3595 renasci,
1503 3531 1786 3588 dubitetur
1823 3533 1891 3590 de
1931 3536 2138 3606 Spiritu

543 3630 735 3676 sancto
778 3635 877 3675 nos
913 3622 1099 3684 nasci;
1135 3637 1258 3677 cum
1292 3624 1408 3694 ipse
1439 3624 1704 3679 Dominus
1734 3624 1892 3682 Jesus
1919 3627 1985 3682 de
2015 3628 2140 3697 Spi-

545 3715 652 3770 ritu
681 3724 872 3770 sancto
901 3725 957 3769 et
984 3726 1144 3771 natus
1174 3717 1245 3771 sit
1275 3727 1330 3772 et
1360 3719 1626 3773 renatus?
1655 3719 1825 3786 Quem
1865 3721 1909 3774 si
1953 3730 2137 3778 natum

545 3809 614 3864 de
653 3808 859 3880 Spiritu
897 3817 1088 3864 sancto
1124 3811 1458 3866 conﬁtemini
1495 3811 1514 3882 (
1541 3811 1729 3868 Matth.
1759 3829 1808 3878 ι,
1834 3815 1905 3870 20
1927 3814 1979 3884 ),
2013 3817 2138 3886 quia

547 3915 652 3956 non
677 3903 902 3970 potestis
931 3917 1130 3972 negare
1163 3924 1174 3959 :
1201 3913 1451 3960 renatum
1483 3913 1665 3960 autem
1686 3904 1903 3976 (Matth.
1934 3923 2011 3973 ιιι,
2048 3903 2135 3978 ιϐ)

547 3990 793 4059 negatis;
826 4007 1016 4062 magna
1061 3994 1405 4064 insipientia,
1440 4005 1500 4050 ut
1538 3997 1683 4067 quod
1726 3999 2005 4068 singulare
2044 4000 2139 4056 Dei

549 4093 669 4148 est,
713 4085 1118 4141 conﬁteamini:
1166 4089 1309 4159 quod
1357 4105 1648 4145 commune
1689 4101 1772 4147 est
1819 4093 2137 4160 hominum,

547 4173 847 4246 denegetis.
892 4178 956 4232 Et
985 4177 1107 4233 idco
1148 4180 1287 4234 bene
1327 4181 1484 4236 vobis
1523 4182 1720 4238 dicitur
1758 4184 1902 4254 quod
1938 4184 2141 4242 Judaeis

546 4268 748 4324 dictum
781 4280 905 4326 est:
955 4271 1017 4326 Si
1061 4282 1262 4326 terrena
1303 4273 1440 4328 vobis
1485 4277 1626 4345 iliaci,
1678 4289 1724 4332 et
1751 4295 1852 4332 non
1893 4268 2139 4346 creditis;

543 4362 799 4431 quomodo
815 4363 860 4417 si
877 4362 1057 4418 dixero
1077 4365 1216 4418 vobis
1236 4368 1465 4421 cmtestia
1481 4369 1698 4423 credetis
1715 4367 1896 4439 (Joan.
1920 4388 1996 4438 ιιι,
2016 4372 2142 4446 ‘12)?

619 4453 710 4509 66.
742 4453 854 4510 Sed
885 4465 1067 4510 tamen
1099 4467 1388 4527 utrumque
1427 4459 1606 4514 locum
1648 4461 1719 4514 ita
1757 4463 2018 4531 scriptum
2061 4465 2139 4518 in-

2235 1849 2366 1904 mini
2398 1863 2498 1904 nos
2529 1848 2785 1904 redemit.
2809 1846 3056 1903 Alterum
3083 1847 3248 1918 igitur
3275 1844 3588 1911 invisibile,
3611 1843 3811 1898 alterum

2235 1945 2858 2021 visibiletestitnonium
2892 1953 3237 1999 sacramento
3264 1942 3655 2012 consequimur
3676 1939 3811 2010 spiri-

2237 2036 2328 2091 tali
2359 2052 2372 2101 ;
2404 2039 2533 2106 quia
2566 2036 2797 2106 Spiritus
2826 2035 3172 2089 testimonium
3212 2033 3386 2088 reddit
3421 2032 3628 2102 spiritui
3666 2039 3811 2083 nostra

2233 2127 2412 2196 (Rom.
2449 2143 2543 2182 vm
2565 2169 2580 2196 ,
2611 2125 2724 2198 i6).
2755 2127 2872 2182 Etsi
2901 2126 2957 2181 in
2988 2139 3219 2198 utroque
3249 2124 3541 2197 plenitudo
3565 2123 3630 2179 sit
3657 2136 3810 2177 sacra-

2236 2224 2404 2279 menti
2428 2264 2443 2290 ,
2473 2222 2754 2278 distinctio
2792 2231 2974 2278 tamen
3015 2224 3259 2277 muneris
3289 2229 3414 2277 est:
3449 2235 3580 2291 ergo
3609 2216 3691 2273 ubi
3718 2215 3812 2270 dis-

2237 2316 2429 2372 tinctio
2479 2324 2566 2372 est
2618 2315 2898 2381 muneris,
2931 2329 3042 2372 non
3074 2324 3159 2370 est
3207 2313 3406 2386 otique
3447 2309 3811 2369 testificationis

2237 2408 2542 2480 aequalitas.

2757 2501 2923 2574 679
2959 2499 3187 2558 CAPUT
3227 2499 3326 2556 XI.

2242 2595 2593 2669 Objiciebatur
2636 2595 2859 2650 Joannis
2898 2595 3050 2649 verba
3078 2635 3096 2661 ,
3137 2595 3391 2649 nimirum
3424 2635 3440 2661 ,
3491 2591 3712 2664 Spiritus
3742 2597 3807 2644 est

2311 2689 2476 2753 Deus,
2504 2689 2574 2744 ad
2588 2686 2757 2742 Deum
2786 2685 2998 2742 Patrem
3020 2687 3291 2756 referenda
3310 2703 3460 2754 esse;
3487 2685 3683 2758 quando
3696 2692 3808 2752 post-

2310 2800 2370 2838 ea
2401 2783 2567 2836 Deum
2595 2781 2920 2837 adorandum
2949 2781 3002 2836 in
3055 2780 3266 2852 Spiritu
3295 2790 3356 2836 et
3382 2782 3616 2836 veritate
3644 2774 3808 2848 pradi-

2309 2875 2380 2928 cit
2424 2873 2680 2929 Christus.
2727 2873 3091 2943 Respondetur
3132 2873 3300 2944 primo
3344 2888 3466 2927 voce
3503 2870 3712 2942 spiritus
3743 2867 3807 2920 in—

2311 2970 2514 3024 terdum
2559 2974 2787 3041 gratiam
2835 2967 3123 3038 spiritalem
3177 2967 3473 3039 signiﬁcari
3519 2981 3537 3020 ε
3576 2961 3740 3017 deinde
3773 2958 3807 3012 si

2313 3081 2589 3135 personam
2622 3065 2852 3137 Spiritus
2882 3064 3049 3118 sancti
3079 3079 3169 3133 per
3191 3078 3346 3118 voces
3379 3062 3432 3116 in
3463 3059 3649 3130 spiritu
3685 3053 3807 3108 intel-

2311 3159 2572 3230 ligendam
2620 3159 2778 3213 velint
2802 3198 2818 3225 ,
2869 3167 3239 3230 proptereaque
3287 3157 3397 3226 ipsi
3444 3153 3613 3209 deberi
3660 3154 3806 3219 negent

2312 3254 2667 3308 adorationem
2687 3293 2702 3318 ,
2736 3251 3028 3307 ostenditur
3053 3260 3420 3323 argumentum
3445 3264 3586 3320 atque
3614 3255 3804 3318 pugnare

2311 3345 2366 3399 in
2402 3343 2450 3396 F
2454 3345 2602 3398 ilium
2631 3361 2650 3398 :
2685 3361 2835 3416 quem
2869 3353 3039 3398 tamen
3069 3360 3186 3397 cum
3213 3343 3546 3399 adorandum
3575 3341 3804 3392 innumera

2313 3439 2528 3510 probent
2555 3439 2824 3510 exempla,
2858 3439 2982 3493 hinc
3011 3439 3074 3493 de
3101 3439 3308 3511 Spiritu
3345 3453 3546 3509 quoque
3571 3434 3691 3488 idem
3721 3437 3800 3482 sta-

2315 3531 2562 3586 tuendum
2600 3531 2933 3603 intelligitur.
2978 3531 3119 3599 Quid
3150 3531 3370 3586 adorari
3401 3525 3690 3602 prtecipitur
3714 3535 3801 3576 sca-

2315 3627 2506 3682 bellum
2536 3626 2773 3697 pedum?
2813 3625 2928 3680 Hoc
2962 3626 3223 3696 designari
3253 3623 3472 3680 Domini
3496 3635 3697 3692 corpus,
3731 3629 3800 3668 ct!-

2306 3725 2399 3793 jus
2429 3737 2544 3774 cum
2574 3729 2756 3774 auctor
2783 3720 2850 3773 sit
2875 3718 3128 3790 Spiritus,
3159 3719 3335 3784 ipsum
3367 3717 3589 3788 sequitur
3613 3709 3801 3766 adoran-

2317 3814 2441 3866 dum
2468 3829 2608 3880 esse,
2653 3829 2744 3866 nec
2773 3821 2940 3866 tamen
2971 3811 3187 3879 proinde
3229 3809 3457 3865 Mariam
3498 3801 3794 3861 adorandum.

2319 3907 2441 3962 Non
2483 3923 2604 3978 ergo
2631 3906 2874 3978 abrbgari
2912 3905 3142 3977 Spiritus
3177 3904 3574 3966 adorationem,
3609 3895 3688 3951 sed
3709 3895 3797 3964 ejus

2315 4019 2431 4056 cum
2477 3999 2636 4054 Patre
2677 3999 3092 4072 conjunctionem
3131 3997 3396 4067 exprimi,
3435 4011 3546 4050 cum
3585 3989 3723 4044 Pater
3750 3982 3794 4035 in

2316 4095 2520 4164 Spiritu
2549 4092 2740 4146 dicitur
2769 4091 3071 4146 adorandus
3112 4089 3296 4161 :quod
3331 4088 3582 4146 similibus
3615 4075 3795 4137 locutio-

2317 4187 2465 4241 nibus
2493 4203 2587 4240 con
2594 4187 2852 4252 ﬁrmatur.

2317 4281 2409 4336 69.
2438 4277 2619 4350 [Alias
2649 4296 2770 4350 cap.
2794 4276 2950 4349 Xll.]
2988 4275 3096 4332 Sed
3131 4272 3370 4330 fortasse
3408 4271 3661 4330 referatur
3692 4257 3790 4330 quia

2248 4372 2299 4426 in
2345 4371 2738 4440 posterioribus
2771 4369 2926 4424 istius
2968 4369 3140 4440 ipsius
3177 4367 3300 4422 libri
3342 4368 3535 4422 iterum
3575 4353 3790 4414 Dominus

2251 4465 2414 4520 Deum
2452 4465 2714 4534 Spiritum
2744 4462 2922 4529 dixit,
2967 4465 3063 4518 sed
3102 4461 3169 4517 de
3191 4461 3358 4517 Patre
3392 4461 3502 4514 Deo
3526 4451 3697 4512 sensit.
3719 4441 3788 4499 Sic

545 4549 796 4603 venimus
839 4548 891 4602 in
942 4545 1134 4603 Grteco
1155 4588 1172 4614 ,
1222 4559 1284 4604 ut
1332 4565 1438 4604 non
1481 4566 1578 4620 per
1618 4553 1872 4621 Spiritum
1903 4553 2136 4623 dixerit,
2168 4531 2222 4590 D
2247 4558 2389 4612 enim
2422 4531 2594 4613 habes
2624 4558 2677 4612 in
2704 4557 2999 4628 Evangelia
3024 4573 3038 4612 :
3067 4554 3118 4610 Ν
3125 4572 3222 4610 unc
3244 4564 3319 4610 est
3339 4552 3544 4626 quando
3572 4544 3666 4603 veri
3687 4537 3788 4594 040'

547 4642 644 4698 sed
665 4640 734 4697 de
753 4641 979 4712 Spiritu.
1013 4642 1257 4712 Denique
1284 4643 1365 4697 sic
1394 4643 1557 4698 habet
1582 4662 1594 4698 :
1627 4644 1800 4717 Ἀμὴν,
1831 4649 1984 4718 ἁμήν,
2011 4649 2137 4722 λέγω

547 4757 656 4803 σοι,
691 4739 778 4792 ἐὰν
806 4741 876 4807 μή
905 4757 984 4798 τις
1011 4737 1217 4810 γεννήθη
1244 4738 1293 4803 ἐξ
1319 4736 1508 4800 ὕδατος·
1544 4741 1628 4795 καὶ
1669 4743 1956 4813 Πνεύματος
1973 4783 1988 4810 ,
2036 4745 2138 4800 Itoc

616 4909 643 4938 ⁸
681 4899 797 4955 Nun
826 4904 978 4970 pauci
1035 4912 1193 4963 mss.,
1230 4915 1306 4972 ex)
1331 4915 1464 4968 aqua
1513 4915 1558 4957 et
1592 4903 1794 4972 Spiritu
1835 4915 2032 4960 sancto.
2070 4906 2136 4960 Et

543 4972 704 5036 infra,
735 4973 800 5028 de
821 4988 976 5027 carne
1012 4985 1134 5025 caro
1161 4979 1252 5025 est.
1285 4970 1456 5047 Porro
1484 4970 1775 5043 sequentes
1806 4992 1989 5043 voces,
2011 4980 2134 5047 quia

543 5047 608 5099 de
649 5060 803 5100 carne
831 5053 1010 5098 natum
1038 5051 1143 5106 est,
1175 5058 1278 5095 non
1327 5043 1506 5099 minus
1538 5047 1737 5100 absunt
1764 5047 1834 5102 ab
1875 5043 2129 5104 omnibus

540 5116 783 5170 omnium
810 5115 1125 5176 idiontatum
1168 5113 1372 5185 bibliis,
1397 5131 1558 5185 quam
1588 5117 1691 5178 illa:
1720 5117 1790 5173 de
1818 5119 2014 5185 quibus
2042 5119 2129 5174 hic

538 5189 864 5256 disputatur,
893 5186 1134 5256 quoniam
1155 5183 1294 5239 Deus
1316 5183 1546 5256 Spiritus
1577 5199 1668 5244 est.
1701 5183 1858 5256 Atqui
1889 5200 1944 5243 ut
1972 5190 2130 5245 dubi-

543 5254 658 5314 tare
681 5254 1016 5329 nequaquam
1051 5257 1206 5322 licet,
1241 5254 1371 5325 quin
1399 5256 1481 5310 lict:
1525 5259 1726 5315 ultima:
1756 5254 1825 5315 ab
1855 5261 2129 5318 haereticis

539 5330 743 5385 fuerint
771 5328 834 5384 ex
870 5328 994 5384 albo
1025 5341 1300 5382 sacrarum
1325 5329 1650 5397 paginarum
1676 5346 1870 5398 erasae,
1901 5332 1971 5386 ita
1993 5334 2128 5388 satis

543 5403 741 5456 mirum
770 5407 855 5454 est
869 5399 1087 5470 easdem
1107 5413 1370 5466 nusquam
1405 5401 1458 5453 in
1478 5403 1944 5470 propriumlocum
1961 5402 2134 5459 fuisse

539 5473 839 5527 restitutas.
865 5469 1030 5524 Forte
1049 5480 1259 5539 quturut
1286 5471 1480 5539 aliquis
1501 5469 1599 5526 cur
1655 5489 1686 5527 e
1735 5487 1854 5541 cap.
1891 5490 1970 5538 ιιι,
2015 5474 2134 5530 hmc

540 5544 706 5597 verba
732 5549 1005 5609 expuncta
1035 5541 1176 5604 sint,
1209 5555 1331 5612 cum
1363 5541 1554 5598 eadem
1581 5544 1631 5596 in
1665 5543 1842 5612 capite
1867 5559 1941 5608 tv,
1984 5559 2129 5600 vers.

539 5614 630 5680 Si.
657 5616 864 5678 integra
891 5611 1271 5679 perseverent?
1308 5611 1415 5666 Sed
1460 5611 1882 5670 rationem’satis
1929 5614 2134 5673 indicat

545 5683 862 5758 Ambrosius
893 5693 1130 5758 poster.“
1151 5681 1406 5751 videlicet
1444 5684 1796 5758 quodpverba;
1821 5699 1947 5758 ραι).
1983 5702 2034 5741 tv
2065 5686 2131 5742 ad

545 5747 760 5806 Patrem
778 5740 1282 5819 detorqiict-i'possc'
1311 5740 1560 5822 putarent
1591 5742 1854 5812 limretici.

2246 4660 2445 4705 ratores
2471 4649 2769 4704 adorabunt
2800 4648 3012 4704 Patrem
3044 4649 3099 4702 in
3130 4648 3337 4717 Spiritu
3363 4656 3414 4703 et
3439 4645 3650 4700 veritate.
3675 4631 3786 4687 Nam

2247 4754 2294 4799 et
2332 4743 2488 4798 Pater
2519 4745 2646 4799 tales
2683 4743 2900 4814 quwrit,
2929 4743 3020 4814 qui
3059 4741 3276 4795 adorent
3310 4757 3445 4795 eum.
3487 4730 3693 4805 Spiritus
3725 4728 3788 4775 ett

2313 4907 2338 4946 δ
2381 4907 2590 4974 Scripto
2635 4909 2791 4971 nitor,
2844 4924 2947 4962 non
2997 4915 3305 4977 argumento
3358 4909 3627 4977 propterea
3675 4889 3783 4977 dif]!

2237 4963 2586 5044 Ambrosius,
2609 4979 2753 5048 quod
2773 4963 2929 5034 etiam
2953 4963 3191 5032 hunianis
3217 4963 3781 5048 ιαιὶπὶοηξξξατθυπκξξα

2237 5026 2927 5121 ὶῖἇέιὶέῖὸὶἕᾶιὶἱῖἶῖιῖᾗέἔ
2947 5026 3558 5121 sanni'iui'raa'na
3699 5026 3778 5121 Ην

2238 5137 2385 5177 num.
2419 5123 2507 5178 70.
2543 5108 2679 5177 Vide
2716 5108 2972 5177 similiter
3010 5136 3131 5191 quae
3169 5121 3472 5175 notavimus
3496 5110 3560 5168 ad
3586 5108 3669 5164 lib.
3698 5113 3774 5159 ut.

2234 5195 2442 5266 capuli.
2479 5209 2630 5266 num.
2669 5194 2759 5249 24.
2985 5265 2990 5266 γ
3074 5263 3084 5266 _
3132 5262 3172 5266 __
3360 5263 3369 5266 _
3425 5258 3454 5266 __
3499 5253 3554 5266 Η

2309 5248 2330 5303 δ
2373 5248 2532 5319 Pauci
2557 5248 2827 5332 mss.,inos
2849 5265 3026 5332 nasci,
3050 5262 3312 5317 dubitetur
3337 5263 3398 5317 de
3417 5253 3606 5328 Spiritu
3630 5248 3774 5302 sancto

2233 5353 2326 5390 nos
2353 5337 2575 5390 renasci.
3575 5393 3584 5404 .

2306 5385 2687 5461 H'Vé’ii'édn.
2742 5416 2797 5461 et
2845 5405 3063 5474 quidam
3116 5419 3275 5471 mss.,
3321 5415 3368 5458 et
3412 5385 3771 5474 κηρύξας-’⁸⁸

2237 5478 2464 5548 Spiritus
2487 5478 2832 5551 testint_o_nium
2847 5469 3128 5551 {quoniam
3151 5469 3383 5543 Spiritus
3409 5481 3478 5526 est

2234 5531 2389 5603 unum
2412 5556 2529 5600 sunt
2553 5548 2604 5600 in
2631 5546 2836 5602 Christo
2861 5531 3006 5602 Jesu.
3034 5531 3320 5620 MssSvero
3341 5531 3768 5620 ceterionobisctt'lg

2235 5620 2437 5674 faciunt
2456 5659 2474 5690 ,
2498 5628 2728 5688 excepto
2755 5620 2896 5685 quod
2930 5635 3049 5690 pro,
3082 5619 3312 5690 Spiritus
3337 5625 3409 5690 est
3438 5607 3767 5690 perituri]?

2236 5691 2367 5747 nulli
2394 5676 2599 5762 habent,
2613 5676 2735 5756 οἰιῃι
2757 5676 2915 5762 vnlg.
2931 5676 3084 5754 'ver's.
3110 5676 3256 5760 s'ola,
3274 5685 3582 5762 Christusest
3601 5676 3762 5726 veritas:

2312 5773 2333 5799 ο
2376 5750 2502 5819 Mss.
2535 5750 2817 5829 nonnulli,
2848 5750 3060 5833 sanguis
3089 5750 3262 5831 capiat
3292 5750 3360 5814 aii
3390 5751 3602 5828 pretiunh
