3936 6168
75 247 168 302 795

1163 247 1254 303 DE
1295 244 1570 306 SPIRITU
1610 249 1882 308 SANCTO
1922 251 2051 310 LIB.
2094 252 2182 310 Ill.

3243 253 3349 312 794

73 359 228 426 Deus,
263 368 309 412 et
342 373 428 413 eos
464 359 554 431 qui
585 358 809 414 adorant
838 375 992 428 eum,
1028 360 1083 415 in
1120 359 1328 431 Spiritu
1357 371 1405 417 et
1433 364 1643 419 veritate
1669 368 1725 428 Α
1749 366 2042 432 Dominus;
2074 376 2130 420 ut
2160 366 2246 421 ubi
2273 369 2790 437 superabundauerat
2818 380 3110 440 peceatum,
3133 387 3352 441 supera-

71 460 248 523 oportet
271 450 492 506 adorare
521 450 719 523 (Joan.
751 467 827 518 tv,
853 450 947 521 25,
979 452 1107 524 ει).
1143 453 1260 509 Non
1297 454 1475 510 solum
1505 457 1649 512 enim

71 543 161 598 hoc
193 541 439 613 exemplo
477 542 826 600 divinitatem
864 545 1038 600 sancti
1077 545 1316 617 Spiritus
1355 548 1522 603 vultis
1557 563 1653 604 ne-

70 649 211 706 gare;
247 635 341 690 scd
383 636 554 691 etiam
586 637 638 690 in
670 637 877 708 Spiritu
910 639 1128 694 adorari
1160 639 1332 695 Deum
1373 651 1649 713 tamquam

72 728 128 783 ad
155 727 548 798 subiectionem
579 728 815 800 Spiritus
843 729 1130 787 derivatis.

131 820 213 876 70.
253 820 350 876 Cui
392 821 520 876 loco
563 821 907 894 respondebo
954 823 1220 892 breviter,
1266 825 1390 896 quia
1429 825 1652 898 spiritus

75 913 364 983 plerumque
389 913 617 983 ponitur
639 930 736 985 pro
757 913 934 986 gratia
954 916 1188 986 spiritali
1213 957 1228 980 ,
1266 918 1409 971 sicut
1431 930 1484 972 et
1505 917 1652 987 Apo-

73 1005 223 1060 stolus
247 1004 384 1059 dixit
417 1021 432 1056 :
468 1004 610 1073 Quia
637 1005 749 1074 ipse
769 1006 986 1074 spiritus
1013 1005 1246 1076 postulat
1267 1023 1361 1077 pro
1391 1005 1537 1061 nobis
1564 1023 1652 1077 ge-

74 1099 255 1154 mitibus
273 1099 714 1154 inenarrabilibus
742 1099 934 1171 (Rom.
960 1115 1080 1166 vtn,
1102 1097 1235 1171 26),
1260 1100 1363 1155 hoc
1393 1111 1499 1164 est,
1527 1115 1651 1171 gra-

75 1199 138 1246 tta
163 1192 447 1261 spiritalis;
495 1192 601 1248 nisi
645 1192 788 1248 forte
816 1193 1053 1264 gemitus
1081 1207 1183 1248 vos
1211 1193 1385 1248 sancti
1415 1192 1651 1263 Spiritus

77 1283 238 1339 audire
267 1285 547 1355 potuistis.
576 1285 720 1356 Ergo
751 1295 806 1340 et
841 1285 929 1340 hic
956 1283 1220 1340 aduratur
1249 1285 1422 1352 Deus,
1456 1299 1564 1339 non
1595 1285 1650 1339 in

78 1376 254 1431 malitia
287 1377 470 1432 cordis
497 1420 512 1443 ,
559 1377 654 1434 sed
696 1379 748 1432 in
791 1377 966 1448 gratia
1014 1379 1270 1448 spiritali.
1313 1377 1380 1431 In
1424 1378 1650 1431 animam

79 1469 198 1524 enim
219 1469 651 1543 maleﬁvolamnon
681 1473 837 1526 intrat
865 1472 1120 1543 sapientia
1147 1471 1308 1543 (Sap.
1339 1486 1380 1536 ι,
1404 1469 1494 1542 4);
1523 1470 1651 1541 quia

81 1578 202 1618 nemo
236 1575 397 1633 potest
434 1564 612 1619 dicere
644 1565 926 1620 Dominum
952 1563 1135 1620 Jesum
1162 1606 1177 1631 ,
1218 1565 1319 1618 nisi
1354 1567 1406 1618 in
1446 1565 1652 1635 Spiritu

81 1667 229 1710 sancto
257 1655 313 1729 (1
341 1655 465 1711 Cor.
505 1672 584 1712 xu
604 1698 618 1722 ,
645 1657 734 1730 ὅ).
765 1658 1073 1727 Statimque
1099 1656 1342 1714 subdidit
1371 1675 1384 1711 :
1417 1656 1645 1712 Diuisio-

82 1765 152 1802 nes
176 1766 282 1804 vero
310 1751 603 1821 gratiarum
629 1761 748 1806 sunt
778 1750 970 1823 (lbid.,
991 1753 1074 1822 4).

135 1841 212 1896 71.
244 1840 354 1897 Non
391 1843 562 1912 igitur
588 1843 691 1900 hoc
722 1845 788 1899 ad
820 1843 1216 1916 plenitudinem
1246 1887 1260 1909 ,
1290 1859 1393 1900 nec
1424 1843 1490 1899 ad
1523 1859 1646 1914 por-

86 1933 254 1989 tionem
275 1934 510 2006 Spiritus
535 1945 717 2006 potest
740 1937 1038 2006 pertinere,
1060 1938 1187 2008 quia
1211 1951 1384 2008 neqne
1410 1936 1647 1991 humana

84 2042 210 2083 mens
241 2029 354 2100 ejus
396 2031 798 2102 plenitudinem
844 2033 1022 2101 capit,
1071 2047 1248 2103 neque
1290 2032 1344 2087 in
1387 2032 1526 2087 ullas
1564 2032 1646 2086 sui

86 2119 310 2176 dividitur
337 2122 620 2180 sectiones
648 2140 662 2178 :
703 2123 799 2180 sed
823 2124 1028 2180 donum
1059 2125 1249 2195 gratiae
1279 2124 1536 2195 spiritalis
1568 2124 1650 2178 in-

86 2209 230 2266 lundit
251 2255 264 2279 ,
293 2215 345 2270 in
373 2231 483 2286 quo
519 2215 782 2271 aduratur
813 2216 990 2283 Deus,
1023 2217 1164 2272 sicut
1194 2217 1450 2271 aduratur
1483 2216 1646 2270 etiam

88 2304 130 2356 in
151 2305 385 2374 veritate;
420 2323 531 2363 non
569 2308 716 2362 enim
742 2308 932 2363 adorat
953 2348 968 2374 ,
1000 2308 1102 2362 nisi
1132 2308 1224 2378 qui
1252 2307 1536 2363 veritatem
1567 2307 1650 2362 di-

87 2395 290 2453 vinitatis
329 2402 447 2469 ejus
491 2401 586 2470 pio
635 2400 814 2456 haurit
857 2399 1076 2456 affectu.
1119 2400 1229 2455 Nec
1270 2401 1454 2471 utique
1501 2401 1649 2456 velut

90 2492 409 2556 personaliter
461 2492 787 2560 Christum,
842 2503 936 2548 aut
986 2503 1235 2550 sanctum
1289 2493 1650 2564 personaliter

87 2584 315 2654 Spiritum
344 2601 505 2659 comp
515 2586 788 2644 rebendit.

143 2676 218 2731 72.
249 2680 346 2734 Ant
375 2680 420 2735 si
453 2690 624 2751 putas
658 2679 802 2752 quod
843 2679 995 2735 velut
1036 2679 1406 2750 personaliter
1444 2679 1648 2734 dictum

89 2766 142 2822 de
166 2768 353 2840 Spiritu
381 2773 642 2829 videatur
671 2782 728 2827 et
751 2772 820 2828 de
844 2771 1062 2829 Christo
1087 2791 1100 2828 :
1131 2788 1260 2843 ergo
1289 2772 1434 2828 Deus
1461 2772 1652 2828 simili-

93 2869 158 2915 ter
189 2861 427 2920 adoratur
464 2866 530 2921 in
569 2867 834 2931 veritate,
875 2866 1014 2922 sicut
1042 2865 1302 2921 aduratur
1340 2867 1392 2920 in
1425 2865 1648 2936 Spiritu.

95 2952 178 3006 Aut
199 2955 378 3012 similis
400 2959 578 3028 igitur
609 2957 900 3028 subjectio,
933 2957 1078 3028 quod
1101 2958 1242 3014 absit
1271 2968 1328 3014 nt
1348 2959 1570 3022 credas;
1597 2971 1655 3016 et

97 3058 176 3100 nec
200 3046 355 3105 Filius
377 3051 646 3107 aduratur
684 3069 695 3103 :
737 3059 862 3117 aut,
901 3050 1044 3122 quod
1073 3066 1260 3105 verum
1297 3061 1414 3118 est,
1459 3052 1653 3108 similis

99 3138 288 3196 unitatis
314 3153 394 3198 est
419 3143 626 3214 gratia,
653 3152 708 3198 et
739 3142 975 3212 Spiritus
999 3142 1280 3198 aduratur.

149 3232 295 3306 680
335 3238 422 3292 75.
463 3236 940 3308 αυιιίειιιιιιιῌιίο
983 3253 1116 3308 ergo
1155 3249 1210 3294 et
1255 3239 1655 3296 concludamus

99 3321 383 3383 Arianorum
416 3329 619 3400 impias
649 3330 1000 3399 quaestiones.
1031 3330 1089 3386 Si
1123 3331 1267 3386 enim
1302 3332 1423 3389 ideo
1458 3343 1659 3404 negant

101 3412 390 3478 adorandum
422 3420 727 3493 Spiritum,
761 3422 884 3492 quia
932 3422 1078 3478 Deus
1107 3423 1365 3480 aduratur
1398 3426 1452 3482 in
1482 3426 1652 3498 Spiri-

105 3514 171 3574 tu;
211 3527 395 3584 negent
431 3531 572 3586 ergo
613 3515 943 3572 adorandum
987 3518 1308 3585 veritatem,
1355 3521 1479 3592 quia
1519 3522 1658 3577 Deus

101 3600 321 3661 aduratur
359 3609 409 3664 in
449 3610 712 3665 veritate.
759 3607 892 3663 Nam
935 3610 1064 3665 licet
1112 3611 1361 3681 plurima:
1401 3614 1660 3669 veritates

103 3693 207 3759 sint,
229 3700 341 3767 quia
369 3703 632 3773 scriptum
663 3709 750 3756 est
775 3718 786 3754 :
824 3700 1107 3756 Diminqu
1135 3714 1252 3757 sunt
1276 3705 1518 3759 veritates
1541 3722 1571 3759 a
1597 3705 1661 3774 ﬁ-

105 3786 169 3839 liis
190 3789 431 3847 hominum
459 3793 639 3867 (Psal.
675 3811 748 3857 χι,
777 3795 799 3848 1
824 3796 872 3861 );
898 3794 1113 3850 donata:
1147 3805 1327 3851 tamen
1355 3804 1484 3851 sunt
1507 3812 1536 3850 a
1564 3813 1660 3851 vc-

106 3879 238 3938 rilate
269 3885 463 3952 divina,
511 3903 634 3959 qua:
672 3895 760 3943 est
798 3887 1048 3943 Christus
1085 3890 1176 3960 qui
1221 3888 1296 3942 ait
1336 3907 1348 3943 :
1395 3887 1508 3959 Ego
1547 3905 1662 3943 sum

105 3976 202 4042 ria,
241 3982 412 4037 veritas
453 3993 506 4039 et
544 3984 647 4038 vita
679 3983 872 4054 (Joan.
904 3999 1012 4050 stv,
1043 3983 1133 4054 6).
1165 3983 1308 4052 Ergo
1336 3984 1380 4038 si
1410 3983 1513 4038 hoc
1542 3984 1662 4038 loco

108 4068 350 4128 veritatem
390 4092 454 4131 ex
498 4089 601 4130 usu
635 4075 976 4146 intelligunt,
1008 4074 1314 4145 intelligant
1344 4075 1508 4130 etiam
1547 4089 1663 4144 gra-

108 4159 210 4216 tiam
235 4167 550 4236 spiritalem,
577 4176 632 4222 et
656 4167 794 4222 nihil
817 4178 903 4223 est
930 4167 1250 4223 oli'ensionis
1285 4185 1296 4220 :
1330 4176 1425 4221 aut
1449 4166 1494 4221 si
1526 4167 1665 4222 veri-

110 4259 242 4312 tatem
259 4257 533 4319 Christum
561 4263 856 4333 accipiunt,
887 4262 1222 4316 adorandum
1250 4271 1464 4330 negent.

165 4347 240 4404 74.
276 4351 374 4410 Sed
412 4356 742 4413 refelluntur
770 4357 923 4412 iactis
961 4355 1209 4428 piorum,
1241 4354 1383 4410 serie
1420 4354 1666 4425 Scriptu-

113 4455 276 4503 I’arum.
305 4452 740 4523 Adoravitenim
770 4452 1044 4508 Christum
1077 4451 1261 4518 Maria,
1289 4461 1346 4507 et
1379 4452 1501 4507 ideo
1529 4467 1666 4522 prte-

1755 459 2007 514 bundaret
2032 468 2079 514 et
2107 461 2282 531 gratia
2307 459 2496 534 (Rom.
2528 478 2581 528 v,
2612 461 2744 532 20).
2779 461 3080 533 Meritoque
3109 463 3175 519 ad
3202 464 3350 521 viros

1755 554 1951 610 femina
1994 555 2341 622 deSIinatur;
2375 567 2434 613 ut
2462 573 2585 628 quae
2615 558 2830 628 culpam
2858 558 2974 613 viro
3004 559 3176 628 prima
3211 575 3351 615 nun-

1755 649 2005 711 tiaverat,
2033 649 2206 718 prima
2233 649 2444 704 Domini
2472 651 2704 721 gratiam
2733 650 3028 706 nuntiaret.

1824 740 1912 795 75.
1937 740 2322 796 Adoraveruut
2346 751 2403 796 et
2431 740 2664 810 apostoli
2687 740 2903 813 (Matth.
2929 757 3124 810 xxvnt,
3155 742 3269 814 l7);
3294 752 3353 800 et

1755 832 1877 888 ideo
1908 834 2034 903 quia
2069 833 2381 889 detulerunt
2413 833 2543 890 ﬁdei
2581 835 2952 890 testimonium
2974 877 2987 900 ,
3022 844 3354 907 acceperunt

1754 924 1881 980 ﬁdei
1913 926 2307 997 magisterium.
2342 924 2725 981 Adoraverunt
2752 936 2807 982 et
2831 925 3032 995 angeli,
3058 926 3128 981 de
3155 927 3352 998 quibus

1753 1019 2015 1088 scriptum
2066 1027 2152 1074 est
2208 1036 2222 1072 :
2269 1017 2338 1073 Et
2383 1017 2598 1073 adorent
2642 1034 2755 1073 eum
2811 1035 2987 1074 omnes
3028 1019 3199 1091 angeli
3241 1021 3352 1091 ejus

1753 1108 1942 1180 (Hebr.
1967 1127 2008 1175 ι,
2041 1109 2119 1179 6).

1826 1203 1914 1259 76.
1942 1204 2195 1257 Adurant
2228 1211 2410 1257 autem
2445 1211 2469 1238 ιι
2498 1217 2606 1256 non
2635 1201 2812 1257 solum
2839 1201 3175 1257 divinitatem
3209 1201 3349 1272 ejns,

1754 1297 1848 1352 sed
1874 1299 2038 1353 etiam
2065 1296 2360 1352 scabellum
2387 1295 2584 1365 pedum
2612 1297 2748 1365 ejus,
2775 1295 2920 1351 sicut
2945 1297 3204 1368 scriptum
3233 1305 3347 1350 est:

1755 1389 1823 1444 Et
1844 1389 2061 1443 adorate
2081 1388 2361 1443 scabellum
2385 1387 2575 1456 pedum
2595 1391 2732 1461 ejus;
2752 1390 2994 1460 quoniam
3018 1400 3254 1443 sanctum
3276 1399 3353 1442 est

1755 1479 1931 1552 (Psal.
1965 1495 2149 1545 xcvnt,
2183 1480 2261 1550 5).
2291 1482 2395 1533 Aut
2418 1481 2463 1534 si
2492 1490 2690 1549 negant
2709 1480 2834 1550 quia
2863 1481 2915 1534 in
2938 1479 3159 1535 Christo
3187 1482 3351 1536 etiam

1756 1573 2152 1627 incarnationis
2175 1572 2450 1626 adoranda
2490 1574 2750 1643 mysteria
2789 1573 2920 1639 sint,
2952 1573 3004 1628 in
3036 1573 3236 1644 quibus
3261 1587 3354 1630 ve-

1755 1663 1836 1719 lut
1878 1664 2110 1734 vestigia
2155 1663 2405 1731 quaedam
2446 1663 2749 1719 divinitatis
2794 1679 3053 1733 expressa
3085 1705 3100 1730 ,
3142 1673 3199 1720 et
3236 1664 3354 1720 vias

1680 1755 1728 1814 B
1757 1757 2018 1828 quasdam
2052 1755 2214 1811 Verbi
2245 1756 2488 1811 etelestis
2517 1755 2889 1820 advertimus;
2933 1756 3116 1826 legant
3146 1757 3270 1827 quia
3299 1766 3357 1812 et

1750 1851 1981 1921 apostoli
2022 1849 2328 1904 adorahant
2365 1865 2488 1904 eum
2532 1850 2586 1904 in
2623 1849 2807 1905 carnis
2844 1848 3024 1920 gloria
3063 1863 3358 1922 resurgen-

1751 1952 1860 1998 tem
1899 1942 2116 2014 (Matth.
2153 1957 2351 2007 xxvm,
2390 1941 2500 2013 17).

1825 2035 1914 2089 77.
1950 2035 2094 2104 Ergo
2125 2035 2170 2088 si
2202 2033 2338 2088 nihil
2371 2033 2594 2102 derogat
2617 2032 2862 2098 Christo,
2887 2032 3032 2103 quod
3056 2032 3201 2088 Deus
3223 2033 3356 2086 ado-

1751 2137 1902 2183 ratur
1941 2127 1994 2181 in
2036 2125 2297 2191 Christo;
2345 2126 2470 2194 quia
2512 2124 2774 2178 aduratur
2805 2132 2861 2178 et
2887 2123 3138 2179 Christus
3179 2122 3357 2178 :nihil

1752 2222 1938 2292 utique
1969 2220 2196 2290 derogat
2225 2220 2391 2273 etiam
2425 2217 2676 2287 Spiritui,
2700 2215 2829 2288 quia
2857 2217 2997 2272 Deus
3019 2215 3280 2272 aduratur
3303 2217 3355 2272 in

1753 2313 1995 2382 Spiritu;
2032 2312 2157 2382 quia
2194 2310 2450 2364 aduratur
2479 2317 2535 2363 ct
2571 2307 2806 2378 Spiritus
2828 2349 2842 2372 ,
2875 2308 3016 2363 sicut
3053 2307 3350 2378 Apostolus

1750 2405 1889 2462 dixit
1935 2423 1948 2460 :
1993 2403 2222 2475 Spiritui
2263 2402 2361 2456 Dei
2403 2403 2652 2456 servimus
2693 2399 2945 2474 (Philip.
2986 2416 3065 2468 ιιι,
3107 2398 3196 2470 3).
3249 2399 3352 2468 Qui

1751 2497 1896 2552 enim
1930 2498 2117 2558 servit,
2150 2502 2205 2548 et
2226 2493 2438 2561 adorat,
2471 2493 2616 2548 sicut
2644 2507 2811 2562 supra
2843 2491 3050 2548 dictum
3084 2502 3168 2547 est
3197 2509 3212 2548 :
3245 2489 3360 2546 Do—

1752 2591 1950 2645 minum
1980 2588 2149 2645 Deum
2177 2598 2323 2642 tuum
2349 2587 2611 2655 adorabis,
2641 2595 2687 2642 et
2718 2586 2796 2642 illi
2821 2587 2920 2642 soli
2942 2586 3130 2641 servies
3154 2583 3352 2658 (Deut.

1751 2700 1826 2750 v1,
1860 2681 1978 2755 15).

1826 2775 1919 2831 78.
1953 2774 2062 2832 Sed
2101 2789 2168 2830 ne
2209 2774 2350 2830 forte
2377 2772 2714 2844 propositum
2737 2773 2933 2844 aliquis
2971 2771 3360 2842 prmterlugere

1755 2870 2004 2926 videatur
2042 2869 2396 2937 exemplum,
2445 2883 2554 2939 qua
2599 2868 2814 2924 ratione.
2860 2867 2928 2922 ad
2970 2865 3361 2921 incarnationis

1758 2964 2053 3020 Dominicaz
2085 2971 2490 3019 sacramentum
2521 2970 2774 3030 spectare
2802 2960 3074 3025 videatur,
3110 2959 3254 3030 quod
3284 2958 3362 3013 ait

1761 3056 2034 3128 Propheta
2066 3075 2077 3109 :
2105 3054 2642 3126 Adoratejsrabellunt
2673 3053 2865 3124 pedum
2888 3056 3002 3126 ejus
3026 3050 3146 3125 (Ps.
3173 3067 3358 3118 xcvtn,

1680 3139 1725 3203 C
1757 3148 1846 3220 5),
1879 3149 2324 3213 consideremus;
2356 3163 2461 3202 non
2494 3147 2640 3202 enim
2669 3162 2737 3201 ex
2768 3163 2867 3200 usu
2901 3147 3178 3200 hominum
3209 3145 3360 3199 testi-

1759 3257 1912 3298 mare
1965 3241 2231 3298 debemus
2284 3241 2604 3297 scabellum.
2651 3238 2788 3294 Nam
2839 3253 3015 3310 neque
3054 3237 3362 3309 corporalis

1762 3335 1925 3402 Deus,
1949 3345 2042 3390 aut
2071 3352 2176 3390 non
2201 3337 2530 3399 immensus;
2563 3341 2621 3388 ut
2647 3343 2921 3404 tamquam
2954 3333 3181 3388 fulcrum
3212 3333 3364 3402 pedi-

1761 3426 1863 3482 bus
1891 3428 2011 3498 ejus
2040 3427 2338 3482 scabellum
2370 3426 2677 3496 subjectum
2709 3435 2982 3494 putemus.
3015 3423 3204 3494 Neque
3231 3423 3362 3478 adu-

1761 3521 1994 3577 randum
2025 3520 2328 3592 quidquam
2368 3529 2569 3590 prater
2592 3520 2766 3574 Deum
2795 3518 3051 3588 legimus;
3077 3518 3202 3586 quia
3229 3519 3368 3571 scri-

1762 3626 1913 3688 pttnn
1941 3626 2024 3670 cst
2054 3633 2067 3669 :
2100 3613 2384 3668 Dominam
2407 3613 2575 3666 Deum
2598 3623 2746 3665 tuum
2769 3611 3037 3673 adorabis,
3069 3621 3115 3661 et
3147 3609 3247 3677 ipsi
3267 3611 3365 3662 soli

1762 3710 1948 3764 servies
1979 3708 2171 3775 (Deut.
2207 3724 2296 3772 vt,
2335 3705 2462 3775 15).
2495 3704 2780 3772 Quomodo
2811 3719 2939 3772 ergo
2970 3689 3235 3756 adversus
3264 3700 3366 3754 Le-

1762 3817 1883 3872 gem
1907 3799 2181 3870 Propheta
2208 3798 2558 3867 pra-ciperet,
2586 3797 2688 3850 sub
2711 3795 2854 3863 Lege
2877 3793 3134 3856 nutritus,
3161 3800 3214 3845 et
3240 3805 3365 3844 ern-

1764 3891 1911 3946 ditus
1938 3892 1990 3944 in
2023 3890 2186 3958 Lege.
2214 3888 2331 3942 Non
2357 3887 2646 3941 mediocris
2679 3887 2842 3956 igitur
2873 3882 3126 3953 qumstio,
3157 3892 3211 3938 et
3240 3881 3366 3936 ideo

1763 3983 2080 4052 diligentius
2115 3980 2528 4036 consideremus
2567 3978 2692 4048 quid
2733 3979 2802 4031 sit
2847 3975 3169 4032 seubellum.
3209 3975 3368 4046 Legi-

1767 4091 1887 4132 mus
1925 4075 2070 4130 enim
2103 4073 2231 4128 alibi
2266 4090 2277 4125 :
2319 4071 2516 4126 (Italum
2558 4071 2684 4124 mihi
2723 4070 2973 4134 thronus,
3019 4077 3156 4123 terra
3195 4079 3364 4122 autem

1767 4168 2048 4223 scabellum
2089 4165 2276 4234 pedum
2320 4180 2548 4218 meorum
2590 4161 2755 4236 (Esa.
2789 4177 2944 4224 Lxu,
2981 4159 3070 4230 1).
3120 4159 3225 4214 Sed
3268 4175 3368 4214 nec

1771 4273 1912 4318 terra
1953 4259 2226 4316 adoranda
2265 4259 2427 4331 681
2469 4266 2554 4312 est
2593 4257 2749 4312 nobis
2776 4297 2792 4323 ,
2832 4255 2958 4325 quia
2998 4261 3246 4307 creatura
3287 4260 3371 4306 est

1771 4355 1890 4411 Dei.

1843 4451 1932 4506 79.
1974 4449 2272 4505 Videamus
2311 4456 2492 4500 tamen
2525 4458 2590 4499 ne
2633 4452 2831 4497 terram
2876 4439 3025 4495 illam
3060 4437 3206 4493 dicat
3233 4435 3362 4490 ado~

114 4541 266 4598 nuntia
300 4549 715 4605 resurrectionis
751 4547 818 4602 ad
863 4547 1144 4617 apostolos
1181 4545 1508 4611 destinatur,
1547 4545 1660 4600 sol-
1689 4523 1742 4583 Ῑ)
1770 4544 1996 4601 randam
2037 4541 2340 4612 Propheta,
2383 4553 2544 4609 quam
2589 4537 2854 4590 Dominus
2893 4531 3052 4588 Jesus
3096 4532 3149 4584 in
3189 4528 3372 4584 carnis

113 4642 219 4687 vens
254 4637 648 4698 haereditarium
681 4655 916 4706 nexum,
962 4648 1017 4694 et
1058 4639 1279 4700 lerninei
1311 4641 1525 4710 generis
1566 4640 1665 4693 im-

115 4736 244 4784 mane
274 4732 541 4791 delictum.
576 4735 690 4790 Hoc
718 4735 863 4790 enim
891 4741 1149 4804 operatus
1188 4743 1271 4790 est
1303 4735 1358 4790 in
1399 4734 1665 4806 mysterio

174 4919 195 4946 "
217 4913 566 4981 Qumstionem
594 4918 662 4974 de
692 4917 1009 4974 adoratione
1035 4915 1239 4972 Christi
1268 4918 1430 4972 etiam
1464 4933 1662 4974 secun-

117 4976 614 5058 tluniliuiiiiatiitatem
645 5004 753 5046 non
785 4991 904 5044 sine
929 5003 1093 5044 causa
1127 4989 1216 5043 hic
1249 4989 1408 5056 paulo
1433 4990 1662 5058 diligen-

115 5056 203 5134 litts
227 5065 403 5134 tractat
443 5070 665 5117 sanctus
701 5061 925 5134 Doctor.
965 5059 1178 5134 Etenim
1217 5056 1619 5134 Apollinarislm
1645 5101 1661 5125 ,

117 5129 164 5203 Ill
189 5129 390 5194 impium
429 5149 585 5186 suum
617 5135 810 5203 dogma
846 5132 914 5186 de
943 5133 1099 5203 unica
1133 5131 1186 5185 in
1217 5131 1440 5186 Christo
1471 5139 1664 5203 natura

118 5199 373 5271 statuerent
396 5244 410 5268 ,
441 5219 504 5258 ex
542 5199 843 5259 adulterina
876 5203 1005 5258 Julii
1041 5202 1199 5256 Pont.
1232 5203 1392 5256 Hom.
1433 5202 1665 5270 epistola

119 5259 420 5347 ﬂuitabant,
451 5275 715 5344 siquidem
745 5275 1036 5347 nunnnius
1059 5273 1156 5328 sed
1188 5273 1424 5347 duplicis
1456 5259 1666 5347 natura:

119 5329 331 5396 Christus
355 5329 530 5412 esset,
557 5361 586 5400 a
620 5329 911 5400 catholicis
951 5360 1114 5398 unam
1158 5329 1372 5399 adorari
1393 5386 1407 5410 ,
1437 5344 1666 5399 alteram

123 5415 211 5488 {‘0'}
247 5412 444 5470 adorari
489 5427 782 5488 oportere,
827 5415 1176 5488 ipsosquein
1215 5415 1455 5470 divinam
1495 5414 1666 5488 bapti-

125 5485 244 5558 ειη..
272 5498 372 5540 non
401 5485 578 5542 autem
612 5488 667 5542 in
706 5485 1019 5542 humanam.
1056 5486 1192 5540 Hinc
1221 5496 1371 5549 erat.
1401 5485 1545 5558 quod
1579 5501 1671 5540 or-

126 5543 362 5634 {llodttxos
405 5558 1157 5634 invidioseavepogwoiarpae
1189 5543 1468 5634 appellare
1524 5558 1670 5612 sole-

128 5611 252 5695 bant,
274 5633 322 5678 et
344 5611 662 5695 jannisfsuis'
1081 5611 1544 5683 adorandnmesse
1570 5611 1672 5682 non

129 5683 652 5771 herniaem'Dei‘fertmt,
681 5683 769 5771 sed
801 5683 962 5770 Deum
989 5700 1321 5771 cprniferum.
1357 5700 1560 5765 Horum
1588 5715 1673 5771 er-

134 5763 263 5819 rores
289 5763 548 5837 (acerrime
585 5763 929 5828 conlutarunt
968 5763 1296 5830 Athanasius
1337 5771 1431 5824 lib.
1478 5763 1546 5826 de
1593 5769 1674 5825 1ηὁ

1771 4638 2148 4708 assumptione
2190 4636 2452 4704 suscepit.
2501 4631 2687 4700 Itaque
2732 4645 2826 4698 per
2871 4625 3172 4681 scabellum
3226 4633 3370 4677 terra

1773 4731 2096 4802 intelligitur
2132 4747 2146 4785 :
2177 4744 2274 4799 per
2298 4737 2496 4783 terram
2529 4733 2708 4779 autem
2742 4721 2769 4760 ι)
2799 4734 2927 4776 caro
2954 4717 3176 4784 Christi,
3207 4731 3370 4786 quam

1764 4931 1917 4972 carn.
1943 4913 2171 4978 Christi,
2208 4921 2263 4982 et
2300 4909 2460 4982 epist.
2503 4907 2578 4960 ad
2595 4906 2856 4982 Adelph.,
2885 4897 3234 4982 Epiphanius
3263 4899 3374 4982 An-

1767 4969 1891 5041 cor.
1916 5001 2065 5039 num.
2100 4969 2191 5049 Μ’,
2223 4969 2616 5049 ΙλροἯγῑειιιιη
2647 4969 2965 5049 Ambrosius
2996 4973 3080 5024 hic
3101 4983 3158 5026 et
3180 4970 3273 5024 lib.
3304 4969 3374 5023 de

1767 5059 1979 5114 lncarn.
2018 5047 2293 5116 Sacram,
2328 5047 2491 5116 atque
2521 5048 2633 5101 alii.
2663 5047 2941 5116 Christum
2977 5057 3140 5116 porro
3179 5055 3373 5116 secun-

1771 5130 1898 5184 dum
1939 5138 2234 5194 utramque
2282 5113 2534 5176 naturam
2574 5113 3373 5194 unact_eadem_adpratiune

1771 5199 2061 5253 colendum
2104 5184 2229 5267 post
2268 5194 2535 5266 synodum
2569 5189 2830 5244 Chalced.
2872 5184 3063 5240 statuit
3101 5184 3374 5238 Constan-

1775 5272 1874 5325 tin.
1907 5285 1962 5325 v.
1994 5283 2118 5323 can.
2151 5267 2205 5322 8.

1847 5311 1874 5380 vi;
1899 5311 2205 5394 'e‘s't'
2225 5347 2486 5407 quantum
2515 5331 2737 5388 torserit
2763 5329 2849 5383 hic
2879 5327 3373 5407 locus_nco_ter_icus

1775 5411 2162 5467 heterodoxos.
2211 5397 2344 5463 Eum
2381 5399 3126 5476 proposueruntcardinales
3165 5397 3369 5476 Bellar-

1773 5485 1954 5539 minus
1982 5483 2082 5537 lib.
2115 5497 2194 5547 ιιι,
2225 5495 2348 5550 cap.
2383 5468 2549 5541 iﬂfet
2579 5473 2874 5550 Petronius
2907 5470 2999 5550 ιιι).
3028 5472 3190 5523 etiam
3213 5484 3272 5522 ιιι
3303 5468 3373 5522 de

1772 5555 2014 5610 Euchar.
2049 5568 2106 5608 ea
2120 5541 2220 5620 p.'l
2234 5553 2266 5604 4
2279 5541 2596 5620 .ἰτιιιιι]ιιιιιιι
2619 5543 2702 5620 Διιι]
2729 5541 3066 5620 probandum
3089 5554 3370 5620 summam

1772 5637 1853 5694 et,
1884 5636 1936 5680 ut
1972 5610 2188 5687 vocant,
2217 5610 2799 5694 latriaeadorationem
2838 5611 3058 5694 Christo
3089 5615 3144 5694 in
3169 5610 3374 5694 eucha-

1775 5681 1959 5766 ristica
1987 5681 2202 5764 liturgia
2227 5693 2440 5766 deberi,
2463 5700 2517 5746 et
2543 5704 2601 5744 re
2627 5702 2756 5766 vera
2779 5685 2886 5757 jam
2906 5683 3039 5766 inde
3063 5697 3093 5766 τι
3121 5681 3372 5766 felicibus

1775 5769 1882 5824 illis
1913 5754 2160 5824 ﬂorentis
2201 5754 2462 5821 Ecclesia:
2505 5754 2846 5830 temporibus
2885 5754 3090 5812 deferri
3134 5761 3369 5812 consueé
