3936 6168
111 239 199 292 797

1209 239 1295 295 ne
1336 199 1604 306 senatu
1651 244 1928 306 suum)
1961 246 2094 303 ua.
2137 247 2224 304 ιιι.

3258 256 3363 312 ’ῒ93

109 367 323 413 testatur.
359 357 531 414 [labes
567 358 709 419 enim
746 373 838 426 per
879 357 1058 427 ipsum.
1095 369 1154 416 et
1188 359 1240 414 in
1283 360 1400 428 ipso
1439 361 1657 428 condita
1689 364 1741 426 Δ
1766 361 1975 418 Christi.
2009 365 2184 428 Habes
2227 365 2499 431 Christum
2525 368 2803 428 evidenter
2831 385 3165 440 expressum.
3203 372 3366 440 (Euius

106 467 210 504 L'SSC
235 465 422 504 Olnlllil.

164 543 245 598 83.
283 541 472 618 Accipe
516 543 681 597 etiam
725 542 848 613 quia
890 558 1013 597 cum
1058 544 1175 611 ipso
1217 543 1413 607 Pater,
1451 553 1504 598 et
1547 546 1663 616 ipse

105 650 208 689 cum
232 633 383 688 Patre
411 644 564 698 erat;
594 649 719 688 cum
747 636 928 689 omnia
960 635 1353 690 conderentur.
1379 636 1661 706 Sapientia

104 726 215 780 dicit
243 743 255 778 :
283 723 404 779 Cum
435 736 642 792 pararet
672 727 844 792 rtelos,
878 745 993 780 cum
1016 728 1108 781 illo
1133 744 1298 792 erant;
1330 744 1446 780 cum
1474 729 1663 798 {areret

105 822 246 885 fontes
279 835 524 888 aquarum
559 817 746 889 (Prov.
783 836 895 882 vttt,
923 819 1049 888 ‘27).
1086 821 1153 875 Et
1181 823 1237 875 in
1267 823 1439 877 veteri
1465 822 1662 877 Testa-

105 922 263 964 mento
287 911 513 965 dicendo
542 912 722 980 Pater,
759 910 1034 966 Faciamus
1063 913 1217 986 (Gen.
1253 931 1301 980 ι,
1330 913 1448 985 26),
1475 929 1664 972 osten-

105 1003 162 1057 dit
196 1003 381 1060 Filium
416 1021 600 1060 secum
631 1005 994 1071 adorandum,
1022 1008 1172 1076 quasi
1207 1008 1449 1061 omnium
1479 1008 1664 1064 condi-

104 1109 270 1154 torem.
295 1101 442 1153 Sicut
473 1116 602 1171 ergo
626 1101 677 1155 in
711 1102 848 1158 Filio
872 1112 896 1138 λ
921 1113 1102 1159 creata
1135 1103 1408 1169 dicuntur,
1432 1121 1660 1175 quorum

103 1194 246 1248 Filius
284 1206 496 1249 creator
525 1196 814 1264 accipitur;
860 1197 930 1251 ita
971 1197 1134 1252 etiam
1177 1214 1298 1253 cum
1347 1199 1402 1252 in
1434 1204 1664 1255 veritate

103 1286 288 1341 adorari
331 1285 476 1342 Deus
524 1288 758 1354 dicitur,
813 1289 959 1343 verbi
1006 1289 1175 1359 ipsius
1223 1292 1558 1361 proprietate
1610 1291 1661 1346 iu

103 1381 317 1436 eumdem
347 1381 564 1436 modum
591 1382 908 1451 frequenter
930 1399 1189 1452 cxgiressa
1215 1384 1378 1441 debet
1405 1385 1659 1456 intelligi,

103 1473 220 1544 quod
247 1484 298 1530 et
322 1474 487 1530 Filius
516 1476 797 1532 adoretur.
821 1469 1087 1538 Similiter
1118 1478 1300 1549 itaque
1320 1479 1582 1534 aduratur
1609 1488 1664 1535 et

103 1568 329 1633 Spiritus;
361 1568 484 1638 quia
523 1568 667 1624 Deus
695 1570 956 1625 adoralur
991 1573 1041 1624 in
1071 1571 1295 1641 Spiritu.
1328 1555 1470 1650 Ergo
1502 1573 1664 1630 Pater

104 1671 146 1716 et
170 1677 274 1716 cum
301 1662 437 1718 Filio
465 1665 748 1731 aduratur,
780 1673 836 1722 et
861 1683 982 1722 cum
1007 1667 1238 1740 Spiritu,
1267 1669 1391 1739 quia
1422 1668 1662 1724 Trinitas

105 1754 344 1810 aduratur.
1272 1759 1274 1761 ’

552 1848 717 1924 633
757 1849 982 1921 CAPUT
1022 1848 1138 1906 xu.
1694 1757 1738 1838 β

108 1979 172 2033 Ea:
193 1997 244 2034 eo
269 1982 402 2054 quod
446 1985 500 2040 in
541 1983 799 2038 Trinitate
839 1986 1120 2040 divinitatis
1160 1988 1356 2052 lucem,
1408 2005 1559 2056 quam
1610 1989 1664 2041 in

162 2069 342 2128 Christo
366 2084 468 2128 tres
494 2077 722 2147 apostoli
750 2076 1126 2143 adoraverunt,
1160 2081 1323 2134 inesse
1352 2079 1552 2133 Paulus
1589 2081 1659 2133 si-

164 2166 490 2234 gniﬁcaverit,
545 2170 843 2223 adorandus
873 2173 1026 2224 etiam
1071 2172 1299 2244 Spiritus
1347 2174 1659 2228 declaratur.

166 2255 437 2314 Ostenditur
477 2279 544 2316 ea:
590 2264 718 2328 ipsis.
751 2264 911 2318 verbis
941 2266 1197 2334 Spiritum
1237 2266 1556 2336 designatum
1600 2266 1664 2320 ab

162 2352 405 2421 Apastola.
438 2357 692 2427 Ejusdem
723 2358 954 2430 Spiritus
976 2359 1220 2413 diuinitas
1252 2360 1372 2416 inde
1396 2360 1657 2430 probatur,

160 2446 278 2513 qtiod
305 2450 546 2519 templum
575 2449 760 2502 habent
779 2490 794 2515 ,
827 2450 878 2502 in
909 2467 1008 2519 quo
1039 2441 1140 2503 uois
1171 2460 1222 2502 ut
1251 2451 1489 2504 sacerdos
1518 2451 1666 2502 habi-

158 2548 244 2601 tet,
272 2543 358 2594 sed
384 2552 440 2594 ut
485 2541 634 2606 Deus
657 2560 674 2595 :
705 2558 796 2596 nec
823 2559 926 2596 non
955 2559 1070 2596 cum
1105 2542 1262 2596 Patre
1287 2560 1346 2596 ac
1370 2542 1511 2596 Filio
1540 2544 1665 2597 ado-

154 2640 276 2686 retur
295 2651 313 2698 ,-
332 2636 542 2690 undeist
566 2634 750 2689 iisdem
772 2646 972 2690 natura:
995 2637 1167 2690 unitas
1197 2637 1517 2706 intelligitur.

158 2769 232 2823 86.
269 2772 344 2827 An
377 2789 516 2829 vero
547 2784 704 2844 negat
732 2774 927 2844 aliquis
956 2773 1285 2829 adorandatn
1319 2774 1661 2840 divinitatem

101 2859 342 2918 Trinitatis
383 2865 657 2923 tutetute?
689 2883 810 2921 cum
843 2877 896 2921 et
945 2867 1236 2936 Scriptum:
1268 2868 1465 2922 divinae
1513 2869 1665 2922 inex-

105 2956 362 3022 plicabilem
414 2960 763 3030 majestatem
810 2963 1116 3030 exprimant
1163 2961 1476 3028 Trinitatis,
1525 2963 1665 3017 sicut

104 3048 203 3104 alibi
228 3050 518 3122 Apostolus
547 3053 678 3112 dicit
701 3071 713 3105 :
740 3053 997 3118 Quoniam
1033 3052 1168 3108 Deus
1188 3095 1200 3118 ,
1231 3061 1317 3123 qui
1345 3056 1473 3109 dixit
1507 3057 1568 3107 de
1594 3067 1665 3109 te-

104 3142 239 3196 nebris
265 3144 424 3200 lumen
465 3147 851 3216 splendescere,
895 3146 1068 3199 illuxit
1098 3147 1149 3220 in
1195 3147 1430 3202 cordibus
1478 3149 1662 3206 nostris
1691 3148 1736 3210 C

103 3235 156 3287 ad
198 3238 617 3294 illuminationent
662 3241 882 3294 scientiae
910 3240 937 3280 δ
984 3242 1235 3311 claritatis
1291 3239 1387 3296 Dei
1437 3243 1489 3295 in
1529 3242 1663 3318 [acie

102 3325 203 3381 Jesu
228 3330 403 3386 Christi
433 3332 526 3402 (Il
557 3331 678 3386 Cor.
708 3349 782 3398 tv,
815 3333 848 3387 6
873 3330 913 3404 ).

157 3420 233 3475 87.
260 3423 452 3498 Nempe
475 3425 622 3479 hanc
641 3426 938 3480 claritatem
965 3425 1213 3480 viderunt
1243 3425 1499 3500 apostoli,
1539 3441 1660 3480 cum

104 3512 326 3570 Dominus
354 3519 518 3575 Jesus
547 3517 844 3572 divinitatis
881 3534 992 3571 sua:
1026 3517 1144 3573 luce
1185 3517 1235 3572 in
1269 3527 1450 3572 monte
1492 3517 1660 3587 fulge-

103 3614 194 3659 ret:
225 3607 500 3677 Viderunt,
532 3611 702 3682 inquit
728 3652 741 3672 ,
768 3610 1023 3678 apostoli,
1054 3621 1099 3663 et
1125 3611 1178 3664 in
1204 3616 1387 3679 faciem
1424 3612 1659 3682 procide-

102 3708 196 3750 runt
240 3701 450 3773 (Matth.
496 3719 627 3768 xvn,
671 3702 763 3774 6).
799 3703 1029 3768 PutaSne
1060 3705 1180 3758 illos
1208 3707 1287 3758 vel
1319 3721 1440 3758 cum
1489 3704 1660 3774 pr0ci-

102 3787 256 3845 derent
280 3837 291 3857 ,
323 3796 617 3861 adorasse;
651 3812 772 3850 cum
807 3794 1066 3870 fulgorem
1098 3796 1260 3849 divini
1295 3796 1513 3850 luminis
1541 3811 1661 3850 eor-

102 3883 339 3950 poralihus
374 3888 552 3944 oculis
596 3889 864 3944 sustinere
897 3904 1002 3943 non
1034 3899 1290 3958 possent,
1322 3899 1375 3941 ct
1404 3887 1662 3958 Splendor

102 3974 211 4031 lucis
253 3989 462 4035 a-ternte
519 3983 687 4035 aciem
727 3981 876 4036 visus
905 3981 1144 4034 mortalis
1187 3980 1523 4034 abduceret?
1554 3982 1662 4056 Aut

101 4069 204 4136 quid
245 4073 381 4129 aliud
431 4085 558 4129 tunc
592 4074 846 4146 temporis
875 4074 1123 4128 dixerunt
1157 4073 1228 4126 illi
1277 4071 1520 4125 videntes
1547 4071 1660 4141 glo-

102 4160 209 4216 riam
235 4165 343 4236 ejus
363 4209 376 4230 ,
410 4168 514 4238 nisi
542 4185 555 4221 :
589 4165 765 4221 Venite
790 4169 1094 4230 adoremus,
1124 4173 1171 4218 et
1193 4164 1521 4236 procidantus
1542 4172 1660 4236 ante

102 4267 193 4306 eum
221 4255 238 4334 (
265 4239 400 4315 l’sal.
429 4275 580 4326 χειν,
610 4258 705 4327 6)?
736 4257 912 4340 [illius
943 4273 1059 4326 cap.
1097 4255 1272 4330 Xlll.]
1305 4255 1492 4310 Illuxit
1513 4257 1655 4314 enim

103 4341 217 4400 Deus
255 4351 300 4403 in
329 4352 570 4405 cordibus
603 4353 789 4406 nostris
833 4351 902 4404 ad
946 4351 1383 4406 illuntinationcm
1430 4351 1658 4420 scientia?

103 4435 318 4496 claritatis
351 4443 448 4498 Dei
471 4446 526 4498 in
557 4445 691 4516 facie
717 4443 843 4500 Jesu
875 4443 1065 4499 Christi
1094 4443 1174 4520 (ll
1205 4441 1324 4498 Cor.
1355 4460 1428 4514 tv,
1459 4442 1546 4515 6).

159 4531 233 4592 88.
263 4537 387 4604 Quis
415 4549 657 4620 estergo
699 4539 790 4612 qui
838 4537 1054 4609 illuxit,
1091 4549 1113 4576 ο
1165 4549 1217 4596 ιιι
1267 4525 1656 4608 cognoscamus
1685 4537 1735 4602 Β

103 4621 242 4682 Deum
283 4629 332 4686 in
375 4631 511 4688 facie
573 4627 776 4689 Christi
821 4631 995 4707 ,ἰοειιῖ
1040 4631 1185 4686 Dixit
1243 4633 1423 4696 enim,
1469 4629 1656 4710 Illuxit
1701 4681 1704 4684 .

104 4715 246 4787 Deus,
280 4734 334 4778 ut
374 4737 739 4797 cognoscatur
786 4725 1011 4780 claritas
1045 4724 1139 4779 Dei
1188 4724 1241 4779 in
1275 4724 1410 4780 facie
1456 4724 1656 4792 Christi

99 4807 239 4888 lesu:
269 4834 423 4886 quem
457 4831 709 4898 putamus
738 4819 900 4874 alium
946 4829 1142 4889 printer
1173 4817 1436 4890 Spiritum
1474 4817 1656 4872 decla-

99 4908 286 4961 ratum?
311 4910 414 4964 Aut
443 4912 562 4982 quis
593 4919 676 4966 est
705 4912 845 4966 alius
877 4923 1073 4981 prmter
1094 4911 1351 4980 Spiritum
1379 4921 1656 4978 sanctum,

97 4995 169 5049 cui
205 4994 496 5058 divinitatis
527 5005 764 5088 potentia
801 5001 1116 5058 deferatur?
1144 5003 1245 5072 Qui
1287 5005 1434 5059 enim
1483 5003 1655 5072 Spiri-

99 5094 190 5142 tum
218 5094 534 5164 excludunt,
567 5111 793 5154 necesse
815 5107 900 5152 est
922 5098 1175 5152 inducant
1205 5099 1392 5163 alium,
1417 5097 1654 5166 quicum

99 5174 235 5237 Patre
261 5194 313 5238 et
338 5187 475 5240 Filio
501 5171 726 5259 gloriam
760 5188 1062 5244 divinitatis
1094 5189 1343 5260 accipiat.

155 5272 233 5330 89.
274 5276 468 5334 Eadem
511 5282 673 5351 igitur
703 5282 864 5337 verba
904 5291 1249 5351 repetamus:
1291 5281 1433 5336 Deus
1458 5291 1530 5336 est
1567 5283 1655 5352 qui

96 5359 245 5422 illuxit
280 5371 347 5425 ad
377 5373 803 5430 illuminationem
841 5377 1092 5430 claritatis
1148 5375 1244 5431 Dei
1271 5377 1323 5430 in
1351 5378 1482 5447 facie
1525 5375 1651 5444 Jestt

157 5513 180 5543 ‘
204 5510 414 5592 Amerb.
444 5526 494 5572 et
525 5516 707 5586 Eras.,
746 5529 985 5592 creatura
1017 5517 1323 5592 discutitur;
1354 5519 1470 5592 alite
1510 5518 1643 5592 edit.

96 5585 144 5662 et
165 5584 329 5662 Cuncti
352 5601 506 5662 mss”
534 5584 705 5662 creata
736 5585 1001 5662 dicuntur.
1032 5589 1229 5662 lterum
1263 5584 1390 5662 vero
1418 5591 1504 5647 ubi
1535 5587 1650 5662 om;

96 5660 178 5732 tres
201 5652 320 5732 edit.
347 5659 407 5710 ac
431 5652 613 5727 plures
639 5657 808 5724 ηιεέξᾷ
824 5652 948 5716 cum
969 5663 1023 5716 in
1045 5652 1261 5716 ueritate
1282 5652 1528 5724 adorati;
1559 5655 1650 5732 alii

98 5716 276 5791 aliqum
304 5716 501 5798 ιοειιὶιι,
528 5749 644 5807 cum
671 5734 723 5787 in
753 5716 911 5801 Filio,
934 5735 988 5790 in
1020 5735 1248 5798 veritate,
1280 5743 1384 5789 etc.
1481 5716 1484 5717 ν
1513 5716 1525 5750 ἢ
1563 5716 1586 5740 Ἴ

1767 472 1899 525 ergo
1974 459 2191 522 claritas
2252 461 2552 522 illuminare
2623 463 2823 522 dicitur
2861 506 2874 527 ,
2935 465 3033 518 nisi
3089 465 3365 532 Spiritus?

1766 548 1954 618 Ipsum
1975 567 2103 618 ergo
2136 554 2298 610 Deum
2333 557 2635 623 cvpressit,
2669 557 2796 625 quia
2826 557 3124 610 claritatem
3165 559 3254 612 llei
3285 558 3368 613 di-

1766 645 1845 700 xit
1872 662 1884 697 :
1913 649 1958 699 si
1988 645 2183 713 Patris,
2216 660 2463 714 superest
2501 658 2558 703 ut
2585 650 2672 718 qui
2703 650 2834 702 dixit
2863 651 2924 702 de
2955 651 3171 704 tenebris
3197 651 3367 706 lumen

1767 736 2125 798 splendescere
2151 781 2165 803 ,
2208 749 2254 792 et
2302 739 2476 792 illuxit
2508 741 2558 792 in
2598 741 2833 794 cordibus
2863 743 3046 795 nostris
3072 784 3085 805 ,
3137 742 3366 810 Spiritus

1767 838 1986 882 sanctus
2016 829 2383 900 intelligatur;
2415 833 2577 886 alium
2609 835 2751 887 enim
2784 850 2887 886 non
2936 850 3220 902 possumus
3247 853 3365 891 cum

1768 917 1929 973 Patre
1951 919 2197 989 Filioque
2224 923 2494 977 venerari.
2529 924 2582 979 Si
2614 924 2775 993 igitur
2798 924 3056 993 Spiritum
3086 927 3364 998 intelligis,

1767 1020 1822 1066 et
1855 1011 1994 1066 hunc
2040 1011 2334 1080 Apostolus
2379 1015 2544 1070 Deum
2590 1017 2768 1079 dixit;
2811 1033 3034 1072 necesse
3072 1029 3154 1076 est
3206 1020 3368 1088 igitur

1766 1103 2022 1160 deitatem
2065 1106 2299 1174 Spiritus
2327 1106 2486 1161 etiam
2519 1125 2612 1161 vos
2650 1109 2921 1164 fateamini
2951 1152 2964 1173 ,
3014 1111 3105 1178 qui
3136 1114 3362 1181 negatis.

1840 1198 1929 1256 90.
1975 1199 2082 1254 Sed
2114 1216 2270 1266 qnam
2307 1201 2650 1270 impudenter
2679 1205 2919 1272 negatis,
2966 1219 3086 1257 cum
3132 1205 3367 1274 Iegeritis

1765 1292 1890 1362 quia
1925 1293 2182 1360 templum
2217 1293 2380 1349 habet
2407 1295 2637 1364 Spiritus
2674 1298 2934 1350 sanctus!
2981 1298 3250 1364 Scriptum
3285 1307 3368 1354 est
3429 1325 3438 1328 ·

1766 1384 1912 1440 enim
1939 1403 1950 1436 :
1986 1383 2258 1450 Templum
2286 1385 2384 1439 Dei
2416 1402 2500 1438 vos
2522 1388 2670 1450 estis,
2702 1397 2750 1441 et
2779 1388 3009 1456 Spiritus
3039 1400 3248 1443 sanctus
3275 1391 3367 1444 ha-

1767 1475 1894 1538 bitat
1914 1477 1968 1530 in
1996 1477 2134 1531 vobis
2157 1478 2208 1547 (Ι
2239 1475 2359 1533 Cor.
2391 1494 2471 1542 ιιι,
2506 1479 2625 1550 16).
2662 1481 2804 1536 Deus
2829 1496 2958 1550 ergo
2983 1482 3241 1550 templum
3275 1485 3369 1538 ha-

1766 1569 1894 1635 bet,
1943 1582 2192 1625 creatura
2227 1573 2490 1641 templum
2537 1589 2644 1628 non
2687 1574 2847 1634 habet
2890 1591 3095 1630 verum.
3135 1577 3368 1644 Spiritus

1766 1672 1946 1718 autem
1995 1663 2158 1718 habet
2205 1667 2493 1733 templum,
2547 1666 2639 1735 qui
2688 1666 2890 1720 habitat
2943 1668 2992 1720 in
3027 1667 3200 1722 nobis.
3232 1668 3365 1724 Nam

1767 1756 2026 1823 scriptum
2053 1767 2139 1822 est
2166 1774 2178 1809 :
2215 1757 2351 1822 Quia
2379 1759 2607 1812 membra
2631 1769 2795 1814 vestra
2827 1765 3072 1828 templum
3092 1772 3210 1814 sunt
3242 1761 3366 1832 Spi-

1769 1848 1899 1902 ritus
1921 1850 2084 1902 sancti
2115 1849 2168 1924 tl
2195 1848 2314 1904 Cor.
2347 1866 2420 1916 vr,
2454 1851 2576 1920 15).

1839 1941 1926 1996 91.
1961 1943 2015 1996 In
2041 1943 2440 2010 temploautem
2470 1959 2573 1995 non
2597 1944 2754 2012 quasi,
2780 1944 3059 2008 sacerdos,
3094 1960 3192 2000 nec
3214 1946 3366 2015 quasi

1769 2034 2050 2097 minister,
2097 2034 2192 2090 sed
2235 2035 2386 2105 quasi
2437 2035 2575 2088 Deus
2624 2035 2919 2102 inhabitat;
2948 2038 3203 2105 quoniam
3252 2039 3367 2106 ipse

1771 2125 2032 2184 Dominus
2061 2125 2199 2180 dixit
2223 2125 2385 2181 Jesus
2415 2143 2426 2177 :
2464 2124 2772 2182 lnhabitabo
2803 2130 2853 2178 in
2883 2128 3018 2193 illis,
3055 2139 3098 2182 et
3125 2137 3256 2183 inter
3282 2147 3367 2184 eos

1769 2217 2084 2280 antbulabo;
2133 2228 2178 2272 et
2221 2234 2306 2272 ero
2336 2217 2546 2270 illorum
2576 2217 2750 2283 Deus,
2779 2219 2946 2291 684
2988 2232 3031 2273 et
3079 2222 3181 2286 ipsi
3222 2231 3366 2275 erant

1767 2309 1895 2362 mihi
1935 2309 2155 2378 populus
2191 2307 2391 2380 (Leuit.
2428 2325 2575 2372 xxw,
2608 2311 2675 2368 l2
2694 2312 2734 2379 )I.
2767 2312 2830 2374 lit
2864 2312 3025 2364 David
3055 2311 3222 2366 dicit:
3257 2311 3363 2364 Do-

1769 2403 1938 2458 minus
1967 2404 2017 2455 in
2049 2402 2240 2470 templo
2279 2413 2456 2470 sancto
2488 2420 2584 2456 suo
2625 2404 2809 2475 (l’sal.
2851 2422 2900 2467 tt,
2933 2405 2966 2457 5
2989 2403 3027 2473 ).
3068 2407 3206 2476 Ergo
3237 2405 3362 2472 Spi-

1770 2497 1904 2551 ritus
1932 2497 2137 2554 habitat
2170 2498 2222 2554 in
2256 2497 2458 2564 templo
2490 2507 2677 2552 sancto
2699 2513 2830 2562 suo,
2864 2497 3000 2552 sicut
3031 2497 3232 2552 habitat
3263 2496 3364 2552 Pa-

1771 2601 1886 2657 ter,
1935 2592 2138 2646 habitat
2167 2599 2220 2644 et
2250 2589 2416 2646 Filius
2439 2632 2453 2654 ,
2486 2591 2575 2660 qui
2607 2591 2681 2652 ait
2708 2610 2719 2644 :
2753 2590 2862 2661 Ego
2905 2600 2951 2646 et
2995 2589 3154 2644 Pater
3194 2590 3365 2643 venie-

1771 2699 1914 2749 mus,
1979 2693 2024 2736 et
2089 2684 2410 2736 mansionem
2475 2684 2614 2754 apud
2675 2699 2791 2736 cum
2859 2683 3105 2752 faciemus
3165 2680 3360 2754 (Joan.

1773 2792 1878 2841 λιν,
1907 2775 2036 2846 25).

1842 2873 1954 2936 ΟΥ.
1983 2871 2328 2927 Advenimus
2354 2872 2516 2942 igitur
2543 2872 2684 2942 quod
2708 2873 2865 2926 Pater
2890 2881 2943 2928 et
2973 2871 3140 2928 Filius
3171 2883 3223 2926 ct
3243 2872 3366 2942 Spi-

1769 2970 1909 3026 ritus
1937 2980 2156 3026 sanctns
2203 2971 2252 3023 in
2285 2986 2392 3024 uno
2423 2969 2723 3038 cadentque
2756 2985 2853 3039 per
2880 2980 3088 3022 natura:
3119 2967 3362 3036 ejusdem

1772 3073 2021 3122 maneant
2053 3063 2332 3118 unitatem.
2382 3063 2520 3131 lirgo
2547 3063 2746 3117 divina:
2777 3072 2860 3115 est
2909 3062 3189 3130 potestatis
3211 3102 3224 3124 ,
3270 3061 3363 3130 qui

1770 3156 1974 3220 habitat
2005 3157 2056 3220 in
2089 3157 2320 3226 templo;
2355 3157 2492 3210 sicut
2523 3156 2669 3210 enim
2717 3155 2891 3216 Patris
2920 3163 2973 3208 ct
3004 3153 3159 3216 Filii,
3193 3154 3264 3207 ita
3311 3161 3366 3207 et

1767 3249 1999 3318 Spiritus
2026 3249 2198 3306 sancti
2220 3266 2404 3304 smnus
2437 3252 2698 3318 templum
2725 3268 2737 3302 :
2773 3265 2881 3304 non
2915 3249 3083 3302 multa
3119 3248 3318 3314 templa
3345 3287 3360 3311 ,

1767 3341 1864 3406 sed
1912 3359 2074 3404 unum
2110 3344 2408 3412 templum;
2437 3343 2560 3413 quia
2611 3342 2768 3404 unius
2800 3341 3059 3411 templum
3089 3350 3174 3396 est
3213 3347 3364 3410 pote-

1765 3437 1940 3490 statis.

1837 3530 1925 3588 92.
1967 3530 2141 3585 Manet
2189 3541 2366 3585 antetn
2424 3529 2476 3584 in
2525 3528 2680 3582 nohis
2728 3527 2883 3582 Pater
2931 3541 3025 3595 per
3057 3525 3360 3594 Spiritum,

1765 3636 1923 3690 quem
1946 3621 2096 3682 dedit
2115 3621 2289 3682 nobis.
2313 3618 2594 3684 Quomodo
2614 3618 2771 3686 igitur
2791 3627 2966 3686 potest
2992 3617 3147 3669 simul
3175 3615 3363 3680 dispar

1765 3729 1986 3768 manere
2036 3713 2268 3768 natura?
2315 3711 2507 3779 Utique
2552 3726 2656 3763 non
2710 3717 2906 3774 potest.
2959 3707 3134 3759 Manet
3178 3715 3358 3758 autem

1764 3823 1883 3862 cum
1919 3807 2076 3860 Patre
2101 3813 2154 3857 et
2185 3804 2322 3856 Filio
2350 3801 2583 3867 Spiritus
2605 3810 2844 3854 sanctus.
2878 3796 3032 3852 Unde
3055 3804 3107 3848 et
3131 3799 3358 3863 Aposto-

1764 3897 1849 3950 lus
1875 3911 1995 3949 cum
2028 3896 2198 3964 gratia
2215 3893 2343 3947 .lesn
2372 3890 2920 3948 Christietcharitate
2949 3888 3040 3940 ι)ρί
3060 3885 3360 3940 communi-

1763 3987 2032 4041 Catinnetn
2075 3983 2248 4040 saneti
2293 3982 2524 4052 Spiritus
2574 3980 2845 4049 copulavit
2896 3980 3124 4032 dicens:
3180 3975 3359 4030 Gratia

1767 4081 1973 4136 Domini
2004 4080 2161 4144 nostri
2195 4077 2322 4132 Jesu
2369 4076 2580 4136 Christi.
2627 4085 2672 4128 et
2702 4075 2929 4128 charitas
2979 4073 3112 4134 Dei,
3148 4083 3194 4128 et
3221 4089 3360 4126 com-

1763 4177 2039 4246 municatio
2073 4176 2300 4255 Spiritus
2329 4174 2492 4242 sancti
2521 4188 2638 4236 cum
2683 4168 2919 4236 omnibus
2951 4169 3088 4222 vobis
3118 4169 3134 4237 (
3162 4167 3199 4224 ll
3232 4165 3353 4220 Cur.

1764 4289 1882 4346 stu.
1921 4271 2044 4343 i3)-

2347 4345 2578 4420 CAPUT
2619 4344 2760 4416 xui.

1764 4471 2132 4542 Objicientibus
2157 4468 2465 4527 catholicos.
2500 4468 2622 4521 dum
2651 4466 2872 4533 Spiritui
2914 4463 3196 4519 attribuunt
3227 4461 3358 4513 divi-

1835 4566 2076 4630 nitatem,
2107 4573 2206 4616 tres
2239 4562 2359 4616 deos
2387 4560 2656 4623 inducere,
2692 4569 3008 4628 retorquetur
3038 4556 3099 4609 ab
3139 4556 3265 4622 ipsis
3293 4555 3355 4608 ob

1835 4658 2064 4711 eamdem
2104 4672 2316 4719 causam
2341 4654 2517 4708 induci
2540 4654 2668 4706 duos
2710 4653 2864 4715 deos,
2897 4650 2995 4704 nisi
3040 4649 3356 4702 divinitatem

1839 4751 1975 4816 Filio
2019 4750 2331 4821 negaverint.
2383 4748 2583 4803 Deinde
2613 4745 2901 4802 orthodoxa
2936 4745 3170 4798 doctrina
3198 4759 3356 4811 expo-

1831 4846 1988 4907 nitur.

1834 5002 1944 5056 9‘2‘.
1980 4999 2146 5076 [Alias
2169 4995 2468 5068 cap.XIV.]
2495 4995 2603 5049 Sed
2633 4994 2760 5064 quid
2791 4993 3083 5056 veremini,
3117 5009 3183 5046 au
3220 4993 3353 5048 illttd

1761 5098 1904 5178 quod
1954 5077 2226 5150 oblatrare
2271 5091 2609 5156 consuestis,
2646 5106 2712 5144 ne
2766 5101 2874 5143 tres
2919 5089 3125 5143 {sciatis
3173 5087 3353 5142 deus?

1763 5189 1946 5253 Absit;
1979 5188 2067 5240 uhi
2113 5187 2256 5240 enim
2287 5198 2392 5237 una
2425 5183 2596 5237 deitas
2648 5182 3000 5250 intelligitur,
3035 5195 3172 5232 unus
3215 5180 3353 5233 Deus

1760 5282 1973 5337 dicitur.
2028 5279 2210 5348 Neque
2258 5277 2403 5332 enim
2449 5291 2569 5330 cum
2620 5275 2813 5329 Filium
2865 5274 3031 5327 Deum
3082 5273 3348 5339 dicimus,

1761 5377 1895 5432 duos
1927 5376 2058 5430 deos
2099 5373 2349 5428 dicimus.
2397 5371 2530 5424 Nam
2572 5371 2616 5424 si
2643 5385 2767 5423 cum
2815 5369 3072 5424 deitatem
3117 5367 3352 5438 Spiritus

1827 5517 1853 5555 δ
1899 5518 2070 5588 Bigot.
2102 5515 2250 5580 eod.,
2279 5515 2541 5570 rhm-itatis
2563 5512 2680 5588 Dei.
2709 5512 2812 5568 Sed
2841 5524 3025 5588 contra
3050 5528 3154 5588 non
3176 5513 3349 5567 solum

1759 5585 1986 5644 aliorum
2012 5591 2254 5643 omnium
2279 5630 2292 5652 ,
2322 5601 2482 5656 atque
2507 5586 2637 5640 edit.
2669 5604 2680 5639 :
2715 5601 2895 5639 verum
2928 5587 3091 5638 etiam
3119 5585 3351 5654 Aposto-

1761 5662 1849 5728 lici
1884 5673 2061 5732 textus
2091 5660 2491 5728 auctoritatem.

1836 5745 1855 5772 ε
1892 5731 2025 5791 Mss.
2055 5732 2290 5806 aliquot,
2323 5743 2378 5786 ut
2410 5748 2782 5805 cognoscamus
2809 5731 3108 5810 Dominum.
