  <div class='ocr_page' id='page_1' title='image "/cluster/home/n/w/nwhite01/storage/ocr_20150623/16/uva.x000826550/407.png"; bbox 0 0 3936 6168; ppageno 0'>
   <div class='ocr_carea' id='block_1_1' title="bbox 555 241 662 302">
    <p class='ocr_par' dir='ltr' id='par_1_1' title="bbox 555 241 662 302">
     <span class='ocr_line' id='line_1_1' title="bbox 555 241 662 302; baseline -0.019 0"><span class='ocrx_word' id='word_1_1' title='bbox 555 241 662 302; x_wconf 78' lang='grc'><strong>799</strong></span> 
     </span>
    </p>
   </div>
   <div class='ocr_carea' id='block_1_2' title="bbox 1881 219 2175 320">
    <p class='ocr_par' dir='ltr' id='par_1_2' title="bbox 1881 239 2175 298">
     <span class='ocr_line' id='line_1_2' title="bbox 1881 239 2175 298; baseline 0 0"><span class='ocrx_word' id='word_1_2' title='bbox 1881 239 2127 298; x_wconf 77' lang='lat' dir='ltr'><strong>SANCTI</strong></span> <span class='ocrx_word' id='word_1_3' title='bbox 2165 273 2175 298; x_wconf 73' lang='grc' dir='ltr'><strong>ι</strong></span> 
     </span>
    </p>
   </div>
   <div class='ocr_carea' id='block_1_3' title="bbox 2284 219 3820 320">
    <p class='ocr_par' dir='ltr' id='par_1_3' title="bbox 2284 242 3820 320">
     <span class='ocr_line' id='line_1_3' title="bbox 2284 242 3820 320; baseline 0.002 -23"><span class='ocrx_word' id='word_1_4' title='bbox 2284 242 2491 300; x_wconf 69' lang='lat' dir='ltr'><strong>suos“</strong></span> <span class='ocrx_word' id='word_1_5' title='bbox 2775 251 2784 260; x_wconf 87' lang='grc'><strong>·</strong></span> <span class='ocrx_word' id='word_1_6' title='bbox 3691 312 3699 320; x_wconf 49' lang='grc'><strong>,</strong></span> <span class='ocrx_word' id='word_1_7' title='bbox 3733 243 3820 302; x_wconf 84' lang='lat' dir='ltr'><strong>soo</strong></span> 
     </span>
    </p>
   </div>
   <div class='ocr_carea' id='block_1_4' title="bbox 559 354 3821 431">
    <p class='ocr_par' dir='ltr' id='par_1_4' title="bbox 559 354 3821 431">
     <span class='ocr_line' id='line_1_4' title="bbox 559 354 3821 431; baseline 0 -16"><span class='ocrx_word' id='word_1_8' title='bbox 559 368 586 397; x_wconf 75' lang='grc'>⁸</span> <span class='ocrx_word' id='word_1_9' title='bbox 613 358 975 422; x_wconf 84' lang='lat' dir='ltr'><strong>conﬁtemini,</strong></span> <span class='ocrx_word' id='word_1_10' title='bbox 1021 357 1224 428; x_wconf 91' lang='lat' dir='ltr'><strong>putatis</strong></span> <span class='ocrx_word' id='word_1_11' title='bbox 1254 365 1366 412; x_wconf 87' lang='lat' dir='ltr'><strong>tres</strong></span> <span class='ocrx_word' id='word_1_12' title='bbox 1394 355 1528 412; x_wconf 90' lang='lat' dir='ltr'><strong>deos</strong></span> <span class='ocrx_word' id='word_1_13' title='bbox 1554 354 1664 412; x_wconf 91' lang='lat' dir='ltr'><strong>dici</strong></span> <span class='ocrx_word' id='word_1_14' title='bbox 1704 374 1716 409; x_wconf 90' lang='lat'><strong>:</strong></span> <span class='ocrx_word' id='word_1_15' title='bbox 1767 371 1898 427; x_wconf 91' lang='lat' dir='ltr'><strong>ergo</strong></span> <span class='ocrx_word' id='word_1_16' title='bbox 1943 365 1999 412; x_wconf 86' lang='lat' dir='ltr'><strong>et</strong></span> <span class='ocrx_word' id='word_1_17' title='bbox 2026 371 2152 412; x_wconf 91' lang='lat' dir='ltr'><strong>cum</strong></span> <span class='ocrx_word' id='word_1_18' title='bbox 2181 360 2236 420; x_wconf 82' lang='grc' dir='ltr'><strong>Α</strong></span> <span class='ocrx_word' id='word_1_19' title='bbox 2259 358 2395 414; x_wconf 87' lang='lat' dir='ltr'><strong>ritus</strong></span> <span class='ocrx_word' id='word_1_20' title='bbox 2421 360 2474 413; x_wconf 94' lang='lat' dir='ltr'><strong>in</strong></span> <span class='ocrx_word' id='word_1_21' title='bbox 2506 358 2690 429; x_wconf 84' lang='lat' dir='ltr'><strong>specie</strong></span> <span class='ocrx_word' id='word_1_22' title='bbox 2713 358 2977 415; x_wconf 84' lang='lat' dir='ltr'><strong>columbae</strong></span> <span class='ocrx_word' id='word_1_23' title='bbox 3004 357 3167 431; x_wconf 87' lang='lat' dir='ltr'><strong>(Luc.</strong></span> <span class='ocrx_word' id='word_1_24' title='bbox 3199 373 3277 426; x_wconf 89' lang='grc' dir='ltr'>ιιι,</span> <span class='ocrx_word' id='word_1_25' title='bbox 3305 357 3446 429; x_wconf 74' lang='lat'><strong>22);</strong></span> <span class='ocrx_word' id='word_1_26' title='bbox 3476 367 3537 415; x_wconf 85' lang='grc' dir='ltr'><strong>ιιι</strong></span> <span class='ocrx_word' id='word_1_27' title='bbox 3561 367 3616 415; x_wconf 91' lang='lat' dir='ltr'><strong>et</strong></span> <span class='ocrx_word' id='word_1_28' title='bbox 3637 361 3821 431; x_wconf 85' lang='lat' dir='ltr'><strong>sapien-</strong></span> 
     </span>
    </p>
   </div>
   <div class='ocr_carea' id='block_1_5' title="bbox 557 450 2150 523">
    <p class='ocr_par' dir='ltr' id='par_1_5' title="bbox 557 450 2150 523">
     <span class='ocr_line' id='line_1_5' title="bbox 557 450 2150 523; baseline -0.002 -13"><span class='ocrx_word' id='word_1_29' title='bbox 557 453 814 510; x_wconf 90' lang='lat' dir='ltr'><strong>deitatem</strong></span> <span class='ocrx_word' id='word_1_30' title='bbox 844 451 966 508; x_wconf 86' lang='lat' dir='ltr'><strong>Filii</strong></span> <span class='ocrx_word' id='word_1_31' title='bbox 994 450 1176 508; x_wconf 77' lang='lat' dir='ltr'><strong>dicitis</strong></span> <span class='ocrx_word' id='word_1_32' title='bbox 1194 491 1208 516; x_wconf 89' lang='lat'><strong>,</strong></span> <span class='ocrx_word' id='word_1_33' title='bbox 1239 451 1365 523; x_wconf 84' lang='lat' dir='ltr'><strong>quia</strong></span> <span class='ocrx_word' id='word_1_34' title='bbox 1391 466 1501 508; x_wconf 87' lang='lat' dir='ltr'><strong>non</strong></span> <span class='ocrx_word' id='word_1_35' title='bbox 1532 451 1760 522; x_wconf 90' lang='lat' dir='ltr'><strong>potestis</strong></span> <span class='ocrx_word' id='word_1_36' title='bbox 1785 466 1906 506; x_wconf 91' lang='lat' dir='ltr'><strong>eam</strong></span> <span class='ocrx_word' id='word_1_37' title='bbox 1931 465 2150 522; x_wconf 88' lang='lat' dir='ltr'><strong>negare,</strong></span> 
     </span>
    </p>
   </div>
   <div class='ocr_carea' id='block_1_6' title="bbox 559 545 2154 616">
    <p class='ocr_par' dir='ltr' id='par_1_6' title="bbox 559 545 2154 616">
     <span class='ocr_line' id='line_1_6' title="bbox 559 545 2154 616; baseline -0.001 -13"><span class='ocrx_word' id='word_1_38' title='bbox 559 546 701 603; x_wconf 89' lang='lat' dir='ltr'><strong>duos</strong></span> <span class='ocrx_word' id='word_1_39' title='bbox 729 545 982 602; x_wconf 75' lang='lat' dir='ltr'><strong>inducitis</strong></span> <span class='ocrx_word' id='word_1_40' title='bbox 1002 545 1160 602; x_wconf 90' lang='lat' dir='ltr'><strong>deos.</strong></span> <span class='ocrx_word' id='word_1_41' title='bbox 1185 545 1420 602; x_wconf 86' lang='lat' dir='ltr'><strong>Necesse</strong></span> <span class='ocrx_word' id='word_1_42' title='bbox 1447 556 1530 602; x_wconf 89' lang='lat' dir='ltr'><strong>est</strong></span> <span class='ocrx_word' id='word_1_43' title='bbox 1560 546 1725 616; x_wconf 79' lang='lat' dir='ltr'><strong>igitur</strong></span> <span class='ocrx_word' id='word_1_44' title='bbox 1744 546 1901 616; x_wconf 86' lang='lat' dir='ltr'><strong>juxta</strong></span> <span class='ocrx_word' id='word_1_45' title='bbox 1929 557 2154 602; x_wconf 86' lang='lat' dir='ltr'><strong>senten-</strong></span> 
     </span>
    </p>
   </div>
   <div class='ocr_carea' id='block_1_7' title="bbox 559 639 2159 709">
    <p class='ocr_par' dir='ltr' id='par_1_7' title="bbox 559 639 2159 709">
     <span class='ocr_line' id='line_1_7' title="bbox 559 639 2159 709; baseline 0 -13"><span class='ocrx_word' id='word_1_46' title='bbox 559 641 692 697; x_wconf 89' lang='lat' dir='ltr'><strong>tiam</strong></span> <span class='ocrx_word' id='word_1_47' title='bbox 741 649 984 696; x_wconf 82' lang='lat' dir='ltr'><strong>vestram</strong></span> <span class='ocrx_word' id='word_1_48' title='bbox 1007 681 1024 709; x_wconf 92' lang='lat'><strong>,</strong></span> <span class='ocrx_word' id='word_1_49' title='bbox 1056 641 1102 696; x_wconf 92' lang='lat' dir='ltr'><strong>si</strong></span> <span class='ocrx_word' id='word_1_50' title='bbox 1137 640 1304 696; x_wconf 91' lang='lat' dir='ltr'><strong>Deum</strong></span> <span class='ocrx_word' id='word_1_51' title='bbox 1355 655 1604 709; x_wconf 59' lang='lat' dir='ltr'><strong>personae</strong></span> <span class='ocrx_word' id='word_1_52' title='bbox 1632 640 1826 706; x_wconf 91' lang='lat' dir='ltr'><strong>unius,</strong></span> <span class='ocrx_word' id='word_1_53' title='bbox 1862 655 1968 696; x_wconf 93' lang='lat' dir='ltr'><strong>non</strong></span> <span class='ocrx_word' id='word_1_54' title='bbox 2000 639 2159 696; x_wconf 88' lang='lat' dir='ltr'><strong>unius</strong></span> 
     </span>
    </p>
   </div>
   <div class='ocr_carea' id='block_1_8' title="bbox 561 732 2162 805">
    <p class='ocr_par' dir='ltr' id='par_1_8' title="bbox 561 732 2162 805">
     <span class='ocr_line' id='line_1_8' title="bbox 561 732 2162 805; baseline -0.002 -15"><span class='ocrx_word' id='word_1_55' title='bbox 561 745 772 790; x_wconf 58' lang='lat' dir='ltr'><strong>natura:</strong></span> <span class='ocrx_word' id='word_1_56' title='bbox 801 748 1000 790; x_wconf 89' lang='lat' dir='ltr'><strong>nomen</strong></span> <span class='ocrx_word' id='word_1_57' title='bbox 1045 736 1277 805; x_wconf 87' lang='lat' dir='ltr'><strong>putatis,</strong></span> <span class='ocrx_word' id='word_1_58' title='bbox 1309 743 1402 789; x_wconf 91' lang='lat' dir='ltr'><strong>aut</strong></span> <span class='ocrx_word' id='word_1_59' title='bbox 1445 733 1584 790; x_wconf 91' lang='lat' dir='ltr'><strong>duos</strong></span> <span class='ocrx_word' id='word_1_60' title='bbox 1626 732 1760 790; x_wconf 89' lang='lat' dir='ltr'><strong>deos</strong></span> <span class='ocrx_word' id='word_1_61' title='bbox 1801 733 2025 805; x_wconf 85' lang='lat' dir='ltr'><strong>dicatis,</strong></span> <span class='ocrx_word' id='word_1_62' title='bbox 2069 742 2162 788; x_wconf 89' lang='lat' dir='ltr'><strong>aut</strong></span> 
     </span>
    </p>
   </div>
   <div class='ocr_carea' id='block_1_9' title="bbox 563 826 1297 898">
    <p class='ocr_par' dir='ltr' id='par_1_9' title="bbox 563 826 1297 898">
     <span class='ocr_line' id='line_1_9' title="bbox 563 826 1297 898; baseline 0.001 -16"><span class='ocrx_word' id='word_1_63' title='bbox 563 826 732 885; x_wconf 91' lang='lat' dir='ltr'><strong>Deum</strong></span> <span class='ocrx_word' id='word_1_64' title='bbox 763 827 958 883; x_wconf 85' lang='lat' dir='ltr'><strong>Filium</strong></span> <span class='ocrx_word' id='word_1_65' title='bbox 996 826 1297 898; x_wconf 89' lang='lat' dir='ltr'><strong>denegetis.</strong></span> 
     </span>
    </p>
   </div>
   <div class='ocr_carea' id='block_1_10' title="bbox 491 919 2158 992">
    <p class='ocr_par' dir='ltr' id='par_1_10' title="bbox 491 919 2158 992">
     <span class='ocr_line' id='line_1_10' title="bbox 491 919 2158 992; baseline -0.002 -15"><span class='ocrx_word' id='word_1_66' title='bbox 491 943 496 948; x_wconf 60' lang='grc'><em>’</em></span> <span class='ocrx_word' id='word_1_67' title='bbox 633 920 724 977; x_wconf 79' lang='lat'><strong>95.</strong></span> <span class='ocrx_word' id='word_1_68' title='bbox 764 919 871 975; x_wconf 90' lang='lat' dir='ltr'><strong>Sed</strong></span> <span class='ocrx_word' id='word_1_69' title='bbox 919 934 1244 976; x_wconf 79' lang='lat' dir='ltr'><strong>excusemus</strong></span> <span class='ocrx_word' id='word_1_70' title='bbox 1275 935 1374 974; x_wconf 92' lang='lat' dir='ltr'><strong>vos</strong></span> <span class='ocrx_word' id='word_1_71' title='bbox 1413 919 1481 976; x_wconf 92' lang='lat' dir='ltr'><strong>ab</strong></span> <span class='ocrx_word' id='word_1_72' title='bbox 1526 919 1848 986; x_wconf 91' lang='lat' dir='ltr'><strong>inscientia,</strong></span> <span class='ocrx_word' id='word_1_73' title='bbox 1893 919 1999 975; x_wconf 88' lang='lat' dir='ltr'><strong>etsi</strong></span> <span class='ocrx_word' id='word_1_74' title='bbox 2053 932 2158 973; x_wconf 93' lang='lat' dir='ltr'><strong>non</strong></span> 
     </span>
    </p>
   </div>
   <div class='ocr_carea' id='block_1_11' title="bbox 562 1011 2164 1084">
    <p class='ocr_par' dir='ltr' id='par_1_11' title="bbox 562 1011 2164 1084">
     <span class='ocr_line' id='line_1_11' title="bbox 562 1011 2164 1084; baseline -0.002 -15"><span class='ocrx_word' id='word_1_75' title='bbox 562 1027 886 1070; x_wconf 81' lang='lat' dir='ltr'><strong>excusamus</strong></span> <span class='ocrx_word' id='word_1_76' title='bbox 915 1028 945 1068; x_wconf 91' lang='lat' dir='ltr'><strong>a</strong></span> <span class='ocrx_word' id='word_1_77' title='bbox 970 1012 1150 1084; x_wconf 90' lang='lat' dir='ltr'><strong>culpa.</strong></span> <span class='ocrx_word' id='word_1_78' title='bbox 1187 1011 1399 1084; x_wconf 81' lang='lat' dir='ltr'><strong>Etenim</strong></span> <span class='ocrx_word' id='word_1_79' title='bbox 1428 1011 1728 1067; x_wconf 87' lang='lat' dir='ltr'><strong>secundum</strong></span> <span class='ocrx_word' id='word_1_80' title='bbox 1761 1020 1999 1066; x_wconf 90' lang='lat' dir='ltr'><strong>nostram</strong></span> <span class='ocrx_word' id='word_1_81' title='bbox 2039 1025 2164 1066; x_wconf 89' lang='lat' dir='ltr'><strong>sen-</strong></span> 
     </span>
    </p>
   </div>
   <div class='ocr_carea' id='block_1_12' title="bbox 567 1089 2164 1175">
    <p class='ocr_par' dir='ltr' id='par_1_12' title="bbox 567 1089 2164 1175">
     <span class='ocr_line' id='line_1_12' title="bbox 567 1089 2164 1175; baseline -0.003 -13"><span class='ocrx_word' id='word_1_82' title='bbox 567 1106 796 1162; x_wconf 89' lang='lat' dir='ltr'><strong>tentiam</strong></span> <span class='ocrx_word' id='word_1_83' title='bbox 829 1107 954 1175; x_wconf 91' lang='lat' dir='ltr'><strong>quia</strong></span> <span class='ocrx_word' id='word_1_84' title='bbox 983 1121 1126 1161; x_wconf 90' lang='lat' dir='ltr'><strong>unus</strong></span> <span class='ocrx_word' id='word_1_85' title='bbox 1170 1106 1316 1161; x_wconf 86' lang='lat' dir='ltr'><strong>Deus</strong></span> <span class='ocrx_word' id='word_1_86' title='bbox 1338 1147 1352 1170; x_wconf 97' lang='lat'><strong>,</strong></span> <span class='ocrx_word' id='word_1_87' title='bbox 1397 1121 1502 1160; x_wconf 89' lang='lat' dir='ltr'><strong>una</strong></span> <span class='ocrx_word' id='word_1_88' title='bbox 1544 1105 1800 1160; x_wconf 88' lang='lat' dir='ltr'><strong>divinitas</strong></span> <span class='ocrx_word' id='word_1_89' title='bbox 1820 1089 1854 1171; x_wconf 45' lang='lat'><strong>,&#39;</strong></span> <span class='ocrx_word' id='word_1_90' title='bbox 1886 1115 1938 1160; x_wconf 93' lang='lat' dir='ltr'><strong>et</strong></span> <span class='ocrx_word' id='word_1_91' title='bbox 1985 1104 2164 1158; x_wconf 89' lang='lat' dir='ltr'><strong>unitas</strong></span> 
     </span>
    </p>
   </div>
   <div class='ocr_carea' id='block_1_13' title="bbox 566 1195 2166 1268">
    <p class='ocr_par' dir='ltr' id='par_1_13' title="bbox 566 1195 2166 1268">
     <span class='ocr_line' id='line_1_13' title="bbox 566 1195 2166 1268; baseline -0.001 -16"><span class='ocrx_word' id='word_1_92' title='bbox 566 1197 890 1268; x_wconf 77' lang='lat' dir='ltr'><strong>intelligitur</strong></span> <span class='ocrx_word' id='word_1_93' title='bbox 920 1197 1223 1267; x_wconf 82' lang='lat' dir='ltr'><strong>potestatis.</strong></span> <span class='ocrx_word' id='word_1_94' title='bbox 1252 1195 1402 1252; x_wconf 90' lang='lat' dir='ltr'><strong>Sicut</strong></span> <span class='ocrx_word' id='word_1_95' title='bbox 1433 1212 1599 1252; x_wconf 90' lang='lat' dir='ltr'><strong>unum</strong></span> <span class='ocrx_word' id='word_1_96' title='bbox 1624 1196 1796 1252; x_wconf 88' lang='lat' dir='ltr'><strong>Deum</strong></span> <span class='ocrx_word' id='word_1_97' title='bbox 1821 1195 2050 1251; x_wconf 88' lang='lat' dir='ltr'><strong>dicimus</strong></span> <span class='ocrx_word' id='word_1_98' title='bbox 2069 1237 2085 1262; x_wconf 92' lang='lat'><strong>,</strong></span> <span class='ocrx_word' id='word_1_99' title='bbox 2110 1203 2166 1250; x_wconf 91' lang='lat' dir='ltr'><strong>et</strong></span> 
     </span>
    </p>
   </div>
   <div class='ocr_carea' id='block_1_14' title="bbox 567 1289 2163 1353">
    <p class='ocr_par' dir='ltr' id='par_1_14' title="bbox 567 1289 2163 1353">
     <span class='ocr_line' id='line_1_14' title="bbox 567 1289 2163 1353; baseline -0.002 -8"><span class='ocrx_word' id='word_1_100' title='bbox 567 1289 783 1345; x_wconf 83' lang='lat' dir='ltr'><strong>Patrem</strong></span> <span class='ocrx_word' id='word_1_101' title='bbox 812 1305 944 1346; x_wconf 91' lang='lat' dir='ltr'><strong>vero</strong></span> <span class='ocrx_word' id='word_1_102' title='bbox 970 1289 1190 1346; x_wconf 90' lang='lat' dir='ltr'><strong>deitatis</strong></span> <span class='ocrx_word' id='word_1_103' title='bbox 1215 1291 1432 1346; x_wconf 88' lang='lat' dir='ltr'><strong>nomine</strong></span> <span class='ocrx_word' id='word_1_104' title='bbox 1460 1291 1815 1353; x_wconf 83' lang='lat' dir='ltr'><strong>conﬁtentes,</strong></span> <span class='ocrx_word' id='word_1_105' title='bbox 1843 1305 1942 1344; x_wconf 84' lang='lat' dir='ltr'><strong>nec</strong></span> <span class='ocrx_word' id='word_1_106' title='bbox 1968 1289 2163 1344; x_wconf 84' lang='lat' dir='ltr'><strong>Filium</strong></span> 
     </span>
    </p>
   </div>
   <div class='ocr_carea' id='block_1_15' title="bbox 567 1381 2168 1453">
    <p class='ocr_par' dir='ltr' id='par_1_15' title="bbox 567 1381 2168 1453">
     <span class='ocr_line' id='line_1_15' title="bbox 567 1381 2168 1453; baseline -0.001 -15"><span class='ocrx_word' id='word_1_107' title='bbox 567 1382 930 1453; x_wconf 87' lang='lat' dir='ltr'><strong>denegantes;</strong></span> <span class='ocrx_word' id='word_1_108' title='bbox 975 1382 1048 1438; x_wconf 91' lang='lat' dir='ltr'><strong>ita</strong></span> <span class='ocrx_word' id='word_1_109' title='bbox 1092 1383 1258 1438; x_wconf 87' lang='lat' dir='ltr'><strong>etiam</strong></span> <span class='ocrx_word' id='word_1_110' title='bbox 1291 1383 1552 1453; x_wconf 81' lang='lat' dir='ltr'><strong>Spiritum</strong></span> <span class='ocrx_word' id='word_1_111' title='bbox 1597 1392 1844 1437; x_wconf 80' lang='lat' dir='ltr'><strong>Sanctum</strong></span> <span class='ocrx_word' id='word_1_112' title='bbox 1889 1397 1918 1436; x_wconf 89' lang='lat' dir='ltr'><strong>a</strong></span> <span class='ocrx_word' id='word_1_113' title='bbox 1946 1381 2168 1438; x_wconf 88' lang='lat' dir='ltr'><strong>deitatis</strong></span> 
     </span>
    </p>
   </div>
   <div class='ocr_carea' id='block_1_16' title="bbox 569 1472 2166 1542">
    <p class='ocr_par' dir='ltr' id='par_1_16' title="bbox 569 1472 2166 1542">
     <span class='ocr_line' id='line_1_16' title="bbox 569 1472 2166 1542; baseline -0.001 -10"><span class='ocrx_word' id='word_1_114' title='bbox 569 1491 677 1532; x_wconf 92' lang='lat' dir='ltr'><strong>non</strong></span> <span class='ocrx_word' id='word_1_115' title='bbox 708 1474 1054 1532; x_wconf 88' lang='lat' dir='ltr'><strong>excludimus</strong></span> <span class='ocrx_word' id='word_1_116' title='bbox 1078 1477 1314 1542; x_wconf 91' lang='lat' dir='ltr'><strong>unitate,</strong></span> <span class='ocrx_word' id='word_1_117' title='bbox 1345 1484 1402 1531; x_wconf 91' lang='lat' dir='ltr'><strong>et</strong></span> <span class='ocrx_word' id='word_1_118' title='bbox 1427 1485 1537 1532; x_wconf 87' lang='lat' dir='ltr'><strong>tres</strong></span> <span class='ocrx_word' id='word_1_119' title='bbox 1558 1472 1690 1532; x_wconf 82' lang='lat' dir='ltr'><strong>deos</strong></span> <span class='ocrx_word' id='word_1_120' title='bbox 1718 1490 1824 1530; x_wconf 87' lang='lat' dir='ltr'><strong>non</strong></span> <span class='ocrx_word' id='word_1_121' title='bbox 1848 1475 2166 1542; x_wconf 89' lang='lat' dir='ltr'><strong>asserimus,</strong></span> 
     </span>
    </p>
   </div>
   <div class='ocr_carea' id='block_1_17' title="bbox 569 1566 2164 1640">
    <p class='ocr_par' dir='ltr' id='par_1_17' title="bbox 569 1566 2164 1640">
     <span class='ocr_line' id='line_1_17' title="bbox 569 1566 2164 1640; baseline -0.001 -16"><span class='ocrx_word' id='word_1_122' title='bbox 569 1569 666 1624; x_wconf 89' lang='lat' dir='ltr'><strong>sed</strong></span> <span class='ocrx_word' id='word_1_123' title='bbox 699 1583 994 1638; x_wconf 87' lang='lat' dir='ltr'><strong>negamus;</strong></span> <span class='ocrx_word' id='word_1_124' title='bbox 1027 1570 1154 1640; x_wconf 85' lang='lat' dir='ltr'><strong>quia</strong></span> <span class='ocrx_word' id='word_1_125' title='bbox 1205 1569 1575 1639; x_wconf 89' lang='lat' dir='ltr'><strong>pluralitatem</strong></span> <span class='ocrx_word' id='word_1_126' title='bbox 1625 1585 1735 1624; x_wconf 85' lang='lat' dir='ltr'><strong>non</strong></span> <span class='ocrx_word' id='word_1_127' title='bbox 1782 1568 1961 1623; x_wconf 86' lang='lat' dir='ltr'><strong>unitas</strong></span> <span class='ocrx_word' id='word_1_128' title='bbox 2005 1566 2164 1634; x_wconf 87' lang='lat' dir='ltr'><strong>facit,</strong></span> 
     </span>
    </p>
   </div>
   <div class='ocr_carea' id='block_1_18' title="bbox 571 1661 2166 1733">
    <p class='ocr_par' dir='ltr' id='par_1_18' title="bbox 571 1661 2166 1733">
     <span class='ocr_line' id='line_1_18' title="bbox 571 1661 2166 1733; baseline 0 -15"><span class='ocrx_word' id='word_1_129' title='bbox 571 1661 665 1718; x_wconf 86' lang='lat' dir='ltr'><strong>sed</strong></span> <span class='ocrx_word' id='word_1_130' title='bbox 697 1662 903 1717; x_wconf 80' lang='lat' dir='ltr'><strong>divisio</strong></span> <span class='ocrx_word' id='word_1_131' title='bbox 948 1663 1251 1733; x_wconf 89' lang='lat' dir='ltr'><strong>potestatis.</strong></span> <span class='ocrx_word' id='word_1_132' title='bbox 1282 1663 1565 1731; x_wconf 84' lang='lat' dir='ltr'><strong>Quomodo</strong></span> <span class='ocrx_word' id='word_1_133' title='bbox 1607 1665 1752 1720; x_wconf 90' lang='lat' dir='ltr'><strong>enim</strong></span> <span class='ocrx_word' id='word_1_134' title='bbox 1802 1663 2166 1733; x_wconf 89' lang='lat' dir='ltr'><strong>pluralitatem</strong></span> 
     </span>
    </p>
   </div>
   <div class='ocr_carea' id='block_1_19' title="bbox 2261 451 3822 517">
    <p class='ocr_par' dir='ltr' id='par_1_19' title="bbox 2261 451 3822 517">
     <span class='ocr_line' id='line_1_19' title="bbox 2261 451 3822 517; baseline 0.001 -11"><span class='ocrx_word' id='word_1_135' title='bbox 2261 452 2348 508; x_wconf 65' lang='lat' dir='ltr'><strong>tia:</strong></span> <span class='ocrx_word' id='word_1_136' title='bbox 2400 452 2772 513; x_wconf 88' lang='lat' dir='ltr'><strong>testimonium</strong></span> <span class='ocrx_word' id='word_1_137' title='bbox 2826 451 3036 517; x_wconf 81' lang='lat' dir='ltr'><strong>ferret,</strong></span> <span class='ocrx_word' id='word_1_138' title='bbox 3089 461 3143 506; x_wconf 92' lang='lat' dir='ltr'><strong>et</strong></span> <span class='ocrx_word' id='word_1_139' title='bbox 3189 459 3596 506; x_wconf 85' lang='lat' dir='ltr'><strong>sacramentum</strong></span> <span class='ocrx_word' id='word_1_140' title='bbox 3654 451 3822 508; x_wconf 81' lang='lat' dir='ltr'><strong>lavacri</strong></span> 
     </span>
    </p>
   </div>
   <div class='ocr_carea' id='block_1_20' title="bbox 2261 543 3824 616">
    <p class='ocr_par' dir='ltr' id='par_1_20' title="bbox 2261 543 3824 616">
     <span class='ocr_line' id='line_1_20' title="bbox 2261 543 3824 616; baseline 0.001 -17"><span class='ocrx_word' id='word_1_141' title='bbox 2261 544 2522 616; x_wconf 87' lang='lat' dir='ltr'><strong>spiritalis</strong></span> <span class='ocrx_word' id='word_1_142' title='bbox 2571 544 2847 615; x_wconf 89' lang='lat' dir='ltr'><strong>impleret,</strong></span> <span class='ocrx_word' id='word_1_143' title='bbox 2881 553 2934 600; x_wconf 91' lang='lat' dir='ltr'><strong>et</strong></span> <span class='ocrx_word' id='word_1_144' title='bbox 2969 543 3124 598; x_wconf 91' lang='lat' dir='ltr'><strong>unius</strong></span> <span class='ocrx_word' id='word_1_145' title='bbox 3155 558 3214 599; x_wconf 91' lang='lat' dir='ltr'><strong>se</strong></span> <span class='ocrx_word' id='word_1_146' title='bbox 3258 558 3380 598; x_wconf 92' lang='lat' dir='ltr'><strong>cum</strong></span> <span class='ocrx_word' id='word_1_147' title='bbox 3415 543 3582 600; x_wconf 85' lang='lat' dir='ltr'><strong>Patre</strong></span> <span class='ocrx_word' id='word_1_148' title='bbox 3619 552 3671 600; x_wconf 92' lang='lat' dir='ltr'><strong>et</strong></span> <span class='ocrx_word' id='word_1_149' title='bbox 3710 544 3824 601; x_wconf 88' lang='lat' dir='ltr'><strong>Filio</strong></span> 
     </span>
    </p>
   </div>
   <div class='ocr_carea' id='block_1_21' title="bbox 2261 637 2954 708">
    <p class='ocr_par' dir='ltr' id='par_1_21' title="bbox 2261 637 2954 708">
     <span class='ocr_line' id='line_1_21' title="bbox 2261 637 2954 708; baseline -0.003 -15"><span class='ocrx_word' id='word_1_150' title='bbox 2261 637 2591 708; x_wconf 84' lang='lat' dir='ltr'><strong>operationis</strong></span> <span class='ocrx_word' id='word_1_151' title='bbox 2620 637 2954 693; x_wconf 79' lang='lat' dir='ltr'><strong>ostenderet.</strong></span> 
     </span>
    </p>
   </div>
   <div class='ocr_carea' id='block_1_22' title="bbox 2335 729 3828 802">
    <p class='ocr_par' dir='ltr' id='par_1_22' title="bbox 2335 729 3828 802">
     <span class='ocr_line' id='line_1_22' title="bbox 2335 729 3828 802; baseline 0.001 -16"><span class='ocrx_word' id='word_1_152' title='bbox 2335 731 2427 786; x_wconf 85' lang='lat'><strong>97.</strong></span> <span class='ocrx_word' id='word_1_153' title='bbox 2470 733 2548 785; x_wconf 85' lang='lat' dir='ltr'><strong>Ac</strong></span> <span class='ocrx_word' id='word_1_154' title='bbox 2596 745 2661 784; x_wconf 91' lang='lat' dir='ltr'><strong>ne</strong></span> <span class='ocrx_word' id='word_1_155' title='bbox 2711 745 2808 800; x_wconf 92' lang='lat' dir='ltr'><strong>per</strong></span> <span class='ocrx_word' id='word_1_156' title='bbox 2855 729 3275 800; x_wconf 86' lang='lat' dir='ltr'><strong>imprudentiam</strong></span> <span class='ocrx_word' id='word_1_157' title='bbox 3325 729 3543 802; x_wconf 91' lang='lat' dir='ltr'><strong>aliquid</strong></span> <span class='ocrx_word' id='word_1_158' title='bbox 3595 731 3828 788; x_wconf 79' lang='lat' dir='ltr'><strong>excidisse</strong></span> 
     </span>
    </p>
   </div>
   <div class='ocr_carea' id='block_1_23' title="bbox 2266 821 3829 894">
    <p class='ocr_par' dir='ltr' id='par_1_23' title="bbox 2266 821 3829 894">
     <span class='ocr_line' id='line_1_23' title="bbox 2266 821 3829 894; baseline 0.002 -17"><span class='ocrx_word' id='word_1_159' title='bbox 2266 822 2529 892; x_wconf 84' lang='lat' dir='ltr'><strong>Apostolo</strong></span> <span class='ocrx_word' id='word_1_160' title='bbox 2571 821 2858 892; x_wconf 88' lang='lat' dir='ltr'><strong>judicetis,</strong></span> <span class='ocrx_word' id='word_1_161' title='bbox 2892 821 2987 877; x_wconf 91' lang='lat' dir='ltr'><strong>sed</strong></span> <span class='ocrx_word' id='word_1_162' title='bbox 3030 823 3296 877; x_wconf 89' lang='lat' dir='ltr'><strong>scientem</strong></span> <span class='ocrx_word' id='word_1_163' title='bbox 3341 822 3764 894; x_wconf 89' lang='lat' dir='ltr'><strong>prudentemque</strong></span> <span class='ocrx_word' id='word_1_164' title='bbox 3786 834 3829 880; x_wconf 89' lang='lat' dir='ltr'><strong>et</strong></span> 
     </span>
    </p>
   </div>
   <div class='ocr_carea' id='block_1_24' title="bbox 2265 916 3826 989">
    <p class='ocr_par' dir='ltr' id='par_1_24' title="bbox 2265 916 3826 989">
     <span class='ocr_line' id='line_1_24' title="bbox 2265 916 3826 989; baseline 0.001 -18"><span class='ocrx_word' id='word_1_165' title='bbox 2265 927 2454 972; x_wconf 89' lang='lat' dir='ltr'><strong>sancto</strong></span> <span class='ocrx_word' id='word_1_166' title='bbox 2486 918 2720 972; x_wconf 81' lang='lat' dir='ltr'><strong>infusum</strong></span> <span class='ocrx_word' id='word_1_167' title='bbox 2754 916 2961 987; x_wconf 90' lang='lat' dir='ltr'><strong>Spiritu</strong></span> <span class='ocrx_word' id='word_1_168' title='bbox 2989 916 3325 987; x_wconf 70' lang='lat' dir='ltr'><strong>significasse</strong></span> <span class='ocrx_word' id='word_1_169' title='bbox 3356 917 3672 984; x_wconf 70' lang='lat' dir='ltr'><strong>Dominum,</strong></span> <span class='ocrx_word' id='word_1_170' title='bbox 3693 933 3826 989; x_wconf 87' lang='lat' dir='ltr'><strong>quem</strong></span> 
     </span>
    </p>
   </div>
   <div class='ocr_carea' id='block_1_25' title="bbox 2270 1009 3829 1076">
    <p class='ocr_par' dir='ltr' id='par_1_25' title="bbox 2270 1009 3829 1076">
     <span class='ocr_line' id='line_1_25' title="bbox 2270 1009 3829 1076; baseline -0.001 -10"><span class='ocrx_word' id='word_1_171' title='bbox 2270 1011 2439 1066; x_wconf 91' lang='lat' dir='ltr'><strong>Deum</strong></span> <span class='ocrx_word' id='word_1_172' title='bbox 2463 1011 2730 1066; x_wconf 86' lang='lat' dir='ltr'><strong>sentiebat</strong></span> <span class='ocrx_word' id='word_1_173' title='bbox 2747 1051 2760 1076; x_wconf 96' lang='lat'><strong>,</strong></span> <span class='ocrx_word' id='word_1_174' title='bbox 2788 1011 2952 1065; x_wconf 90' lang='lat' dir='ltr'><strong>etiam</strong></span> <span class='ocrx_word' id='word_1_175' title='bbox 2978 1009 3030 1064; x_wconf 91' lang='lat' dir='ltr'><strong>in</strong></span> <span class='ocrx_word' id='word_1_176' title='bbox 3053 1009 3292 1065; x_wconf 90' lang='lat' dir='ltr'><strong>secunda</strong></span> <span class='ocrx_word' id='word_1_177' title='bbox 3317 1011 3386 1064; x_wconf 89' lang='lat' dir='ltr'><strong>ad</strong></span> <span class='ocrx_word' id='word_1_178' title='bbox 3409 1009 3829 1066; x_wconf 84' lang='lat' dir='ltr'><strong>Thessalonicen-</strong></span> 
     </span>
    </p>
   </div>
   <div class='ocr_carea' id='block_1_26' title="bbox 2266 1101 3829 1172">
    <p class='ocr_par' dir='ltr' id='par_1_26' title="bbox 2266 1101 3829 1172">
     <span class='ocr_line' id='line_1_26' title="bbox 2266 1101 3829 1172; baseline -0.001 -15"><span class='ocrx_word' id='word_1_179' title='bbox 2266 1117 2354 1158; x_wconf 90' lang='lat' dir='ltr'><strong>ses</strong></span> <span class='ocrx_word' id='word_1_180' title='bbox 2381 1104 2612 1172; x_wconf 91' lang='lat' dir='ltr'><strong>epistola</strong></span> <span class='ocrx_word' id='word_1_181' title='bbox 2641 1102 2746 1157; x_wconf 87' lang='lat' dir='ltr'><strong>hoc</strong></span> <span class='ocrx_word' id='word_1_182' title='bbox 2774 1101 2916 1157; x_wconf 93' lang='lat' dir='ltr'><strong>idem</strong></span> <span class='ocrx_word' id='word_1_183' title='bbox 2949 1117 3025 1169; x_wconf 66' lang='lat' dir='ltr'><strong>rei</strong></span> <span class='ocrx_word' id='word_1_184' title='bbox 3049 1102 3203 1157; x_wconf 87' lang='lat' dir='ltr'><strong>etivit</strong></span> <span class='ocrx_word' id='word_1_185' title='bbox 3227 1102 3420 1158; x_wconf 89' lang='lat' dir='ltr'><strong>dicens</strong></span> <span class='ocrx_word' id='word_1_186' title='bbox 3447 1121 3459 1156; x_wconf 94' lang='lat'><strong>:</strong></span> <span class='ocrx_word' id='word_1_187' title='bbox 3492 1101 3729 1158; x_wconf 85' lang='lat' dir='ltr'><strong>Dominus</strong></span> <span class='ocrx_word' id='word_1_188' title='bbox 3753 1120 3829 1156; x_wconf 81' lang='lat' dir='ltr'><strong>as-</strong></span> 
     </span>
    </p>
   </div>
   <div class='ocr_carea' id='block_1_27' title="bbox 2269 1194 3830 1267">
    <p class='ocr_par' dir='ltr' id='par_1_27' title="bbox 2269 1194 3830 1267">
     <span class='ocr_line' id='line_1_27' title="bbox 2269 1194 3830 1267; baseline -0.001 -18"><span class='ocrx_word' id='word_1_189' title='bbox 2269 1205 2368 1249; x_wconf 88' lang='lat' dir='ltr'><strong>tem</strong></span> <span class='ocrx_word' id='word_1_190' title='bbox 2396 1196 2585 1266; x_wconf 80' lang='lat' dir='ltr'><strong>dirigat</strong></span> <span class='ocrx_word' id='word_1_191' title='bbox 2622 1194 2782 1249; x_wconf 86' lang='lat' dir='ltr'><strong>corda</strong></span> <span class='ocrx_word' id='word_1_192' title='bbox 2811 1205 2974 1249; x_wconf 83' lang='lat' dir='ltr'><strong>vestra</strong></span> <span class='ocrx_word' id='word_1_193' title='bbox 2999 1195 3053 1248; x_wconf 89' lang='lat' dir='ltr'><strong>in</strong></span> <span class='ocrx_word' id='word_1_194' title='bbox 3081 1194 3356 1249; x_wconf 80' lang='lat' dir='ltr'><strong>dilectione</strong></span> <span class='ocrx_word' id='word_1_195' title='bbox 3389 1196 3518 1258; x_wconf 86' lang='lat' dir='ltr'><strong>Dei,</strong></span> <span class='ocrx_word' id='word_1_196' title='bbox 3550 1206 3595 1249; x_wconf 90' lang='lat' dir='ltr'><strong>et</strong></span> <span class='ocrx_word' id='word_1_197' title='bbox 3616 1196 3830 1267; x_wconf 80' lang='lat' dir='ltr'><strong>patientia</strong></span> 
     </span>
    </p>
   </div>
   <div class='ocr_carea' id='block_1_28' title="bbox 2268 1284 3831 1358">
    <p class='ocr_par' dir='ltr' id='par_1_28' title="bbox 2268 1284 3831 1358">
     <span class='ocr_line' id='line_1_28' title="bbox 2268 1284 3831 1358; baseline 0 -17"><span class='ocrx_word' id='word_1_198' title='bbox 2268 1284 2459 1342; x_wconf 80' lang='lat' dir='ltr'><strong>Christi</strong></span> <span class='ocrx_word' id='word_1_199' title='bbox 2499 1286 2581 1358; x_wconf 93' lang='lat' dir='ltr'><strong>(ll</strong></span> <span class='ocrx_word' id='word_1_200' title='bbox 2629 1286 2813 1342; x_wconf 87' lang='lat' dir='ltr'><strong>Thess.</strong></span> <span class='ocrx_word' id='word_1_201' title='bbox 2859 1303 2938 1352; x_wconf 90' lang='grc' dir='ltr'>ιιι,</span> <span class='ocrx_word' id='word_1_202' title='bbox 2969 1286 3058 1354; x_wconf 84' lang='grc'><strong>5).</strong></span> <span class='ocrx_word' id='word_1_203' title='bbox 3112 1295 3134 1322; x_wconf 74' lang='grc' dir='ltr'><strong>θ</strong></span> <span class='ocrx_word' id='word_1_204' title='bbox 3161 1285 3216 1341; x_wconf 85' lang='lat' dir='ltr'><strong>Si</strong></span> <span class='ocrx_word' id='word_1_205' title='bbox 3247 1286 3474 1343; x_wconf 88' lang='lat' dir='ltr'><strong>dilectio</strong></span> <span class='ocrx_word' id='word_1_206' title='bbox 3506 1287 3599 1343; x_wconf 87' lang='lat' dir='ltr'><strong>Dei</strong></span> <span class='ocrx_word' id='word_1_207' title='bbox 3641 1296 3748 1354; x_wconf 87' lang='lat' dir='ltr'><strong>est,</strong></span> <span class='ocrx_word' id='word_1_208' title='bbox 3788 1297 3831 1342; x_wconf 86' lang='lat' dir='ltr'><strong>et</strong></span> 
     </span>
    </p>
   </div>
   <div class='ocr_carea' id='block_1_29' title="bbox 2269 1379 3833 1451">
    <p class='ocr_par' dir='ltr' id='par_1_29' title="bbox 2269 1379 3833 1451">
     <span class='ocr_line' id='line_1_29' title="bbox 2269 1379 3833 1451; baseline -0.001 -16"><span class='ocrx_word' id='word_1_209' title='bbox 2269 1379 2470 1435; x_wconf 79' lang='lat' dir='ltr'><strong>Christi</strong></span> <span class='ocrx_word' id='word_1_210' title='bbox 2505 1381 2762 1448; x_wconf 84' lang='lat' dir='ltr'><strong>patientia</strong></span> <span class='ocrx_word' id='word_1_211' title='bbox 2782 1422 2796 1446; x_wconf 94' lang='lat'><strong>,</strong></span> <span class='ocrx_word' id='word_1_212' title='bbox 2823 1382 2945 1451; x_wconf 85' lang='lat' dir='ltr'><strong>quis</strong></span> <span class='ocrx_word' id='word_1_213' title='bbox 2968 1391 3053 1438; x_wconf 89' lang='lat' dir='ltr'><strong>est</strong></span> <span class='ocrx_word' id='word_1_214' title='bbox 3079 1380 3332 1436; x_wconf 89' lang='lat' dir='ltr'><strong>dominus</strong></span> <span class='ocrx_word' id='word_1_215' title='bbox 3361 1381 3455 1447; x_wconf 92' lang='lat' dir='ltr'><strong>qui</strong></span> <span class='ocrx_word' id='word_1_216' title='bbox 3473 1379 3682 1451; x_wconf 89' lang='lat' dir='ltr'><strong>dirigat,</strong></span> <span class='ocrx_word' id='word_1_217' title='bbox 3701 1379 3833 1434; x_wconf 86' lang='lat' dir='ltr'><strong>debet</strong></span> 
     </span>
    </p>
   </div>
   <div class='ocr_carea' id='block_1_30' title="bbox 2272 1473 3829 1545">
    <p class='ocr_par' dir='ltr' id='par_1_30' title="bbox 2272 1473 3829 1545">
     <span class='ocr_line' id='line_1_30' title="bbox 2272 1473 3829 1545; baseline -0.001 -17"><span class='ocrx_word' id='word_1_218' title='bbox 2272 1474 2523 1541; x_wconf 89' lang='lat' dir='ltr'><strong>ostendi,</strong></span> <span class='ocrx_word' id='word_1_219' title='bbox 2555 1476 2600 1529; x_wconf 91' lang='lat' dir='ltr'><strong>si</strong></span> <span class='ocrx_word' id='word_1_220' title='bbox 2639 1475 2993 1530; x_wconf 85' lang='lat' dir='ltr'><strong>directionem</strong></span> <span class='ocrx_word' id='word_1_221' title='bbox 3040 1475 3210 1530; x_wconf 92' lang='lat' dir='ltr'><strong>sancti</strong></span> <span class='ocrx_word' id='word_1_222' title='bbox 3243 1473 3488 1545; x_wconf 89' lang='lat' dir='ltr'><strong>Spiritus</strong></span> <span class='ocrx_word' id='word_1_223' title='bbox 3515 1473 3829 1545; x_wconf 80' lang='lat' dir='ltr'><strong>denegamus.</strong></span> 
     </span>
    </p>
   </div>
   <div class='ocr_carea' id='block_1_31' title="bbox 2344 1565 3833 1639">
    <p class='ocr_par' dir='ltr' id='par_1_31' title="bbox 2344 1565 3833 1639">
     <span class='ocr_line' id='line_1_31' title="bbox 2344 1565 3833 1639; baseline -0.003 -17"><span class='ocrx_word' id='word_1_224' title='bbox 2344 1567 2436 1622; x_wconf 91' lang='lat'><strong>98.</strong></span> <span class='ocrx_word' id='word_1_225' title='bbox 2474 1566 2580 1623; x_wconf 90' lang='lat' dir='ltr'><strong>Sed</strong></span> <span class='ocrx_word' id='word_1_226' title='bbox 2611 1582 2810 1639; x_wconf 87' lang='lat' dir='ltr'><strong>negare</strong></span> <span class='ocrx_word' id='word_1_227' title='bbox 2839 1583 2946 1622; x_wconf 92' lang='lat' dir='ltr'><strong>non</strong></span> <span class='ocrx_word' id='word_1_228' title='bbox 2996 1582 3280 1638; x_wconf 85' lang='lat' dir='ltr'><strong>possumus</strong></span> <span class='ocrx_word' id='word_1_229' title='bbox 3305 1608 3319 1632; x_wconf 95' lang='lat'><strong>,</strong></span> <span class='ocrx_word' id='word_1_230' title='bbox 3351 1565 3616 1636; x_wconf 89' lang='lat' dir='ltr'><strong>quoniam</strong></span> <span class='ocrx_word' id='word_1_231' title='bbox 3643 1565 3704 1619; x_wconf 89' lang='lat' dir='ltr'><strong>de</strong></span> <span class='ocrx_word' id='word_1_232' title='bbox 3738 1566 3833 1632; x_wconf 82' lang='lat' dir='ltr'><strong>ipso</strong></span> 
     </span>
    </p>
   </div>
   <div class='ocr_carea' id='block_1_32' title="bbox 2279 1657 3836 1722">
    <p class='ocr_par' dir='ltr' id='par_1_32' title="bbox 2279 1657 3836 1722">
     <span class='ocr_line' id='line_1_32' title="bbox 2279 1657 3836 1722; baseline -0.003 -8"><span class='ocrx_word' id='word_1_233' title='bbox 2279 1659 2538 1714; x_wconf 81' lang='lat' dir='ltr'><strong>Dominus</strong></span> <span class='ocrx_word' id='word_1_234' title='bbox 2567 1659 2704 1715; x_wconf 78' lang='lat' dir='ltr'><strong>dixit</strong></span> <span class='ocrx_word' id='word_1_235' title='bbox 2730 1677 2742 1712; x_wconf 93' lang='lat'><strong>:</strong></span> <span class='ocrx_word' id='word_1_236' title='bbox 2773 1659 2956 1713; x_wconf 84' lang='lat' dir='ltr'><strong>Adhuc</strong></span> <span class='ocrx_word' id='word_1_237' title='bbox 2983 1659 3146 1713; x_wconf 90' lang='lat' dir='ltr'><strong>multa</strong></span> <span class='ocrx_word' id='word_1_238' title='bbox 3175 1659 3340 1712; x_wconf 84' lang='lat' dir='ltr'><strong>habeo</strong></span> <span class='ocrx_word' id='word_1_239' title='bbox 3371 1659 3517 1712; x_wconf 83' lang='lat' dir='ltr'><strong>vobis</strong></span> <span class='ocrx_word' id='word_1_240' title='bbox 3546 1657 3730 1722; x_wconf 82' lang='lat' dir='ltr'><strong>dicere,</strong></span> <span class='ocrx_word' id='word_1_241' title='bbox 3762 1657 3836 1709; x_wconf 80' lang='lat' dir='ltr'><strong>sed</strong></span> 
     </span>
    </p>
   </div>
   <div class='ocr_carea' id='block_1_33' title="bbox 574 1750 3834 1827">
    <p class='ocr_par' dir='ltr' id='par_1_33' title="bbox 574 1750 3834 1827">
     <span class='ocr_line' id='line_1_33' title="bbox 574 1750 3834 1827; baseline 0.001 -19"><span class='ocrx_word' id='word_1_242' title='bbox 574 1752 766 1824; x_wconf 83' lang='lat' dir='ltr'><strong>recipit</strong></span> <span class='ocrx_word' id='word_1_243' title='bbox 794 1753 973 1810; x_wconf 89' lang='lat' dir='ltr'><strong>unitas</strong></span> <span class='ocrx_word' id='word_1_244' title='bbox 1002 1754 1330 1822; x_wconf 88' lang='lat' dir='ltr'><strong>divinitatis;</strong></span> <span class='ocrx_word' id='word_1_245' title='bbox 1365 1771 1488 1811; x_wconf 89' lang='lat' dir='ltr'><strong>cum</strong></span> <span class='ocrx_word' id='word_1_246' title='bbox 1519 1757 1797 1827; x_wconf 87' lang='lat' dir='ltr'><strong>pluralitas</strong></span> <span class='ocrx_word' id='word_1_247' title='bbox 1824 1756 2036 1812; x_wconf 89' lang='lat' dir='ltr'><strong>numeri</strong></span> <span class='ocrx_word' id='word_1_248' title='bbox 2063 1757 2169 1825; x_wconf 88' lang='lat' dir='ltr'><strong>sit,</strong></span> <span class='ocrx_word' id='word_1_249' title='bbox 2203 1754 2251 1814; x_wconf 87' lang='lat' dir='ltr'><strong>B</strong></span> <span class='ocrx_word' id='word_1_250' title='bbox 2279 1769 2379 1807; x_wconf 81' lang='lat' dir='ltr'><strong>non</strong></span> <span class='ocrx_word' id='word_1_251' title='bbox 2403 1753 2614 1822; x_wconf 70' lang='lat' dir='ltr'><strong>potestis</strong></span> <span class='ocrx_word' id='word_1_252' title='bbox 2664 1752 2758 1807; x_wconf 85' lang='lat' dir='ltr'><strong>illa</strong></span> <span class='ocrx_word' id='word_1_253' title='bbox 2809 1763 3018 1824; x_wconf 82' lang='lat' dir='ltr'><strong>portare</strong></span> <span class='ocrx_word' id='word_1_254' title='bbox 3063 1753 3236 1809; x_wconf 86' lang='lat' dir='ltr'><strong>modo.</strong></span> <span class='ocrx_word' id='word_1_255' title='bbox 3291 1750 3427 1806; x_wconf 83' lang='lat' dir='ltr'><strong>Cum</strong></span> <span class='ocrx_word' id='word_1_256' title='bbox 3479 1761 3643 1805; x_wconf 78' lang='lat' dir='ltr'><strong>autem</strong></span> <span class='ocrx_word' id='word_1_257' title='bbox 3679 1751 3834 1804; x_wconf 71' lang='lat' dir='ltr'><strong>venerit</strong></span> 
     </span>
    </p>
   </div>
   <div class='ocr_carea' id='block_1_34' title="bbox 573 1848 1956 1919">
    <p class='ocr_par' dir='ltr' id='par_1_34' title="bbox 573 1848 1956 1919">
     <span class='ocr_line' id='line_1_34' title="bbox 573 1848 1956 1919; baseline 0.002 -19"><span class='ocrx_word' id='word_1_258' title='bbox 573 1859 862 1902; x_wconf 89' lang='lat' dir='ltr'><strong>numerum</strong></span> <span class='ocrx_word' id='word_1_259' title='bbox 890 1854 1071 1903; x_wconf 91' lang='lat' dir='ltr'><strong>autem</strong></span> <span class='ocrx_word' id='word_1_260' title='bbox 1105 1864 1209 1903; x_wconf 93' lang='lat' dir='ltr'><strong>non</strong></span> <span class='ocrx_word' id='word_1_261' title='bbox 1252 1848 1479 1919; x_wconf 86' lang='lat' dir='ltr'><strong>recipiat</strong></span> <span class='ocrx_word' id='word_1_262' title='bbox 1507 1849 1685 1904; x_wconf 88' lang='lat' dir='ltr'><strong>divina</strong></span> <span class='ocrx_word' id='word_1_263' title='bbox 1716 1849 1956 1904; x_wconf 88' lang='lat' dir='ltr'><strong>natura?</strong></span> 
     </span>
    </p>
   </div>
   <div class='ocr_carea' id='block_1_35' title="bbox 1169 1939 1582 1998">
    <p class='ocr_par' dir='ltr' id='par_1_35' title="bbox 1169 1939 1582 1998">
     <span class='ocr_line' id='line_1_35' title="bbox 1169 1939 1582 1998; baseline -0.002 -1"><span class='ocrx_word' id='word_1_264' title='bbox 1169 1939 1401 1998; x_wconf 85' lang='lat' dir='ltr'><strong>CAPUT</strong></span> <span class='ocrx_word' id='word_1_265' title='bbox 1440 1941 1582 1998; x_wconf 79' lang='lat' dir='ltr'><strong>XIV.</strong></span> 
     </span>
    </p>
   </div>
   <div class='ocr_carea' id='block_1_36' title="bbox 577 2029 2172 2107">
    <p class='ocr_par' dir='ltr' id='par_1_36' title="bbox 577 2029 2172 2107">
     <span class='ocr_line' id='line_1_36' title="bbox 577 2029 2172 2107; baseline 0.003 -22"><span class='ocrx_word' id='word_1_266' title='bbox 577 2029 774 2086; x_wconf 75' lang='lat' dir='ltr'><strong>Prwter</strong></span> <span class='ocrx_word' id='word_1_267' title='bbox 800 2033 1068 2102; x_wconf 82' lang='lat' dir='ltr'><strong>superiora</strong></span> <span class='ocrx_word' id='word_1_268' title='bbox 1098 2035 1388 2089; x_wconf 87' lang='lat' dir='ltr'><strong>testimonia</strong></span> <span class='ocrx_word' id='word_1_269' title='bbox 1407 2077 1421 2102; x_wconf 92' lang='lat'><strong>,</strong></span> <span class='ocrx_word' id='word_1_270' title='bbox 1447 2034 1579 2088; x_wconf 87' lang='lat' dir='ltr'><strong>alios</strong></span> <span class='ocrx_word' id='word_1_271' title='bbox 1603 2034 1742 2090; x_wconf 92' lang='lat' dir='ltr'><strong>locos</strong></span> <span class='ocrx_word' id='word_1_272' title='bbox 1762 2034 2172 2107; x_wconf 88' lang='lat' dir='ltr'><strong>adprobandum</strong></span> 
     </span>
    </p>
   </div>
   <div class='ocr_carea' id='block_1_37' title="bbox 647 2124 2173 2197">
    <p class='ocr_par' dir='ltr' id='par_1_37' title="bbox 647 2124 2173 2197">
     <span class='ocr_line' id='line_1_37' title="bbox 647 2124 2173 2197; baseline 0.002 -20"><span class='ocrx_word' id='word_1_273' title='bbox 647 2124 802 2178; x_wconf 89' lang='lat' dir='ltr'><strong>trium</strong></span> <span class='ocrx_word' id='word_1_274' title='bbox 832 2140 1166 2195; x_wconf 86' lang='lat' dir='ltr'><strong>personarum</strong></span> <span class='ocrx_word' id='word_1_275' title='bbox 1190 2125 1468 2196; x_wconf 86' lang='lat' dir='ltr'><strong>imperium</strong></span> <span class='ocrx_word' id='word_1_276' title='bbox 1485 2124 1664 2194; x_wconf 75' lang='lat' dir='ltr'><strong>afferri</strong></span> <span class='ocrx_word' id='word_1_277' title='bbox 1679 2143 1846 2197; x_wconf 84' lang='lat' dir='ltr'><strong>posse.</strong></span> <span class='ocrx_word' id='word_1_278' title='bbox 1873 2125 2173 2194; x_wconf 77' lang='lat' dir='ltr'><strong>Aﬂ&#39;eruntur</strong></span> 
     </span>
    </p>
   </div>
   <div class='ocr_carea' id='block_1_38' title="bbox 646 2217 2172 2293">
    <p class='ocr_par' dir='ltr' id='par_1_38' title="bbox 646 2217 2172 2293">
     <span class='ocr_line' id='line_1_38' title="bbox 646 2217 2172 2293; baseline 0.004 -23"><span class='ocrx_word' id='word_1_279' title='bbox 646 2217 749 2270; x_wconf 92' lang='lat' dir='ltr'><strong>duo</strong></span> <span class='ocrx_word' id='word_1_280' title='bbox 777 2233 840 2272; x_wconf 83' lang='lat' dir='ltr'><strong>ea:</strong></span> <span class='ocrx_word' id='word_1_281' title='bbox 867 2218 1096 2289; x_wconf 82' lang='lat' dir='ltr'><strong>epistolis</strong></span> <span class='ocrx_word' id='word_1_282' title='bbox 1122 2219 1190 2274; x_wconf 89' lang='lat' dir='ltr'><strong>ad</strong></span> <span class='ocrx_word' id='word_1_283' title='bbox 1222 2219 1527 2276; x_wconf 88' lang='lat' dir='ltr'><strong>Thessalon.</strong></span> <span class='ocrx_word' id='word_1_284' title='bbox 1557 2230 1603 2274; x_wconf 90' lang='lat' dir='ltr'><strong>et</strong></span> <span class='ocrx_word' id='word_1_285' title='bbox 1629 2221 1812 2276; x_wconf 75' lang='lat' dir='ltr'><strong>iisdem</strong></span> <span class='ocrx_word' id='word_1_286' title='bbox 1840 2221 2064 2293; x_wconf 84' lang='lat' dir='ltr'><strong>Spiritui</strong></span> <span class='ocrx_word' id='word_1_287' title='bbox 2089 2223 2172 2276; x_wconf 53' lang='lat' dir='ltr'><strong>do.</strong></span> 
     </span>
    </p>
   </div>
   <div class='ocr_carea' id='block_1_39' title="bbox 649 2309 2175 2385">
    <p class='ocr_par' dir='ltr' id='par_1_39' title="bbox 649 2309 2175 2385">
     <span class='ocr_line' id='line_1_39' title="bbox 649 2309 2175 2385; baseline 0.003 -22"><span class='ocrx_word' id='word_1_288' title='bbox 649 2309 901 2364; x_wconf 85' lang='lat' dir='ltr'><strong>minatum</strong></span> <span class='ocrx_word' id='word_1_289' title='bbox 946 2313 1082 2365; x_wconf 83' lang='lat' dir='ltr'><strong>sicut</strong></span> <span class='ocrx_word' id='word_1_290' title='bbox 1109 2320 1157 2366; x_wconf 87' lang='lat' dir='ltr'><strong>et</strong></span> <span class='ocrx_word' id='word_1_291' title='bbox 1196 2313 1316 2368; x_wconf 90' lang='lat' dir='ltr'><strong>aliis</strong></span> <span class='ocrx_word' id='word_1_292' title='bbox 1356 2313 1590 2385; x_wconf 83' lang='lat' dir='ltr'><strong>personis</strong></span> <span class='ocrx_word' id='word_1_293' title='bbox 1633 2314 1903 2384; x_wconf 87' lang='lat' dir='ltr'><strong>arrogari,</strong></span> <span class='ocrx_word' id='word_1_294' title='bbox 1949 2315 2175 2369; x_wconf 90' lang='lat' dir='ltr'><strong>aliorum</strong></span> 
     </span>
    </p>
   </div>
   <div class='ocr_carea' id='block_1_40' title="bbox 649 2401 2173 2473">
    <p class='ocr_par' dir='ltr' id='par_1_40' title="bbox 649 2401 2173 2473">
     <span class='ocr_line' id='line_1_40' title="bbox 649 2401 2173 2473; baseline 0.003 -18"><span class='ocrx_word' id='word_1_295' title='bbox 649 2401 943 2473; x_wconf 80' lang='lat' dir='ltr'><strong>Scriptura:</strong></span> <span class='ocrx_word' id='word_1_296' title='bbox 989 2415 1222 2460; x_wconf 71' lang='lat' dir='ltr'><strong>textuum</strong></span> <span class='ocrx_word' id='word_1_297' title='bbox 1267 2406 1544 2460; x_wconf 87' lang='lat' dir='ltr'><strong>collatione</strong></span> <span class='ocrx_word' id='word_1_298' title='bbox 1591 2406 1895 2461; x_wconf 84' lang='lat' dir='ltr'><strong>ostenditur.</strong></span> <span class='ocrx_word' id='word_1_299' title='bbox 1951 2405 2173 2460; x_wconf 87' lang='lat' dir='ltr'><strong>Demum</strong></span> 
     </span>
    </p>
   </div>
   <div class='ocr_carea' id='block_1_41' title="bbox 647 2495 2176 2568">
    <p class='ocr_par' dir='ltr' id='par_1_41' title="bbox 647 2495 2176 2568">
     <span class='ocr_line' id='line_1_41' title="bbox 647 2495 2176 2568; baseline 0.003 -20"><span class='ocrx_word' id='word_1_300' title='bbox 647 2495 804 2549; x_wconf 81' lang='lat' dir='ltr'><strong>citato</strong></span> <span class='ocrx_word' id='word_1_301' title='bbox 844 2496 949 2550; x_wconf 90' lang='lat' dir='ltr'><strong>alio</strong></span> <span class='ocrx_word' id='word_1_302' title='bbox 997 2512 1062 2550; x_wconf 79' lang='lat' dir='ltr'><strong>ea:</strong></span> <span class='ocrx_word' id='word_1_303' title='bbox 1105 2497 1267 2551; x_wconf 86' lang='lat' dir='ltr'><strong>altera</strong></span> <span class='ocrx_word' id='word_1_304' title='bbox 1295 2497 1365 2550; x_wconf 88' lang='lat' dir='ltr'><strong>ad</strong></span> <span class='ocrx_word' id='word_1_305' title='bbox 1389 2496 1626 2552; x_wconf 87' lang='lat' dir='ltr'><strong>Corinth.</strong></span> <span class='ocrx_word' id='word_1_306' title='bbox 1661 2497 1832 2552; x_wconf 87' lang='lat' dir='ltr'><strong>adhuc</strong></span> <span class='ocrx_word' id='word_1_307' title='bbox 1861 2499 2176 2568; x_wconf 79' lang='lat' dir='ltr'><strong>expressiore</strong></span> 
     </span>
    </p>
   </div>
   <div class='ocr_carea' id='block_1_42' title="bbox 649 2585 2172 2659">
    <p class='ocr_par' dir='ltr' id='par_1_42' title="bbox 649 2585 2172 2659">
     <span class='ocr_line' id='line_1_42' title="bbox 649 2585 2172 2659; baseline 0.001 -19"><span class='ocrx_word' id='word_1_308' title='bbox 649 2585 786 2653; x_wconf 86' lang='lat' dir='ltr'><strong>loco,</strong></span> <span class='ocrx_word' id='word_1_309' title='bbox 810 2595 858 2640; x_wconf 90' lang='lat' dir='ltr'><strong>et</strong></span> <span class='ocrx_word' id='word_1_310' title='bbox 882 2585 1160 2641; x_wconf 90' lang='lat' dir='ltr'><strong>Dominum</strong></span> <span class='ocrx_word' id='word_1_311' title='bbox 1189 2588 1450 2659; x_wconf 85' lang='lat' dir='ltr'><strong>Spiritum</strong></span> <span class='ocrx_word' id='word_1_312' title='bbox 1476 2603 1604 2656; x_wconf 84' lang='lat' dir='ltr'><strong>esse,</strong></span> <span class='ocrx_word' id='word_1_313' title='bbox 1625 2599 1672 2643; x_wconf 90' lang='lat' dir='ltr'><strong>et</strong></span> <span class='ocrx_word' id='word_1_314' title='bbox 1695 2588 1779 2642; x_wconf 90' lang='lat' dir='ltr'><strong>ubi</strong></span> <span class='ocrx_word' id='word_1_315' title='bbox 1798 2589 1864 2642; x_wconf 88' lang='lat' dir='ltr'><strong>sit</strong></span> <span class='ocrx_word' id='word_1_316' title='bbox 1894 2587 2172 2658; x_wconf 83' lang='lat' dir='ltr'><strong>Dominus,</strong></span> 
     </span>
    </p>
   </div>
   <div class='ocr_carea' id='block_1_43' title="bbox 651 2678 1350 2750">
    <p class='ocr_par' dir='ltr' id='par_1_43' title="bbox 651 2678 1350 2750">
     <span class='ocr_line' id='line_1_43' title="bbox 651 2678 1350 2750; baseline 0.004 -19"><span class='ocrx_word' id='word_1_317' title='bbox 651 2678 909 2749; x_wconf 88' lang='lat' dir='ltr'><strong>Spiritum</strong></span> <span class='ocrx_word' id='word_1_318' title='bbox 937 2695 1046 2734; x_wconf 88' lang='lat' dir='ltr'><strong>esse</strong></span> <span class='ocrx_word' id='word_1_319' title='bbox 1066 2679 1350 2750; x_wconf 88' lang='lat' dir='ltr'><strong>colligitur.</strong></span> 
     </span>
    </p>
   </div>
   <div class='ocr_carea' id='block_1_44' title="bbox 650 2770 2166 2846">
    <p class='ocr_par' dir='ltr' id='par_1_44' title="bbox 650 2770 2166 2846">
     <span class='ocr_line' id='line_1_44' title="bbox 650 2770 2166 2846; baseline 0.006 -22"><span class='ocrx_word' id='word_1_320' title='bbox 650 2770 741 2834; x_wconf 72' lang='grc'><strong>91.</strong></span> <span class='ocrx_word' id='word_1_321' title='bbox 773 2771 954 2842; x_wconf 76' lang='lat' dir='ltr'><strong>[Alias</strong></span> <span class='ocrx_word' id='word_1_322' title='bbox 980 2790 1097 2844; x_wconf 87' lang='lat' dir='ltr'><strong>cap.</strong></span> <span class='ocrx_word' id='word_1_323' title='bbox 1128 2773 1285 2846; x_wconf 81' lang='lat' dir='ltr'><strong>XV.]</strong></span> <span class='ocrx_word' id='word_1_324' title='bbox 1319 2774 1466 2830; x_wconf 93' lang='lat' dir='ltr'><strong>Unus</strong></span> <span class='ocrx_word' id='word_1_325' title='bbox 1497 2790 1627 2845; x_wconf 90' lang='lat' dir='ltr'><strong>ergo</strong></span> <span class='ocrx_word' id='word_1_326' title='bbox 1660 2775 1832 2840; x_wconf 91' lang='lat' dir='ltr'><strong>Deus,</strong></span> <span class='ocrx_word' id='word_1_327' title='bbox 1865 2777 2014 2832; x_wconf 90' lang='lat' dir='ltr'><strong>salva</strong></span> <span class='ocrx_word' id='word_1_328' title='bbox 2059 2793 2166 2832; x_wconf 83' lang='lat' dir='ltr'><strong>ma-</strong></span> 
     </span>
    </p>
   </div>
   <div class='ocr_carea' id='block_1_45' title="bbox 574 2862 2178 2944">
    <p class='ocr_par' dir='ltr' id='par_1_45' title="bbox 574 2862 2178 2944">
     <span class='ocr_line' id='line_1_45' title="bbox 574 2862 2178 2944; baseline 0.007 -27"><span class='ocrx_word' id='word_1_329' title='bbox 574 2862 776 2934; x_wconf 81' lang='lat' dir='ltr'><strong>jestate</strong></span> <span class='ocrx_word' id='word_1_330' title='bbox 805 2863 1086 2922; x_wconf 86' lang='lat' dir='ltr'><strong>Trinitatis</strong></span> <span class='ocrx_word' id='word_1_331' title='bbox 1111 2876 1331 2922; x_wconf 73' lang='lat' dir='ltr'><strong>teternre</strong></span> <span class='ocrx_word' id='word_1_332' title='bbox 1353 2910 1368 2933; x_wconf 96' lang='lat'><strong>,</strong></span> <span class='ocrx_word' id='word_1_333' title='bbox 1403 2869 1545 2923; x_wconf 84' lang='lat' dir='ltr'><strong>sicut</strong></span> <span class='ocrx_word' id='word_1_334' title='bbox 1576 2871 1855 2939; x_wconf 89' lang='lat' dir='ltr'><strong>proposito</strong></span> <span class='ocrx_word' id='word_1_335' title='bbox 1881 2869 2044 2944; x_wconf 75' lang='lat'><strong>685</strong></span> <span class='ocrx_word' id='word_1_336' title='bbox 2081 2873 2178 2929; x_wconf 87' lang='lat' dir='ltr'><strong>de—</strong></span> 
     </span>
    </p>
   </div>
   <div class='ocr_carea' id='block_1_46' title="bbox 579 2962 2179 3032">
    <p class='ocr_par' dir='ltr' id='par_1_46' title="bbox 579 2962 2179 3032">
     <span class='ocr_line' id='line_1_46' title="bbox 579 2962 2179 3032; baseline 0.004 -16"><span class='ocrx_word' id='word_1_337' title='bbox 579 2962 820 3016; x_wconf 88' lang='lat' dir='ltr'><strong>claratur</strong></span> <span class='ocrx_word' id='word_1_338' title='bbox 865 2963 1141 3032; x_wconf 84' lang='lat' dir='ltr'><strong>exemplo.</strong></span> <span class='ocrx_word' id='word_1_339' title='bbox 1176 2963 1288 3019; x_wconf 86' lang='lat' dir='ltr'><strong>Nec</strong></span> <span class='ocrx_word' id='word_1_340' title='bbox 1320 2979 1388 3019; x_wconf 92' lang='lat' dir='ltr'><strong>eo</strong></span> <span class='ocrx_word' id='word_1_341' title='bbox 1419 2974 1598 3025; x_wconf 89' lang='lat' dir='ltr'><strong>tamen</strong></span> <span class='ocrx_word' id='word_1_342' title='bbox 1640 2966 1760 3020; x_wconf 90' lang='lat' dir='ltr'><strong>solo</strong></span> <span class='ocrx_word' id='word_1_343' title='bbox 1789 2966 1914 3022; x_wconf 92' lang='lat' dir='ltr'><strong>loco</strong></span> <span class='ocrx_word' id='word_1_344' title='bbox 1941 2967 2179 3024; x_wconf 90' lang='lat' dir='ltr'><strong>Trinita-</strong></span> 
     </span>
    </p>
   </div>
   <div class='ocr_carea' id='block_1_47' title="bbox 580 3055 2174 3130">
    <p class='ocr_par' dir='ltr' id='par_1_47' title="bbox 580 3055 2174 3130">
     <span class='ocr_line' id='line_1_47' title="bbox 580 3055 2174 3130; baseline 0.007 -21"><span class='ocrx_word' id='word_1_345' title='bbox 580 3064 694 3110; x_wconf 90' lang='lat' dir='ltr'><strong>tem</strong></span> <span class='ocrx_word' id='word_1_346' title='bbox 721 3055 969 3110; x_wconf 90' lang='lat' dir='ltr'><strong>videmus</strong></span> <span class='ocrx_word' id='word_1_347' title='bbox 996 3058 1215 3113; x_wconf 89' lang='lat' dir='ltr'><strong>nomine</strong></span> <span class='ocrx_word' id='word_1_348' title='bbox 1235 3059 1539 3114; x_wconf 86' lang='lat' dir='ltr'><strong>divinitatis</strong></span> <span class='ocrx_word' id='word_1_349' title='bbox 1560 3075 1876 3130; x_wconf 88' lang='lat' dir='ltr'><strong>expressam</strong></span> <span class='ocrx_word' id='word_1_350' title='bbox 1899 3104 1914 3129; x_wconf 91' lang='lat'><strong>,</strong></span> <span class='ocrx_word' id='word_1_351' title='bbox 1936 3063 2032 3118; x_wconf 88' lang='lat' dir='ltr'><strong>sed</strong></span> <span class='ocrx_word' id='word_1_352' title='bbox 2054 3078 2174 3119; x_wconf 92' lang='lat' dir='ltr'><strong>cum</strong></span> 
     </span>
    </p>
   </div>
   <div class='ocr_carea' id='block_1_48' title="bbox 2271 1844 3834 1918">
    <p class='ocr_par' dir='ltr' id='par_1_48' title="bbox 2271 1844 3834 1918">
     <span class='ocr_line' id='line_1_48' title="bbox 2271 1844 3834 1918; baseline -0.003 -17"><span class='ocrx_word' id='word_1_353' title='bbox 2271 1848 2359 1902; x_wconf 89' lang='lat' dir='ltr'><strong>ille</strong></span> <span class='ocrx_word' id='word_1_354' title='bbox 2385 1847 2618 1918; x_wconf 87' lang='lat' dir='ltr'><strong>Spiritus</strong></span> <span class='ocrx_word' id='word_1_355' title='bbox 2658 1849 2890 1903; x_wconf 87' lang='lat' dir='ltr'><strong>veritatis</strong></span> <span class='ocrx_word' id='word_1_356' title='bbox 2914 1892 2928 1914; x_wconf 90' lang='lat'><strong>,</strong></span> <span class='ocrx_word' id='word_1_357' title='bbox 2963 1848 3180 1902; x_wconf 86' lang='lat' dir='ltr'><strong>deducet</strong></span> <span class='ocrx_word' id='word_1_358' title='bbox 3225 1863 3314 1900; x_wconf 91' lang='lat' dir='ltr'><strong>vos</strong></span> <span class='ocrx_word' id='word_1_359' title='bbox 3350 1847 3406 1900; x_wconf 87' lang='lat' dir='ltr'><strong>in</strong></span> <span class='ocrx_word' id='word_1_360' title='bbox 3456 1861 3651 1899; x_wconf 84' lang='lat' dir='ltr'><strong>onmem</strong></span> <span class='ocrx_word' id='word_1_361' title='bbox 3679 1844 3834 1897; x_wconf 82' lang='lat' dir='ltr'><strong>verita-</strong></span> 
     </span>
    </p>
   </div>
   <div class='ocr_carea' id='block_1_49' title="bbox 2273 1934 3834 2012">
    <p class='ocr_par' dir='ltr' id='par_1_49' title="bbox 2273 1934 3834 2012">
     <span class='ocr_line' id='line_1_49' title="bbox 2273 1934 3834 2012; baseline -0.004 -18"><span class='ocrx_word' id='word_1_362' title='bbox 2273 1950 2372 1994; x_wconf 85' lang='lat' dir='ltr'><strong>tem</strong></span> <span class='ocrx_word' id='word_1_363' title='bbox 2397 1939 2588 2012; x_wconf 86' lang='lat' dir='ltr'><strong>(Joan.</strong></span> <span class='ocrx_word' id='word_1_364' title='bbox 2615 1957 2728 2006; x_wconf 77' lang='lat' dir='ltr'><strong>xvr,</strong></span> <span class='ocrx_word' id='word_1_365' title='bbox 2761 1940 2849 2004; x_wconf 74' lang='grc'><strong>12,</strong></span> <span class='ocrx_word' id='word_1_366' title='bbox 2885 1940 3008 2008; x_wconf 80' lang='grc'><strong>15).</strong></span> <span class='ocrx_word' id='word_1_367' title='bbox 3040 1939 3108 1994; x_wconf 84' lang='grc' dir='ltr'>Ει</span> <span class='ocrx_word' id='word_1_368' title='bbox 3130 1937 3296 1994; x_wconf 89' lang='lat' dir='ltr'><strong>David</strong></span> <span class='ocrx_word' id='word_1_369' title='bbox 3319 1936 3533 2008; x_wconf 90' lang='lat' dir='ltr'><strong>deipso</strong></span> <span class='ocrx_word' id='word_1_370' title='bbox 3551 1935 3708 1991; x_wconf 92' lang='lat' dir='ltr'><strong>dicit:</strong></span> <span class='ocrx_word' id='word_1_371' title='bbox 3736 1934 3834 2004; x_wconf 87' lang='lat' dir='ltr'><strong>Spi-</strong></span> 
     </span>
    </p>
   </div>
   <div class='ocr_carea' id='block_1_50' title="bbox 2270 2025 3830 2099">
    <p class='ocr_par' dir='ltr' id='par_1_50' title="bbox 2270 2025 3830 2099">
     <span class='ocr_line' id='line_1_50' title="bbox 2270 2025 3830 2099; baseline -0.006 -12"><span class='ocrx_word' id='word_1_372' title='bbox 2270 2034 2404 2088; x_wconf 83' lang='lat' dir='ltr'><strong>ritus</strong></span> <span class='ocrx_word' id='word_1_373' title='bbox 2449 2043 2566 2089; x_wconf 89' lang='lat' dir='ltr'><strong>tuus</strong></span> <span class='ocrx_word' id='word_1_374' title='bbox 2611 2035 2773 2089; x_wconf 85' lang='lat' dir='ltr'><strong>bonus</strong></span> <span class='ocrx_word' id='word_1_375' title='bbox 2821 2031 3036 2088; x_wconf 88' lang='lat' dir='ltr'><strong>deducet</strong></span> <span class='ocrx_word' id='word_1_376' title='bbox 3063 2047 3144 2086; x_wconf 89' lang='lat' dir='ltr'><strong>me</strong></span> <span class='ocrx_word' id='word_1_377' title='bbox 3187 2031 3241 2085; x_wconf 90' lang='lat' dir='ltr'><strong>in</strong></span> <span class='ocrx_word' id='word_1_378' title='bbox 3271 2032 3416 2084; x_wconf 86' lang='lat' dir='ltr'><strong>viam</strong></span> <span class='ocrx_word' id='word_1_379' title='bbox 3459 2040 3648 2084; x_wconf 88' lang='lat' dir='ltr'><strong>rectam</strong></span> <span class='ocrx_word' id='word_1_380' title='bbox 3676 2025 3830 2099; x_wconf 84' lang='lat' dir='ltr'><strong>(Psal.</strong></span> 
     </span>
    </p>
   </div>
   <div class='ocr_carea' id='block_1_51' title="bbox 2273 2127 2591 2200">
    <p class='ocr_par' dir='ltr' id='par_1_51' title="bbox 2273 2127 2591 2200">
     <span class='ocr_line' id='line_1_51' title="bbox 2273 2127 2591 2200; baseline -0.003 -17"><span class='ocrx_word' id='word_1_381' title='bbox 2273 2143 2433 2195; x_wconf 81' lang='lat' dir='ltr'><strong>chn,</strong></span> <span class='ocrx_word' id='word_1_382' title='bbox 2463 2127 2591 2200; x_wconf 86' lang='grc'><strong>10).</strong></span> 
     </span>
    </p>
   </div>
   <div class='ocr_carea' id='block_1_52' title="bbox 2345 2217 3833 2292">
    <p class='ocr_par' dir='ltr' id='par_1_52' title="bbox 2345 2217 3833 2292">
     <span class='ocr_line' id='line_1_52' title="bbox 2345 2217 3833 2292; baseline -0.004 -15"><span class='ocrx_word' id='word_1_383' title='bbox 2345 2221 2434 2277; x_wconf 87' lang='grc'><strong>99.</strong></span> <span class='ocrx_word' id='word_1_384' title='bbox 2461 2219 2639 2292; x_wconf 83' lang='lat' dir='ltr'><strong>[Alias</strong></span> <span class='ocrx_word' id='word_1_385' title='bbox 2666 2237 2782 2292; x_wconf 87' lang='lat' dir='ltr'><strong>cap.</strong></span> <span class='ocrx_word' id='word_1_386' title='bbox 2813 2219 2999 2292; x_wconf 77' lang='lat' dir='ltr'><strong>XV|.]</strong></span> <span class='ocrx_word' id='word_1_387' title='bbox 3029 2219 3157 2276; x_wconf 84' lang='lat' dir='ltr'><strong>Vide</strong></span> <span class='ocrx_word' id='word_1_388' title='bbox 3187 2217 3315 2290; x_wconf 91' lang='lat' dir='ltr'><strong>quid</strong></span> <span class='ocrx_word' id='word_1_389' title='bbox 3348 2219 3424 2275; x_wconf 90' lang='lat' dir='ltr'><strong>de</strong></span> <span class='ocrx_word' id='word_1_390' title='bbox 3453 2218 3653 2289; x_wconf 90' lang='lat' dir='ltr'><strong>Spiritu</strong></span> <span class='ocrx_word' id='word_1_391' title='bbox 3678 2226 3833 2273; x_wconf 87' lang='lat' dir='ltr'><strong>sancto</strong></span> 
     </span>
    </p>
   </div>
   <div class='ocr_carea' id='block_1_53' title="bbox 2275 2310 3832 2381">
    <p class='ocr_par' dir='ltr' id='par_1_53' title="bbox 2275 2310 3832 2381">
     <span class='ocr_line' id='line_1_53' title="bbox 2275 2310 3832 2381; baseline -0.005 -10"><span class='ocrx_word' id='word_1_392' title='bbox 2275 2331 2380 2371; x_wconf 87' lang='lat' dir='ltr'><strong>vox</strong></span> <span class='ocrx_word' id='word_1_393' title='bbox 2415 2316 2696 2370; x_wconf 89' lang='lat' dir='ltr'><strong>Dominica</strong></span> <span class='ocrx_word' id='word_1_394' title='bbox 2726 2315 3093 2372; x_wconf 88' lang='lat' dir='ltr'><strong>resultaverit.</strong></span> <span class='ocrx_word' id='word_1_395' title='bbox 3139 2313 3307 2370; x_wconf 90' lang='lat' dir='ltr'><strong>Filius</strong></span> <span class='ocrx_word' id='word_1_396' title='bbox 3337 2314 3438 2369; x_wconf 89' lang='lat' dir='ltr'><strong>Dei</strong></span> <span class='ocrx_word' id='word_1_397' title='bbox 3467 2313 3635 2379; x_wconf 87' lang='lat' dir='ltr'><strong>venit,</strong></span> <span class='ocrx_word' id='word_1_398' title='bbox 3665 2321 3712 2367; x_wconf 92' lang='lat' dir='ltr'><strong>et</strong></span> <span class='ocrx_word' id='word_1_399' title='bbox 3731 2310 3832 2381; x_wconf 85' lang='lat' dir='ltr'><strong>quia</strong></span> 
     </span>
    </p>
   </div>
   <div class='ocr_carea' id='block_1_54' title="bbox 2277 2401 3832 2478">
    <p class='ocr_par' dir='ltr' id='par_1_54' title="bbox 2277 2401 3832 2478">
     <span class='ocr_line' id='line_1_54' title="bbox 2277 2401 3832 2478; baseline -0.006 -13"><span class='ocrx_word' id='word_1_400' title='bbox 2277 2409 2517 2465; x_wconf 91' lang='lat' dir='ltr'><strong>nondum</strong></span> <span class='ocrx_word' id='word_1_401' title='bbox 2541 2408 2814 2464; x_wconf 79' lang='lat' dir='ltr'><strong>infuderat</strong></span> <span class='ocrx_word' id='word_1_402' title='bbox 2835 2407 3126 2478; x_wconf 89' lang='lat' dir='ltr'><strong>Spiritum,</strong></span> <span class='ocrx_word' id='word_1_403' title='bbox 3152 2408 3414 2476; x_wconf 90' lang='lat' dir='ltr'><strong>parvulos</strong></span> <span class='ocrx_word' id='word_1_404' title='bbox 3435 2407 3686 2477; x_wconf 89' lang='lat' dir='ltr'><strong>quosdam</strong></span> <span class='ocrx_word' id='word_1_405' title='bbox 3711 2401 3727 2439; x_wconf 72' lang='grc' dir='ltr'>ί</span> <span class='ocrx_word' id='word_1_406' title='bbox 3758 2417 3832 2457; x_wconf 86' lang='lat' dir='ltr'><strong>nos</strong></span> 
     </span>
    </p>
   </div>
   <div class='ocr_carea' id='block_1_55' title="bbox 2276 2497 3832 2573">
    <p class='ocr_par' dir='ltr' id='par_1_55' title="bbox 2276 2497 3832 2573">
     <span class='ocr_line' id='line_1_55' title="bbox 2276 2497 3832 2573; baseline -0.006 -15"><span class='ocrx_word' id='word_1_407' title='bbox 2276 2503 2476 2573; x_wconf 80' lang='lat' dir='ltr'><strong>degere</strong></span> <span class='ocrx_word' id='word_1_408' title='bbox 2520 2503 2640 2557; x_wconf 91' lang='lat' dir='ltr'><strong>sine</strong></span> <span class='ocrx_word' id='word_1_409' title='bbox 2686 2501 2891 2571; x_wconf 90' lang='lat' dir='ltr'><strong>Spiritu</strong></span> <span class='ocrx_word' id='word_1_410' title='bbox 2937 2499 3250 2555; x_wconf 87' lang='lat' dir='ltr'><strong>declaravit.</strong></span> <span class='ocrx_word' id='word_1_411' title='bbox 3285 2498 3554 2570; x_wconf 89' lang='lat' dir='ltr'><strong>Spiritum</strong></span> <span class='ocrx_word' id='word_1_412' title='bbox 3580 2497 3705 2553; x_wconf 89' lang='lat' dir='ltr'><strong>dixit</strong></span> <span class='ocrx_word' id='word_1_413' title='bbox 3736 2509 3832 2550; x_wconf 87' lang='lat' dir='ltr'><strong>esse</strong></span> 
     </span>
    </p>
   </div>
   <div class='ocr_carea' id='block_1_56' title="bbox 2277 2591 3833 2667">
    <p class='ocr_par' dir='ltr' id='par_1_56' title="bbox 2277 2591 3833 2667">
     <span class='ocr_line' id='line_1_56' title="bbox 2277 2591 3833 2667; baseline -0.006 -15"><span class='ocrx_word' id='word_1_414' title='bbox 2277 2608 2566 2654; x_wconf 88' lang='lat' dir='ltr'><strong>venturum</strong></span> <span class='ocrx_word' id='word_1_415' title='bbox 2589 2639 2605 2664; x_wconf 97' lang='lat'><strong>,</strong></span> <span class='ocrx_word' id='word_1_416' title='bbox 2635 2595 2727 2667; x_wconf 88' lang='lat' dir='ltr'><strong>qui</strong></span> <span class='ocrx_word' id='word_1_417' title='bbox 2761 2595 2964 2650; x_wconf 83' lang='lat' dir='ltr'><strong>faceret</strong></span> <span class='ocrx_word' id='word_1_418' title='bbox 2989 2610 3056 2650; x_wconf 80' lang='lat' dir='ltr'><strong>ex</strong></span> <span class='ocrx_word' id='word_1_419' title='bbox 3101 2593 3341 2664; x_wconf 86' lang='lat' dir='ltr'><strong>parvulis</strong></span> <span class='ocrx_word' id='word_1_420' title='bbox 3376 2593 3628 2649; x_wconf 80' lang='lat' dir='ltr'><strong>fortiores</strong></span> <span class='ocrx_word' id='word_1_421' title='bbox 3649 2633 3664 2658; x_wconf 95' lang='lat'><strong>,</strong></span> <span class='ocrx_word' id='word_1_422' title='bbox 3692 2591 3833 2645; x_wconf 88' lang='lat' dir='ltr'><strong>incre-</strong></span> 
     </span>
    </p>
   </div>
   <div class='ocr_carea' id='block_1_57' title="bbox 2282 2684 3828 2759">
    <p class='ocr_par' dir='ltr' id='par_1_57' title="bbox 2282 2684 3828 2759">
     <span class='ocr_line' id='line_1_57' title="bbox 2282 2684 3828 2759; baseline -0.008 -11"><span class='ocrx_word' id='word_1_423' title='bbox 2282 2702 2466 2748; x_wconf 91' lang='lat' dir='ltr'><strong>mento</strong></span> <span class='ocrx_word' id='word_1_424' title='bbox 2498 2690 2751 2745; x_wconf 87' lang='lat' dir='ltr'><strong>videlicet</strong></span> <span class='ocrx_word' id='word_1_425' title='bbox 2797 2689 3058 2759; x_wconf 85' lang='lat' dir='ltr'><strong>spiritalis</strong></span> <span class='ocrx_word' id='word_1_426' title='bbox 3085 2689 3280 2744; x_wconf 74' lang='lat' dir='ltr'><strong>:etatis.</strong></span> <span class='ocrx_word' id='word_1_427' title='bbox 3308 2687 3472 2757; x_wconf 85' lang='lat' dir='ltr'><strong>Quod</strong></span> <span class='ocrx_word' id='word_1_428' title='bbox 3503 2686 3621 2742; x_wconf 90' lang='lat' dir='ltr'><strong>ideo</strong></span> <span class='ocrx_word' id='word_1_429' title='bbox 3647 2684 3828 2756; x_wconf 87' lang='lat' dir='ltr'><strong>posuit,</strong></span> 
     </span>
    </p>
   </div>
   <div class='ocr_carea' id='block_1_58' title="bbox 2279 2772 3830 2853">
    <p class='ocr_par' dir='ltr' id='par_1_58' title="bbox 2279 2772 3830 2853">
     <span class='ocr_line' id='line_1_58' title="bbox 2279 2772 3830 2853; baseline -0.01 -14"><span class='ocrx_word' id='word_1_430' title='bbox 2279 2799 2386 2839; x_wconf 90' lang='lat' dir='ltr'><strong>non</strong></span> <span class='ocrx_word' id='word_1_431' title='bbox 2433 2799 2540 2853; x_wconf 89' lang='lat' dir='ltr'><strong>quo</strong></span> <span class='ocrx_word' id='word_1_432' title='bbox 2595 2783 2845 2838; x_wconf 86' lang='lat' dir='ltr'><strong>virtutem</strong></span> <span class='ocrx_word' id='word_1_433' title='bbox 2898 2780 3133 2851; x_wconf 86' lang='lat' dir='ltr'><strong>Spiritus</strong></span> <span class='ocrx_word' id='word_1_434' title='bbox 3180 2778 3522 2843; x_wconf 82' lang='lat' dir='ltr'><strong>anteferret,</strong></span> <span class='ocrx_word' id='word_1_435' title='bbox 3569 2775 3661 2833; x_wconf 85' lang='lat' dir='ltr'><strong>sed</strong></span> <span class='ocrx_word' id='word_1_436' title='bbox 3700 2784 3750 2830; x_wconf 88' lang='lat' dir='ltr'><strong>ut</strong></span> <span class='ocrx_word' id='word_1_437' title='bbox 3791 2772 3830 2826; x_wconf 89' lang='lat' dir='ltr'><strong>in</strong></span> 
     </span>
    </p>
   </div>
   <div class='ocr_carea' id='block_1_59' title="bbox 2280 2872 3828 2948">
    <p class='ocr_par' dir='ltr' id='par_1_59' title="bbox 2280 2872 3828 2948">
     <span class='ocr_line' id='line_1_59' title="bbox 2280 2872 3828 2948; baseline -0.007 -16"><span class='ocrx_word' id='word_1_438' title='bbox 2280 2878 2592 2948; x_wconf 82' lang='lat' dir='ltr'><strong>cognitione</strong></span> <span class='ocrx_word' id='word_1_439' title='bbox 2640 2875 2920 2931; x_wconf 83' lang='lat' dir='ltr'><strong>Trinitatis</strong></span> <span class='ocrx_word' id='word_1_440' title='bbox 2966 2875 3280 2930; x_wconf 88' lang='lat' dir='ltr'><strong>ostenderet</strong></span> <span class='ocrx_word' id='word_1_441' title='bbox 3310 2872 3698 2944; x_wconf 91' lang='lat' dir='ltr'><strong>plenitudinem</strong></span> <span class='ocrx_word' id='word_1_442' title='bbox 3738 2881 3828 2924; x_wconf 84' lang='lat' dir='ltr'><strong>esse</strong></span> 
     </span>
    </p>
   </div>
   <div class='ocr_carea' id='block_1_60' title="bbox 2280 2968 2516 3023">
    <p class='ocr_par' dir='ltr' id='par_1_60' title="bbox 2280 2968 2516 3023">
     <span class='ocr_line' id='line_1_60' title="bbox 2280 2968 2516 3023; baseline 0.004 -1"><span class='ocrx_word' id='word_1_443' title='bbox 2280 2968 2516 3023; x_wconf 90' lang='lat' dir='ltr'><strong>virtutis.</strong></span> 
     </span>
    </p>
   </div>
   <div class='ocr_carea' id='block_1_61' title="bbox 2356 3041 3827 3133">
    <p class='ocr_par' dir='ltr' id='par_1_61' title="bbox 2356 3041 3827 3133">
     <span class='ocr_line' id='line_1_61' title="bbox 2356 3041 3827 3133; baseline -0.007 -16"><span class='ocrx_word' id='word_1_444' title='bbox 2356 3063 2481 3118; x_wconf 82' lang='grc'><strong>100.</strong></span> <span class='ocrx_word' id='word_1_445' title='bbox 2521 3041 2758 3117; x_wconf 81' lang='lat' dir='ltr'><strong>Necesse</strong></span> <span class='ocrx_word' id='word_1_446' title='bbox 2783 3069 2868 3116; x_wconf 87' lang='lat' dir='ltr'><strong>est</strong></span> <span class='ocrx_word' id='word_1_447' title='bbox 2899 3061 3060 3133; x_wconf 89' lang='lat' dir='ltr'><strong>igitur</strong></span> <span class='ocrx_word' id='word_1_448' title='bbox 3089 3070 3182 3116; x_wconf 88' lang='lat' dir='ltr'><strong>aut</strong></span> <span class='ocrx_word' id='word_1_449' title='bbox 3228 3069 3486 3131; x_wconf 84' lang='lat' dir='ltr'><strong>quartum</strong></span> <span class='ocrx_word' id='word_1_450' title='bbox 3532 3059 3745 3131; x_wconf 84' lang='lat' dir='ltr'><strong>aliquem</strong></span> <span class='ocrx_word' id='word_1_451' title='bbox 3767 3053 3827 3108; x_wconf 85' lang='lat' dir='ltr'><strong>di-</strong></span> 
     </span>
    </p>
   </div>
   <div class='ocr_carea' id='block_1_62' title="bbox 580 3139 3829 3224">
    <p class='ocr_par' dir='ltr' id='par_1_62' title="bbox 580 3139 3829 3224">
     <span class='ocr_line' id='line_1_62' title="bbox 580 3139 3829 3224; baseline -0.001 -24"><span class='ocrx_word' id='word_1_452' title='bbox 580 3146 861 3218; x_wconf 87' lang='lat' dir='ltr'><strong>plerisque</strong></span> <span class='ocrx_word' id='word_1_453' title='bbox 888 3147 1043 3215; x_wconf 92' lang='lat' dir='ltr'><strong>locis,</strong></span> <span class='ocrx_word' id='word_1_454' title='bbox 1068 3149 1209 3204; x_wconf 89' lang='lat' dir='ltr'><strong>sicut</strong></span> <span class='ocrx_word' id='word_1_455' title='bbox 1234 3161 1287 3205; x_wconf 91' lang='lat' dir='ltr'><strong>et</strong></span> <span class='ocrx_word' id='word_1_456' title='bbox 1311 3165 1477 3219; x_wconf 88' lang='lat' dir='ltr'><strong>supra</strong></span> <span class='ocrx_word' id='word_1_457' title='bbox 1499 3151 1736 3208; x_wconf 90' lang='lat' dir='ltr'><strong>diximus</strong></span> <span class='ocrx_word' id='word_1_458' title='bbox 1757 3196 1772 3221; x_wconf 87' lang='lat'><strong>,</strong></span> <span class='ocrx_word' id='word_1_459' title='bbox 1799 3163 1908 3208; x_wconf 91' lang='lat' dir='ltr'><strong>tum</strong></span> <span class='ocrx_word' id='word_1_460' title='bbox 1941 3156 2174 3212; x_wconf 88' lang='lat' dir='ltr'><strong>maxime</strong></span> <span class='ocrx_word' id='word_1_461' title='bbox 2202 3139 2248 3202; x_wconf 65' lang='grc' dir='ltr'><strong>(ἶ</strong></span> <span class='ocrx_word' id='word_1_462' title='bbox 2280 3154 2416 3210; x_wconf 84' lang='lat' dir='ltr'><strong>catis</strong></span> <span class='ocrx_word' id='word_1_463' title='bbox 2439 3195 2452 3220; x_wconf 92' lang='lat'><strong>,</strong></span> <span class='ocrx_word' id='word_1_464' title='bbox 2482 3168 2642 3224; x_wconf 92' lang='lat' dir='ltr'><strong>quem</strong></span> <span class='ocrx_word' id='word_1_465' title='bbox 2688 3153 2892 3207; x_wconf 90' lang='lat' dir='ltr'><strong>sentire</strong></span> <span class='ocrx_word' id='word_1_466' title='bbox 2925 3163 3123 3222; x_wconf 56' lang='lat' dir='ltr'><strong>praeter</strong></span> <span class='ocrx_word' id='word_1_467' title='bbox 3167 3151 3435 3221; x_wconf 89' lang='lat' dir='ltr'><strong>Spiritum</strong></span> <span class='ocrx_word' id='word_1_468' title='bbox 3481 3150 3739 3208; x_wconf 86' lang='lat' dir='ltr'><strong>debeatis:</strong></span> <span class='ocrx_word' id='word_1_469' title='bbox 3763 3154 3829 3199; x_wconf 84' lang='lat' dir='ltr'><strong>aut</strong></span> 
     </span>
    </p>
   </div>
   <div class='ocr_carea' id='block_1_63' title="bbox 583 3239 2178 3318">
    <p class='ocr_par' dir='ltr' id='par_1_63' title="bbox 583 3239 2178 3318">
     <span class='ocr_line' id='line_1_63' title="bbox 583 3239 2178 3318; baseline 0.006 -24"><span class='ocrx_word' id='word_1_470' title='bbox 583 3240 638 3294; x_wconf 92' lang='lat' dir='ltr'><strong>in</strong></span> <span class='ocrx_word' id='word_1_471' title='bbox 667 3239 752 3294; x_wconf 86' lang='lat' dir='ltr'><strong>his</strong></span> <span class='ocrx_word' id='word_1_472' title='bbox 773 3241 1020 3309; x_wconf 89' lang='lat' dir='ltr'><strong>epistolis</strong></span> <span class='ocrx_word' id='word_1_473' title='bbox 1054 3257 1190 3311; x_wconf 88' lang='lat' dir='ltr'><strong>quas</strong></span> <span class='ocrx_word' id='word_1_474' title='bbox 1217 3243 1284 3298; x_wconf 92' lang='lat' dir='ltr'><strong>ad</strong></span> <span class='ocrx_word' id='word_1_475' title='bbox 1334 3243 1858 3301; x_wconf 83' lang='lat' dir='ltr'><strong>Tltessalonicenses</strong></span> <span class='ocrx_word' id='word_1_476' title='bbox 1886 3245 1913 3285; x_wconf 70' lang='grc' dir='ltr'>δ</span> <span class='ocrx_word' id='word_1_477' title='bbox 1945 3249 2178 3318; x_wconf 83' lang='lat' dir='ltr'><strong>Aposto-</strong></span> 
     </span>
    </p>
   </div>
   <div class='ocr_carea' id='block_1_64' title="bbox 585 3331 2180 3406">
    <p class='ocr_par' dir='ltr' id='par_1_64' title="bbox 585 3331 2180 3406">
     <span class='ocr_line' id='line_1_64' title="bbox 585 3331 2180 3406; baseline 0.007 -20"><span class='ocrx_word' id='word_1_478' title='bbox 585 3331 670 3386; x_wconf 89' lang='lat' dir='ltr'><strong>lus</strong></span> <span class='ocrx_word' id='word_1_479' title='bbox 700 3331 951 3399; x_wconf 89' lang='lat' dir='ltr'><strong>seripsit,</strong></span> <span class='ocrx_word' id='word_1_480' title='bbox 980 3333 1323 3392; x_wconf 89' lang='lat' dir='ltr'><strong>divinitatem</strong></span> <span class='ocrx_word' id='word_1_481' title='bbox 1349 3346 1513 3406; x_wconf 90' lang='lat' dir='ltr'><strong>atque</strong></span> <span class='ocrx_word' id='word_1_482' title='bbox 1541 3338 1879 3394; x_wconf 90' lang='lat' dir='ltr'><strong>dominatum</strong></span> <span class='ocrx_word' id='word_1_483' title='bbox 1919 3341 2094 3396; x_wconf 87' lang='lat' dir='ltr'><strong>Patris</strong></span> <span class='ocrx_word' id='word_1_484' title='bbox 2124 3350 2180 3397; x_wconf 90' lang='lat' dir='ltr'><strong>et</strong></span> 
     </span>
    </p>
   </div>
   <div class='ocr_carea' id='block_1_65' title="bbox 583 3423 2179 3498">
    <p class='ocr_par' dir='ltr' id='par_1_65' title="bbox 583 3423 2179 3498">
     <span class='ocr_line' id='line_1_65' title="bbox 583 3423 2179 3498; baseline 0.007 -19"><span class='ocrx_word' id='word_1_485' title='bbox 583 3423 708 3479; x_wconf 89' lang='lat' dir='ltr'><strong>Filii</strong></span> <span class='ocrx_word' id='word_1_486' title='bbox 745 3435 799 3481; x_wconf 92' lang='lat' dir='ltr'><strong>et</strong></span> <span class='ocrx_word' id='word_1_487' title='bbox 827 3426 1063 3498; x_wconf 86' lang='lat' dir='ltr'><strong>Spiritus</strong></span> <span class='ocrx_word' id='word_1_488' title='bbox 1092 3431 1264 3484; x_wconf 88' lang='lat' dir='ltr'><strong>sancti</strong></span> <span class='ocrx_word' id='word_1_489' title='bbox 1304 3429 1714 3487; x_wconf 89' lang='lat' dir='ltr'><strong>cvidentissime</strong></span> <span class='ocrx_word' id='word_1_490' title='bbox 1733 3432 2052 3488; x_wconf 89' lang='lat' dir='ltr'><strong>declaravit.</strong></span> <span class='ocrx_word' id='word_1_491' title='bbox 2087 3434 2179 3490; x_wconf 93' lang='lat' dir='ltr'><strong>Sic</strong></span> 
     </span>
    </p>
   </div>
   <div class='ocr_carea' id='block_1_66' title="bbox 583 3515 2182 3594">
    <p class='ocr_par' dir='ltr' id='par_1_66' title="bbox 583 3515 2182 3594">
     <span class='ocr_line' id='line_1_66' title="bbox 583 3515 2182 3594; baseline 0.005 -23"><span class='ocrx_word' id='word_1_492' title='bbox 583 3518 729 3571; x_wconf 86' lang='lat' dir='ltr'><strong>enim</strong></span> <span class='ocrx_word' id='word_1_493' title='bbox 749 3515 915 3572; x_wconf 82' lang='lat' dir='ltr'><strong>liabcs</strong></span> <span class='ocrx_word' id='word_1_494' title='bbox 939 3536 954 3572; x_wconf 90' lang='lat'><strong>:</strong></span> <span class='ocrx_word' id='word_1_495' title='bbox 987 3517 1092 3573; x_wconf 77' lang='lat' dir='ltr'><strong>Vos</strong></span> <span class='ocrx_word' id='word_1_496' title='bbox 1120 3530 1292 3574; x_wconf 87' lang='lat' dir='ltr'><strong>autem</strong></span> <span class='ocrx_word' id='word_1_497' title='bbox 1320 3521 1575 3577; x_wconf 86' lang='lat' dir='ltr'><strong>Dominus</strong></span> <span class='ocrx_word' id='word_1_498' title='bbox 1597 3523 1924 3594; x_wconf 87' lang='lat' dir='ltr'><strong>multiplicet,</strong></span> <span class='ocrx_word' id='word_1_499' title='bbox 1948 3535 1994 3578; x_wconf 90' lang='lat' dir='ltr'><strong>et</strong></span> <span class='ocrx_word' id='word_1_500' title='bbox 2017 3526 2182 3579; x_wconf 57' lang='lat' dir='ltr'><strong>abun-</strong></span> 
     </span>
    </p>
   </div>
   <div class='ocr_carea' id='block_1_67' title="bbox 583 3609 2180 3684">
    <p class='ocr_par' dir='ltr' id='par_1_67' title="bbox 583 3609 2180 3684">
     <span class='ocr_line' id='line_1_67' title="bbox 583 3609 2180 3684; baseline 0.008 -22"><span class='ocrx_word' id='word_1_501' title='bbox 583 3609 712 3663; x_wconf 90' lang='lat' dir='ltr'><strong>dare</strong></span> <span class='ocrx_word' id='word_1_502' title='bbox 749 3609 908 3677; x_wconf 78' lang='lat' dir='ltr'><strong>faciat</strong></span> <span class='ocrx_word' id='word_1_503' title='bbox 936 3611 990 3664; x_wconf 89' lang='lat' dir='ltr'><strong>in</strong></span> <span class='ocrx_word' id='word_1_504' title='bbox 1021 3613 1273 3667; x_wconf 89' lang='lat' dir='ltr'><strong>charitate</strong></span> <span class='ocrx_word' id='word_1_505' title='bbox 1298 3615 1514 3669; x_wconf 87' lang='lat' dir='ltr'><strong>invicem</strong></span> <span class='ocrx_word' id='word_1_506' title='bbox 1538 3626 1585 3669; x_wconf 90' lang='lat' dir='ltr'><strong>et</strong></span> <span class='ocrx_word' id='word_1_507' title='bbox 1623 3617 1678 3670; x_wconf 90' lang='lat' dir='ltr'><strong>in</strong></span> <span class='ocrx_word' id='word_1_508' title='bbox 1705 3633 1909 3684; x_wconf 88' lang='lat' dir='ltr'><strong>omnes,</strong></span> <span class='ocrx_word' id='word_1_509' title='bbox 1959 3619 2092 3672; x_wconf 87' lang='lat' dir='ltr'><strong>sicut</strong></span> <span class='ocrx_word' id='word_1_510' title='bbox 2133 3630 2180 3674; x_wconf 88' lang='lat' dir='ltr'><strong>ct</strong></span> 
     </span>
    </p>
   </div>
   <div class='ocr_carea' id='block_1_68' title="bbox 583 3703 2180 3784">
    <p class='ocr_par' dir='ltr' id='par_1_68' title="bbox 583 3703 2180 3784">
     <span class='ocr_line' id='line_1_68' title="bbox 583 3703 2180 3784; baseline 0.008 -29"><span class='ocrx_word' id='word_1_511' title='bbox 583 3717 678 3756; x_wconf 89' lang='lat' dir='ltr'><strong>nos</strong></span> <span class='ocrx_word' id='word_1_512' title='bbox 702 3704 757 3756; x_wconf 89' lang='lat' dir='ltr'><strong>in</strong></span> <span class='ocrx_word' id='word_1_513' title='bbox 783 3703 923 3758; x_wconf 85' lang='lat' dir='ltr'><strong>vobis</strong></span> <span class='ocrx_word' id='word_1_514' title='bbox 941 3745 955 3769; x_wconf 98' lang='lat'><strong>,</strong></span> <span class='ocrx_word' id='word_1_515' title='bbox 982 3705 1052 3758; x_wconf 89' lang='lat' dir='ltr'><strong>ad</strong></span> <span class='ocrx_word' id='word_1_516' title='bbox 1078 3706 1437 3774; x_wconf 87' lang='lat' dir='ltr'><strong>conﬁrmanda</strong></span> <span class='ocrx_word' id='word_1_517' title='bbox 1462 3709 1622 3762; x_wconf 87' lang='lat' dir='ltr'><strong>corda</strong></span> <span class='ocrx_word' id='word_1_518' title='bbox 1648 3719 1815 3764; x_wconf 90' lang='lat' dir='ltr'><strong>vestra</strong></span> <span class='ocrx_word' id='word_1_519' title='bbox 1840 3713 1951 3766; x_wconf 86' lang='lat' dir='ltr'><strong>sine</strong></span> <span class='ocrx_word' id='word_1_520' title='bbox 1975 3716 2180 3784; x_wconf 85' lang='lat' dir='ltr'><strong>querela</strong></span> 
     </span>
    </p>
   </div>
   <div class='ocr_carea' id='block_1_69' title="bbox 582 3798 2183 3866">
    <p class='ocr_par' dir='ltr' id='par_1_69' title="bbox 582 3798 2183 3866">
     <span class='ocr_line' id='line_1_69' title="bbox 582 3798 2183 3866; baseline 0.008 -17"><span class='ocrx_word' id='word_1_521' title='bbox 582 3798 638 3850; x_wconf 91' lang='lat' dir='ltr'><strong>in</strong></span> <span class='ocrx_word' id='word_1_522' title='bbox 682 3798 1090 3866; x_wconf 85' lang='lat' dir='ltr'><strong>sanctiﬁcatione</strong></span> <span class='ocrx_word' id='word_1_523' title='bbox 1117 3817 1290 3855; x_wconf 88' lang='lat' dir='ltr'><strong>coram</strong></span> <span class='ocrx_word' id='word_1_524' title='bbox 1331 3801 1439 3856; x_wconf 88' lang='lat' dir='ltr'><strong>Deo</strong></span> <span class='ocrx_word' id='word_1_525' title='bbox 1485 3814 1532 3857; x_wconf 86' lang='lat' dir='ltr'><strong>et</strong></span> <span class='ocrx_word' id='word_1_526' title='bbox 1581 3803 1738 3860; x_wconf 85' lang='lat' dir='ltr'><strong>Patre</strong></span> <span class='ocrx_word' id='word_1_527' title='bbox 1777 3819 1952 3863; x_wconf 90' lang='lat' dir='ltr'><strong>nostro</strong></span> <span class='ocrx_word' id='word_1_528' title='bbox 1989 3809 2042 3863; x_wconf 89' lang='lat' dir='ltr'><strong>in</strong></span> <span class='ocrx_word' id='word_1_529' title='bbox 2086 3810 2183 3864; x_wconf 86' lang='lat' dir='ltr'><strong>ad-</strong></span> 
     </span>
    </p>
   </div>
   <div class='ocr_carea' id='block_1_70' title="bbox 583 3887 1820 3973">
    <p class='ocr_par' dir='ltr' id='par_1_70' title="bbox 583 3887 1820 3973">
     <span class='ocr_line' id='line_1_70' title="bbox 583 3887 1820 3973; baseline 0.01 -32"><span class='ocrx_word' id='word_1_530' title='bbox 583 3899 736 3942; x_wconf 87' lang='lat' dir='ltr'><strong>ventu</strong></span> <span class='ocrx_word' id='word_1_531' title='bbox 763 3887 972 3944; x_wconf 90' lang='lat' dir='ltr'><strong>Domini</strong></span> <span class='ocrx_word' id='word_1_532' title='bbox 999 3890 1126 3947; x_wconf 82' lang='lat' dir='ltr'><strong>Jesu</strong></span> <span class='ocrx_word' id='word_1_533' title='bbox 1154 3895 1172 3963; x_wconf 98' lang='lat'>(</span> <span class='ocrx_word' id='word_1_534' title='bbox 1197 3895 1213 3948; x_wconf 94' lang='lat' dir='ltr'><strong>l</strong></span> <span class='ocrx_word' id='word_1_535' title='bbox 1248 3895 1430 3952; x_wconf 89' lang='lat' dir='ltr'><strong>Thess.</strong></span> <span class='ocrx_word' id='word_1_536' title='bbox 1464 3913 1545 3965; x_wconf 85' lang='lat' dir='ltr'><strong>nt,</strong></span> <span class='ocrx_word' id='word_1_537' title='bbox 1574 3900 1659 3968; x_wconf 70' lang='lat'><strong>12,</strong></span> <span class='ocrx_word' id='word_1_538' title='bbox 1691 3901 1759 3956; x_wconf 82' lang='grc'><strong>15</strong></span> <span class='ocrx_word' id='word_1_539' title='bbox 1777 3900 1820 3973; x_wconf 94' lang='grc'><strong>).</strong></span> 
     </span>
    </p>
   </div>
   <div class='ocr_carea' id='block_1_71' title="bbox 656 3982 2176 4068">
    <p class='ocr_par' dir='ltr' id='par_1_71' title="bbox 656 3982 2176 4068">
     <span class='ocr_line' id='line_1_71' title="bbox 656 3982 2176 4068; baseline 0.012 -32"><span class='ocrx_word' id='word_1_540' title='bbox 656 3982 748 4038; x_wconf 82' lang='lat'><strong>95.</strong></span> <span class='ocrx_word' id='word_1_541' title='bbox 790 3984 921 4052; x_wconf 87' lang='lat' dir='ltr'><strong>Quis</strong></span> <span class='ocrx_word' id='word_1_542' title='bbox 949 3991 1222 4062; x_wconf 91' lang='lat' dir='ltr'><strong>estigitur</strong></span> <span class='ocrx_word' id='word_1_543' title='bbox 1255 3994 1658 4067; x_wconf 67' lang='lat' dir='ltr'><strong>Dominus,qui</strong></span> <span class='ocrx_word' id='word_1_544' title='bbox 1687 3997 2010 4068; x_wconf 92' lang='lat' dir='ltr'><strong>multiplicet</strong></span> <span class='ocrx_word' id='word_1_545' title='bbox 2041 4013 2176 4066; x_wconf 91' lang='lat' dir='ltr'><strong>nos,</strong></span> 
     </span>
    </p>
   </div>
   <div class='ocr_carea' id='block_1_72' title="bbox 585 4075 2180 4145">
    <p class='ocr_par' dir='ltr' id='par_1_72' title="bbox 585 4075 2180 4145">
     <span class='ocr_line' id='line_1_72' title="bbox 585 4075 2180 4145; baseline 0.011 -17"><span class='ocrx_word' id='word_1_546' title='bbox 585 4081 642 4129; x_wconf 89' lang='lat' dir='ltr'><strong>et</strong></span> <span class='ocrx_word' id='word_1_547' title='bbox 687 4075 964 4135; x_wconf 87' lang='lat' dir='ltr'><strong>abundare</strong></span> <span class='ocrx_word' id='word_1_548' title='bbox 1005 4080 1166 4136; x_wconf 79' lang='lat' dir='ltr'><strong>iaciat</strong></span> <span class='ocrx_word' id='word_1_549' title='bbox 1208 4099 1392 4140; x_wconf 87' lang='lat' dir='ltr'><strong>coram</strong></span> <span class='ocrx_word' id='word_1_550' title='bbox 1440 4087 1554 4142; x_wconf 90' lang='lat' dir='ltr'><strong>Deo</strong></span> <span class='ocrx_word' id='word_1_551' title='bbox 1597 4097 1652 4143; x_wconf 91' lang='lat' dir='ltr'><strong>et</strong></span> <span class='ocrx_word' id='word_1_552' title='bbox 1681 4089 1842 4145; x_wconf 87' lang='lat' dir='ltr'><strong>Patre</strong></span> <span class='ocrx_word' id='word_1_553' title='bbox 1889 4099 2079 4145; x_wconf 92' lang='lat' dir='ltr'><strong>nostro</strong></span> <span class='ocrx_word' id='word_1_554' title='bbox 2129 4107 2180 4145; x_wconf 91' lang='grc' dir='ltr'><strong>ιιι</strong></span> 
     </span>
    </p>
   </div>
   <div class='ocr_carea' id='block_1_73' title="bbox 585 4166 2179 4246">
    <p class='ocr_par' dir='ltr' id='par_1_73' title="bbox 585 4166 2179 4246">
     <span class='ocr_line' id='line_1_73' title="bbox 585 4166 2179 4246; baseline 0.011 -26"><span class='ocrx_word' id='word_1_555' title='bbox 585 4166 821 4224; x_wconf 88' lang='lat' dir='ltr'><strong>adventu</strong></span> <span class='ocrx_word' id='word_1_556' title='bbox 844 4170 1057 4227; x_wconf 90' lang='lat' dir='ltr'><strong>Domini</strong></span> <span class='ocrx_word' id='word_1_557' title='bbox 1084 4173 1250 4230; x_wconf 83' lang='lat' dir='ltr'><strong>.lesu?</strong></span> <span class='ocrx_word' id='word_1_558' title='bbox 1282 4178 1494 4233; x_wconf 89' lang='lat' dir='ltr'><strong>Patrem</strong></span> <span class='ocrx_word' id='word_1_559' title='bbox 1522 4179 1690 4246; x_wconf 84' lang='lat' dir='ltr'><strong>dixit,</strong></span> <span class='ocrx_word' id='word_1_560' title='bbox 1723 4191 1778 4236; x_wconf 93' lang='lat' dir='ltr'><strong>et</strong></span> <span class='ocrx_word' id='word_1_561' title='bbox 1798 4180 1991 4237; x_wconf 88' lang='lat' dir='ltr'><strong>Filium</strong></span> <span class='ocrx_word' id='word_1_562' title='bbox 2016 4183 2179 4238; x_wconf 89' lang='lat' dir='ltr'><strong>dixit:</strong></span> 
     </span>
    </p>
   </div>
   <div class='ocr_carea' id='block_1_74' title="bbox 584 4265 2182 4344">
    <p class='ocr_par' dir='ltr' id='par_1_74' title="bbox 584 4265 2182 4344">
     <span class='ocr_line' id='line_1_74' title="bbox 584 4265 2182 4344; baseline 0.01 -31"><span class='ocrx_word' id='word_1_563' title='bbox 584 4274 746 4330; x_wconf 92' lang='lat' dir='ltr'><strong>quem</strong></span> <span class='ocrx_word' id='word_1_564' title='bbox 776 4277 910 4332; x_wconf 90' lang='lat' dir='ltr'><strong>ergo</strong></span> <span class='ocrx_word' id='word_1_565' title='bbox 939 4279 1062 4319; x_wconf 91' lang='lat' dir='ltr'><strong>cum</strong></span> <span class='ocrx_word' id='word_1_566' title='bbox 1096 4265 1258 4322; x_wconf 90' lang='lat' dir='ltr'><strong>Patre</strong></span> <span class='ocrx_word' id='word_1_567' title='bbox 1283 4277 1338 4324; x_wconf 91' lang='lat' dir='ltr'><strong>et</strong></span> <span class='ocrx_word' id='word_1_568' title='bbox 1370 4269 1508 4325; x_wconf 88' lang='lat' dir='ltr'><strong>Filio</strong></span> <span class='ocrx_word' id='word_1_569' title='bbox 1537 4279 1736 4341; x_wconf 74' lang='lat' dir='ltr'><strong>przeter</strong></span> <span class='ocrx_word' id='word_1_570' title='bbox 1762 4273 2022 4342; x_wconf 90' lang='lat' dir='ltr'><strong>Spiritum</strong></span> <span class='ocrx_word' id='word_1_571' title='bbox 2059 4274 2182 4344; x_wconf 90' lang='lat' dir='ltr'><strong>jun-</strong></span> 
     </span>
    </p>
   </div>
   <div class='ocr_carea' id='block_1_75' title="bbox 587 4352 2185 4431">
    <p class='ocr_par' dir='ltr' id='par_1_75' title="bbox 587 4352 2185 4431">
     <span class='ocr_line' id='line_1_75' title="bbox 587 4352 2185 4431; baseline 0.009 -24"><span class='ocrx_word' id='word_1_572' title='bbox 587 4352 709 4423; x_wconf 84' lang='lat' dir='ltr'><strong>xit&#39;!</strong></span> <span class='ocrx_word' id='word_1_573' title='bbox 734 4355 867 4423; x_wconf 91' lang='lat' dir='ltr'><strong>Quis</strong></span> <span class='ocrx_word' id='word_1_574' title='bbox 893 4367 976 4412; x_wconf 86' lang='lat' dir='ltr'><strong>est</strong></span> <span class='ocrx_word' id='word_1_575' title='bbox 1010 4358 1276 4416; x_wconf 90' lang='lat' dir='ltr'><strong>Dominus</strong></span> <span class='ocrx_word' id='word_1_576' title='bbox 1303 4362 1396 4431; x_wconf 91' lang='lat' dir='ltr'><strong>qui</strong></span> <span class='ocrx_word' id='word_1_577' title='bbox 1423 4363 1587 4418; x_wconf 83' lang='lat' dir='ltr'><strong>corda</strong></span> <span class='ocrx_word' id='word_1_578' title='bbox 1620 4375 1807 4420; x_wconf 89' lang='lat' dir='ltr'><strong>nostra</strong></span> <span class='ocrx_word' id='word_1_579' title='bbox 1853 4368 1906 4420; x_wconf 93' lang='lat' dir='ltr'><strong>in</strong></span> <span class='ocrx_word' id='word_1_580' title='bbox 1945 4367 2185 4422; x_wconf 84' lang='lat' dir='ltr'><strong>sanctiﬁ-</strong></span> 
     </span>
    </p>
   </div>
   <div class='ocr_carea' id='block_1_76' title="bbox 585 4443 2184 4529">
    <p class='ocr_par' dir='ltr' id='par_1_76' title="bbox 585 4443 2184 4529">
     <span class='ocr_line' id='line_1_76' title="bbox 585 4443 2184 4529; baseline 0.008 -29"><span class='ocrx_word' id='word_1_581' title='bbox 585 4443 804 4502; x_wconf 81' lang='lat' dir='ltr'><strong>catione</strong></span> <span class='ocrx_word' id='word_1_582' title='bbox 831 4448 1158 4520; x_wconf 80' lang='lat' dir='ltr'><strong>conﬁrmet?</strong></span> <span class='ocrx_word' id='word_1_583' title='bbox 1183 4451 1552 4508; x_wconf 84' lang='lat' dir='ltr'><strong>Sanctiﬁcatio</strong></span> <span class='ocrx_word' id='word_1_584' title='bbox 1583 4455 1727 4511; x_wconf 91' lang='lat' dir='ltr'><strong>enim</strong></span> <span class='ocrx_word' id='word_1_585' title='bbox 1765 4467 1786 4494; x_wconf 76' lang='grc' dir='ltr'><strong><em>ο</em></strong></span> <span class='ocrx_word' id='word_1_586' title='bbox 1822 4459 1995 4527; x_wconf 89' lang='lat' dir='ltr'><strong>gratia</strong></span> <span class='ocrx_word' id='word_1_587' title='bbox 2023 4459 2184 4529; x_wconf 88' lang='lat' dir='ltr'><strong>spiri-</strong></span> 
     </span>
    </p>
   </div>
   <div class='ocr_carea' id='block_1_77' title="bbox 2279 3239 3826 3315">
    <p class='ocr_par' dir='ltr' id='par_1_77' title="bbox 2279 3239 3826 3315">
     <span class='ocr_line' id='line_1_77' title="bbox 2279 3239 3826 3315; baseline -0.008 -14"><span class='ocrx_word' id='word_1_588' title='bbox 2279 3255 2431 3301; x_wconf 92' lang='lat' dir='ltr'><strong>certe</strong></span> <span class='ocrx_word' id='word_1_589' title='bbox 2481 3260 2587 3300; x_wconf 93' lang='lat' dir='ltr'><strong>non</strong></span> <span class='ocrx_word' id='word_1_590' title='bbox 2619 3245 2788 3300; x_wconf 91' lang='lat' dir='ltr'><strong>alium</strong></span> <span class='ocrx_word' id='word_1_591' title='bbox 2823 3245 3108 3300; x_wconf 90' lang='lat' dir='ltr'><strong>Dominum</strong></span> <span class='ocrx_word' id='word_1_592' title='bbox 3136 3243 3418 3315; x_wconf 87' lang='lat' dir='ltr'><strong>judicetis,</strong></span> <span class='ocrx_word' id='word_1_593' title='bbox 3474 3243 3574 3299; x_wconf 90' lang='lat' dir='ltr'><strong>nisi</strong></span> <span class='ocrx_word' id='word_1_594' title='bbox 3617 3239 3826 3311; x_wconf 88' lang='lat' dir='ltr'><strong>Spiritum</strong></span> 
     </span>
    </p>
   </div>
   <div class='ocr_carea' id='block_1_78' title="bbox 2280 3340 2646 3409">
    <p class='ocr_par' dir='ltr' id='par_1_78' title="bbox 2280 3340 2646 3409">
     <span class='ocr_line' id='line_1_78' title="bbox 2280 3340 2646 3409; baseline -0.011 -13"><span class='ocrx_word' id='word_1_595' title='bbox 2280 3340 2646 3409; x_wconf 86' lang='lat' dir='ltr'><strong>designatum.</strong></span> 
     </span>
    </p>
   </div>
   <div class='ocr_carea' id='block_1_79' title="bbox 2355 3426 3826 3504">
    <p class='ocr_par' dir='ltr' id='par_1_79' title="bbox 2355 3426 3826 3504">
     <span class='ocr_line' id='line_1_79' title="bbox 2355 3426 3826 3504; baseline -0.01 -16"><span class='ocrx_word' id='word_1_596' title='bbox 2355 3434 2477 3490; x_wconf 90' lang='grc'><strong>101.</strong></span> <span class='ocrx_word' id='word_1_597' title='bbox 2521 3433 2677 3501; x_wconf 90' lang='lat' dir='ltr'><strong>Quod</strong></span> <span class='ocrx_word' id='word_1_598' title='bbox 2708 3433 2754 3488; x_wconf 91' lang='lat' dir='ltr'><strong>si</strong></span> <span class='ocrx_word' id='word_1_599' title='bbox 2799 3433 3113 3489; x_wconf 86' lang='lat' dir='ltr'><strong>evidentem</strong></span> <span class='ocrx_word' id='word_1_600' title='bbox 3142 3435 3560 3504; x_wconf 88' lang='lat' dir='ltr'><strong>conceptionem</strong></span> <span class='ocrx_word' id='word_1_601' title='bbox 3587 3426 3826 3486; x_wconf 86' lang='lat' dir='ltr'><strong>verborum</strong></span> 
     </span>
    </p>
   </div>
   <div class='ocr_carea' id='block_1_80' title="bbox 2282 3526 3827 3599">
    <p class='ocr_par' dir='ltr' id='par_1_80' title="bbox 2282 3526 3827 3599">
     <span class='ocr_line' id='line_1_80' title="bbox 2282 3526 3827 3599; baseline -0.008 -17"><span class='ocrx_word' id='word_1_602' title='bbox 2282 3527 2533 3599; x_wconf 75' lang='lat' dir='ltr'><strong>exigitis,</strong></span> <span class='ocrx_word' id='word_1_603' title='bbox 2566 3527 2762 3598; x_wconf 91' lang='lat' dir='ltr'><strong>quibus</strong></span> <span class='ocrx_word' id='word_1_604' title='bbox 2805 3526 3087 3581; x_wconf 90' lang='lat' dir='ltr'><strong>Dominum</strong></span> <span class='ocrx_word' id='word_1_605' title='bbox 3135 3527 3405 3597; x_wconf 89' lang='lat' dir='ltr'><strong>Spiritum</strong></span> <span class='ocrx_word' id='word_1_606' title='bbox 3439 3527 3706 3594; x_wconf 87' lang='lat' dir='ltr'><strong>Scriptura</strong></span> <span class='ocrx_word' id='word_1_607' title='bbox 3745 3532 3827 3571; x_wconf 81' lang='lat' dir='ltr'><strong>tne-</strong></span> 
     </span>
    </p>
   </div>
   <div class='ocr_carea' id='block_1_81' title="bbox 2283 3609 3826 3691">
    <p class='ocr_par' dir='ltr' id='par_1_81' title="bbox 2283 3609 3826 3691">
     <span class='ocr_line' id='line_1_81' title="bbox 2283 3609 3826 3691; baseline -0.008 -17"><span class='ocrx_word' id='word_1_608' title='bbox 2283 3621 2606 3685; x_wconf 89' lang='lat' dir='ltr'><strong>moraverit,</strong></span> <span class='ocrx_word' id='word_1_609' title='bbox 2644 3634 2742 3674; x_wconf 90' lang='lat' dir='ltr'><strong>nec</strong></span> <span class='ocrx_word' id='word_1_610' title='bbox 2773 3619 2822 3674; x_wconf 92' lang='lat' dir='ltr'><strong>id</strong></span> <span class='ocrx_word' id='word_1_611' title='bbox 2847 3620 3017 3675; x_wconf 88' lang='lat' dir='ltr'><strong>latere</strong></span> <span class='ocrx_word' id='word_1_612' title='bbox 3048 3635 3143 3675; x_wconf 88' lang='lat' dir='ltr'><strong>vos</strong></span> <span class='ocrx_word' id='word_1_613' title='bbox 3166 3620 3373 3690; x_wconf 90' lang='lat' dir='ltr'><strong>potuit;</strong></span> <span class='ocrx_word' id='word_1_614' title='bbox 3407 3617 3575 3691; x_wconf 75' lang='lat'><strong>686</strong></span> <span class='ocrx_word' id='word_1_615' title='bbox 3597 3616 3704 3686; x_wconf 86' lang='lat' dir='ltr'><strong>quia</strong></span> <span class='ocrx_word' id='word_1_616' title='bbox 3725 3609 3826 3665; x_wconf 89' lang='lat' dir='ltr'><strong>scri-</strong></span> 
     </span>
    </p>
   </div>
   <div class='ocr_carea' id='block_1_82' title="bbox 2283 3700 3825 3782">
    <p class='ocr_par' dir='ltr' id='par_1_82' title="bbox 2283 3700 3825 3782">
     <span class='ocr_line' id='line_1_82' title="bbox 2283 3700 3825 3782; baseline -0.006 -17"><span class='ocrx_word' id='word_1_617' title='bbox 2283 3720 2436 3782; x_wconf 89' lang='lat' dir='ltr'><strong>ptum</strong></span> <span class='ocrx_word' id='word_1_618' title='bbox 2471 3724 2575 3766; x_wconf 87' lang='lat' dir='ltr'><strong>est:</strong></span> <span class='ocrx_word' id='word_1_619' title='bbox 2602 3709 2859 3766; x_wconf 86' lang='lat' dir='ltr'><strong>Dominus</strong></span> <span class='ocrx_word' id='word_1_620' title='bbox 2885 3721 3055 3765; x_wconf 90' lang='lat' dir='ltr'><strong>autem</strong></span> <span class='ocrx_word' id='word_1_621' title='bbox 3071 3712 3303 3780; x_wconf 86' lang='lat' dir='ltr'><strong>Spiritus</strong></span> <span class='ocrx_word' id='word_1_622' title='bbox 3319 3721 3397 3766; x_wconf 87' lang='lat' dir='ltr'><strong>est</strong></span> <span class='ocrx_word' id='word_1_623' title='bbox 3423 3711 3487 3781; x_wconf 88' lang='lat' dir='ltr'><strong>(ll</strong></span> <span class='ocrx_word' id='word_1_624' title='bbox 3509 3709 3623 3764; x_wconf 87' lang='lat' dir='ltr'><strong>Cor.</strong></span> <span class='ocrx_word' id='word_1_625' title='bbox 3650 3721 3716 3770; x_wconf 85' lang='lat' dir='ltr'><strong>Ill,</strong></span> <span class='ocrx_word' id='word_1_626' title='bbox 3743 3700 3825 3767; x_wconf 82' lang='grc'><strong>17).</strong></span> 
     </span>
    </p>
   </div>
   <div class='ocr_carea' id='block_1_83' title="bbox 2285 3793 3826 3876">
    <p class='ocr_par' dir='ltr' id='par_1_83' title="bbox 2285 3793 3826 3876">
     <span class='ocr_line' id='line_1_83' title="bbox 2285 3793 3826 3876; baseline -0.01 -18"><span class='ocrx_word' id='word_1_627' title='bbox 2285 3803 2438 3873; x_wconf 86' lang='lat' dir='ltr'><strong>Quod</strong></span> <span class='ocrx_word' id='word_1_628' title='bbox 2471 3805 2655 3876; x_wconf 87' lang='lat' dir='ltr'><strong>utique</strong></span> <span class='ocrx_word' id='word_1_629' title='bbox 2684 3804 2887 3858; x_wconf 87' lang='lat' dir='ltr'><strong>dictum</strong></span> <span class='ocrx_word' id='word_1_630' title='bbox 2927 3804 2994 3858; x_wconf 91' lang='lat' dir='ltr'><strong>de</strong></span> <span class='ocrx_word' id='word_1_631' title='bbox 3023 3804 3230 3873; x_wconf 85' lang='lat' dir='ltr'><strong>Spiritu</strong></span> <span class='ocrx_word' id='word_1_632' title='bbox 3261 3813 3454 3860; x_wconf 89' lang='lat' dir='ltr'><strong>sancto</strong></span> <span class='ocrx_word' id='word_1_633' title='bbox 3507 3802 3660 3857; x_wconf 90' lang='lat' dir='ltr'><strong>totius</strong></span> <span class='ocrx_word' id='word_1_634' title='bbox 3697 3793 3826 3850; x_wconf 87' lang='lat' dir='ltr'><strong>series</strong></span> 
     </span>
    </p>
   </div>
   <div class='ocr_carea' id='block_1_84' title="bbox 2287 3891 3827 3966">
    <p class='ocr_par' dir='ltr' id='par_1_84' title="bbox 2287 3891 3827 3966">
     <span class='ocr_line' id='line_1_84' title="bbox 2287 3891 3827 3966; baseline -0.01 -14"><span class='ocrx_word' id='word_1_635' title='bbox 2287 3898 2538 3952; x_wconf 90' lang='lat' dir='ltr'><strong>lectionis</strong></span> <span class='ocrx_word' id='word_1_636' title='bbox 2568 3897 2824 3952; x_wconf 91' lang='lat' dir='ltr'><strong>ostendit.</strong></span> <span class='ocrx_word' id='word_1_637' title='bbox 2857 3895 2928 3951; x_wconf 87' lang='lat' dir='ltr'><strong>Et</strong></span> <span class='ocrx_word' id='word_1_638' title='bbox 2959 3896 3085 3952; x_wconf 90' lang='lat' dir='ltr'><strong>ideo</strong></span> <span class='ocrx_word' id='word_1_639' title='bbox 3115 3895 3433 3966; x_wconf 81' lang='lat' dir='ltr'><strong>Apostolica</strong></span> <span class='ocrx_word' id='word_1_640' title='bbox 3473 3891 3827 3951; x_wconf 86' lang='lat' dir='ltr'><strong>consideremus</strong></span> 
     </span>
    </p>
   </div>
   <div class='ocr_carea' id='block_1_85' title="bbox 2287 3981 3825 4063">
    <p class='ocr_par' dir='ltr' id='par_1_85' title="bbox 2287 3981 3825 4063">
     <span class='ocr_line' id='line_1_85' title="bbox 2287 3981 3825 4063; baseline -0.01 -16"><span class='ocrx_word' id='word_1_641' title='bbox 2287 3993 2543 4062; x_wconf 86' lang='lat' dir='ltr'><strong>eloquia:</strong></span> <span class='ocrx_word' id='word_1_642' title='bbox 2600 3991 2811 4059; x_wconf 76' lang='lat' dir='ltr'><strong>Quoties</strong></span> <span class='ocrx_word' id='word_1_643' title='bbox 2864 3991 3056 4063; x_wconf 84' lang='lat' dir='ltr'><strong>legitur</strong></span> <span class='ocrx_word' id='word_1_644' title='bbox 3103 3989 3342 4061; x_wconf 73' lang='lat' dir='ltr'><strong>Moyses,</strong></span> <span class='ocrx_word' id='word_1_645' title='bbox 3391 3989 3601 4060; x_wconf 91' lang='lat' dir='ltr'><strong>inquit,</strong></span> <span class='ocrx_word' id='word_1_646' title='bbox 3647 3981 3825 4039; x_wconf 76' lang='lat' dir='ltr'><strong>uelamen</strong></span> 
     </span>
    </p>
   </div>
   <div class='ocr_carea' id='block_1_86' title="bbox 2288 4074 3826 4158">
    <p class='ocr_par' dir='ltr' id='par_1_86' title="bbox 2288 4074 3826 4158">
     <span class='ocr_line' id='line_1_86' title="bbox 2288 4074 3826 4158; baseline -0.008 -18"><span class='ocrx_word' id='word_1_647' title='bbox 2288 4087 2510 4158; x_wconf 91' lang='lat' dir='ltr'><strong>positum</strong></span> <span class='ocrx_word' id='word_1_648' title='bbox 2551 4094 2623 4139; x_wconf 90' lang='lat' dir='ltr'><strong>est</strong></span> <span class='ocrx_word' id='word_1_649' title='bbox 2649 4100 2809 4152; x_wconf 87' lang='lat' dir='ltr'><strong>super</strong></span> <span class='ocrx_word' id='word_1_650' title='bbox 2851 4099 2940 4138; x_wconf 88' lang='lat' dir='ltr'><strong>cor</strong></span> <span class='ocrx_word' id='word_1_651' title='bbox 2967 4099 3191 4138; x_wconf 86' lang='lat' dir='ltr'><strong>eorum:</strong></span> <span class='ocrx_word' id='word_1_652' title='bbox 3219 4099 3334 4136; x_wconf 88' lang='lat' dir='ltr'><strong>cum</strong></span> <span class='ocrx_word' id='word_1_653' title='bbox 3364 4098 3484 4136; x_wconf 89' lang='lat' dir='ltr'><strong>vero</strong></span> <span class='ocrx_word' id='word_1_654' title='bbox 3515 4077 3720 4134; x_wconf 86' lang='lat' dir='ltr'><strong>conversi</strong></span> <span class='ocrx_word' id='word_1_655' title='bbox 3743 4074 3826 4140; x_wconf 76' lang='lat' dir='ltr'><strong>fut-</strong></span> 
     </span>
    </p>
   </div>
   <div class='ocr_carea' id='block_1_87' title="bbox 2285 4173 3825 4248">
    <p class='ocr_par' dir='ltr' id='par_1_87' title="bbox 2285 4173 3825 4248">
     <span class='ocr_line' id='line_1_87' title="bbox 2285 4173 3825 4248; baseline -0.008 -16"><span class='ocrx_word' id='word_1_656' title='bbox 2285 4179 2391 4232; x_wconf 88' lang='lat' dir='ltr'><strong>rint</strong></span> <span class='ocrx_word' id='word_1_657' title='bbox 2422 4178 2491 4231; x_wconf 91' lang='lat' dir='ltr'><strong>ad</strong></span> <span class='ocrx_word' id='word_1_658' title='bbox 2523 4177 2837 4245; x_wconf 89' lang='lat' dir='ltr'><strong>Dominum,</strong></span> <span class='ocrx_word' id='word_1_659' title='bbox 2868 4181 3137 4248; x_wconf 78' lang='lat' dir='ltr'><strong>auferetur</strong></span> <span class='ocrx_word' id='word_1_660' title='bbox 3161 4176 3416 4230; x_wconf 87' lang='lat' dir='ltr'><strong>velamen.</strong></span> <span class='ocrx_word' id='word_1_661' title='bbox 3442 4173 3678 4229; x_wconf 79' lang='lat' dir='ltr'><strong>Dominus</strong></span> <span class='ocrx_word' id='word_1_662' title='bbox 3693 4173 3825 4220; x_wconf 72' lang='lat' dir='ltr'><strong>autem</strong></span> 
     </span>
    </p>
   </div>
   <div class='ocr_carea' id='block_1_88' title="bbox 2287 4257 3826 4341">
    <p class='ocr_par' dir='ltr' id='par_1_88' title="bbox 2287 4257 3826 4341">
     <span class='ocr_line' id='line_1_88' title="bbox 2287 4257 3826 4341; baseline -0.012 -15"><span class='ocrx_word' id='word_1_663' title='bbox 2287 4271 2519 4341; x_wconf 90' lang='lat' dir='ltr'><strong>Spiritus</strong></span> <span class='ocrx_word' id='word_1_664' title='bbox 2549 4281 2662 4325; x_wconf 88' lang='lat' dir='ltr'><strong>est:</strong></span> <span class='ocrx_word' id='word_1_665' title='bbox 2691 4271 2778 4324; x_wconf 89' lang='lat' dir='ltr'><strong>ubi</strong></span> <span class='ocrx_word' id='word_1_666' title='bbox 2801 4279 2975 4338; x_wconf 74' lang='lat' dir='ltr'><strong>autem</strong></span> <span class='ocrx_word' id='word_1_667' title='bbox 3020 4269 3254 4340; x_wconf 86' lang='lat' dir='ltr'><strong>Spiritus</strong></span> <span class='ocrx_word' id='word_1_668' title='bbox 3297 4266 3544 4333; x_wconf 87' lang='lat' dir='ltr'><strong>Domini,</strong></span> <span class='ocrx_word' id='word_1_669' title='bbox 3572 4262 3636 4318; x_wconf 87' lang='lat' dir='ltr'><strong>ibi</strong></span> <span class='ocrx_word' id='word_1_670' title='bbox 3662 4257 3826 4315; x_wconf 70' lang='lat' dir='ltr'><strong>liberta:</strong></span> 
     </span>
    </p>
   </div>
   <div class='ocr_carea' id='block_1_89' title="bbox 2292 4362 2794 4436">
    <p class='ocr_par' dir='ltr' id='par_1_89' title="bbox 2292 4362 2794 4436">
     <span class='ocr_line' id='line_1_89' title="bbox 2292 4362 2794 4436; baseline 0.002 -20"><span class='ocrx_word' id='word_1_671' title='bbox 2292 4363 2504 4436; x_wconf 87' lang='lat' dir='ltr'><strong>(lbid.,</strong></span> <span class='ocrx_word' id='word_1_672' title='bbox 2537 4381 2628 4429; x_wconf 80' lang='lat' dir='ltr'><strong>xv,</strong></span> <span class='ocrx_word' id='word_1_673' title='bbox 2666 4362 2794 4434; x_wconf 86' lang='grc'><strong>16).</strong></span> 
     </span>
    </p>
   </div>
   <div class='ocr_carea' id='block_1_90' title="bbox 2360 4437 3823 4526">
    <p class='ocr_par' dir='ltr' id='par_1_90' title="bbox 2360 4437 3823 4526">
     <span class='ocr_line' id='line_1_90' title="bbox 2360 4437 3823 4526; baseline -0.009 -16"><span class='ocrx_word' id='word_1_674' title='bbox 2360 4455 2484 4510; x_wconf 72' lang='grc'><strong>102.</strong></span> <span class='ocrx_word' id='word_1_675' title='bbox 2525 4455 2644 4510; x_wconf 85' lang='lat' dir='ltr'><strong>Non</strong></span> <span class='ocrx_word' id='word_1_676' title='bbox 2673 4455 2848 4510; x_wconf 92' lang='lat' dir='ltr'><strong>solum</strong></span> <span class='ocrx_word' id='word_1_677' title='bbox 2891 4456 3073 4526; x_wconf 91' lang='lat' dir='ltr'><strong>itaque</strong></span> <span class='ocrx_word' id='word_1_678' title='bbox 3105 4455 3366 4525; x_wconf 90' lang='lat' dir='ltr'><strong>Spiritum</strong></span> <span class='ocrx_word' id='word_1_679' title='bbox 3397 4453 3662 4510; x_wconf 90' lang='lat' dir='ltr'><strong>dominum</strong></span> <span class='ocrx_word' id='word_1_680' title='bbox 3686 4437 3823 4498; x_wconf 73' lang='lat' dir='ltr'><strong>dixit.</strong></span> 
     </span>
    </p>
   </div>
   <div class='ocr_carea' id='block_1_91' title="bbox 590 4527 3826 4623">
    <p class='ocr_par' dir='ltr' id='par_1_91' title="bbox 590 4527 3826 4623">
     <span class='ocr_line' id='line_1_91' title="bbox 590 4527 3826 4623; baseline -0.002 -27"><span class='ocrx_word' id='word_1_681' title='bbox 590 4541 711 4596; x_wconf 87' lang='lat' dir='ltr'><strong>talis</strong></span> <span class='ocrx_word' id='word_1_682' title='bbox 737 4550 859 4608; x_wconf 90' lang='lat' dir='ltr'><strong>est,</strong></span> <span class='ocrx_word' id='word_1_683' title='bbox 889 4542 1032 4598; x_wconf 90' lang='lat' dir='ltr'><strong>sicut</strong></span> <span class='ocrx_word' id='word_1_684' title='bbox 1061 4554 1117 4600; x_wconf 91' lang='lat' dir='ltr'><strong>et</strong></span> <span class='ocrx_word' id='word_1_685' title='bbox 1147 4545 1283 4600; x_wconf 82' lang='lat' dir='ltr'><strong>inira</strong></span> <span class='ocrx_word' id='word_1_686' title='bbox 1315 4547 1481 4602; x_wconf 88' lang='lat' dir='ltr'><strong>dixit:</strong></span> <span class='ocrx_word' id='word_1_687' title='bbox 1517 4547 1584 4603; x_wconf 91' lang='lat' dir='ltr'><strong>In</strong></span> <span class='ocrx_word' id='word_1_688' title='bbox 1610 4550 2021 4618; x_wconf 86' lang='lat' dir='ltr'><strong>sanctiﬁcatione</strong></span> <span class='ocrx_word' id='word_1_689' title='bbox 2054 4527 2183 4623; x_wconf 79' lang='lat' dir='ltr'><strong>Spi-</strong></span> <span class='ocrx_word' id='word_1_690' title='bbox 2209 4527 2266 4588; x_wconf 82' lang='grc' dir='ltr'>Ῑ)</span> <span class='ocrx_word' id='word_1_691' title='bbox 2289 4547 2386 4604; x_wconf 89' lang='lat' dir='ltr'><strong>sed</strong></span> <span class='ocrx_word' id='word_1_692' title='bbox 2430 4553 2594 4604; x_wconf 90' lang='lat' dir='ltr'><strong>etiam</strong></span> <span class='ocrx_word' id='word_1_693' title='bbox 2643 4548 2849 4603; x_wconf 91' lang='lat' dir='ltr'><strong>addidit</strong></span> <span class='ocrx_word' id='word_1_694' title='bbox 2877 4566 2890 4603; x_wconf 89' lang='lat'><strong>:</strong></span> <span class='ocrx_word' id='word_1_695' title='bbox 2929 4548 3030 4603; x_wconf 85' lang='lat' dir='ltr'><strong>Ubi</strong></span> <span class='ocrx_word' id='word_1_696' title='bbox 3075 4559 3247 4605; x_wconf 88' lang='lat' dir='ltr'><strong>autem</strong></span> <span class='ocrx_word' id='word_1_697' title='bbox 3279 4548 3509 4620; x_wconf 85' lang='lat' dir='ltr'><strong>Spiritus</strong></span> <span class='ocrx_word' id='word_1_698' title='bbox 3551 4535 3750 4599; x_wconf 85' lang='lat' dir='ltr'><strong>Domini,</strong></span> <span class='ocrx_word' id='word_1_699' title='bbox 3772 4527 3826 4583; x_wconf 72' lang='lat' dir='ltr'><strong>ibi</strong></span> 
     </span>
    </p>
   </div>
   <div class='ocr_carea' id='block_1_92' title="bbox 586 4636 1800 4712">
    <p class='ocr_par' dir='ltr' id='par_1_92' title="bbox 586 4636 1800 4712">
     <span class='ocr_line' id='line_1_92' title="bbox 586 4636 1800 4712; baseline 0.008 -24"><span class='ocrx_word' id='word_1_700' title='bbox 586 4636 718 4690; x_wconf 83' lang='lat' dir='ltr'><strong>ritus</strong></span> <span class='ocrx_word' id='word_1_701' title='bbox 739 4677 755 4704; x_wconf 93' lang='lat'><strong>,</strong></span> <span class='ocrx_word' id='word_1_702' title='bbox 784 4647 832 4690; x_wconf 85' lang='lat' dir='ltr'><strong>et</strong></span> <span class='ocrx_word' id='word_1_703' title='bbox 861 4637 968 4704; x_wconf 88' lang='lat' dir='ltr'><strong>ﬁde</strong></span> <span class='ocrx_word' id='word_1_704' title='bbox 993 4639 1226 4694; x_wconf 87' lang='lat' dir='ltr'><strong>veritatis</strong></span> <span class='ocrx_word' id='word_1_705' title='bbox 1257 4639 1336 4712; x_wconf 91' lang='lat' dir='ltr'><strong>(ll</strong></span> <span class='ocrx_word' id='word_1_706' title='bbox 1362 4639 1546 4697; x_wconf 80' lang='lat' dir='ltr'><strong>Thess.</strong></span> <span class='ocrx_word' id='word_1_707' title='bbox 1579 4659 1640 4707; x_wconf 88' lang='grc' dir='ltr'>ιι,</span> <span class='ocrx_word' id='word_1_708' title='bbox 1671 4642 1742 4698; x_wconf 74' lang='grc'><strong>12</strong></span> <span class='ocrx_word' id='word_1_709' title='bbox 1761 4642 1800 4709; x_wconf 90' lang='grc'><strong>).</strong></span> 
     </span>
    </p>
   </div>
   <div class='ocr_carea' id='block_1_93' title="bbox 659 4729 2192 4809">
    <p class='ocr_par' dir='ltr' id='par_1_93' title="bbox 659 4729 2192 4809">
     <span class='ocr_line' id='line_1_93' title="bbox 659 4729 2192 4809; baseline 0.007 -24"><span class='ocrx_word' id='word_1_710' title='bbox 659 4729 753 4786; x_wconf 89' lang='grc'><strong>96.</strong></span> <span class='ocrx_word' id='word_1_711' title='bbox 814 4731 984 4800; x_wconf 91' lang='lat' dir='ltr'><strong>Quem</strong></span> <span class='ocrx_word' id='word_1_712' title='bbox 1038 4734 1238 4803; x_wconf 89' lang='lat' dir='ltr'><strong>putatis</strong></span> <span class='ocrx_word' id='word_1_713' title='bbox 1287 4749 1420 4807; x_wconf 84' lang='lat' dir='ltr'><strong>ergo</strong></span> <span class='ocrx_word' id='word_1_714' title='bbox 1471 4735 1559 4791; x_wconf 86' lang='lat' dir='ltr'><strong>hic</strong></span> <span class='ocrx_word' id='word_1_715' title='bbox 1611 4737 1937 4804; x_wconf 90' lang='lat' dir='ltr'><strong>Dominum,</strong></span> <span class='ocrx_word' id='word_1_716' title='bbox 1990 4749 2192 4809; x_wconf 62' lang='lat' dir='ltr'><strong>praeter</strong></span> 
     </span>
    </p>
   </div>
   <div class='ocr_carea' id='block_1_94' title="bbox 586 4821 2187 4898">
    <p class='ocr_par' dir='ltr' id='par_1_94' title="bbox 586 4821 2187 4898">
     <span class='ocr_line' id='line_1_94' title="bbox 586 4821 2187 4898; baseline 0.007 -19"><span class='ocrx_word' id='word_1_717' title='bbox 586 4821 848 4894; x_wconf 90' lang='lat' dir='ltr'><strong>Spiritum</strong></span> <span class='ocrx_word' id='word_1_718' title='bbox 883 4829 1288 4898; x_wconf 80' lang='lat' dir='ltr'><strong>nuncupatum?</strong></span> <span class='ocrx_word' id='word_1_719' title='bbox 1315 4827 1343 4866; x_wconf 74' lang='grc' dir='ltr'><em>ά</em></span> <span class='ocrx_word' id='word_1_720' title='bbox 1373 4830 1482 4886; x_wconf 81' lang='lat' dir='ltr'><strong>Nec</strong></span> <span class='ocrx_word' id='word_1_721' title='bbox 1507 4830 1650 4888; x_wconf 90' lang='lat' dir='ltr'><strong>Deus</strong></span> <span class='ocrx_word' id='word_1_722' title='bbox 1681 4831 1843 4887; x_wconf 88' lang='lat' dir='ltr'><strong>Pater</strong></span> <span class='ocrx_word' id='word_1_723' title='bbox 1868 4833 2068 4891; x_wconf 91' lang='lat' dir='ltr'><strong>docere</strong></span> <span class='ocrx_word' id='word_1_724' title='bbox 2089 4849 2187 4890; x_wconf 92' lang='lat' dir='ltr'><strong>vos</strong></span> 
     </span>
    </p>
   </div>
   <div class='ocr_carea' id='block_1_95' title="bbox 588 4916 2186 4998">
    <p class='ocr_par' dir='ltr' id='par_1_95' title="bbox 588 4916 2186 4998">
     <span class='ocr_line' id='line_1_95' title="bbox 588 4916 2186 4998; baseline 0.008 -28"><span class='ocrx_word' id='word_1_725' title='bbox 588 4916 798 4986; x_wconf 88' lang='lat' dir='ltr'><strong>potuit,</strong></span> <span class='ocrx_word' id='word_1_726' title='bbox 840 4919 928 4986; x_wconf 85' lang='lat' dir='ltr'><strong>qui</strong></span> <span class='ocrx_word' id='word_1_727' title='bbox 979 4919 1054 4973; x_wconf 89' lang='lat' dir='ltr'><strong>ait</strong></span> <span class='ocrx_word' id='word_1_728' title='bbox 1088 4937 1101 4972; x_wconf 91' lang='lat'><strong>:</strong></span> <span class='ocrx_word' id='word_1_729' title='bbox 1135 4919 1312 4994; x_wconf 87' lang='lat' dir='ltr'><strong>Super</strong></span> <span class='ocrx_word' id='word_1_730' title='bbox 1355 4939 1507 4992; x_wconf 85' lang='lat' dir='ltr'><strong>quem</strong></span> <span class='ocrx_word' id='word_1_731' title='bbox 1555 4924 1747 4980; x_wconf 88' lang='lat' dir='ltr'><strong>videris</strong></span> <span class='ocrx_word' id='word_1_732' title='bbox 1794 4925 2049 4998; x_wconf 85' lang='lat' dir='ltr'><strong>Spiritum</strong></span> <span class='ocrx_word' id='word_1_733' title='bbox 2095 4928 2186 4982; x_wconf 88' lang='lat' dir='ltr'><strong>de-</strong></span> 
     </span>
    </p>
   </div>
   <div class='ocr_carea' id='block_1_96' title="bbox 591 5008 2186 5092">
    <p class='ocr_par' dir='ltr' id='par_1_96' title="bbox 591 5008 2186 5092">
     <span class='ocr_line' id='line_1_96' title="bbox 591 5008 2186 5092; baseline 0.008 -30"><span class='ocrx_word' id='word_1_734' title='bbox 591 5008 919 5065; x_wconf 85' lang='lat' dir='ltr'><strong>scendentem</strong></span> <span class='ocrx_word' id='word_1_735' title='bbox 943 5021 990 5064; x_wconf 91' lang='lat' dir='ltr'><strong>et</strong></span> <span class='ocrx_word' id='word_1_736' title='bbox 1008 5023 1298 5069; x_wconf 88' lang='lat' dir='ltr'><strong>manentent</strong></span> <span class='ocrx_word' id='word_1_737' title='bbox 1315 5031 1471 5085; x_wconf 86' lang='lat' dir='ltr'><strong>super</strong></span> <span class='ocrx_word' id='word_1_738' title='bbox 1496 5033 1631 5080; x_wconf 89' lang='lat' dir='ltr'><strong>eum,</strong></span> <span class='ocrx_word' id='word_1_739' title='bbox 1654 5017 1739 5071; x_wconf 91' lang='lat' dir='ltr'><strong>hic</strong></span> <span class='ocrx_word' id='word_1_740' title='bbox 1760 5027 1833 5072; x_wconf 93' lang='lat' dir='ltr'><strong>est</strong></span> <span class='ocrx_word' id='word_1_741' title='bbox 1849 5021 1940 5089; x_wconf 89' lang='lat' dir='ltr'><strong>qui</strong></span> <span class='ocrx_word' id='word_1_742' title='bbox 1964 5020 2186 5092; x_wconf 80' lang='lat' dir='ltr'><strong>baptizat</strong></span> 
     </span>
    </p>
   </div>
   <div class='ocr_carea' id='block_1_97' title="bbox 591 5100 2190 5183">
    <p class='ocr_par' dir='ltr' id='par_1_97' title="bbox 591 5100 2190 5183">
     <span class='ocr_line' id='line_1_97' title="bbox 591 5100 2190 5183; baseline 0.009 -29"><span class='ocrx_word' id='word_1_743' title='bbox 591 5101 646 5154; x_wconf 89' lang='lat' dir='ltr'><strong>in</strong></span> <span class='ocrx_word' id='word_1_744' title='bbox 671 5100 878 5172; x_wconf 87' lang='lat' dir='ltr'><strong>Spiritu</strong></span> <span class='ocrx_word' id='word_1_745' title='bbox 907 5114 1089 5158; x_wconf 90' lang='lat' dir='ltr'><strong>sancto</strong></span> <span class='ocrx_word' id='word_1_746' title='bbox 1118 5104 1307 5177; x_wconf 84' lang='lat' dir='ltr'><strong>(Joan.</strong></span> <span class='ocrx_word' id='word_1_747' title='bbox 1334 5124 1372 5175; x_wconf 90' lang='grc' dir='ltr'>ι,</span> <span class='ocrx_word' id='word_1_748' title='bbox 1403 5108 1552 5179; x_wconf 76' lang='lat'><strong>53)?</strong></span> <span class='ocrx_word' id='word_1_749' title='bbox 1575 5109 1867 5167; x_wconf 88' lang='lat' dir='ltr'><strong>Descendit</strong></span> <span class='ocrx_word' id='word_1_750' title='bbox 1895 5113 2041 5168; x_wconf 90' lang='lat' dir='ltr'><strong>enim</strong></span> <span class='ocrx_word' id='word_1_751' title='bbox 2069 5114 2190 5183; x_wconf 92' lang='lat' dir='ltr'><strong>Spi-</strong></span> 
     </span>
    </p>
   </div>
   <div class='ocr_carea' id='block_1_98' title="bbox 666 5241 2189 5314">
    <p class='ocr_par' dir='ltr' id='par_1_98' title="bbox 666 5241 2189 5314">
     <span class='ocr_line' id='line_1_98' title="bbox 666 5241 2189 5314; baseline 0.005 -20"><span class='ocrx_word' id='word_1_752' title='bbox 666 5249 694 5314; x_wconf 58' lang='lat' dir='ltr'><strong>f</strong></span> <span class='ocrx_word' id='word_1_753' title='bbox 733 5241 809 5295; x_wconf 89' lang='lat' dir='ltr'><strong>Ita</strong></span> <span class='ocrx_word' id='word_1_754' title='bbox 837 5257 968 5299; x_wconf 93' lang='lat' dir='ltr'><strong>mss.</strong></span> <span class='ocrx_word' id='word_1_755' title='bbox 1001 5243 1186 5314; x_wconf 91' lang='lat' dir='ltr'><strong>plures</strong></span> <span class='ocrx_word' id='word_1_756' title='bbox 1216 5260 1277 5299; x_wconf 92' lang='lat' dir='ltr'><strong>ac</strong></span> <span class='ocrx_word' id='word_1_757' title='bbox 1308 5247 1685 5313; x_wconf 89' lang='lat' dir='ltr'><strong>probatiores:</strong></span> <span class='ocrx_word' id='word_1_758' title='bbox 1736 5248 1980 5304; x_wconf 92' lang='lat' dir='ltr'><strong>nonnulli</strong></span> <span class='ocrx_word' id='word_1_759' title='bbox 2009 5259 2189 5303; x_wconf 89' lang='lat' dir='ltr'><strong>autem</strong></span> 
     </span>
    </p>
   </div>
   <div class='ocr_carea' id='block_1_99' title="bbox 594 5310 2187 5437">
    <p class='ocr_par' dir='ltr' id='par_1_99' title="bbox 594 5310 2187 5437">
     <span class='ocr_line' id='line_1_99' title="bbox 594 5310 2187 5437; baseline 0.006 -73"><span class='ocrx_word' id='word_1_760' title='bbox 594 5310 688 5437; x_wconf 48' lang='lat' dir='ltr'><strong>alii</strong></span> <span class='ocrx_word' id='word_1_761' title='bbox 717 5320 773 5367; x_wconf 91' lang='lat' dir='ltr'><strong>et</strong></span> <span class='ocrx_word' id='word_1_762' title='bbox 796 5327 986 5370; x_wconf 89' lang='lat' dir='ltr'><strong>omnes</strong></span> <span class='ocrx_word' id='word_1_763' title='bbox 1004 5310 1172 5384; x_wconf 55' lang='lat' dir='ltr'><strong>&#39;edit.,</strong></span> <span class='ocrx_word' id='word_1_764' title='bbox 1201 5310 1537 5387; x_wconf 81' lang='lat' dir='ltr'><strong>conﬁtemur,</strong></span> <span class='ocrx_word' id='word_1_765' title='bbox 1578 5321 1772 5393; x_wconf 86' lang='lat' dir='ltr'><strong>putatis</strong></span> <span class='ocrx_word' id='word_1_766' title='bbox 1814 5337 1907 5375; x_wconf 90' lang='lat' dir='ltr'><strong>nos</strong></span> <span class='ocrx_word' id='word_1_767' title='bbox 1938 5329 2040 5377; x_wconf 90' lang='lat' dir='ltr'><strong>tres</strong></span> <span class='ocrx_word' id='word_1_768' title='bbox 2065 5320 2187 5375; x_wconf 86' lang='lat' dir='ltr'><strong>deos</strong></span> 
     </span>
     <span class='ocr_line' id='line_1_100' title="bbox 633 5398 784 5437; baseline 0.007 -1"><span class='ocrx_word' id='word_1_769' title='bbox 633 5398 784 5437; x_wconf 78' lang='lat' dir='ltr'><strong>icere.</strong></span> 
     </span>
    </p>
   </div>
   <div class='ocr_carea' id='block_1_100' title="bbox 633 5398 784 5438">
    <p class='ocr_par' dir='ltr' id='par_1_100' title="bbox 633 5398 784 5438">
     <span class='ocr_line' id='line_1_101' title="bbox 633 5398 784 5438; baseline -0.007 0"><span class='ocrx_word' id='word_1_770' title='bbox 633 5398 784 5438; x_wconf 77' lang='lat' dir='ltr'><strong>icere.</strong></span> 
     </span>
    </p>
   </div>
   <div class='ocr_carea' id='block_1_101' title="bbox 670 5452 1727 5531">
    <p class='ocr_par' dir='ltr' id='par_1_101' title="bbox 670 5452 1727 5531">
     <span class='ocr_line' id='line_1_102' title="bbox 670 5452 1727 5531; baseline 0.004 -21"><span class='ocrx_word' id='word_1_771' title='bbox 670 5452 698 5492; x_wconf 72' lang='grc' dir='ltr'>δ</span> <span class='ocrx_word' id='word_1_772' title='bbox 737 5454 992 5531; x_wconf 55' lang='lat' dir='ltr'><strong>Nonnulli</strong></span> <span class='ocrx_word' id='word_1_773' title='bbox 1026 5472 1182 5526; x_wconf 84' lang='lat' dir='ltr'><strong>mss.,</strong></span> <span class='ocrx_word' id='word_1_774' title='bbox 1213 5462 1488 5531; x_wconf 83' lang='lat' dir='ltr'><strong>Apostolus</strong></span> <span class='ocrx_word' id='word_1_775' title='bbox 1516 5463 1727 5516; x_wconf 74' lang='lat' dir='ltr'><strong>direxit.</strong></span> 
     </span>
    </p>
   </div>
   <div class='ocr_carea' id='block_1_102' title="bbox 601 5527 2187 5654">
    <p class='ocr_par' dir='ltr' id='par_1_102' title="bbox 601 5527 2187 5654">
     <span class='ocr_line' id='line_1_103' title="bbox 601 5527 2187 5654; baseline 0.001 -71"><span class='ocrx_word' id='word_1_776' title='bbox 601 5608 620 5652; x_wconf 56' lang='grc' dir='ltr'><strong><em>ι</em></strong></span> <span class='ocrx_word' id='word_1_777' title='bbox 673 5527 867 5654; x_wconf 39' lang='grc' dir='ltr'><strong>αἰολίδεί</strong></span> <span class='ocrx_word' id='word_1_778' title='bbox 898 5529 1102 5598; x_wconf 87' lang='lat' dir='ltr'><strong>aliquot</strong></span> <span class='ocrx_word' id='word_1_779' title='bbox 1149 5527 1268 5588; x_wconf 84' lang='lat' dir='ltr'><strong>non</strong></span> <span class='ocrx_word' id='word_1_780' title='bbox 1295 5533 1566 5590; x_wconf 78' lang='lat' dir='ltr'><strong>inferioris</strong></span> <span class='ocrx_word' id='word_1_781' title='bbox 1593 5541 1772 5598; x_wconf 73' lang='lat' dir='ltr'><strong>noue,</strong></span> <span class='ocrx_word' id='word_1_782' title='bbox 1804 5534 1986 5603; x_wconf 68' lang='lat' dir='ltr'><strong>gratia:</strong></span> <span class='ocrx_word' id='word_1_783' title='bbox 2028 5533 2187 5603; x_wconf 84' lang='lat' dir='ltr'><strong>spiri-</strong></span> 
     </span>
     <span class='ocr_line' id='line_1_104' title="bbox 621 5613 880 5654; baseline 0.004 -2"><span class='ocrx_word' id='word_1_784' title='bbox 621 5613 690 5652; x_wconf 88' lang='lat' dir='ltr'><strong>ua</strong></span> <span class='ocrx_word' id='word_1_785' title='bbox 711 5615 756 5654; x_wconf 78' lang='lat' dir='ltr'><strong>is</strong></span> <span class='ocrx_word' id='word_1_786' title='bbox 787 5616 840 5654; x_wconf 86' lang='lat' dir='ltr'><strong>es</strong></span> <span class='ocrx_word' id='word_1_787' title='bbox 868 5640 880 5653; x_wconf 94' lang='lat'><strong>.</strong></span> 
     </span>
    </p>
   </div>
   <div class='ocr_carea' id='block_1_103' title="bbox 621 5613 880 5654">
    <p class='ocr_par' dir='ltr' id='par_1_103' title="bbox 621 5613 880 5654">
     <span class='ocr_line' id='line_1_105' title="bbox 621 5613 880 5654; baseline 0.004 -2"><span class='ocrx_word' id='word_1_788' title='bbox 621 5613 756 5654; x_wconf 78' lang='lat' dir='ltr'><strong>uatis</strong></span> <span class='ocrx_word' id='word_1_789' title='bbox 787 5613 861 5654; x_wconf 86' lang='lat' dir='ltr'><strong>est</strong></span> <span class='ocrx_word' id='word_1_790' title='bbox 868 5640 880 5653; x_wconf 89' lang='lat'><strong>.</strong></span> 
     </span>
    </p>
   </div>
   <div class='ocr_carea' id='block_1_104' title="bbox 673 5667 2192 5745">
    <p class='ocr_par' dir='ltr' id='par_1_104' title="bbox 673 5667 2192 5745">
     <span class='ocr_line' id='line_1_106' title="bbox 673 5667 2192 5745; baseline 0.015 -23"><span class='ocrx_word' id='word_1_791' title='bbox 673 5667 702 5704; x_wconf 73' lang='grc' dir='ltr'><em>ά</em></span> <span class='ocrx_word' id='word_1_792' title='bbox 740 5667 963 5745; x_wconf 77' lang='lat' dir='ltr'><strong>Gill_.__et</strong></span> <span class='ocrx_word' id='word_1_793' title='bbox 994 5672 1152 5745; x_wconf 70' lang='lat' dir='ltr'><strong>Rom.</strong></span> <span class='ocrx_word' id='word_1_794' title='bbox 1194 5691 1316 5730; x_wconf 88' lang='lat' dir='ltr'><strong>cum</strong></span> <span class='ocrx_word' id='word_1_795' title='bbox 1360 5691 1491 5742; x_wconf 77' lang='lat' dir='ltr'><strong>mss.</strong></span> <span class='ocrx_word' id='word_1_796' title='bbox 1525 5675 1851 5744; x_wconf 69' lang='lat' dir='ltr'><strong>nonnullis,</strong></span> <span class='ocrx_word' id='word_1_797' title='bbox 1892 5673 2192 5745; x_wconf 62' lang='lat' dir='ltr'><strong>H0909!“</strong></span> 
     </span>
    </p>
   </div>
   <div class='ocr_carea' id='block_1_105' title="bbox 593 5735 2186 5819">
    <p class='ocr_par' dir='ltr' id='par_1_105' title="bbox 593 5735 2186 5819">
     <span class='ocr_line' id='line_1_107' title="bbox 593 5735 2186 5819; baseline 0.008 -28"><span class='ocrx_word' id='word_1_798' title='bbox 593 5735 791 5800; x_wconf 73' lang='lat' dir='ltr'><strong>Pater;</strong></span> <span class='ocrx_word' id='word_1_799' title='bbox 831 5737 1050 5798; x_wconf 75' lang='lat' dir='ltr'><strong>A&#39;Iherb.</strong></span> <span class='ocrx_word' id='word_1_800' title='bbox 1087 5735 1327 5816; x_wconf 74' lang='lat' dir='ltr'><strong>et_Eras.</strong></span> <span class='ocrx_word' id='word_1_801' title='bbox 1357 5735 1480 5804; x_wconf 72' lang='lat' dir='ltr'><strong>enni</strong></span> <span class='ocrx_word' id='word_1_802' title='bbox 1523 5735 1644 5804; x_wconf 76' lang='lat' dir='ltr'><strong>aliis</strong></span> <span class='ocrx_word' id='word_1_803' title='bbox 1687 5735 1859 5805; x_wconf 71' lang='lat' dir='ltr'><strong>multo</strong></span> <span class='ocrx_word' id='word_1_804' title='bbox 1900 5735 2186 5819; x_wconf 75' lang='lat' dir='ltr'><strong>pluribus,</strong></span> 
     </span>
    </p>
   </div>
   <div class='ocr_carea' id='block_1_106' title="bbox 2294 4624 3822 4714">
    <p class='ocr_par' dir='ltr' id='par_1_106' title="bbox 2294 4624 3822 4714">
     <span class='ocr_line' id='line_1_108' title="bbox 2294 4624 3822 4714; baseline -0.01 -17"><span class='ocrx_word' id='word_1_805' title='bbox 2294 4643 2525 4697; x_wconf 90' lang='lat' dir='ltr'><strong>libertas.</strong></span> <span class='ocrx_word' id='word_1_806' title='bbox 2560 4642 2674 4698; x_wconf 90' lang='lat' dir='ltr'><strong>Nos</strong></span> <span class='ocrx_word' id='word_1_807' title='bbox 2701 4644 2874 4712; x_wconf 87' lang='lat' dir='ltr'><strong>itaque</strong></span> <span class='ocrx_word' id='word_1_808' title='bbox 2901 4659 3078 4697; x_wconf 85' lang='lat' dir='ltr'><strong>omnes</strong></span> <span class='ocrx_word' id='word_1_809' title='bbox 3105 4643 3326 4698; x_wconf 88' lang='lat' dir='ltr'><strong>revelata</strong></span> <span class='ocrx_word' id='word_1_810' title='bbox 3355 4643 3487 4714; x_wconf 80' lang='lat' dir='ltr'><strong>[acie</strong></span> <span class='ocrx_word' id='word_1_811' title='bbox 3526 4635 3720 4710; x_wconf 86' lang='lat' dir='ltr'><strong>gloriam</strong></span> <span class='ocrx_word' id='word_1_812' title='bbox 3739 4624 3822 4679; x_wconf 84' lang='lat' dir='ltr'><strong>Do-</strong></span> 
     </span>
    </p>
   </div>
   <div class='ocr_carea' id='block_1_107' title="bbox 2289 4729 3823 4808">
    <p class='ocr_par' dir='ltr' id='par_1_107' title="bbox 2289 4729 3823 4808">
     <span class='ocr_line' id='line_1_109' title="bbox 2289 4729 3823 4808; baseline -0.01 -18"><span class='ocrx_word' id='word_1_813' title='bbox 2289 4737 2417 4790; x_wconf 90' lang='lat' dir='ltr'><strong>mini</strong></span> <span class='ocrx_word' id='word_1_814' title='bbox 2446 4737 2798 4808; x_wconf 86' lang='lat' dir='ltr'><strong>speculantes,</strong></span> <span class='ocrx_word' id='word_1_815' title='bbox 2827 4737 2896 4788; x_wconf 88' lang='lat' dir='ltr'><strong>ad</strong></span> <span class='ocrx_word' id='word_1_816' title='bbox 2925 4735 3158 4790; x_wconf 87' lang='lat' dir='ltr'><strong>eamdem</strong></span> <span class='ocrx_word' id='word_1_817' title='bbox 3184 4736 3459 4806; x_wconf 81' lang='lat' dir='ltr'><strong>imaginem</strong></span> <span class='ocrx_word' id='word_1_818' title='bbox 3487 4729 3823 4808; x_wconf 69' lang='lat' dir='ltr'><strong>reforiitarnuta</strong></span> 
     </span>
    </p>
   </div>
   <div class='ocr_carea' id='block_1_108' title="bbox 2292 4807 3820 4902">
    <p class='ocr_par' dir='ltr' id='par_1_108' title="bbox 2292 4807 3820 4902">
     <span class='ocr_line' id='line_1_110' title="bbox 2292 4807 3820 4902; baseline -0.015 -18"><span class='ocrx_word' id='word_1_819' title='bbox 2292 4807 2478 4902; x_wconf 9' lang='lat' dir='ltr'><strong>gloria,</strong></span> <span class='ocrx_word' id='word_1_820' title='bbox 2512 4829 2566 4882; x_wconf 90' lang='lat' dir='ltr'><strong>in</strong></span> <span class='ocrx_word' id='word_1_821' title='bbox 2616 4829 2875 4900; x_wconf 88' lang='lat' dir='ltr'><strong>gloriam,</strong></span> <span class='ocrx_word' id='word_1_822' title='bbox 2925 4829 3057 4882; x_wconf 86' lang='lat' dir='ltr'><strong>sicut</strong></span> <span class='ocrx_word' id='word_1_823' title='bbox 3102 4846 3132 4882; x_wconf 88' lang='lat' dir='ltr'><strong>a</strong></span> <span class='ocrx_word' id='word_1_824' title='bbox 3162 4826 3374 4882; x_wconf 87' lang='lat' dir='ltr'><strong>Domini</strong></span> <span class='ocrx_word' id='word_1_825' title='bbox 3422 4823 3617 4895; x_wconf 88' lang='lat' dir='ltr'><strong>Spiritu</strong></span> <span class='ocrx_word' id='word_1_826' title='bbox 3657 4807 3820 4886; x_wconf 84' lang='lat' dir='ltr'><strong>(Ibid..</strong></span> 
     </span>
    </p>
   </div>
   <div class='ocr_carea' id='block_1_109' title="bbox 2293 4914 3821 4994">
    <p class='ocr_par' dir='ltr' id='par_1_109' title="bbox 2293 4914 3821 4994">
     <span class='ocr_line' id='line_1_111' title="bbox 2293 4914 3821 4994; baseline -0.012 -16"><span class='ocrx_word' id='word_1_827' title='bbox 2293 4921 2446 4994; x_wconf 86' lang='grc'><strong>18),</strong></span> <span class='ocrx_word' id='word_1_828' title='bbox 2483 4921 2585 4976; x_wconf 86' lang='lat' dir='ltr'><strong>hoc</strong></span> <span class='ocrx_word' id='word_1_829' title='bbox 2625 4932 2740 4986; x_wconf 89' lang='lat' dir='ltr'><strong>est,</strong></span> <span class='ocrx_word' id='word_1_830' title='bbox 2775 4920 2869 4990; x_wconf 92' lang='lat' dir='ltr'><strong>qui</strong></span> <span class='ocrx_word' id='word_1_831' title='bbox 2915 4919 2984 4976; x_wconf 89' lang='lat' dir='ltr'><strong>ad</strong></span> <span class='ocrx_word' id='word_1_832' title='bbox 3019 4921 3306 4976; x_wconf 85' lang='lat' dir='ltr'><strong>Dominum</strong></span> <span class='ocrx_word' id='word_1_833' title='bbox 3344 4931 3525 4974; x_wconf 88' lang='lat' dir='ltr'><strong>sumus</strong></span> <span class='ocrx_word' id='word_1_834' title='bbox 3570 4918 3682 4966; x_wconf 88' lang='lat' dir='ltr'><strong>ante</strong></span> <span class='ocrx_word' id='word_1_835' title='bbox 3722 4914 3821 4994; x_wconf 61' lang='lat' dir='ltr'><strong>coll-</strong></span> 
     </span>
    </p>
   </div>
   <div class='ocr_carea' id='block_1_110' title="bbox 2293 4989 3821 5085">
    <p class='ocr_par' dir='ltr' id='par_1_110' title="bbox 2293 4989 3821 5085">
     <span class='ocr_line' id='line_1_112' title="bbox 2293 4989 3821 5085; baseline -0.01 -15"><span class='ocrx_word' id='word_1_836' title='bbox 2293 4989 2468 5081; x_wconf 76' lang='lat' dir='ltr'><strong>versi,</strong></span> <span class='ocrx_word' id='word_1_837' title='bbox 2500 5025 2558 5070; x_wconf 85' lang='lat' dir='ltr'><strong>ut</strong></span> <span class='ocrx_word' id='word_1_838' title='bbox 2586 5014 2819 5085; x_wconf 90' lang='lat' dir='ltr'><strong>spiritali</strong></span> <span class='ocrx_word' id='word_1_839' title='bbox 2853 5013 3131 5069; x_wconf 89' lang='lat' dir='ltr'><strong>intellectu</strong></span> <span class='ocrx_word' id='word_1_840' title='bbox 3155 5014 3306 5084; x_wconf 93' lang='lat' dir='ltr'><strong>quasi</strong></span> <span class='ocrx_word' id='word_1_841' title='bbox 3330 5012 3382 5066; x_wconf 92' lang='lat' dir='ltr'><strong>in</strong></span> <span class='ocrx_word' id='word_1_842' title='bbox 3407 5006 3624 5081; x_wconf 88' lang='lat' dir='ltr'><strong>quodam</strong></span> <span class='ocrx_word' id='word_1_843' title='bbox 3645 4989 3821 5085; x_wconf 54' lang='lat' dir='ltr'><strong>specul0</strong></span> 
     </span>
    </p>
   </div>
   <div class='ocr_carea' id='block_1_111' title="bbox 2295 5081 3819 5182">
    <p class='ocr_par' dir='ltr' id='par_1_111' title="bbox 2295 5081 3819 5182">
     <span class='ocr_line' id='line_1_113' title="bbox 2295 5081 3819 5182; baseline -0.014 -15"><span class='ocrx_word' id='word_1_844' title='bbox 2295 5109 2706 5182; x_wconf 88' lang='lat' dir='ltr'><strong>Scripturarum</strong></span> <span class='ocrx_word' id='word_1_845' title='bbox 2735 5108 2951 5164; x_wconf 92' lang='lat' dir='ltr'><strong>Domini</strong></span> <span class='ocrx_word' id='word_1_846' title='bbox 2999 5109 3228 5178; x_wconf 86' lang='lat' dir='ltr'><strong>gloriam</strong></span> <span class='ocrx_word' id='word_1_847' title='bbox 3260 5106 3590 5162; x_wconf 88' lang='lat' dir='ltr'><strong>videremus,</strong></span> <span class='ocrx_word' id='word_1_848' title='bbox 3619 5101 3738 5149; x_wconf 92' lang='lat' dir='ltr'><strong>nunc</strong></span> <span class='ocrx_word' id='word_1_849' title='bbox 3770 5081 3819 5136; x_wconf 70' lang='lat'><strong>81&#39;</strong></span> 
     </span>
    </p>
   </div>
   <div class='ocr_carea' id='block_1_112' title="bbox 2303 5229 3828 5315">
    <p class='ocr_par' dir='ltr' id='par_1_112' title="bbox 2303 5229 3828 5315">
     <span class='ocr_line' id='line_1_114' title="bbox 2303 5229 3828 5315; baseline -0.016 -12"><span class='ocrx_word' id='word_1_850' title='bbox 2303 5247 2414 5302; x_wconf 88' lang='lat' dir='ltr'><strong>Nec</strong></span> <span class='ocrx_word' id='word_1_851' title='bbox 2459 5245 2599 5301; x_wconf 87' lang='lat' dir='ltr'><strong>Deus</strong></span> <span class='ocrx_word' id='word_1_852' title='bbox 2647 5244 2826 5299; x_wconf 88' lang='lat' dir='ltr'><strong>Pater.</strong></span> <span class='ocrx_word' id='word_1_853' title='bbox 2859 5244 2975 5300; x_wconf 90' lang='lat' dir='ltr'><strong>Non</strong></span> <span class='ocrx_word' id='word_1_854' title='bbox 3027 5242 3195 5308; x_wconf 89' lang='lat' dir='ltr'><strong>male,</strong></span> <span class='ocrx_word' id='word_1_855' title='bbox 3231 5252 3313 5315; x_wconf 87' lang='lat' dir='ltr'><strong>est</strong></span> <span class='ocrx_word' id='word_1_856' title='bbox 3342 5240 3480 5298; x_wconf 91' lang='lat' dir='ltr'><strong>enim</strong></span> <span class='ocrx_word' id='word_1_857' title='bbox 3525 5229 3828 5315; x_wconf 49' lang='lat' dir='ltr'><strong>interrogaui}</strong></span> 
     </span>
    </p>
   </div>
   <div class='ocr_carea' id='block_1_113' title="bbox 2291 5304 3816 5388">
    <p class='ocr_par' dir='ltr' id='par_1_113' title="bbox 2291 5304 3816 5388">
     <span class='ocr_line' id='line_1_115' title="bbox 2291 5304 3816 5388; baseline -0.02 -14"><span class='ocrx_word' id='word_1_858' title='bbox 2291 5334 2414 5388; x_wconf 76' lang='lat' dir='ltr'><strong>qure</strong></span> <span class='ocrx_word' id='word_1_859' title='bbox 2463 5331 2584 5371; x_wconf 88' lang='lat' dir='ltr'><strong>cum</strong></span> <span class='ocrx_word' id='word_1_860' title='bbox 2651 5316 3086 5372; x_wconf 85' lang='lat' dir='ltr'><strong>stomacltatione</strong></span> <span class='ocrx_word' id='word_1_861' title='bbox 3133 5304 3364 5385; x_wconf 86' lang='lat' dir='ltr'><strong>quadam</strong></span> <span class='ocrx_word' id='word_1_862' title='bbox 3410 5322 3464 5368; x_wconf 88' lang='lat' dir='ltr'><strong>et</strong></span> <span class='ocrx_word' id='word_1_863' title='bbox 3505 5304 3816 5374; x_wconf 79' lang='lat' dir='ltr'><strong>objurgatione</strong></span> 
     </span>
    </p>
   </div>
   <div class='ocr_carea' id='block_1_114' title="bbox 2293 5389 3761 5458">
    <p class='ocr_par' dir='ltr' id='par_1_114' title="bbox 2293 5389 3761 5458">
     <span class='ocr_line' id='line_1_116' title="bbox 2293 5389 3761 5458; baseline 0.005 -13"><span class='ocrx_word' id='word_1_864' title='bbox 2293 5389 2580 5458; x_wconf 86' lang='lat' dir='ltr'><strong>conjuncta</strong></span> <span class='ocrx_word' id='word_1_865' title='bbox 2605 5397 2710 5443; x_wconf 90' lang='lat' dir='ltr'><strong>est.</strong></span> <span class='ocrx_word' id='word_1_866' title='bbox 3608 5444 3658 5458; x_wconf 65' lang='grc' dir='ltr'><strong>η,</strong></span> 
     </span>
    </p>
   </div>
   <div class='ocr_carea' id='block_1_115' title="bbox 2369 5444 3809 5525">
    <p class='ocr_par' dir='ltr' id='par_1_115' title="bbox 2369 5444 3809 5525">
     <span class='ocr_line' id='line_1_117' title="bbox 2369 5444 3809 5525; baseline -0.022 -11"><span class='ocrx_word' id='word_1_867' title='bbox 2369 5444 2669 5513; x_wconf 76' lang='grc' dir='ltr'>θ’Νιιιιηιιιιί</span> <span class='ocrx_word' id='word_1_868' title='bbox 2703 5473 2860 5525; x_wconf 91' lang='lat' dir='ltr'><strong>mss.,</strong></span> <span class='ocrx_word' id='word_1_869' title='bbox 2895 5458 3184 5515; x_wconf 86' lang='lat' dir='ltr'><strong>Sidirectio</strong></span> <span class='ocrx_word' id='word_1_870' title='bbox 3216 5458 3307 5512; x_wconf 84' lang='lat' dir='ltr'><strong>Dei</strong></span> <span class='ocrx_word' id='word_1_871' title='bbox 3335 5465 3408 5511; x_wconf 84' lang='lat' dir='ltr'><strong>est</strong></span> <span class='ocrx_word' id='word_1_872' title='bbox 3433 5469 3509 5519; x_wconf 87' lang='lat' dir='ltr'><strong>ea,</strong></span> <span class='ocrx_word' id='word_1_873' title='bbox 3537 5458 3580 5503; x_wconf 86' lang='lat' dir='ltr'><strong>et</strong></span> <span class='ocrx_word' id='word_1_874' title='bbox 3604 5444 3809 5500; x_wconf 81' lang='lat' dir='ltr'><strong>Christi...</strong></span> 
     </span>
    </p>
   </div>
   <div class='ocr_carea' id='block_1_116' title="bbox 2293 5528 3810 5635">
    <p class='ocr_par' dir='ltr' id='par_1_116' title="bbox 2293 5528 3810 5635">
     <span class='ocr_line' id='line_1_118' title="bbox 2293 5528 3624 5603; baseline -0.006 -18"><span class='ocrx_word' id='word_1_875' title='bbox 2293 5533 2382 5603; x_wconf 89' lang='lat' dir='ltr'><strong>qui</strong></span> <span class='ocrx_word' id='word_1_876' title='bbox 2409 5529 2628 5600; x_wconf 87' lang='lat' dir='ltr'><strong>diligat,</strong></span> <span class='ocrx_word' id='word_1_877' title='bbox 2660 5528 2804 5582; x_wconf 91' lang='lat' dir='ltr'><strong>debet</strong></span> <span class='ocrx_word' id='word_1_878' title='bbox 2835 5530 3066 5598; x_wconf 87' lang='lat' dir='ltr'><strong>ostendi,</strong></span> <span class='ocrx_word' id='word_1_879' title='bbox 3095 5532 3140 5585; x_wconf 87' lang='lat' dir='ltr'><strong>si</strong></span> <span class='ocrx_word' id='word_1_880' title='bbox 3170 5531 3501 5586; x_wconf 84' lang='lat' dir='ltr'><strong>dilectionem,</strong></span> <span class='ocrx_word' id='word_1_881' title='bbox 3531 5529 3624 5603; x_wconf 62' lang='lat' dir='ltr'><strong>clp-</strong></span> 
     </span>
     <span class='ocr_line' id='line_1_119' title="bbox 2374 5573 3810 5635; baseline -0.001 0"><span class='ocrx_word' id='word_1_882' title='bbox 2374 5601 2392 5635; x_wconf 86' lang='lat' dir='ltr'><strong>r</strong></span> <span class='ocrx_word' id='word_1_883' title='bbox 2437 5601 2626 5635; x_wconf 70' lang='grc' dir='ltr'><strong>’Νι-...η</strong></span> <span class='ocrx_word' id='word_1_884' title='bbox 2681 5599 2781 5635; x_wconf 70' lang='lat' dir='ltr'><strong>MA</strong></span> <span class='ocrx_word' id='word_1_885' title='bbox 2883 5618 2974 5635; x_wconf 72' lang='grc' dir='ltr'><strong>..ιη</strong></span> <span class='ocrx_word' id='word_1_886' title='bbox 3003 5602 3272 5635; x_wconf 62' lang='grc' dir='ltr'><strong>,ιρι-...κω</strong></span> <span class='ocrx_word' id='word_1_887' title='bbox 3319 5601 3423 5635; x_wconf 51' lang='grc' dir='ltr'><strong>ικε...</strong></span> <span class='ocrx_word' id='word_1_888' title='bbox 3462 5595 3642 5635; x_wconf 67' lang='grc' dir='ltr'>,ρπιηιιι</span> <span class='ocrx_word' id='word_1_889' title='bbox 3680 5573 3810 5635; x_wconf 63' lang='grc' dir='ltr'><strong>ἀιδίο-</strong></span> 
     </span>
    </p>
   </div>
   <div class='ocr_carea' id='block_1_117' title="bbox 2316 5591 3642 5728">
    <p class='ocr_par' dir='ltr' id='par_1_117' title="bbox 2316 5591 3642 5728">
     <span class='ocr_line' id='line_1_120' title="bbox 2316 5591 3642 5728; baseline -0.014 -67"><span class='ocrx_word' id='word_1_890' title='bbox 2316 5591 2342 5688; x_wconf 25' lang='grc' dir='ltr'><em>ἰ</em></span> <span class='ocrx_word' id='word_1_891' title='bbox 2374 5591 2647 5728; x_wconf 49' lang='grc' dir='ltr'><strong>ῩἹἸἹῐιιδιι.</strong></span> <span class='ocrx_word' id='word_1_892' title='bbox 2681 5599 2830 5668; x_wconf 90' lang='lat' dir='ltr'><strong>cod.,</strong></span> <span class='ocrx_word' id='word_1_893' title='bbox 2883 5618 2975 5659; x_wconf 91' lang='lat' dir='ltr'><strong>nos</strong></span> <span class='ocrx_word' id='word_1_894' title='bbox 3002 5591 3272 5673; x_wconf 77' lang='lat' dir='ltr'><strong>degeneres</strong></span> <span class='ocrx_word' id='word_1_895' title='bbox 3298 5601 3423 5678; x_wconf 69' lang='lat' dir='ltr'><strong>sine</strong></span> <span class='ocrx_word' id='word_1_896' title='bbox 3459 5591 3642 5666; x_wconf 86' lang='lat' dir='ltr'><strong>Spiritu</strong></span> 
     </span>
     <span class='ocr_line' id='line_1_121' title="bbox 2316 5687 2446 5728; baseline -0.023 1"><span class='ocrx_word' id='word_1_897' title='bbox 2316 5687 2402 5728; x_wconf 82' lang='lat' dir='ltr'><strong>&#39;avt</strong></span> <span class='ocrx_word' id='word_1_898' title='bbox 2434 5712 2446 5726; x_wconf 73' lang='grc' dir='ltr'><strong>ο</strong></span> 
     </span>
    </p>
   </div>
   <div class='ocr_carea' id='block_1_118' title="bbox 2295 5687 2446 5729">
    <p class='ocr_par' dir='ltr' id='par_1_118' title="bbox 2295 5687 2446 5729">
     <span class='ocr_line' id='line_1_122' title="bbox 2295 5687 2446 5729; baseline -0.02 0"><span class='ocrx_word' id='word_1_899' title='bbox 2295 5687 2446 5729; x_wconf 86' lang='lat' dir='ltr'><strong>ravtt.</strong></span> 
     </span>
    </p>
   </div>
  </div>
