3936 6168
97 247 174 303 801

1159 231 1245 288 DE
1287 228 1562 290 SPIRITU
1598 226 1869 288 SANCTO
1909 228 2038 288 LIB.
2080 230 2168 287 ΙΙΙ.

3209 233 3314 292 802

94 363 172 416 hac
194 359 339 430 gloria
367 368 478 425 qua:
507 367 602 409 nos
632 350 903 408 convertit
930 347 998 406 ad
1033 347 1356 414 Dominum,
1385 347 1438 402 in
1467 347 1614 402 illam
1644 351 1697 412 Α
1722 355 1808 402 tur
1834 362 1862 400 a
1907 347 2168 412 Domino,
2217 345 2312 402 sed
2344 353 2575 416 utroque
2622 343 2674 400 in
2704 345 2824 401 loco
2866 345 3045 402 unitas
3071 346 3318 404 domina-

91 453 317 509 cozlestem
344 449 558 519 gloriam
597 445 981 501 reformamnr.
1012 443 1158 513 Ergo
1186 457 1308 497 cum
1355 441 1618 495 Dominus

91 546 144 599 sit
163 542 218 598 ad
242 556 382 612 quem
425 538 786 594 convertimur
808 577 825 604 ,
857 535 1123 591 Dominus
1166 544 1347 590 autem
1379 532 1618 602 Spiritus

93 639 209 706 sit,a
249 650 344 706 quo
387 632 774 697 reformantur,
803 630 895 701 qui
940 629 1189 685 conversi
1219 627 1287 682 ad
1330 626 1618 682 Dominum

92 745 241 786 sumus
259 769 274 795 ,
293 728 534 782 Dominus
559 725 747 795 utique
767 722 1000 794 Spiritus
1023 730 1241 775 sanctus
1263 726 1347 774 est
1367 716 1620 788 designa-

93 835 184 888 lus;
222 822 325 892 ipse
364 821 502 876 enim
550 832 848 873 conversos
897 814 1158 884 suscipit,
1192 812 1284 884 qui
1334 809 1615 866 reformat.

93 915 196 970 Nam
223 923 245 951 ι
269 911 523 985 quomodo
553 924 690 981 quos
715 925 822 964 nou
865 914 1182 977 susceperat
1206 946 1221 973 ,
1251 903 1621 960 reiormaret?

147 1008 247 1064 103.
301 1003 812 1078 Quamquamquid
862 1002 1268 1074 expressionem
1322 999 1622 1070 qumrimus

93 1099 350 1165 rocis,ubi
396 1097 800 1168 expressionem
851 1093 1129 1151 cernimus
1172 1091 1438 1147 unitatis?
1487 1088 1622 1144 Nam

89 1195 166 1249 etsi
189 1191 445 1248 Dominum
475 1190 842 1261 Spiritumque
864 1186 1193 1255 distinguas;
1219 1197 1420 1253 negare
1444 1191 1622 1236 tamen

92 1301 171 1342 non
196 1296 332 1356 potes
356 1285 476 1354 quia
506 1284 595 1338 ubi
627 1281 916 1348 Dominus,
949 1280 1020 1334 ibi
1049 1289 1104 1334 et
1131 1277 1405 1348 Spiritus:
1438 1283 1494 1330 et
1531 1274 1623 1345 qui

91 1380 219 1434 fuerit
259 1391 541 1434 conversus
585 1375 652 1430 ad
703 1375 1030 1441 Dominum,
1077 1371 1184 1427 erit
1208 1383 1513 1442 conversus
1557 1366 1624 1422 ad

92 1473 321 1542 Spiritum.
363 1471 414 1529 Si
465 1472 706 1526 litteram
754 1467 1142 1533 calumniaris,
1197 1464 1462 1520 unitatem
1515 1477 1622 1517 non

93 1566 338 1620 inliciaris:
365 1565 409 1621 si
439 1565 703 1620 unitatem
729 1563 810 1619 vis
851 1575 1171 1626 secernere,
1202 1558 1490 1631 potestatis
1518 1557 1626 1613 Do-

93 1659 252 1713 minum
278 1659 442 1730 ipsum
468 1657 733 1730 Spiritum
777 1656 1076 1712 conﬁteris.

633 1748 864 1806 CAPUT
905 1747 1023 1804 XV.

95 1842 177 1896 Etsi
196 1844 400 1914 Spiritus
430 1843 681 1898 Dominus
717 1841 1028 1912 appelletur,
1058 1849 1159 1895 tres
1179 1849 1351 1894 tamen
1377 1837 1627 1893 Dominos

143 1936 238 1989 hinc
273 1952 366 1990 non
394 1936 603 2002 induci;
647 1951 760 1988 cum
787 1950 850 1989 ea:
875 1946 937 1988 eo
963 1933 1101 2002 quod
1128 1930 1302 1986 Filius
1332 1947 1436 1986 non
1480 1946 1626 1985 secus

143 2042 189 2080 ac
215 2025 354 2082 Pater
381 2029 434 2082 in
454 2029 614 2082 uariis
642 2027 931 2096 Scriptura:
957 2026 1085 2080 locis
1111 2023 1364 2080 Dominus
1393 2024 1629 2096 appella-

144 2130 233 2188 tur,
269 2138 362 2176 non
396 2122 714 2176 inducantur
763 2120 866 2174 duo
911 2118 1127 2173 Domini
1164 2134 1183 2172 :
1228 2118 1627 2172 dominationem

143 2215 252 2265 enim
268 2215 314 2267 in
326 2215 589 2268 divinitate
617 2229 746 2280 esse,
772 2221 819 2266 et
838 2213 893 2266 in
917 2211 1266 2266 dominatione
1285 2209 1624 2274 divinitatem,

141 2320 233 2372 qute
256 2305 406 2360 tribus
433 2305 667 2377 personis
693 2305 956 2359 indivisim
977 2310 1285 2375 congruant.

143 2399 246 2454 l0.l.
273 2398 430 2471 [Alias
450 2417 576 2471 cap.
606 2397 798 2471 κω]
823 2399 928 2454 Sed
949 2398 1196 2453 fortassis
1216 2398 1411 2451 iterum
1438 2392 1587 2452 dicas
1611 2409 1626 2446 :

89 2491 130 2546 Si
152 2493 404 2551 Dominum
435 2496 700 2567 Spiritum
729 2495 954 2561 dixero,
988 2501 1098 2549 tres
1143 2491 1406 2547 Dominos
1447 2490 1632 2546 decla-

86 2582 204 2637 rabo.
231 2583 480 2656 Numquid
508 2601 640 2641 cum
674 2583 959 2640 Dominum
991 2582 1186 2637 Filium
1215 2580 1381 2648 dicis,
1410 2589 1503 2634 aut
1542 2578 1633 2633 Fi-

84 2671 180 2729 lium
209 2692 383 2750 negas,
431 2687 534 2734 aut
580 2678 718 2734 duos
766 2677 1026 2732 Dominos
1077 2673 1391 2730 confiteris?
1437 2671 1628 2738 Absit;

83 2765 171 2835 ipse
191 2771 318 2825 enim
347 2773 524 2828 Filius
546 2771 686 2826 dixit
710 2789 723 2824 :
755 2770 938 2825 Nolite
974 2768 1172 2824 duobus
1199 2767 1423 2822 dominis
1446 2766 1636 2822 servire

82 2860 269 2928 (Matth.
296 2881 366 2933 vr,
391 2866 461 2921 Ἧι
485 2869 503 2939 )
526 2903 542 2919 .
577 2864 686 2920 Sed
717 2878 824 2919 non
868 2863 1058 2933 utique
1082 2869 1178 2915 aut
1205 2875 1266 2916 se
1296 2868 1390 2914 aut
1418 2858 1633 2914 Patrem

85 2954 320 3013 Dominum
339 2957 668 3031 denegavit;
702 2972 824 3013 nam
849 2955 1134 3013 etPatrem
1168 2953 1453 3009 Dominum
1472 2952 1634 3016 dixit,

82 3046 189 3103 sicut
231 3050 424 3108 habes:
469 3051 744 3120 Conﬁteor
793 3049 912 3112 tibi,
955 3047 1112 3101 Pater
1140 3087 1154 3113 ,
1186 3045 1408 3100 Domine
1437 3045 1548 3099 εωιὶ
1591 3052 1640 3097 et

83 3143 237 3213 κεῖνα(
263 3142 443 3198 Ματιίι·
473 3159 562 3210 X':
595 3141 666 3197 95
691 3145 731 3212 )-
763 3141 834 3196 Ει
861 3155 922 3196 se
954 3137 1279 3194 ηἶθηιονθνίί
1311 3137 1631 3236 θ⁰¹¹ξί¹¹¹¹¹¹¹ο
1665 3123 1710 3186 C
1741 3163 2086 3232 significatio,
2113 3123 2230 3217 non,
2252 3163 2554 3220 alternatur
2581 3165 2762 3221 divina
2785 3176 3000 3236 natura,

82 3229 192 3286 sicut
214 3235 262 3289 in
289 3233 590 3308 Evangelio
614 3233 847 3303 legimus
874 3249 887 3287 :
925 3231 1138 3286 Vocatis
1165 3247 1246 3284 me
1276 3229 1562 3284 Dominum
1593 3237 1638 3281 et

83 3325 359 3394 magistrum,
385 3326 413 3366 δ
441 3338 487 3382 et
523 3326 650 3380 bene
676 3325 888 3396 facitis;
916 3340 1030 3377 sunt
1062 3324 1248 3378 etenim
1270 3325 1288 3392 (
1312 3319 1474 3375 Joan.
1502 3335 1596 3374 xm
1623 3361 1636 3385 ,

84 3413 188 3486 15).
214 3418 310 3475 Sed
338 3435 443 3475 non
471 3420 620 3476 duos
646 3416 907 3472 Dominos
935 3417 1102 3481 dixit;
1127 3415 1293 3472 immo
1320 3413 1558 3470 ostendit
1579 3428 1642 3470 se

79 3521 165 3564 non
191 3511 316 3568 duos
343 3515 614 3570 Dominos
638 3511 849 3567 dixisse
874 3551 889 3576 ,
923 3522 944 3548 °
997 3525 1120 3566 cum
1155 3517 1492 3580 praemonet:
1524 3507 1642 3561 No-

84 3601 152 3657 lite
187 3605 372 3662 duobus
398 3607 635 3662 dominis
663 3605 872 3660 servire.
902 3603 1019 3658 Non
1053 3612 1179 3658 sunt
1209 3604 1354 3657 ertim
1398 3603 1506 3656 duo
1547 3599 1643 3655 do-

79 3693 213 3761 mini,
239 3698 326 3754 ubi
355 3698 678 3755 dominatus
705 3713 845 3751 unus
870 3706 983 3760 cst;
1032 3695 1156 3766 quia
1189 3695 1351 3751 Pater
1383 3694 1435 3748 in
1466 3693 1604 3748 Filio
1625 3735 1642 3761 ,

82 3797 122 3841 et
144 3786 295 3846 Filius
324 3793 375 3846 in
410 3794 611 3855 Patre;
637 3787 664 3827 (ι
691 3797 748 3846 et
776 3789 899 3844 ideo
947 3789 1207 3844 Dominus
1234 3803 1393 3842 unus.

137 3885 248 3940 105.
288 3887 380 3943 Sic
431 3897 486 3942 et
517 3886 635 3942 Lex
668 3883 891 3939 docuit:
929 3882 1089 3950 Audi,
1143 3880 1335 3946 Israel,
1393 3879 1646 3934 Dominus

83 3969 196 4030 Deus
223 3987 334 4032 tuus
375 3978 637 4034 Dominus
668 3992 803 4030 unus
831 3985 903 4030 est
934 3975 951 4044 (
988 3973 1145 4028 Deut.
1181 3988 1252 4039 vr,
1281 3971 1384 4042 4):
1416 3971 1518 4025 hoc
1541 3980 1645 4035 cst,

79 4065 392 4130 immutabilis
409 4115 426 4142 ,
451 4073 623 4144 687
649 4085 866 4141 semper
896 4070 947 4124 in
972 4069 1182 4124 unitate
1209 4081 1533 4136 permanens
1554 4081 1651 4136 po-

81 4167 297 4234 testatis,
324 4184 549 4240 semper
593 4166 736 4221 idem
757 4206 773 4231 ,
804 4163 951 4220 nulla
998 4161 1343 4226 accessione,
1394 4160 1536 4214 nulla
1569 4159 1652 4215 di-

78 4253 345 4315 minutione
387 4267 652 4315 mutatur.
700 4256 845 4328 Ergo
895 4269 1062 4311 unum
1115 4253 1252 4308 dixit
1303 4253 1546 4324 Moyses,
1597 4261 1652 4308 et

83 4343 202 4404 idem
231 4360 406 4408 tamen
440 4351 734 4407 Dominum
778 4365 810 4403 a
841 4348 1073 4404 Domino
1101 4347 1305 4417 pluisse
1329 4344 1654 4401 memoravit

81 4435 224 4506 (Gen.
271 4459 380 4510 xtx,
431 4444 500 4501 14
530 4446 571 4513 ).
608 4452 630 4478 θ
663 4439 956 4510 Apostolus
984 4453 1241 4509 quoque:
1270 4436 1406 4504 Det,
1439 4436 1646 4508 inquit,

1722 440 1883 494 tionis
1909 439 2255 509 exprimitur.

1797 530 1919 585 t06.
1963 531 2019 585 lu
2042 531 2262 598 psalmis
2287 531 2686 603 quoqueltabes
2719 549 2731 585 :
2759 531 2911 588 Dixit
2939 531 3192 588 Dominus
3211 532 3320 589 Do-

1721 625 1862 680 mino
1884 641 1999 680 meo
2030 624 2203 698 (Psal.
2229 641 2339 694 cxx,
2373 626 2449 697 l).
2482 626 2593 682 Nec
2619 626 2743 684 ideo
2769 627 2986 683 Patrem
3015 643 3172 683 suum
3217 629 3322 684 Do-

1723 719 1929 773 minum
1961 719 2272 790 denegavit,
2297 720 2420 790 quia
2461 719 2656 776 Filium
2693 720 2981 777 Dominum
3009 735 3167 777 suum
3196 736 3320 778 esse

1723 812 2046 865 memoravit
2075 829 2087 865 :
2119 812 2212 867 sed
2239 811 2361 868 ideo
2409 811 2609 868 Filium
2656 813 2942 868 Dominum
2974 829 3131 869 suum
3159 813 3317 880 dixit,

1724 918 1792 957 ne
1830 903 2086 959 crederes
2117 903 2314 960 Filium
2343 905 2622 976 prophetae
2646 905 2835 973 fuisse,
2864 907 2957 962 sed
2987 906 3274 962 Dominum
3302 923 3318 962 :

1723 997 1870 1067 quod
1895 998 1947 1051 in
1975 999 2269 1070 Evangelio
2299 1001 2414 1070 ipse
2439 1001 2702 1056 Dominus
2719 1002 3317 1059 manifestavitdicens:

1726 1089 1790 1144 Si
1815 1090 1952 1144 enim
1975 1089 2143 1144 David
2170 1092 2222 1145 in
2251 1093 2438 1164 spiritu
2465 1102 2611 1148 vocat
2634 1110 2747 1148 eum
2770 1093 3077 1163 Dominum,
3109 1112 3322 1165 quomo-

1726 1182 1796 1237 do
1844 1182 2014 1238 Filius
2042 1186 2158 1254 ejus
2197 1195 2274 1240 est
2301 1185 2521 1257 (Matth.
2555 1204 2688 1253 xxtt,
2718 1189 2850 1259 45)?
2879 1188 2936 1243 In
2969 1190 3167 1260 spiritu
3189 1190 3324 1246 dicit

1729 1275 1899 1332 David
1927 1277 2242 1344 Dominum,
2283 1294 2390 1333 non
2419 1279 2654 1350 Spiritus
2676 1280 2830 1337 dicit.
2862 1281 2970 1336 Aut
2999 1281 3045 1337 si
3073 1281 3202 1338 hinc
3231 1297 3324 1338 ca-

1732 1369 2089 1438 lumniantur,
2129 1372 2252 1440 quia
2310 1371 2603 1429 Dominum
2647 1375 2880 1446 Spiritus
2910 1376 3068 1445 dixit,
3100 1392 3325 1434 necesse

1728 1471 1813 1516 est
1851 1463 1966 1531 pari
1995 1462 2279 1534 sacrilegio
2304 1464 2497 1520 Filium
2531 1466 2628 1522 Dei
2676 1467 2841 1523 etiam
2892 1468 3108 1539 Spritus
3152 1471 3326 1528 sancti

1726 1555 1925 1611 Filium
1955 1557 2241 1613 videantur
2262 1573 2530 1616 asserere.

1804 1649 1930 1705 £07.
1972 1651 2115 1722 Ergo
2140 1653 2600 1721 quemadmodum
2629 1654 2766 1710 duos
2795 1671 2900 1711 non
2946 1657 3181 1714 dicimus
3222 1658 3330 1715 Do-

1653 1743 1702 1805 B
1729 1743 1927 1805 minos,
1959 1758 2080 1800 cum
2106 1753 2161 1801 et
2185 1745 2401 1802 Patrem
2417 1757 2473 1804 et
2503 1747 2702 1803 Filium
2723 1748 3072 1820 designatnus
3096 1767 3112 1817 ;
3139 1752 3209 1806 ita
3230 1767 3330 1810 nec

1731 1843 1844 1891 tres
1875 1837 2132 1892 Dominos
2162 1837 2414 1906 dicimus,
2435 1855 2561 1895 cum
2588 1841 2873 1897 dominum
2905 1842 3170 1913 Spiritum
3198 1859 3329 1901 con-

1731 1929 1970 1985 ﬁtemur.
2003 1931 2156 1986 Sicut
2211 1932 2357 1988 cnim
2406 1935 2758 2006 sacrilegium
2791 1946 2876 1992 est
2926 1946 3039 1993 tres
3073 1939 3333 1998 Dominos

1730 2033 1824 2077 aut
1854 2024 1997 2078 Deos
2034 2023 2240 2090 dicere,
2275 2025 2347 2079 ita
2377 2027 2539 2081 etiam
2571 2029 2674 2082 hoc
2693 2028 2915 2098 plenum
2946 2031 3220 2102 sacrilegii
3249 2043 3336 2090 est

1731 2114 1869 2170 duos
1919 2113 2180 2171 Dominos
2218 2126 2311 2172 aut
2365 2118 2506 2173 Deos
2561 2120 2782 2190 dicere;
2837 2123 2964 2193 quia
2992 2138 3131 2179 unus
3161 2125 3326 2194 Deus,

1731 2224 1875 2264 unus
1923 2209 2212 2277 Dominus,
2273 2226 2412 2266 unus
2438 2221 2523 2267 est
2555 2213 2793 2283 Spiritus
2843 2227 3065 2272 sanctus
3096 2235 3108 2270 :
3151 2227 3206 2274 et
3239 2219 3334 2290 qui

1733 2301 1900 2368 Deus,
1962 2301 2224 2358 Dominus
2257 2320 2270 2356 :
2300 2313 2354 2358 et
2388 2303 2481 2373 qui
2509 2305 2790 2373 Dominus,
2820 2307 2963 2363 Deus
2989 2324 3003 2372 ;
3034 2309 3158 2379 quia
3184 2318 3241 2366 et
3279 2311 3334 2366 in

1731 2394 2100 2450 dominatione
2116 2394 2400 2464 divinitas,
2431 2398 2562 2453 etin
2583 2397 2865 2455 divinitate
2894 2400 3202 2458 dominatus
3229 2411 3329 2460 est.

1809 2509 1930 2565 108.
1963 2510 2204 2581 Denique
2226 2520 2282 2567 et
2301 2511 2592 2568 Dominum
2617 2522 2672 2568 et
2695 2513 2865 2570 Deum
2883 2515 3061 2586 legisti
3080 2516 3294 2574 Patrem
3318 2535 3331 2572 :

1733 2603 1957 2659 Domine
1971 2604 2113 2660 Deus
2142 2621 2305 2674 meus,
2337 2605 2354 2644 τ
2384 2606 2618 2662 clamabo
2634 2609 2702 2662 ad
2730 2618 2798 2673 te,
2830 2610 3023 2665 exaudi
3049 2627 3130 2666 me
3161 2612 3334 2686 (Psal.

1734 2712 1856 2765 (ιιι,
1891 2696 1968 2769 1).
2000 2698 2065 2754 Ει
2086 2699 2374 2755 Dominum
2405 2709 2460 2756 et
2490 2699 2657 2756 Deum
2688 2701 2854 2758 babes
2875 2703 3094 2770 Filium,
3119 2707 3259 2762 sicut
3282 2707 3338 2763 in

1739 2790 2034 2863 Evangelio
2065 2792 2266 2863 legisti,
2297 2793 2420 2864 quia
2468 2807 2589 2849 cum
2639 2795 2904 2867 tetigisset
2931 2796 3169 2854 Thomas
3198 2799 3339 2855 latus

1736 2883 1962 2950 Christi,
1996 2885 2070 2939 ait
2107 2903 2118 2937 :
2151 2883 2406 2940 Dominus
2436 2903 2578 2942 meus
2605 2898 2653 2942 et
2680 2885 2821 2943 Deus
2851 2906 2993 2944 meus
3015 2891 3205 2961 (.Ioan.
3237 2908 3335 2960 xx,

1737 2976 1854 3048 28).
1889 2977 2034 3049 Ergo
2071 2979 2214 3033 sicut
2265 2979 2424 3034 Pater
2447 2980 2612 3046 Deus,
2642 2991 2698 3036 et
2726 2980 2897 3038 Filius
2930 2983 3233 3041 Dominus:
3267 2986 3340 3042 ita

1739 3079 1795 3126 et
1842 3071 2014 3127 Filius
2068 3072 2230 3138 Deus,
2264 3083 2318 3127 et
2349 3072 2513 3128 Pater
2570 3074 2852 3130 Dominus.
2910 3076 3229 3134 Alternatur
3255 3079 3343 3148 pia

3029 3169 3122 3226 sed
3151 3170 3347 3227 immu-

1745 3253 1925 3308 labilis
1947 3264 2131 3308 manet
2166 3254 2364 3325 gratia.
2399 3254 2514 3310 Non
2552 3258 2697 3312 enim
2750 3258 3020 3330 largitatis
3063 3262 3342 3329 collativo,

1743 3345 1838 3401 sed
1872 3346 2132 3401 naturalis
2162 3357 2186 3392 ις
2213 3345 2407 3415 placita
2434 3346 2716 3405 cbaritatis
2745 3359 2894 3419 sunt,
2919 3354 3050 3430 quia
3083 3361 3140 3410 et
3166 3357 3346 3412 unitas

1745 3439 2136 3509 prOprietatem
2167 3438 2352 3503 habet,
2383 3450 2439 3494 et
2478 3442 2785 3512 pr0prietas
2808 3443 3095 3501 unitatem.

2247 3555 2416 3627 ess
2451 3553 2678 3611 CAPUT
2718 3557 2860 3612 xvr.

1747 3669 1945 3720 Patrem
1981 3675 2200 3719 stutctum
2239 3678 2360 3726 esse,
2409 3680 2469 3716 ac
2510 3667 2734 3720 similiter
2781 3669 2968 3722 Filium
2991 3677 3038 3722 et
3084 3672 3344 3740 Spiritum,

1809 3760 1951 3816 atque
1969 3751 2082 3802 hinc
2105 3749 2306 3815 trisagio
2349 3749 2522 3800 eodem
2564 3751 2803 3803 celebrari
2837 3766 2856 3804 .°
2879 3767 2967 3805 nec
2991 3768 3131 3818 posse
3151 3770 3183 3806 a
3213 3758 3352 3811 nobis

1810 3836 1966 3884 Deum
1988 3831 2259 3897 prwdicari
2277 3829 2490 3896 dignius,
2504 3846 2650 3896 quam
2667 3835 2710 3886 si
2731 3836 2956 3887 eumdem
2978 3846 3196 3892 sanctum
3213 3841 3352 3894 dica-

1807 3929 1945 3977 mus;
1966 3917 2096 3966 uude
2117 3914 2305 3965 clarum
2324 3915 2383 3980 fit
2404 3912 2619 3977 Spiritui
2661 3925 2828 3968 sancto
2859 3932 2955 3970 non
2989 3921 3346 3987 derogandum.

1813 3998 1986 4048 Eidem
2009 3997 2165 4050 inesse
2184 3999 2346 4051 omnia
2363 4013 2474 4064 qua:
2498 4001 2590 4050 Dei
2604 4006 2734 4063 sunt,
2754 4013 2865 4050 cum
2889 4006 2939 4052 tn
2957 4003 3240 4066 baptismate
3255 4021 3352 4059 una

1813 4097 1925 4134 cum
1940 4087 2094 4135 Patre
2111 4092 2159 4136 et
2179 4084 2308 4137 Filio
2330 4087 2621 4146 nominetur,
2655 4082 2797 4149 eique
2836 4087 2988 4137 Pater
3011 4087 3202 4140 dederit
3224 4092 3353 4153 quod

1813 4167 1971 4233 maius
1987 4168 2205 4222 omnibus
2228 4179 2316 4234 est,
2344 4185 2432 4223 nec
2453 4168 2705 4237 quisquam
2727 4170 2822 4234 ipsi
2841 4171 2991 4223 valeat
3013 4171 3222 4237 eripere.
3248 4176 3354 4241 Igi-

1813 4260 1893 4303 tur
1911 4267 1939 4304 e
1962 4252 2067 4306 loco
2103 4256 2310 4309 Jommis
2337 4258 2469 4309 unde
2489 4255 2786 4308 calumniam
2817 4255 3088 4323 conﬂabant
3112 4259 3350 4325 heretici,

1823 4335 2075 4392 Trinitatis
2095 4339 2418 4406 (equalitatem
2435 4340 2761 4408 unitatemque
2796 4341 2952 4394 astrui
2974 4342 3181 4396 deitatis.
3227 4347 3356 4398 Tan-

1817 4422 1928 4473 dem
1951 4422 2030 4474 ubi
2053 4424 2322 4488 expositum
2344 4432 2414 4478 est
2433 4440 2529 4489 quo
2545 4432 2686 4493 pacto
2711 4423 2871 4482 Filius
2886 4447 2919 4483 a
2939 4432 3090 4486 Patre
3128 4431 3358 4495 accipiat,

83 4502 304 4590 Dominus
331 4502 748 4591 misericordiam
779 4502 1064 4586 invenire-a
1084 4502 1308 4584 Domino
1341 4502 1418 4600 (ll
1444 4502 1584 4583 Tim.
1609 4502 1650 4595 1,
1678 4502 1731 4563 D
1817 4507 2226 4600 qumOdum
2248 4508 2392 4562 είίαίο
2412 4511 2515 4565 loco
2539 4510 2819 4579 iugulentur
2839 4517 2965 4569 υανίὶ
2978 4517 3214 4582 heretici.
3240 4534 3358 4584 αρε-

84 4621 190 4696 18).
240 4629 504 4686 Dominus
534 4628 674 4701 pluit
716 4644 746 4682 a
782 4626 1044 4692 Domino,
1077 4626 1342 4681 Dominus
1369 4625 1464 4682 dat
1491 4641 1521 4681 a
1553 4626 1658 4680 Do-

81 4717 206 4775 mino
233 4724 670 4782 misericordiam
702 4740 716 4778 :
748 4721 1018 4778 Dominus
1050 4735 1148 4776 nec
1180 4720 1252 4776 ibi
1280 4720 1614 4777 discernitur
1638 4763 1654 4789 ,

79 4809 154 4866 ubi
181 4814 306 4884 pluit
335 4833 365 4872 a
399 4817 672 4884 Domino;
703 4829 805 4872 nec
835 4814 920 4870 hic
947 4822 1265 4884 separatur,
1298 4814 1386 4870 ubi
1423 4815 1656 4872 misere-

139 4979 162 5047 ξι
197 4972 322 5029 Mss.
351 4975 599 5047 aliquot,
628 4973 886 5046 quomodo
915 4970 1032 5043 quis
1055 4970 1193 5041 quod
1212 4986 1314 5025 non
1342 4982 1658 5042 susceperat,

76 5045 381 5111 reformaret.
450 5045 460 5047 ’
642 5045 649 5046 ί

76 5112 353 5235 άὶἕήιέοιη.
403 5115 542 5173 edit.
581 5132 704 5173 cum
735 5130 847 5172 uno
889 5123 985 5169 aut
1026 5113 1198 5170 altero
1244 5128 1400 5180 mss.,
1455 5121 1503 5166 et
1535 5113 1659 5168 bene

107 5194 346 5313 “ama-nus
379 5273 544 5324 mss.,
576 5275 693 5314 cum
720 5259 914 5330 pariter
959 5264 1182 5330 moneat.
1225 5254 1528 5330 Inimici"
1566 5254 1656 5311 ubi

77 5338 164 5380 nos
185 5342 303 5384 cum
324 5339 444 5384 ant.
475 5331 604 5386 edit.
631 5340 687 5385 et
717 5327 850 5383 iuss.
883 5343 988 5382 non
1018 5327 1225 5396 paucis,
1247 5327 1332 5380 ubi
1359 5327 1656 5381 dominatus

75 5410 194 5452 unus
221 5411 332 5464 est;
362 5401 528 5456 Rom.
552 5401 686 5456 edit.
724 5409 781 5454 et
827 5398 1044 5470 quidam
1074 5412 1232 5470 mss.,
1285 5397 1368 5452 ubi
1417 5398 1659 5453 dominus

75 5481 194 5521 unus
219 5478 325 5538 est;
355 5472 453 5526 alii
485 5473 644 5540 paulo
675 5468 894 5541 plures,
922 5470 1006 5522 ubi
1035 5468 1330 5522 dominator
1353 5511 1367 5532 ,
1397 5480 1502 5524 etc.

137 5535 161 5573 ’³
198 5540 325 5595 Mss.
359 5559 472 5595 non
511 5544 704 5595 nauci.
738 5551 783 5595 et
809 5542 922 5595 ideo
954 5540 1261 5593 Dominator
1285 5557 1439 5595 unus.

139 5555 161 5573 υ·
198 5555 325 5596 mss.
359 5559 472 5596 non
511 5557 666 5611 pauet
690 5585 704 5608 ,
738 5555 783 5596 et
809 5555 922 5595 ideo
954 5555 1261 5593 uommator
1285 5557 1439 5595 unus.

139 5619 161 5644 °
189 5611 327 5685 μεθ.
348 5614 582 5683 aliquot,
606 5614 1104 5685 Apostolusjqnoque
1127 5611 1394 5682 distinguit
1416 5627 1433 5665 :
1452 5609 1552 5666 Det
1572 5628 1661 5666 ro-

75 5677 140 5732 bis
179 5677 462 5738 Dominus-
486 5677 1048 5749 misericordiam—{clm

143 5750 158 5792 ί
198 5751 278 5810 Ita
307 5765 420 5811 vet.
454 5754 586 5810 edit.
635 5765 691 5810 ct
740 5768 870 5810 mss.
921 5750 1192 5822 nomn-lli,
1221 5752 1475 5824 aquibus
1525 5753 1654 5810 edit.

1821 4589 1966 4643 ritur.

1837 4717 1959 4773 109.
2001 4718 2172 4792 (Alias
2198 4737 2315 4792 cap.
2347 4721 2565 4795 XVIII.)
2604 4725 2748 4798 Ergo
2775 4737 2997 4786 sanctus
3015 4731 3200 4801 Pater,
3229 4748 3359 4790 san-

1761 4821 1879 4870 ctus
1901 4813 2094 4881 Filius,
2119 4824 2342 4873 sanctus
2362 4825 2419 4872 et
2442 4817 2678 4888 Spiritus
2695 4837 2709 4876 :
2725 4821 2820 4878 sed
2849 4839 2956 4881 non
2975 4823 3004 4862 ³³
3026 4834 3138 4883 tres
3163 4829 3362 4897 sancti;

1766 4969 1925 5054 Rom.
1957 4977 2011 5024 et
2041 4968 2105 5054 a'd
2132 4968 2291 5054 Colb.
2320 4969 2425 5054 boc
2470 4971 2591 5054 splo
2617 4975 2905 5054 recedunt,
2948 4949 3095 5052 qttod
3128 4999 3226 5054 pro
3252 4988 3364 5042 cla-

1765 5043 1915 5128 piqbo
1945 5041 2259 5128 praeierunt,
2291 5042 2515 5128 clamavi
2538 5059 2558 5097 :
2583 5044 2791 5128 reliqui
2810 5041 2993 5108 autem
3019 5041 3208 5128 scripti
3235 5041 3361 5116 edd.

1765 5111 1988 5177 habent,
2019 5109 2254 5166 clamabo
2275 5114 2344 5166 ad
2369 5123 2436 5178 te,
2458 5123 2508 5167 et
2534 5109 2791 5172 exaudiin
2811 5137 2912 5176 me.

1837 5191 1862 5254 ξς
1901 5181 2116 5254 Inuum.
2141 5181 2336 5250 codex,
2370 5183 2562 5254 placita
2609 5188 2837 5246 ueritatis
2866 5203 3004 5249 sunt.

1834 5249 1879 5334 ιι·
1903 5249 2595 5336 Eademprorgus'ratione
2646 5260 2703 5336 in
2731 5259 2991 5333 Symbolo
3017 5269 3162 5336 quod
3190 5271 3364 5328 Atha-

1764 5323 1918 5405 nasio
1947 5323 2226 5409 tribuitur,
2249 5323 2374 5380 Non
2397 5336 2500 5409 tres
2522 5331 2724 5409 interni,
2749 5323 2852 5409 n'on
2879 5344 2982 5389 tres
2999 5323 3369 5409 inemori—mon

1764 5403 1876 5478 tres
1895 5395 2153 5478 inr'ntensi.
2179 5396 2567 5478 Neque-etiarn
2598 5395 2757 5478 aliter
2786 5402 3016 5474 August.
3043 5409 3142 5466 lib.
3173 5395 3367 5478 nlui;

1762 5463 1925 5558 (ἤϊξε.
1952 5465 2191 5558 Deicap.
2217 5463 2291 5558 24
2312 5485 2325 5521 :
2354 5467 2500 5558 Dgnus
2522 5469 2684 5536 Deus,
2712 5463 2905 5556 inquit:
2933 5463 3142 5550 propter
3165 5463 3371 5558 ih's’ep'ai

1762 5537 1980 5623 rabilent
1997 5539 2324 5623 divinitatem
2365 5541 2498 5621 sicut
2519 5558 2662 5623 unus
2690 5537 3370 5623 ontnipotens'proptérﬁ-

1764 5609 2109 5700 separabilem
2126 5613 2550 5694 omnipotentiam
2569 5629 2589 5678 ,'
2611 5613 2686 5667 ita
2708 5609 2878 5700 tamen
2897 5629 2956 5674 ut
2973 5609 3092 5676 cum
3107 5609 3173 5678 de
3185 5609 3369 5700 singu-

1765 5678 1828 5731 lis
1857 5682 2124 5767 quan-itur,
2159 5678 2778 5767 imusquisqueeorumuet
2799 5686 2942 5767 Deus
2971 5702 3018 5767 et
3044 5678 3371 5767 omniparens

1761 5764 1874 5806 esse
1903 5754 2313 5822 respondeatur:
2345 5769 2461 5807 cum
2484 5755 2550 5809 de
2573 5757 2808 5814 omnibus
2827 5762 2986 5820 simul
3012 5781 3115 5822 non
3139 5754 3242 5827 tres
3271 5754 3369 5849 dii,
