3936 6168
615 243 721 300 807
1987 248 2235 306 SANCTI
2271 249 2596 308 AMBROSII
3788 263 3873 319 808

615 358 693 414 ris
717 365 931 414 constat
957 357 1209 415 remissio
1253 367 1598 431 peccatorum
1629 403 1642 430 ,
1681 371 1736 418 et
1775 361 2110 435 indulgentia
2137 365 2216 420 vi-
2243 366 2294 428 Α
2383 379 2492 416 ram
2531 378 2766 431 nonesse,
2793 365 2881 419 sed
2902 369 3171 418 creatorem
3199 376 3292 419 :ac
3329 369 3522 422 denum:
3551 382 3644 422 non
3677 372 3876 440 adorare,

615 452 775 509 detur
804 467 922 508 esse
946 453 1251 523 pretiosior.
1287 455 1528 528 Denique
1552 457 1717 513 habes
1744 457 2011 527 scriptum
2037 475 2050 512 :
2079 459 2215 525 Quia
2379 453 2466 502 θεά
2487 451 2712 503 adorari-

615 546 701 598 cui
755 545 972 599 multum
1014 546 1318 613 dimittitur,
1371 549 1486 618 plus
1509 549 1677 621 diligit
1725 549 1894 622 (Luc.
1938 568 2044 616 vn,
2086 551 2155 606 47

2357 557 2362 562 ·
2393 537 2520 594 152.
2555 536 2724 609 [Alias
2765 555 2880 610 cap.
2915 537 3084 612 XIX.]
3113 539 3198 596 Ad
3228 554 3494 596 summam
3520 549 3733 609 tamen,
3759 553 3810 599 ut
3837 546 3873 600 in

613 636 760 709 Ergo
789 648 845 693 et
886 638 985 708 ipsi
1020 647 1333 708 peccatores
1369 641 1665 696 Dominica:
1694 641 2010 712 passionis,
2051 658 2167 713 quat

2320 629 2428 687 ﬁne
2453 645 2574 701 qua:
2603 631 2850 702 disperse
2875 632 3018 688 dicta
3043 642 3201 698 sunt,
3223 635 3539 704 expressius
3563 635 3874 707 colligamus;

613 729 1010 798 perdiderunt,
1055 731 1285 802 gratiam
1333 731 1696 800 conﬁtentur,
1748 744 1804 789 et
1849 734 2167 789 testimoniul

2320 736 2440 778 cum
2471 738 2539 778 ex
2569 724 2817 792 creteris,
2849 733 2961 780 tum
2993 739 3060 780 ex
3089 733 3321 796 quatuor
3360 726 3482 781 istis
3510 742 3623 798 prae
3651 727 3874 785 caeterisd

613 821 800 877 ferunt
829 821 1049 877 Christo
1071 865 1086 890 ,
1116 823 1209 894 qui
1241 823 1517 879 Christum
1547 835 1676 880 sunt
1705 825 1998 896 persecuti.

2323 815 2607 872 manifesta
2630 817 2931 873 divinitatis
2955 818 3129 889 gloria
3155 819 3583 889 comprobatur:
3609 821 3744 877 Deus
3761 822 3877 878 enim

687 913 812 969 128.
842 913 953 968 Aut
982 915 1104 985 quia
1136 917 1188 969 in
1223 917 1525 972 malevolam
1549 919 1775 972 animam
1813 936 1915 974 non
1937 921 2094 975 intrat
2131 937 2215 975 sa-

2322 924 2384 965 ex
2415 925 2480 964 eo
2507 911 2878 982 cognoscitur,
2905 919 2999 966 aut
3019 912 3142 982 quia
3162 912 3280 968 sine
3301 924 3530 983 peccato
3551 924 3655 982 est,
3679 924 3764 970 aut
3778 916 3876 986 quia

613 1008 809 1077 pientia
851 1008 1004 1080 (Sap.
1031 1026 1069 1076 ι,
1099 1011 1178 1083 4);
1211 1011 1375 1066 etiam
1419 1012 1521 1068 hoc
1563 1014 1884 1084 loquebatur
1922 1016 2167 1086 proditor

2324 1012 2542 1071 peccata
2586 1003 2859 1059 condonat
2890 1023 2904 1059 :
2947 1013 3042 1059 aut
3080 1005 3204 1074 quia
3247 1013 3500 1061 creatura
3537 1021 3643 1062 non
3669 1017 3772 1074 est,
3805 1008 3878 1062 sed

614 1103 872 1170 aﬁ‘ectus,
900 1104 1116 1159 charius
1153 1105 1458 1160 aestimabat
1495 1107 1756 1162 Dominici
1797 1109 2044 1179 corporis
2088 1125 2168 1180 pa:

2317 1105 2532 1152 creator
2559 1105 2644 1152 est
2672 1115 2685 1151 :
2710 1106 2805 1153 aut
2829 1099 2954 1169 quia
2987 1114 3093 1153 non
3127 1099 3346 1165 adorat,
3376 1099 3476 1155 sed
3503 1101 3773 1156 adoratur.

614 1198 862 1263 sionem;
897 1207 952 1252 ut
973 1213 1164 1254 omnes
1185 1213 1214 1253 a
1243 1198 1349 1255 ﬁde
1375 1201 1533 1270 pretii
1562 1203 1887 1258 enormitate
1908 1213 2212 1261 revocaret.
2395 1189 2518 1245 135-
2560 1189 2692 1246 Sine
2738 1199 2964 1261 Ρθοοπιο
3012 1191 3196 1262 “aque
3229 1202 3252 1229 °
3294 1207 3456 1248 "emo
3496 1202 3610 1258 εδῑς
3642 1194 3737 1249 ηίεί
3771 1211 3883 1250 ""“5

615 1286 854 1359 Ideoque
885 1287 1146 1344 Dominus
1174 1291 1343 1360 gratis
1367 1304 1426 1345 se
1454 1291 1678 1357 obtulit,
1710 1308 1778 1348 ne
1804 1309 1964 1363 quem
1995 1309 2216 1358 revoca-
2320 1279 2492 1347 Deus;
2525 1282 2648 1352 quia
2679 1297 2840 1338 ηθιηο
2867 1283 2986 1338 Sine
3015 1291 3264 1352 P000310,
3291 1285 3396 1339 ηίεί
3424 1300 3570 1341 “IIIIS
3598 1287 3750 1342 θευεο
3776 1286 3884 1342 Pet-

613 1391 700 1439 ret
751 1399 780 1436 a
833 1381 1052 1436 Christo
1121 1384 1457 1454 paupertatis
1509 1386 1842 1457 necessitas;
1887 1386 2166 1443 Patriarch

2329 1383 2440 1428 cata
2469 1388 2687 1444 quoque
2718 1389 2879 1429 nemo
2922 1374 3226 1442 condonat,
3254 1376 3360 1430 nisi
3405 1392 3549 1433 unus
3590 1379 3756 1444 Deus;
3786 1381 3883 1449 quia

613 1492 739 1534 eum
787 1476 880 1530 vili
930 1475 1328 1543 vendiderunt,
1375 1487 1434 1534 ut
1478 1493 1666 1536 omnes
1712 1490 1981 1538 emerent.
2028 1482 2167 1538 Esai:

2332 1480 2474 1536 nque
2502 1467 2768 1536 scriptum
2799 1474 2920 1521 est:
2956 1465 3082 1533 Quis
3122 1476 3290 1536 potest
3327 1479 3544 1538 peccata
3573 1470 3784 1537 donare,
3809 1472 3886 1524 nisi

613 1569 788 1625 dixit:
825 1568 1145 1639 Quicumque
1173 1587 1277 1624 non
1297 1571 1495 1626 habetis
1515 1582 1786 1642 argentum
1813 1583 1870 1641 ει,
1903 1574 2000 1641 ite,
2033 1575 2167 1630 emitt

2330 1562 2462 1616 solus
2514 1560 2653 1616 Deus
2685 1561 2845 1633 (Luc.
2880 1578 2931 1628 v,
2978 1562 3118 1633 2!)?
3161 1563 3389 1620 Creator
3428 1579 3644 1635 quoque
3684 1566 3884 1620 omnium

614 1671 664 1717 et
690 1661 842 1717 bibite
869 1678 886 1716 :
914 1661 1224 1716 manducate
1255 1664 1364 1718 sine
1409 1675 1622 1736 argento
1664 1663 1831 1737 (Esa.
1878 1665 1976 1734 va,
2011 1667 2119 1738 1);
2163 1683 2168 1717 ι

2334 1668 2432 1708 non
2470 1660 2650 1723 potest
2675 1668 2797 1708 esse
2823 1694 2837 1720 ,
2880 1653 2980 1709 nisi
3011 1654 3103 1724 qui
3133 1663 3388 1710 creatura
3418 1669 3528 1710 non
3559 1666 3641 1711 est
3671 1673 3683 1708 :
3708 1656 3791 1727 qui
3815 1671 3888 1709 au-

614 1770 741 1810 eum
801 1756 1150 1825 acquireret,
1201 1757 1292 1826 qui
1346 1771 1454 1812 non
1518 1758 1752 1814 habebat
1817 1769 2124 1828 argentum.

2331 1755 2432 1801 tem
2479 1753 2729 1801 creatura
2773 1760 2880 1801 non
2928 1756 3039 1814 est,
3081 1748 3202 1803 sine
3241 1747 3410 1804 dubio
3460 1748 3602 1804 Deus
3629 1757 3748 1804 est:
3788 1750 3885 1819 quia

614 1845 754 1902 Iuda
785 1846 1065 1918 proditor,
1101 1857 1433 1918 unguentum
1474 1850 1748 1920 passionis
1795 1851 1917 1922 ejus
1961 1861 2168 1910 trecent

2333 1839 2584 1909 scriptum
2616 1848 2702 1894 est
2732 1856 2744 1891 :
2779 1839 3085 1894 Servierunt
3113 1849 3368 1895 creatura:
3396 1841 3573 1912 potius
3597 1856 3742 1910 quam
3774 1856 3887 1894 crea-

615 1939 856 1996 denariis
882 1942 1142 2008 :rstlmas,
1169 1952 1222 1996 et
1247 1941 1550 2011 passionem
1585 1943 1706 2012 ejus
1735 1945 1953 2014 triginta
1983 1946 2169 2002 denari

2329 1932 2421 1987 tori
2441 1973 2457 1998 ,
2487 1931 2577 2002 qui
2603 1939 2677 1986 est
2704 1930 2849 1986 Deus
2880 1932 3174 1987 benedictus
3201 1933 3255 1987 in
3283 1932 3478 1988 saecula
3500 1932 3520 2004 (
3541 1931 3690 1988 Rom.
3719 1949 3756 1997 I,
3783 1930 3883 1997 23).

616 2032 808 2089 vendis
856 2033 1077 2105 (Matth.
1131 2050 1286 2101 xxvi,
1341 2033 1467 2104 15)!
1519 2035 1683 2092 Dives
1725 2037 1778 2092 in
1822 2039 2170 2097 aestimationi

2330 2024 2466 2081 Deus
2505 2039 2722 2095 quoque
2753 2040 2865 2080 non
2890 2025 3120 2096 adorat,
3145 2027 3242 2082 sed
3265 2025 3568 2092 adoratur;
3607 2025 3723 2097 quia
3748 2024 3884 2093 scrip-

617 2127 742 2182 vilis
771 2126 825 2182 in
851 2126 1082 2184 scelere.
2323 2126 2437 2172 tum
2467 2127 2591 2173 est:
2627 2115 2911 2172 Dominum
2947 2116 3118 2173 Deum
3148 2114 3290 2173 ticum
3320 2118 3602 2188 adorabis,
3644 2127 3688 2174 et
3713 2116 3783 2171 illi
3807 2116 3883 2170 soli

689 2219 816 2276 129.
860 2219 1006 2291 Ergo
1042 2235 1150 2277 non
1181 2234 1373 2276 omnes
1399 2211 1592 2276 eodem
1643 2223 1818 2292 pretio
1847 2234 2036 2280 emunt
2067 2225 2221 2282 Chri-

1485 2220 1592 2276 Iem
1643 2223 1818 2292 pretio
1847 2234 2036 2280 emunt
2067 2225 2221 2282 Chri-
2321 2210 2513 2264 δενυία
2536 2208 2789 2283 (θενιετο
2815 2226 2889 2276 ν¹ν
2919 2209 3039 2283 15)·

617 2319 781 2369 stum.
805 2310 931 2366 Alio
957 2312 1090 2367 emit
1119 2310 1410 2378 Photinus,
1438 2312 1532 2382 qui
1555 2311 1622 2367 ad
1659 2324 1892 2371 mortem
1919 2317 2092 2371 emit:
2119 2317 2223 2372 alio
2400 2301 2524 2358 ίδάο
2582 2301 3009 2358 conﬁderem”
3058 2317 3190 2376 e"8°
3234 2313 3424 2360 “trum
3481 2303 3671 2360 ίιοΐυηι
3719 2300 3882 2373 aliquid

619 2404 856 2461 Ατίεηυε
875 2445 888 2469 ,
916 2404 1006 2472 qui
1034 2404 1167 2460 emit
1195 2403 1264 2459 ad
1297 2403 1554 2474 injuriam
1583 2423 1595 2457 :
1627 2405 1738 2460 alio
1767 2406 2072 2464 catholicus
2091 2450 2105 2476 ,
2131 2425 2173 2480 q‘

2329 2393 2524 2450 habeat
2569 2394 2808 2466 Spiritus
2841 2404 3102 2464 sanctus,
3131 2412 3252 2468 quae
3291 2397 3662 2454 testimonium
3702 2394 3883 2451 aderant

617 2495 794 2552 emitb
818 2494 885 2551 ad
906 2495 1158 2567 gloriam.
1189 2495 1297 2552 Sed
1319 2494 1455 2551 emit
1480 2497 1601 2553 sine
1629 2500 1858 2568 pecunia
1876 2541 1892 2566 ,
1927 2501 2165 2556 secundu

2326 2488 2652 2545 divinitatis.
2692 2489 2934 2546 Primum
2981 2491 3148 2561 igitur
3203 2491 3271 2547 de
3318 2507 3390 2548 eo
3435 2500 3752 2556 tractemus,
3787 2489 3878 2559 quia

617 2587 763 2660 quod
810 2588 1074 2658 scriptum
1113 2596 1198 2644 est
1230 2606 1242 2643 :
1279 2587 1384 2656 Qui
1419 2604 1523 2643 non
1559 2588 1706 2643 habet
1751 2593 2052 2660 pecuniam,
2091 2604 2226 2649 emat
2326 2599 2489 2640 nemo
2517 2584 2636 2639 Sine
2665 2593 2892 2655 P800310
2940 2585 3044 2640 niSi
3078 2599 3220 2640 unus
3247 2585 3398 2641 Deus
3431 2604 3444 2639 ε
3474 2594 3531 2642 el
3557 2586 3808 2655 exigamus
3841 2589 3881 2632 ιιι

617 2682 729 2737 sine
757 2681 922 2750 pretio
951 2680 972 2752 (
997 2679 1142 2734 Esai.
1175 2695 1272 2745 LV,
1311 2681 1337 2734 1
1364 2679 1404 2751 ).
2327 2676 2565 2733 doceant
2592 2677 2734 2748 quod
2761 2687 3046 2748 peccatum
3077 2677 3274 2734 habeat
3300 2677 3546 2748 Spiritus
3573 2685 3789 2733 sanctus.

695 2775 817 2830 150.
852 2773 977 2834 Non
998 2791 1173 2830 omnes
1194 2816 1209 2840 ,
1236 2775 1444 2845 inquit,
1467 2778 1556 2846 qui
1587 2777 1765 2832 dicunt
1785 2778 1911 2831 mihi
1931 2818 1949 2845 ,
1979 2777 2222 2844 Domine,

2403 2768 2528 2823 155.
2569 2766 2675 2824 Sed
2700 2767 2902 2824 docere
2929 2783 3036 2824 non
3066 2777 3323 2838 possunt,
3351 2779 3412 2825 et
3435 2768 3791 2825 auctoritatem
3815 2781 3875 2819 tc-

619 2865 844 2922 Domine
869 2906 886 2934 ,
917 2867 1181 2922 intrabunt
1226 2868 1281 2921 in
1325 2884 1534 2938 regnum
1582 2871 1828 2924 caelorum
1876 2871 2093 2941 (Matth.
2122 2888 2173 2927 v1

2329 2861 2587 2930 quirunt,
2621 2869 2679 2914 ut
2726 2859 2964 2916 lectione
3008 2860 3306 2917 doceamus
3331 2901 3346 2926 ,
3379 2861 3508 2932 quia
3540 2876 3644 2916 non
3687 2856 3875 2930 peccarit

619 2961 750 3030 at).
807 2960 921 3014 Etsi
961 2960 1115 3014 multi
1165 2974 1226 3015 se
1272 2961 1557 3016 nominent
1605 2962 1969 3033 christianos,
2029 2981 2224 3023 nomen
2329 2951 2987 3022 Spiritussanmus.sicul
3005 2952 3074 3009 de
3095 2953 3236 3008 Filio
3259 2953 3466 3009 lectum
3485 2952 3874 3023 estmuiarecca-

621 3063 916 3124 usurpant,
961 3068 1068 3109 non
1102 3063 1281 3109 tamen
1324 3068 1513 3110 omnes
1544 3057 1851 3114 mercedem
1895 3059 2118 3115 habent.
2160 3061 2175 3115 I

2331 3056 2442 3102 tum
2492 3062 2599 3103 non
2643 3046 2852 3120 fecit(l
2899 3047 3044 3104 Petr.
3098 3063 3162 3113 ιι,
3214 3048 3338 3119 22).
3403 3047 3474 3104 Ει
3528 3047 3628 3103 hoc
3662 3043 3872 3114 accipiant

620 3145 753 3202 Cain
782 3143 984 3202 obtulit
1022 3145 1350 3200 sacriﬁcium
1383 3145 1552 3215 (Gen.
1577 3163 1629 3204 tv
1652 3149 1756 3220 ,5)
1777 3189 1794 3217 ,
1842 3159 1900 3207 et
1937 3151 2106 3208 Judas
2134 3168 2223 3209 ac—
2250 3144 2296 3209 C
2327 3141 2731 3212 δθνῖριυτθτυηὶ
2756 3141 3082 3198 θυοιοτίιίηθ
3120 3155 3223 3198 "05
3262 3141 3508 3210 (Ιοοετθς
3557 3141 3788 3210 scriptum
3811 3140 3873 3189 θδί
3916 3133 3917 3170 1

620 3236 765 3306 cepit
789 3235 1037 3291 osculum
1073 3233 1236 3307 (Luc.
1269 3252 1381 3291 xxii
1407 3278 1424 3304 ,
1463 3237 1569 3310 48)
1597 3280 1612 3306 ,
1641 3239 1736 3296 sed
1766 3241 1974 3297 audivit
1999 3260 2011 3296 :
2041 3241 2222 3310 Iuda,
2325 3234 2470 3289 enim
2505 3253 2517 3286 :
2553 3232 2691 3301 Quia
2733 3234 2788 3287 in
2827 3233 3103 3304 Sapientia
3145 3243 3219 3288 est
3260 3233 3500 3305 Spiritus
3545 3228 3868 3303 intelligentia!)

621 3328 796 3384 osculo
830 3325 1026 3381 Filium
1070 3326 1290 3384 hominis
1327 3330 1533 3385 tradis?
1561 3342 1582 3370 ε
1615 3332 1720 3388 hoc
1755 3341 1868 3401 est,
1897 3337 2097 3390 amoris
2139 3337 2223 3406 pi-
2322 3337 2563 3395 sanctus,
2590 3327 2803 3396 unicus,
2827 3327 3131 3398 multiplex,
3163 3327 3398 3394 subtilis,
3435 3330 3557 3384 bene
3581 3325 3784 3387 mobilis,
3808 3320 3869 3372 di-

619 3436 789 3492 gnore
811 3421 989 3476 scelus
1014 3420 1239 3491 imples,
1263 3436 1328 3477 ac
1352 3424 1500 3492 pacis
1523 3424 1884 3482 instrumento
1910 3427 2033 3484 odia
2060 3429 2172 3485 seri

2322 3431 2517 3486 sertas,
2563 3420 2929 3474 immaculatus
2975 3419 3290 3490 (Sap..vtt,
3337 3419 3472 3487 22).
3526 3414 3868 3474 Immaculatum

620 3523 677 3570 et
703 3513 986 3569 charitatis
1015 3513 1194 3570 ofﬁcio
1223 3524 1457 3572 mortem
1489 3517 1715 3588 irrogas.
2322 3511 2458 3567 dicit
2485 3511 2764 3582 Scriptura
2794 3531 2807 3567 :
2833 3511 3096 3583 numquid
3121 3512 3346 3568 mentita
3375 3522 3464 3569 est
3490 3512 3557 3568 de
3583 3511 3735 3574 Filio,
3757 3514 3805 3559 ut
3823 3502 3869 3555 dc

693 3608 817 3664 151.
859 3606 1006 3678 Ergo
1033 3622 1133 3663 nec
1159 3607 1348 3663 Ariani
1386 3609 1490 3665 sibi
1517 3621 1780 3680 usurpato
1809 3614 2030 3670 nomine
2067 3615 2223 3672 blan-

2323 3604 2531 3676 Spirittt
2561 3606 2752 3661 credas
2779 3620 2902 3662 esse
2944 3605 3272 3662 mentitam?
3302 3607 3453 3662 Dixit
3479 3607 3619 3661 enim
3661 3598 3868 3674 propheta

619 3703 862 3770 diantur,
885 3702 1013 3774 quia
1037 3701 1365 3759 christianos
1387 3718 1511 3760 esse
1534 3719 1594 3761 se
1615 3705 1822 3761 dicunt.
1854 3707 2223 3779 Respondebit
2324 3698 2378 3754 in
2422 3699 2616 3756 eodem
2646 3699 2766 3755 loco
2794 3699 2863 3756 dc
2907 3699 3188 3771 Sapientia
3208 3743 3224 3766 ,
3258 3700 3384 3771 quia
3419 3701 3554 3756 nihil
3591 3695 3866 3754 maculosum

618 3798 700 3853 eis
741 3797 1005 3852 Dominus
1036 3812 1052 3850 ι
1105 3795 1310 3853 Nomen
1359 3813 1541 3854 meum
1579 3791 1955 3870 ρι-ξειεηάίιίε,
1984 3809 2039 3857 ει
2069 3802 2224 3858 subs-
2324 3791 2378 3846 in
2425 3791 2573 3846 illam
2611 3791 2862 3846 incurrit.
2894 3791 3013 3862 Ipsa
3053 3793 3400 3848 immaculata
3430 3801 3543 3860 est,
3574 3802 3631 3848 et
3665 3791 3868 3844 immacu-

619 3891 846 3946 tantiam
886 3890 1169 3962 denegatis
1199 3908 1215 3945 :
1243 3891 1338 3948 sed
1369 3906 1476 3947 non
1507 3907 1745 3964 agnosco
1771 3909 1969 3950 nomen
2002 3912 2173 3952 meum

2329 3885 2472 3941 latus
2502 3886 2621 3957 ejus
2649 3897 2734 3942 est
2757 3885 3016 3957 Spiritus.
3050 3887 3194 3958 Ergo
3242 3888 3286 3942 si
3318 3899 3596 3958 peccatum
3625 3899 3720 3941 non
3747 3878 3867 3935 habet

621 3981 711 4035 ubi
731 3995 838 4035 non
857 3990 942 4036 est
963 3998 1082 4038 inea
1109 3984 1442 4054 sempiterna
1466 3984 1743 4040 divinitas.
1766 3985 1886 4042 Non
1913 3996 1996 4043 est
2022 4003 2219 4045 nomen
2325 3981 2564 4052 Spil'illls
2585 4023 2600 4047 ς
2634 3981 2779 4036 Deus
2809 3989 2912 4036 est-

619 4088 824 4140 meum,
848 4073 990 4146 quod
1010 4091 1038 4130 a
1060 4075 1222 4132 Patre
1250 4075 1528 4142 dividitur,
1556 4078 1624 4132 ab
1654 4077 1868 4149 Spiritu
1898 4091 2218 4151 separatur:
2323 4088 2354 4141 ιη.
2397 4073 2523 4130 156.
2552 4072 2661 4129 Sed
2693 4073 2970 4146 quomodo
3010 4090 3139 4131 reus
3187 4085 3369 4147 potest
3404 4091 3529 4133 esse
3556 4071 3768 4147 peccati.
3799 4063 3866 4135 (ιυί

620 4183 730 4225 non
759 4183 998 4240 agnosco
1022 4184 1222 4226 nomen
1248 4185 1463 4242 meum,
1491 4171 1580 4228 ubi
1612 4187 1720 4226 non
1747 4188 1989 4243 agnosco
2015 4174 2220 4230 doctri-
2324 4167 2490 4224 donat
2510 4169 2627 4238 ipse
2647 4169 2896 4239 peccata?
2921 4167 3070 4240 Ergo
3093 4178 3376 4240 peccatum
3398 4186 3507 4226 non
3531 4167 3684 4224 fecit:
3710 4157 3865 4230 ειαυίτι

618 4277 747 4319 nam
779 4277 955 4319 meam
992 4279 1007 4316 :
1045 4277 1152 4317 non
1199 4277 1438 4332 agnosco
1477 4277 1676 4319 nomen
1717 4280 1896 4320 meum
1921 4307 1936 4334 ,
1976 4267 2065 4322 ubi
2111 4282 2219 4322 non
2324 4267 2442 4322 sine
2467 4274 2690 4336 peccato
2717 4275 2829 4335 est,
2854 4276 3110 4322 creatura
3137 4282 3245 4322 non
3277 4276 3379 4324 est.
3399 4267 3586 4324 Omnis
3604 4263 3732 4321 enim
3751 4269 3864 4311 crea-

617 4367 857 4425 agnosco
895 4352 1157 4423 Spiritum
1204 4368 1408 4409 meum.
1440 4353 1628 4409 Nescit
1677 4357 1824 4410 enim
1876 4372 1935 4413 se
1984 4358 2222 4430 Spiritus
2325 4368 2443 4413 tura
2478 4367 2826 4429 peccatorum
2859 4359 3149 4429 capacitati
3171 4361 3412 4416 obnoxia
3443 4369 3565 4418 est:
3592 4356 3698 4413 sola
3723 4359 3863 4407 autem

617 4445 796 4504 Patris
848 4459 1170 4514 comparare
1215 4444 1493 4509 servitiis,
1539 4460 1664 4514 quae
1715 4448 1943 4504 creavit.
1993 4449 2069 4506 De
2112 4467 2220 4522 quo
2324 4460 2464 4508 esta
2493 4460 2719 4522 peccato
2746 4451 3005 4508 immunis
3027 4461 3084 4508 et
3110 4453 3460 4510 immaculata
3480 4449 3779 4522 sempiterna
3803 4438 3864 4494 di-

617 4540 788 4597 multa
814 4538 928 4610 jam
960 4537 1202 4594 diximus
1233 4538 1388 4608 (Lib.
1421 4541 1609 4609 t,'cap.
1647 4541 1670 4595 1
1703 4551 1751 4595 et
1771 4543 1934 4614 seq.).
2246 4523 2300 4584 Ῐ)
2327 4545 2545 4600 vinitas.

1095 4652 1260 4726 693
1297 4649 1527 4709 CAPUT
1570 4653 1755 4709 XVIII.
2397 4637 2520 4692 157.
2563 4636 2717 4692 Nunc
2744 4636 3031 4694 videamus
3059 4646 3241 4694 utrum
3271 4648 3498 4710 peccata
3537 4637 3690 4726 donet
3725 4622 3862 4726 Spiri-

617 4746 835 4810 Spiritus
855 4743 1012 4798 sancti
1045 4717 1346 4795 unum
1365 4757 1431 4796 ea:
1464 4742 1527 4796 iis
1567 4757 1678 4808 quw
1711 4744 1941 4798 hactenus
1974 4747 2220 4813 disputata
2326 4737 2434 4784 lus-
2463 4726 2572 4784 Sed
2604 4727 2692 4784 hic
2723 4728 2962 4784 dubitari
2991 4743 3097 4785 1ιοιι
3124 4738 3340 4800 Potest,
3368 4745 3490 4786 cum
3519 4731 3630 4798 ipse
3653 4717 3864 4813 Domi?“

677 4828 1217 4894 stmt,conﬁrmaturus,
1242 4827 1473 4879 nonnulla
1492 4825 1669 4879 iterum
1690 4830 1948 4882 tractanda
1962 4809 2219 4896 sumit,ni-
2321 4821 2558 4877 dixerit:
2591 4820 2822 4893 Accipite
2860 4821 3114 4892 Spiritum
3154 4833 3425 4878 sanctum:
3465 4835 3667 4894 quorum
3701 4809 3862 4869 γεπείεά

677 4915 856 4968 mirum
876 4921 1077 4981 peccata
1096 4926 1207 4965 eum
1226 4927 1322 4966 non
1344 4912 1539 4977 habere,
1568 4914 1653 4966 sed
1679 4915 1954 4968 condonare
1983 4931 1995 4965 :
2021 4925 2213 4970 creatu-
2321 4914 2436 4968 ritis
2485 4923 2730 4983 peccata,
2779 4914 2996 4969 remissa
3035 4925 3186 4970 erunt
3229 4916 3250 4987 (
3265 4914 3427 4971 Joan.
3467 4930 3572 4982 xx,
3604 4908 3723 4978 22).
3754 4903 3860 4958 Ecce

689 5033 716 5062 ι
743 5022 968 5079 Amerb.
997 5028 1061 5105 et_
1081 5020 1267 5105 Ειιιιεῖ..3
1298 5022 1466 5105 venite
1493 5063 1506 5086 ,
1537 5024 1684 5105 emite
1711 5031 1758 5077 et
1788 5022 1942 5105 bibite
1967 5024 2214 5105 Etﬁman-
2397 5040 2420 5068 ο
2451 5018 2676 5105 ΟιιιιιιξςΔ
2697 5029 2857 5096 edit.,
2907 5033 3087 5102 itaque
3128 5049 3277 5089 nemo
3321 5044 3422 5099 est,
3467 5032 3751 5105 quiaunemo
3781 5019 3861 5105 sine

615 5099 934 5180 ducuverunt
955 5133 970 5160 ,
1012 5101 1063 5148 et
1089 5093 1260 5180 satiati
1285 5102 1406 5147 sunt
1436 5096 1490 5180 in
1518 5095 1749 5180 deserto;
1785 5093 1910 5150 Gill.
1939 5108 1996 5180 et
2031 5097 2214 5180 Dom“
2322 5110 2552 5172 peccato,
2577 5101 2700 5180 nisi,
2723 5093 2854 5169 etc.,
2876 5116 2942 5180 ex
2972 5093 3172 5172 quibus
3194 5093 3630 5180 verbisdnoiinulli
3655 5108 3770 5180 mss.
3783 5103 3858 5180 cf:

613 5170 801 5233 venite,
832 5166 980 5220 emite
1007 5175 1054 5217 et
1086 5163 1240 5217 bibite
1267 5179 1286 5216 :
1313 5165 1622 5218 manducate
1651 5165 1872 5288 illum,
1898 5169 2068 5238 emite)
2109 5163 2219 5223 sine
2321 5163 2695 5243 ternum-quia
2715 5163 2865 5227 nemo
2892 5163 3005 5228 sine
3031 5185 3238 5242 peccato
3262 5193 3281 5231 :
3308 5174 3500 5245 reliqui
3521 5180 3682 5227 autem
3708 5169 3855 5229 malm’

614 5249 861 5288 nraento:
890 5237 1020 5288 MSS.
1054 5234 1499 5288 aliauot.uenite.
1530 5246 1576 5287 et
1599 5236 1647 5288 bi
1685 5238 1778 5288 ite.
1807 5248 1855 5288 et
1881 5240 2216 5288 manducata-
2324 5258 2549 5288 numero
2596 5251 2653 5288 et
2699 5245 3022 5288 nntiimimtn
3072 5247 3353 5288 nnliignnm
3403 5246 3618 5288 rapiunt-
3662 5237 3719 5288 Et
3757 5240 3854 5286 sane

614 5249 861 5316 argento;
890 5237 1020 5291 Mss.
1054 5234 1294 5316 aliquot,
1316 5236 1499 5316 venite,
1530 5246 1576 5287 et
1599 5234 1778 5316 bibite,
1807 5248 1855 5290 et
1881 5234 2217 5308 ntanducate,
2322 5234 2653 5316 numero'et
2699 5234 3041 5312 antiqttitatc'
3072 5247 3354 5303 nobiscum
3403 5234 3724 5316 faciunt-alit
3757 5240 3854 5316 sane

615 5305 758 5374 eté.;
792 5309 974 5376 plures
1004 5319 1134 5360 vero
1161 5315 1214 5359 et
1246 5305 1589 5373 probatiores
1610 5346 1626 5370 ,
1658 5317 1714 5360 ut
1742 5309 1792 5360 in
1817 5316 1982 5363 textu.

688 5379 716 5419 ι)
745 5379 976 5434 Floriac.
1001 5375 1152 5438 cod.,
1181 5375 1249 5429 ad
1273 5376 1490 5445 gloriam
1531 5393 1551 5440 ;
1584 5392 1644 5429 eo
1675 5378 1809 5443 quod
1839 5381 1958 5434 aliis
1992 5382 2058 5434 sit
2093 5381 2169 5435 Odi

2322 5315 2486 5369 verba
2515 5313 2603 5367 illa
2626 5355 2639 5378 ,
2668 5315 2791 5385 quia
2815 5305 2963 5370 nemo
2985 5317 3096 5371 sine
3124 5328 3333 5387 peccato
3352 5359 3367 5384 ,
3400 5325 3503 5371 ctc.
3528 5354 3542 5382 ,
3570 5310 3782 5366 videntur
3797 5305 3851 5352 ci-

2323 5384 2425 5440 tari
2465 5393 2736 5445 tamquam
2780 5385 2950 5445 ipsius
2981 5389 3280 5445 Scriptura:
3329 5397 3535 5445 textus.
3562 5392 3613 5438 et
3654 5381 3700 5434 in
3732 5381 3850 5445 ειερθ·

688 5386 716 5419 b
745 5386 976 5434 Floriac.
1001 5386 1152 5438 coa.,
1181 5386 1248 5429 att
1273 5386 1490 5445 gloriam
1531 5393 1551 5440 ;
1584 5392 1644 5429 eo
1675 5386 1809 5443 quod
1839 5386 1958 5434 aliis
1992 5386 2058 5434 sit
2093 5386 2169 5435 οάι

615 5451 859 5524 mortisin
875 5456 1108 5524 mortem,
1125 5447 1243 5500 aliis
1258 5447 1388 5500 odor
1403 5447 1519 5524 vita:
1549 5448 1602 5524 in
1624 5447 1798 5500 vitam.
1819 5449 1926 5503 Sed
1946 5453 2086 5524 emit.
2107 5462 2169 5507 ett

2323 5386 2425 5440 tari
2465 5393 2736 5453 tamquam
2780 5386 2950 5455 ipsius
2981 5386 3280 5457 Scriptura:
3329 5397 3535 5451 textus,
3562 5392 3613 5438 et
3654 5386 3700 5434 in
3732 5386 3845 5436 suile“

2326 5456 2527 5510 riorum
2569 5453 2752 5510 aﬁ‘erri
2798 5459 3197 5524 probationem.
3236 5459 3372 5516 Cum
3411 5466 3584 5513 autem
3615 5442 3845 5524 secundllf']

691 5534 712 5562 ο
747 5521 868 5596 Lib.
899 5536 953 5596 ξ,
989 5521 1044 5596 i_n
1078 5517 1314 5596 Lucam,
1336 5517 1635 5596 "263.1196
1661 5527 1771 5582 cst,
1795 5523 1986 5596 amoris
2006 5524 2220 5596 pignore
2326 5526 2509 5595 apices
2532 5540 2639 5596 non
2668 5512 2886 5582 exstent
2909 5526 2963 5584 in
2981 5512 3206 5596 Bibliis,
3230 5512 3484 5586 credibile
3507 5534 3587 5581 est
3611 5512 3846 5596 φερειξῖ

615 5597 806 5676 vulnus
834 5578 1032 5676 inﬂigis
1051 5627 1066 5653 ,
1092 5598 1142 5643 et
1159 5578 1435 5676 charitatis
1463 5589 1638 5673 ofﬁcio
1675 5578 1974 5659 sanguinem
2007 5578 2217 5664 'fu'itdis,
2326 5578 2604 5676 adlocum
2628 5578 3584 5670 inﬁmiin}.
3611 5578 3711 5654 nisi,
3743 5578 3844 5637 δοίη

618 5673 667 5717 et
693 5665 1028 5731 instrumento
1055 5665 1196 5731 pacis
1222 5673 1434 5714 mortem
1459 5665 1679 5731 irrogas.
2329 5665 2490 5723 οευε,

693 5730 719 5768 ἀ
753 5733 880 5790 Mss.
907 5729 1190 5798 nonnulli,
1219 5731 1507 5802 manifestte
1529 5729 1831 5787 divinitatis.
