3936 6168
78 267 176 323 809

1208 265 1296 319 DE
1337 263 1604 323 SPIRITU
1645 266 1916 324 SANLTO
1954 270 2084 325 LIB.
2130 272 2216 326 ΙΙΙ.

3252 279 3357 336 810

66 381 180 451 quia
212 394 305 449 per
345 377 615 449 Spiritum
656 388 904 432 sanctum
946 387 1168 448 peccata
1203 378 1498 437 donantur.
1545 381 1656 437 Ho-
1683 389 1731 449 Α
1760 384 1898 440 Filio
1923 385 2142 440 servitia
2169 386 2331 441 habet
2357 388 2596 458 subjecta
2620 390 2922 460 justorum;
2951 393 3076 463 quia
3099 393 3358 464 scriptum

64 475 230 528 mines
245 480 429 525 autem
452 470 505 524 in
521 470 900 526 remissionem
921 480 1266 540 peccatorum
1292 473 1654 529 ministerium

63 580 212 620 suum
235 562 524 629 exhibent,
543 576 652 616 non
671 560 760 632 jus
779 560 1190 633 alicujusesﬁ.
1203 565 1488 632 potestatis
1508 578 1658 620 exer-

62 667 195 713 cent.
225 656 416 728 Neque
439 657 583 711 enim
603 655 658 710 in
683 669 805 722 suo,
832 654 928 710 sed
953 655 1008 710 in
1041 655 1216 710 Patris
1234 666 1289 711 et
1311 655 1432 712 Filii
1454 665 1512 713 et
1535 657 1658 728 Spi-

63 755 189 810 ritus
207 753 384 809 sancti
409 753 631 808 nomine
652 762 873 823 peccata
889 751 1190 808 dimittunt.
1216 752 1306 808 Isti
1337 755 1660 826 rogant,,di-‘

63 849 247 902 vinitas
272 846 489 912 donat;
522 845 818 901 humanum
846 845 992 900 enim
1021 844 1380 915 obsequium,
1420 845 1516 903 sed
1538 861 1656 902 mu-

66 941 328 997 nilicentia
362 955 622 1010 superna:
648 948 733 994 est
770 936 1079 1010 potestatis.

127 1034 250 1089 158.
268 1032 379 1088 Per
395 1031 731 1102 baptismum
753 1044 970 1101 quoque
990 1040 1212 1102 peccata
1233 1029 1425 1086 donari
1451 1045 1558 1087 non
1574 1040 1658 1088 est

65 1129 404 1199 ambiguum:
455 1127 509 1180 in
550 1124 824 1194 baptismo
863 1132 1045 1179 autem
1086 1124 1335 1194 operatio
1371 1123 1560 1180 Patris
1601 1133 1659 1180 et

66 1219 170 1274 Filii
198 1228 252 1275 et
277 1219 523 1290 Spiritus
545 1218 723 1273 sancti
753 1225 856 1272 est.
885 1217 1027 1286 Ergo
1049 1217 1098 1272 si
1126 1228 1152 1256 ι
1177 1225 1458 1286 peccatum
1490 1219 1659 1274 donat

64 1315 280 1383 Spiritus
305 1355 321 1380 ,
373 1330 502 1370 eum
543 1313 808 1382 scriptum
855 1313 927 1368 sit
961 1330 976 1366 :
1023 1311 1150 1380 Quis
1197 1323 1362 1384 potest
1402 1314 1659 1368 dimittere

67 1417 288 1476 peccata,
316 1407 424 1460 nisi
473 1422 608 1460 unus
658 1404 799 1459 Deus
848 1403 1060 1476 (Marc.
1091 1421 1162 1469 ιι,
1199 1406 1295 1476 7);
1327 1407 1514 1477 utique
1565 1406 1657 1478 qni

67 1518 159 1558 non
195 1509 379 1573 potest
418 1501 494 1557 ab
536 1500 744 1556 unitate
791 1501 1056 1555 naturalis
1105 1501 1348 1556 nominis
1391 1501 1655 1572 separari,

68 1611 156 1650 non
189 1605 368 1664 potest
391 1596 565 1651 etiam
589 1609 616 1648 a
651 1593 747 1650 Dei
777 1604 1047 1664 potestate
1072 1594 1306 1650 secerni.
1335 1593 1393 1649 Si
1419 1605 1600 1649 autem
1626 1609 1656 1650 a

70 1689 148 1743 Dei
177 1703 280 1744 non
311 1688 629 1745 secernitur
658 1696 953 1758 potestate,
982 1687 1257 1758 quomodo
1286 1705 1314 1743 a
1346 1688 1443 1745 Dei
1470 1688 1656 1759 appel-

69 1781 250 1838 latione
270 1780 623 1838 secernitur?

130 1874 237 1931 l39.
297 1873 604 1929 Videamus
661 1889 804 1928 nunc
872 1883 1052 1928 utrum
1108 1882 1361 1930 creatura
1416 1873 1528 1937 sit,
1584 1889 1651 1926 an

70 1969 291 2022 creator?
316 1968 426 2025 Sed
451 1983 580 2022 cum
601 1981 765 2037 supra
790 1965 932 2039 (Lib.
954 1982 1016 2036 ιι,
1043 1983 1158 2038 cap.
1181 1967 1236 2033 5,
1265 1965 1320 2037 6)
1345 1974 1652 2020 creatorem

70 2059 452 2118 evidentissime
478 2061 895 2132 probaverimus
912 2103 926 2127 ,
948 2060 1073 2132 quia
1096 2061 1361 2130 scriptum
1383 2071 1466 2116 est
1491 2076 1505 2115 :
1533 2060 1655 2130 Spi-

73 2156 180 2208 rittts
215 2157 416 2212 divinus
446 2157 543 2228 qui
571 2157 690 2228 fecit
720 2172 798 2209 me
852 2153 1000 2224 (Job.
1031 2170 1222 2222 χχχιιι,
1261 2153 1328 2226 4)
1354 2171 1369 2206 :
1397 2162 1452 2209 et
1497 2153 1656 2208 inno~

73 2250 164 2304 rari
197 2251 384 2306 faciem
431 2261 601 2308 terrae
638 2265 735 2321 per
766 2249 1032 2320 Spiritum
1061 2247 1244 2318 (Psal.
1292 2263 1406 2313 cut,
1437 2245 1567 2318 50),
1601 2255 1658 2302 et

73 2343 170 2397 sine
189 2342 384 2412 Spiritu
431 2343 696 2399 fatiscere
721 2341 904 2397 omnia
935 2341 1273 2396 declaratum
1297 2340 1399 2406 sit;
1431 2346 1658 2410 apparet

74 2430 304 2502 Spiritum
353 2449 483 2492 esse
533 2443 860 2491 creatorem.
915 2433 1022 2490 Sed
1075 2433 1197 2504 quis
1247 2433 1351 2487 hoc
1400 2431 1653 2496 dubitet,

78 2526 282 2594 quando,
310 2528 450 2584 sicut
482 2542 652 2599 supra
696 2526 1071 2594 ostendimus,
1103 2541 1172 2581 ne
1195 2525 1409 2580 Domini
1437 2524 1654 2595 quidem

76 2631 126 2670 ex
169 2617 376 2688 Virgine
437 2631 723 2690 assumpta
773 2619 1080 2691 generatio,
1135 2631 1258 2688 quae
1309 2616 1656 2688 praestantior

79 2709 296 2768 omnibus
321 2715 600 2770 creaturis
624 2720 738 2779 est,
782 2711 1120 2784 operationis
1147 2725 1344 2767 exsors
1383 2710 1454 2766 sit
1496 2709 1658 2782 spiri-

80 2803 220 2859 talis?

137 2896 242 2952 llo.
273 2899 388 2958 Non
418 2915 560 2973 ergo
580 2911 828 2958 creatura
858 2901 1127 2972 Spiritus,
1155 2900 1251 2958 sed
1277 2909 1496 2956 creator
1526 2907 1612 2954 est
1639 2916 1652 2953 :

83 2991 149 3058 qui
171 3002 342 3051 autem‘
357 3008 603 3064 creator,
629 3011 735 3052 non
753 2997 939 3068 utique
959 3005 1228 3052 creatura.
1256 2995 1323 3050 Et
1351 2995 1478 3067 quia
1501 3009 1653 3050 crea-

85 3090 176 3140 tura
200 3102 296 3143 non
320 3101 433 3158 est,
463 3089 594 3145 sine
619 3089 788 3146 dubio
816 3087 845 3127 ι’
873 3099 1096 3146 creator
1120 3097 1244 3156 est,
1270 3088 1361 3160 qui
1404 3087 1551 3143 Patri
1602 3094 1658 3142 et

1757 485 1841 530 est
1869 493 1882 527 :
1915 486 1937 513 ο
1965 474 2192 545 Spiritui
2220 476 2314 530 Dei
2335 479 2581 534 servimus
2599 479 2782 549 (Phil.
2815 495 2891 541 ιιι.
2926 483 3004 550 3).
3035 481 3362 540 Adnrandus

1757 569 1920 638 igitur
1962 577 2047 625 est
2084 569 2246 624 nobis
2273 613 2286 635 ,
2321 572 2406 626 cui
2437 572 2790 630 serviendum
2820 589 2852 630 a
2877 575 3035 630 nobis
3061 574 3360 644 Apostolus

1755 660 1966 717 docuit:
1989 661 2076 717 cui
2106 665 2286 719 autem
2317 665 2611 731 servimus,
2637 665 2780 722 hunc
2806 675 2860 723 el
2880 666 3191 736 adoramus,
3204 668 3357 740 juxta

1756 752 1900 822 quod
1929 754 2191 822 scriptum
2222 765 2306 811 est
2329 795 2346 823 ,
2377 764 2434 810 ut
2462 756 2652 812 eadem
2689 773 2837 828 saepe
2863 767 3177 829 repetamus
3207 775 3220 814 :
3254 758 3364 814 Du-

1757 847 1956 901 minum
1983 845 2152 902 Deum
2184 858 2327 903 tuum
2348 851 2594 905 adorabis
2619 893 2636 917 ,
2665 860 2712 906 et
2738 852 2815 906 illi
2837 853 2937 907 soli
2957 854 3159 909 seruies.

1831 941 1952 996 145.
1983 940 2322 1012 Quamquam
2351 958 2453 999 nec
2480 943 2584 998 hoc
2611 945 3022 1014 praetermiserit
3045 947 3364 1017 Apostolus,

1757 1030 1884 1101 quin
1907 1040 1962 1086 et
1979 1030 2239 1100 Spiritum
2261 1032 2465 1089 diceret
2483 1033 2838 1091 adorandum.
2869 1035 3032 1110 695
3052 1037 3187 1094 Cum
3217 1039 3360 1094 enim

1757 1122 2102 1180 docuerimus
2142 1126 2270 1196 quia
2292 1125 2528 1197 Spiritus
2576 1129 2629 1182 in
2672 1128 2954 1198 prOphetis
2982 1139 3101 1196 est,
3134 1145 3235 1187 nec
3260 1131 3365 1186 huc

1755 1217 2039 1287 quisquam
2084 1218 2257 1287 possit
2285 1218 2601 1290 ambigere,
2632 1221 2758 1290 quia
2805 1236 2903 1291 per
2947 1222 3206 1291 Spiritum
3239 1237 3366 1294 pro-

1760 1306 1938 1378 phetia
1967 1307 2148 1376 datur,
2178 1306 2206 1346 τι
2235 1310 2422 1380 utique
2449 1326 2574 1367 cum
2601 1311 2860 1367 aduratur
2885 1315 2973 1382 qui
3004 1314 3059 1368 in
3089 1315 3367 1385 prophetis

1759 1408 1861 1465 cst,
1888 1400 2030 1457 idem
2056 1401 2291 1472 Spiritus
2319 1403 2600 1458 aduratur.
2629 1403 2813 1474 Itaque
2841 1405 2922 1460 sic
2951 1405 3226 1462 habes:Si
3246 1424 3369 1462 con-

1759 1494 1927 1548 veniat
1981 1497 2222 1550 universa
2265 1495 2500 1552 Ecclesia
2539 1499 2593 1552 in
2653 1515 2844 1565 unum,
2876 1509 2922 1553 et
2961 1515 3136 1555 omnes
3174 1499 3366 1572 linguis

1755 1585 2075 1657 loquantur,
2121 1589 2275 1644 intret
2322 1599 2492 1645 autem
2536 1590 2702 1645 idt‘ota
2750 1600 2841 1645 aut
2889 1579 3152 1661 inﬁdelis,
3200 1608 3370 1648 nonne

1761 1678 1896 1733 dicet
1921 1680 2062 1751 quod
2088 1682 2347 1736 insanitis.
2380 1682 2478 1737 Sin
2504 1693 2674 1737 autent
2705 1684 3013 1753 prophetent
3039 1699 3216 1738 omnes
3237 1725 3254 1752 ,
3286 1688 3369 1738 in-

1681 1771 1730 1830 B
1757 1775 1851 1826 (ret
1879 1783 2049 1828 autem
2076 1775 2190 1845 quis
2210 1775 2376 1830 idiota
2425 1785 2516 1830 aut
2545 1775 2795 1844 infidelis,
2821 1776 3140 1830 convincitur
3159 1776 3224 1830 ab
3248 1792 3364 1832 om-

1756 1864 1932 1932 nibus,
1976 1866 2294 1936 dijudicatur
2329 1867 2390 1921 ab
2437 1867 2694 1923 omnibus.
2727 1866 2950 1922 Occulta
2991 1869 3146 1922 etiam
3191 1868 3364 1924 cordis

1756 1960 1870 2030 ejus
1897 1959 2172 2029 manifesta
2202 1961 2335 2030 ﬁunt
2352 1977 2372 2026 ;
2392 1971 2441 2016 et
2469 1961 2543 2015 ita
2570 1961 2756 2015 cadens
2781 1961 2834 2013 in
2874 1960 3094 2032 faciem,
3122 1961 3364 2015 adorabit

1756 2047 1922 2104 Deum
1941 2092 1957 2117 ,
1989 2053 2333 2120 pronuntians
2359 2053 2500 2124 quod
2525 2052 2640 2109 vere
2668 2051 2810 2107 Deus
2831 2052 2898 2107 sit
2926 2054 2979 2107 in
3000 2053 3140 2108 vobis
3160 2054 3179 2124 (
3195 2052 3215 2108 l
3242 2052 3364 2108 Cor.

1756 2155 1874 2206 xiv,
1922 2142 1995 2197 25
2038 2143 2272 2214 etseq.).
2316 2144 2459 2200 Deus
2486 2154 2726 2214 estergo
2765 2144 2858 2214 qui
2899 2144 3188 2215 aduratur,
3225 2145 3370 2202 Deus

1752 2231 1846 2302 qui
1868 2242 2082 2299 manet,
2102 2245 2158 2289 et
2177 2235 2269 2305 qui
2293 2235 2530 2306 loquitur
2553 2236 2604 2290 in
2630 2234 2910 2305 prophetis
2935 2253 2948 2288 :
2975 2247 3160 2292 manet
3182 2247 3365 2294 autem

1755 2332 1812 2379 et
1837 2323 2078 2395 loquitur
2103 2325 2373 2395 Spiritus;
2405 2342 2537 2396 ergo
2565 2335 2621 2382 et
2647 2325 2882 2396 Spiritus
2911 2325 3192 2383 aduratur.

2343 2417 2574 2475 CAPUT
2621 2417 2767 2472 XIX.

1757 2517 1831 2560 Ea:
1851 2522 1908 2560 eo
1929 2509 2057 2572 quod
2090 2521 2240 2571 supra
2262 2509 2512 2574 probatum
2527 2516 2573 2562 et
2593 2509 2834 2575 Spiritum
2865 2523 3062 2562 manere
3083 2518 3129 2563 et
3155 2511 3287 2577 loqui
3308 2511 3362 2564 in

1820 2591 2088 2658 prophetis,
2116 2590 2299 2658 colligit
2329 2593 2392 2644 ab
2421 2606 2477 2644 eo
2507 2593 2728 2659 cognosci
2758 2591 2938 2653 onmia,
2963 2606 3074 2659 quae
3102 2592 3194 2646 Dei
3215 2602 3356 2655 sunt;

1817 2682 1960 2740 atque
1989 2676 2114 2728 adeo
2143 2689 2294 2727 unum
2330 2688 2434 2728 esse
2465 2689 2577 2727 cum
2613 2679 2766 2726 Patre
2798 2682 2844 2726 et
2876 2675 3022 2728 Filio.
3050 2679 3160 2729 Hoc
3192 2677 3354 2741 ipsum

1817 2759 2000 2814 exinde
2035 2760 2212 2812 iterum
2242 2758 2496 2826 conﬁrmat
2525 2759 2656 2826 quod
2688 2759 2847 2811 omnia
2877 2759 3036 2822 habet,
3073 2772 3186 2826 quin
3215 2758 3358 2812 habet

1820 2845 1972 2909 Deus,
1995 2857 2166 2907 nempe
2188 2843 2505 2906 divinitatem,
2530 2845 2694 2896 cordis
2717 2843 3052 2911 cognitionem,
3085 2845 3352 2907 veritatem,

1819 2939 1990 2978 nomen
2007 2939 2153 2989 super
2175 2940 2313 2977 omne
2326 2939 2517 2991 nomen,
2534 2933 2814 2992 potestatem
2829 2935 3041 2980 mortuus
3063 2927 3355 2991 suscitaudi,

1820 3009 1949 3074 quod
1970 3007 2192 3061 ultimum
2217 3008 2375 3062 eidem
2405 3009 2662 3073 adjudicat
2691 3024 2755 3063 ea;
2788 3009 3069 3072 Exechiele,
3102 3009 3154 3064 in
3184 3025 3278 3076 quo
3310 3020 3360 3064 et

1824 3096 1987 3161 ipsum
2011 3094 2142 3148 Filio
2163 3095 2404 3160 aequalem
2428 3097 2615 3160 probat.

84 3171 193 3232 Filio
209 3150 528 3251 cuoperator
549 3191 629 3238 est
649 3183 913 3241 omnium.
937 3181 994 3238 Si
1016 3190 1198 3237 autem
1216 3150 1448 3246 creator,
1472 3179 1656 3250 utique
1683 3150 1729 3214 Ο
1831 3150 1956 3236 in.
1992 3181 2180 3252 Itaque
2207 3150 2346 3238 sicut
2379 3150 2540 3237 Pater
2559 3191 2613 3238 et
2643 3181 2815 3238 Filius
2843 3198 3008 3238 unum
3033 3192 3196 3248 sunt;
3231 3185 3361 3254 quia

86 3267 274 3328 dicendo
300 3276 605 3350 Apostolus
635 3278 689 3333 in
732 3277 1247 3334 condemnationem
1282 3275 1608 3349 gentilitatis
1637 3293 1650 3329 :

89 3357 196 3425 Quia
216 3367 490 3424 seruierunt
521 3379 772 3423 creaturae
785 3370 958 3440 potius
987 3385 1141 3440 quam
1169 3366 1406 3424 Creatori
1433 3409 1446 3434 ,
1468 3367 1555 3437 qui
1581 3374 1655 3421 est

86 3446 198 3508 Deus
233 3457 527 3516 benedictus
565 3461 620 3515 in
665 3461 857 3515 sarcula
879 3462 897 3532 (
918 3459 1072 3515 Rom.
1102 3476 1154 3524 ι,
1179 3460 1282 3532 23)
1315 3476 1329 3513 :
1373 3457 1653 3515 suadendo

85 3557 282 3618 quoque,
305 3563 360 3608 ut
389 3568 560 3626 supra
585 3553 604 3627 (
628 3553 748 3607 Lib.
784 3569 852 3620 ιι,
879 3569 996 3624 cap.
1027 3553 1080 3617 5,
1108 3550 1178 3623 6)
1205 3553 1509 3618 docuimus,
1534 3566 1652 3607 ser-

87 3635 299 3697 viendum
321 3660 441 3703 esse
470 3644 707 3716 Spiritui
727 3655 947 3712 sancto;
977 3655 1030 3700 et
1050 3654 1354 3701 creatorem
1380 3643 1646 3710 ostendit,

87 3736 126 3780 εί
150 3732 256 3800 Quia
288 3749 507 3796 creator
535 3747 620 3796 est
640 3738 832 3806 ,Deum
863 3739 1126 3810 appellari
1149 3739 1351 3796 debere
1379 3747 1650 3795 monstra-

87 3819 160 3876 vit.
185 3825 325 3893 Quod
366 3834 540 3888 etiam
570 3832 622 3887 in
655 3832 882 3902 epistola
915 3847 1036 3903 quae
1061 3833 1127 3888 ad
1159 3831 1418 3890 Hebraeos
1446 3831 1647 3902 scripta

89 3923 168 3981 θδπν
193 3924 594 3992 comprehendit
632 3925 822 3982 dicens
852 3941 869 3981 :
903 3925 1159 3992 Quoniam
1187 3927 1275 3995 qui
1304 3926 1478 3980 omnia
1507 3939 1649 3978 crea-

89 4009 162 4072 rit,
186 4011 307 4070 Deus
331 4030 402 4074 est
429 4018 626 4093 (Hebr.
654 4035 733 4084 ιιι,
767 4017 848 4091 4).
877 4019 985 4075 Aut
1009 4019 1193 4075 dicant
1219 4019 1384 4089 igitur
1421 4016 1548 4089 quid
1575 4017 1646 4074 sit

88 4101 201 4164 quod
226 4105 332 4164 sine
358 4109 525 4167 Patre
555 4119 612 4167 et
650 4109 788 4166 Filio
818 4120 874 4166 et
900 4110 1104 4181 Spiritu
1135 4111 1206 4164 sit
1245 4119 1485 4164 creatum
1506 4150 1521 4175 ,
1552 4119 1646 4165 aut

90 4191 304 4261 Sunium
343 4221 565 4280 quoque
602 4206 762 4263 unius
803 4221 927 4263 cum
968 4205 1131 4262 Patre
1158 4213 1215 4261 et
1259 4203 1398 4260 Filio
1427 4202 1645 4260 deitatis

91 4298 184 4344 esse
207 4291 482 4357 fateantur.

144 4381 247 4439 141.
277 4390 624 4450 Adurandum
655 4407 875 4464 quoque
919 4391 1128 4458 docuit,
1161 4405 1321 4462 quem
1353 4390 1641 4446 Dom'mum

94 4472 296 4536 elDeum
325 4483 478 4544 dixit.
510 4487 614 4554 Qui
645 4486 792 4542 enim
817 4487 959 4541 Deus
987 4483 1362 4540 universitatis
1382 4493 1435 4539 et
1463 4482 1638 4538 domi-

95 4576 203 4634 ιιυε,
238 4576 409 4648 utique
454 4580 527 4636 ab
567 4579 825 4634 omnibus
871 4576 1183 4634 adorandus
1225 4584 1342 4644 est;
1372 4576 1450 4633 sic
1493 4575 1639 4632 enim

95 4659 306 4728 serilitum
332 4680 412 4726 est
437 4690 449 4725 :
488 4670 769 4725 Dominum
795 4669 962 4726 Deum
987 4679 1131 4724 tuum
1158 4669 1401 4725 adorabis
1421 4709 1436 4737 ,
1459 4677 1508 4724 et
1541 4665 1643 4740 ipsi

97 4749 170 4800 tuli
192 4759 356 4814 seruies
385 4763 563 4834 (Deut.
597 4779 676 4828 νι,
710 4760 826 4832 l5)-

154 4841 256 4902 ΜΞ.
291 4851 391 4910 Aut
419 4857 601 4912 dicant
632 4856 721 4911 ubi
754 4855 986 4927 legerint
1014 4857 1140 4927 quia
1167 4855 1360 4911 adorat
1383 4855 1635 4927 Spiritus.

1759 3273 1930 3330 Filius
1951 3274 2133 3329 omnia
2156 3273 2340 3340 habet,
2364 3289 2487 3345 qua:
2515 3273 2680 3330 Pater
2707 3274 2872 3331 habet
2898 3273 3082 3348 (Joan.
3115 3275 3359 3346 xv1,lb’):

1756 3368 1830 3424 ita
1857 3382 1912 3425 et
1934 3369 2172 3441 Spiritus
2209 3386 2378 3425 unum
2408 3380 2494 3426 est
2516 3385 2639 3427 cum
2671 3369 2836 3427 Patre
2868 3381 2924 3426 et
2951 3372 3121 3436 Filio;
3145 3371 3270 3442 quia
3299 3381 3356 3427 et

1754 3461 1872 3532 ipse
1901 3463 2081 3518 omnia
2105 3463 2200 3518 Dei
2225 3464 2378 3518 novit
2402 3463 2445 3534 (1
2466 3461 2588 3518 Cor.
2613 3479 2672 3531 ιι,
2709 3463 2820 3534 10).
2844 3463 2962 3520 Νοιι
2997 3466 3144 3520 enim
3173 3474 3360 3521 extor-

1749 3555 1840 3622 sit,
1872 3571 1940 3611 ne
1967 3555 2040 3611 sit
2066 3556 2371 3611 amittenlis
2399 3555 2635 3625 injuria:
2670 3571 2777 3611 non
2811 3557 3028 3627 rapuit,
3085 3573 3156 3612 ne
3205 3557 3359 3614 dam-

1750 3661 1877 3702 num
1904 3648 1977 3703 sit
1998 3649 2136 3718 ejus,
2171 3649 2262 3703 cui
2285 3647 2503 3704 videtur
2534 3657 2810 3719 ereptum.
2844 3648 3032 3718 Neque
3061 3649 3208 3704 enim
3258 3661 3355 3705 aut

1749 3738 2217 3809 perindigentiam
2241 3739 2442 3810 rapuit,
2471 3748 2566 3794 aut
2591 3755 2688 3808 per
2715 3739 3100 3795 excellentiam
3128 3739 3352 3799 virtutis

1749 3830 2034 3884 validioris
2071 3829 2325 3895 extorsit,
2357 3829 2454 3885 sed
2483 3845 2580 3900 per
2611 3829 2882 3885 unitatem
2915 3829 3160 3899 possidet
3199 3839 3353 3902 pote-

1748 3921 1924 3976 statis.
1952 3921 2097 3991 Ergo
2124 3921 2171 3976 si
2195 3920 2313 3978 hac
2340 3922 2524 3976 omnia
2551 3931 2836 3992 operatur,
2862 3923 2990 3994 quia
3010 3923 3191 3979 omnia
3220 3939 3352 3996 opc-

1745 4022 1900 4071 ratur
1943 4028 2085 4068 unus
2124 4023 2290 4085 atque
2339 4013 2483 4070 idem
2533 4012 2771 4084 Spiritus
2821 4013 2881 4086 (l
2933 4013 3058 4070 Cor.
3092 4032 3190 4085 χιι,
3224 4017 3339 4090 ll);

1743 4106 2021 4180 quomodo
2072 4122 2179 4162 non
2229 4107 2404 4175 Deus,
2435 4107 2528 4177 qui
2575 4106 2758 4162 omnia
2807 4108 2993 4177 habet,
3046 4125 3170 4180 qua:
3201 4111 3347 4168 Deus

1743 4198 1946 4256 habet?

1817 4293 1941 4350 145.
1979 4293 2090 4350 Aut
2127 4293 2540 4352 consideremus
2585 4295 2714 4368 quid
2745 4295 2946 4354 habeat
2981 4297 3149 4366 Deus,
3193 4301 3340 4371 quod

1743 4402 1850 4444 non
1876 4387 2073 4445 habeat
2092 4389 2329 4460 Spiritus
2359 4399 2606 4446 sanctus.
2649 4388 2826 4448 Habet
2844 4391 2991 4448 Deus
3016 4391 3180 4448 Pater
3203 4392 3344 4448 divi-

1743 4481 1971 4540 nitatem
1992 4525 2010 4552 ,
2041 4481 2206 4540 habet
2233 4492 2290 4539 et
2316 4481 2525 4549 Filius,
2556 4483 2612 4538 in
2640 4498 2752 4554 quo
2805 4483 3016 4540 habitat
3059 4485 3344 4556 plenitudo

1744 4577 2083 4634 divinitatis:
2141 4577 2305 4634 habet
2347 4586 2402 4634 et
2445 4578 2722 4649 Spiritus;
2763 4580 2888 4649 quia
2915 4579 3176 4650 scriptum
3209 4589 3339 4636 est:

1744 4669 1978 4743 Spiritus
2007 4670 2209 4726 divinus
2232 4671 2321 4742 qui
2348 4680 2424 4726 est
2449 4670 2505 4724 in
2526 4669 2738 4724 naribus
2761 4670 2884 4726 meis
2909 4669 3074 4744 (Job.
3105 4686 3239 4737 xvu,
3255 4669 3332 4742 5).

1816 4763 1942 4819 146.
1985 4762 2163 4819 Habet
2207 4763 2346 4818 Deus
2393 4771 2454 4816 ut
2500 4770 2774 4818 scrutetur
2809 4762 2976 4818 corda
3031 4771 3088 4818 et
3145 4777 3338 4828 renes;

1740 4855 1866 4927 quia
1888 4853 2152 4924 scriptum
2177 4862 2298 4910 est:
2321 4852 2462 4908 Deus
2478 4863 2714 4908 scrutatis
2741 4853 2900 4908 corda
2926 4862 2973 4909 et
2997 4869 3141 4910 renes
3161 4853 3336 4927 (Psal.

99 4927 271 4997 Dictum
305 4960 383 5004 est
421 4955 565 5009 enim
595 4951 664 5008 de
693 4950 790 5008 Dei
827 4950 968 5007 Filio
998 4969 1012 5006 :
1038 4951 1264 5007 Adorent
1304 4969 1422 5007 eum
1461 4968 1636 5006 omnes
1741 4963 1836 5013 vn,
1862 4946 1971 5016 l0).
1994 4945 2168 5001 Habet
2187 4952 2242 5000 et
2271 4943 2475 5011 Filius,
2507 4945 2600 5014 qui
2628 4945 2878 5001 dicebat:
2914 4946 3055 5012 Quid
3097 4947 3339 5018 cogitatis

99 5033 235 5117 (ξηροιὶ
269 5043 370 5112 ejus
397 5047 601 5117 (Hebr.
645 5062 696 5113 1,
743 5045 859 5116 6):
907 5060 1014 5102 non
1054 5045 1254 5101 lectum
1295 5054 1412 5114 est,
1451 5044 1642 5100 adoret
1739 5042 1796 5096 in
1822 5037 2060 5094 cordibus
2081 5037 2262 5092 vestris
2291 5036 2429 5090 mala
2461 5035 2678 5106 (Matth.
2707 5053 2784 5101 ix,
2813 5036 2872 5109 4)
2898 5040 2921 5094 ‘2
2945 5037 3168 5095 Sciebat
3193 5040 3341 5095 enim

99 5111 312 5209 §piritus.
359 5111 640 5204 Quomodo
682 5111 831 5195 enim
881 5146 1063 5209 potest
1105 5138 1365 5203 adorare,
1395 5111 1486 5208 qui
1533 5151 1641 5194 non
1743 5131 1904 5189 Jesus
1951 5129 2316 5202 cogitationes
2357 5144 2569 5185 eorum.
2627 5128 2804 5186 liabet
2847 5140 2903 5186 et
2953 5129 3221 5202 Spiritus,
3250 5132 3346 5204 qui

103 5203 215 5268 inter
253 5219 467 5288 famulos
510 5241 567 5289 et
595 5231 878 5288 ministros
911 5239 1034 5298 est,
1079 5229 1173 5287 sed
1225 5244 1350 5286 cum
1402 5229 1564 5286 Patre
1591 5242 1646 5287 et

161 5393 383 5481 illum
407 5410 534 5466 edit.
562 5425 629 5468 ae
659 5412 829 5467 multo
858 5411 1044 5481 plures
1065 5425 1224 5474 mss.,
1247 5420 1515 5481 peccatum
1541 5427 1644 5467 non

108 5453 259 5529 habet;
280 5475 390 5554 cod.
421 5453 1646 5553 subiit:ﬁt...£1.23“;hauthaut...

107 5539 236 5598 ἔκιες
264 5540 342 5598 Illc
365 5551 498 5598 ettim
528 5557 581 5598 in
609 5568 675 5598 an
703 5569 811 5598 nnn
853 5563 938 5598 est
981 5553 1329 5598 Amhrnsinn-
1360 5563 1422 5598 ιιι
1456 5556 1646 5598 nrnlmt

111 5594 340 5696 δηίτίὶυιίί
354 5594 956 5691 ιῖἐέὲξιὲἠ”ο”ηῖεὶἱ)εἷῖ,
976 5594 1303 5695 ἒὲἱῖῖρέἶὶἕ
1317 5594 1554 5696 ’pé'c'cii;
1561 5594 1651 5682 ’ἁῖἶ

116 5678 409 5748 ωἶιίὲτθμηι
438 5692 695 5748 disputat.

1347 5777 1404 5824 ..

505 5856 784 5921 ΡΑτιιοι..
827 5855 1000 5922 XVI.
1066 5932 1073 5937 _

279 5543 342 5600 tie
365 5551 498 5607 enim
528 5557 581 5608 in
609 5568 675 5608 eo
703 5569 811 5627 non
853 5543 938 5609 est
976 5553 1333 5627 Ambrosius,
1360 5563 1422 5609 ut
1455 5543 1678 5627 probet-

1747 5226 1914 5284 etiam
1941 5223 2227 5297 prophetis
2255 5222 2418 5280 alieni
2439 5221 2622 5279 cordis
2665 5223 2883 5280 occulta
2913 5223 3245 5294 manifestat,
3274 5226 3348 5281 si-

1746 5409 1900 5477 edit.,
1931 5417 2233 5483 creaturest
2268 5408 2528 5477 omnium,
2561 5405 2714 5463 Patri
2743 5419 2790 5465 et
2817 5405 2866 5463 F
2869 5408 2960 5464 ilio
2985 5408 3074 5479 qui
3093 5423 3346 5483 coopera-

1749 5491 1831 5538 tus
1852 5489 1926 5536 est
1941 5481 1995 5534 in
2015 5479 2266 5535 omnibus.

1825 5563 1847 5624 ς
1880 5550 1991 5624 Ult.
2025 5551 2157 5624 edit.
2179 5594 2193 5618 ,
2221 5551 2445 5624 Spiritui
2470 5549 2580 5606 Deo
2605 5551 2874 5624 servimus.

1823 5620 1850 5661 (1
1889 5621 2147 5679 Nonnulli
2189 5620 2346 5688 mss.,
2375 5623 2548 5692 utique
2581 5639 2695 5678 cum
2720 5620 2830 5676 Deo
2853 5624 3126 5688 servimus;
3156 5623 3346 5680 aduru-

1756 5705 1840 5751 tur
1863 5696 1949 5767 qui
1976 5696 2032 5751 in
2055 5693 2319 5766 prophetis
2346 5704 2440 5764 est,
2466 5691 2525 5746 id
2551 5703 2649 5763 est,
2681 5693 2912 5766 Spiritus
2935 5695 3206 5751 aduratur.

2845 5859 2924 5921 26
