3956 6170
162 236 246 293 818
1246 226 1337 282 DE
1376 222 1646 281 SPIRITU
1686 218 1958 280 SANCTO
1993 219 2123 277 LIB.
2169 219 2253 275 Ill.
3286 221 3393 280 8“

157 344 233 417 te)
256 341 375 398 aed
400 355 495 395 nos
523 355 618 411 per
647 337 1023 409 adoptionem,
1048 337 1147 394 ille
1191 352 1289 407 per
1329 345 1653 407 potestatem
1678 352 1692 388 :
1724 337 1777 399 Α
1800 345 1900 389 nec
1923 332 2089 387 linem
2121 331 2304 398 habet,
2331 331 2509 388 omnis
2545 332 2617 390 ab
2657 333 2761 389 bac
2784 335 3093 405 cognitione
3131 338 3387 410 principii

157 452 239 493 nos
254 435 427 506 gratia.
455 434 542 489 ille
565 441 777 489 natura.
1798 424 1917 494 ejus
1943 433 1998 479 et
2027 423 2149 478 linis
2200 438 2395 480 cursus
2433 434 2738 494 temporum
2776 425 3025 483 feriatur.
3059 428 3216 485 Stant
3260 446 3395 501 ergo

219 529 321 584 iss.
353 525 522 581 Habet
548 524 710 595 igitur
729 524 1064 580 consortium
1089 524 1244 595 regni
1284 537 1408 578 cum
1440 522 1601 579 Patre
1642 529 1701 578 et
1801 517 2075 588 praeterita
2122 518 2210 573 vel
2239 516 2441 577 futura.
2482 519 2770 588 prasentia
2795 518 3000 574 volant.
3048 519 3131 577 Ne
3179 537 3396 593 quaeras

1803 608 2051 680 principii
2079 608 2221 679 ejus,
2250 610 2338 665 vel
2356 608 2483 665 linis
2510 624 2730 675 arcana,
2757 626 2883 681 qum
2913 626 3022 668 non
3049 620 3198 668 sunt.
3220 612 3401 670 Habes

1803 703 2091 773 praesentia
2114 720 2128 757 :
2161 702 2257 759 sed
2280 702 2517 769 laudato,
2553 719 2661 759 non
2681 704 2912 762 discute.

1878 794 2003 851 166.
2045 795 2331 864 Seraphim
2362 794 2651 854 indefessis
2689 798 2913 853 vocibus
2960 799 3203 865 laudant,
3233 809 3293 856 et
3341 808 3398 857 tu

1804 889 2072 946 discutis?
2099 889 2253 957 Quod
2281 891 2470 961 utique
2507 905 2631 947 cum
2664 890 2891 959 iaciunt,
2920 893 3213 949 ostendunt
3244 894 3403 950 nobis

1807 998 1916 1038 non
1936 983 2234 1054 aliquando
2255 984 2656 1040 discutiendum
2693 985 2883 1053 Deum,
2911 986 3005 1042 sed
3033 1002 3251 1057 semper
3280 1002 3406 1044 esse

1806 1077 2158 1134 laudandum.
2194 1077 2340 1148 Ergo
2360 1078 2629 1134 Dominus
2659 1079 2897 1133 Sabaoth
2934 1089 2991 1135 et
3016 1080 3249 1152 Spiritus
3270 1094 3404 1136 san-

1807 1181 1929 1226 ctus
1954 1182 2059 1226 est.
2091 1169 2262 1242 [Alias
2291 1187 2409 1241 cap.
2441 1170 2661 1242 ΧΧΙΙΙ.)
2693 1171 2807 1227 Nisi
2848 1173 2988 1228 forte
3024 1172 3278 1244 displicet
3305 1173 3411 1228 im-

1807 1264 1914 1335 piis
1941 1263 2166 1330 doctor,
2210 1278 2370 1334 quem
2422 1262 2680 1320 Christus
2728 1265 2922 1335 elegit:
2979 1277 3073 1321 aut
3124 1265 3410 1322 Dominum

1809 1355 2070 1411 virtutum
2119 1370 2323 1426 negare
2376 1367 2607 1425 possunt
2655 1357 2920 1427 Spiritum
2978 1366 3226 1417 sanctum
3254 1399 3269 1425 ,
3319 1358 3412 1428 qui

1810 1447 1978 1503 donat
1999 1461 2134 1518 quas
2153 1448 2388 1503 voluerit
2412 1448 2530 1518 ipse
2550 1450 2799 1505 virtutes.

156 620 270 675 Filio
288 619 433 674 etiam
455 616 689 687 Spiritus
711 626 954 682 sanctus,
976 617 1067 688 qui
1088 618 1251 672 unius
1275 627 1506 681 naturae,
1539 615 1701 670 unius

154 709 516 776 dominationis,
543 709 702 766 unius
721 708 887 764 etiam
918 710 1203 777 potestatis
1227 717 1329 764 est.

694 800 923 858 CAPUT
962 800 1109 857 XXI.

153 897 324 951 lissam
343 910 372 948 a
398 893 581 960 Spiritu
602 893 753 960 fuisse
774 892 990 955 Esaiam,
1018 895 1320 960 proindeqtte
1341 894 1565 946 attendens
1582 889 1700 955 Spi-

201 979 328 1032 ritum
355 980 412 1030 ab
446 993 503 1033 ro
538 978 706 1033 rimas.
750 976 880 1042 Quid
915 991 1005 1045 per
1039 983 1288 1032 currentes
1317 984 1468 1035 rotas.
1504 976 1706 1042 alasque

201 1064 393 1117 diversas
430 1062 819 1130 uttetligendum,
852 1070 897 1115 et
930 1077 1028 1129 qua
1059 1064 1245 1116 ratione
1274 1076 1386 1115 cum
1419 1059 1633 1126 Spiritus
1673 1074 1705 1112 a

197 1147 430 1213 Seraphin:
451 1147 740 1211 praedicetur
767 1148 897 1198 Deus
916 1146 1144 1209 Sabaoth,
1168 1147 1257 1197 hoc
1280 1145 1325 1197 ei
1344 1158 1515 1198 nomen
1536 1142 1707 1213 negari

200 1229 280 1281 nisi
299 1231 357 1280 ab
378 1229 536 1293 impiis
554 1229 834 1295 neutiquam
851 1229 1017 1295 possit.
1146 1268 1151 1273 .

208 1332 314 1388 l59.
366 1331 548 1406 [Alias
569 1349 687 1405 cap.
727 1332 944 1405 XXlll.]
975 1334 1159 1406 Itaque
1200 1349 1323 1389 cum
1353 1334 1705 1390 babeatcon-

152 1426 346 1480 sortium
376 1426 553 1496 regni,
589 1426 716 1496 quid
747 1426 930 1482 obstat
964 1425 1255 1495 quominus
1287 1425 1549 1496 Spiritum
1585 1442 1708 1481 San-

150 1525 272 1620 ctum
297 1518 679 1620 intelligamus,
713 1532 868 1589 aquo
900 1518 1094 1620 Esaias
1116 1518 1317 1620 missus
1357 1518 1476 1620 est‘i
1521 1516 1708 1588 Neque
2018 1516 2027 1518 ⁷
2383 1516 2613 1620 CAPUT
2662 1562 2813 1619 xx"

152 1610 272 1664 enim
296 1610 453 1664 Paulo
481 1625 769 1680 possumus
797 1620 1023 1666 auctore
1060 1610 1313 1666 dubitare
1336 1653 1350 1676 ,
1392 1610 1550 1680 cuius
1580 1626 1709 1666 sen-
1819 1653 1882 1705 ω
1904 1651 2045 1717 nam.
2074 1649 2235 1705 mm
2259 1610 3014 1720 νοω]ῐᾶλῶ
3046 1656 3222 1711 ώσω
3256 1658 3419 1712 nam

152 1703 347 1759 tentiam
377 1705 428 1758 in
464 1703 690 1758 Actibus
726 1704 1099 1774 apostolorum
1153 1703 1329 1758 Lucas
1374 1703 1711 1773 evangelista
1741 1732 1789 1792 Β
1830 1703 1839 1705 ἡ
2029 1703 2324 1796 expendat
2350 1703 2438 1784 ge"
2460 1703 2605 1787 iu‘
2629 1703 2852 1799 ἆ
2867 1703 3230 1789 ἆλ-Ξϐνίἇῶ
3253 1703 3420 1792 gi};

150 1797 215 1852 sic
231 1798 483 1868 protiavit,
513 1808 573 1853 ut
592 1798 880 1855 scriberet.
906 1799 1150 1867 Denique
1170 1798 1250 1853 sic
1280 1799 1471 1863 habes,
1493 1799 1713 1854 dicente
1879 1811 2007 1866 Filio
2030 1812 2105 1865 υει
2135 1816 2198 1866 de
2220 1812 2413 1879 Spiritu
2435 1797 2785 1879 expositus'sit,
2806 1816 2992 1871 nullam
3020 1834 3187 1874 sensus
3211 1822 3421 1875 diversi-

150 1889 323 1945 Paulo:
356 1889 492 1945 Bene
520 1891 724 1946 locutus
773 1900 846 1945 est
876 1889 1105 1963 Spiritus
1133 1900 1341 1945 sanctus
1382 1906 1472 1961 per
1503 1888 1713 1944 Esaiam

149 1984 205 2036 ad
225 1992 380 2054 patres
411 1994 651 2051 nostros,
680 1985 858 2040 dicens
880 1999 900 2038 :
936 1983 1079 2038 Vade
1118 1983 1188 2039 ad
1234 1982 1431 2055 plebem
1458 1984 1609 2037 istaut
1628 2024 1644 2050 ,
1668 1993 1717 2037 et

149 2073 244 2127 dic:
267 2074 397 2130 Aure
411 2076 660 2141 audietis,
685 2086 733 2129 et
751 2092 853 2130 non
884 2076 1217 2146 intelligetis;
1246 2086 1295 2129 et
1322 2074 1549 2131 videntes
1571 2074 1715 2131 vidc-

151 2165 265 2231 bitis,
294 2177 338 2222 et
364 2185 465 2222 non
491 2170 753 2239 aspicietis
782 2170 920 2240 (Act.
956 2185 1143 2230 xxvm,
1172 2168 1264 2235 25,
1296 2169 1411 2238 26).

1879 1910 2023 1953 tatem
2051 1900 2202 1969 fuisse
2223 1901 2521 1957 declaratur.
2546 1904 2627 1960 Ad
2660 1903 2767 1957 lucc
2789 1905 3038 1970 maiestate
3065 1905 3275 1972 Spiritui
3310 1907 3425 1973 inde

1881 1992 2088 2046 asserta,
2128 1988 2257 2050 quod
2293 1985 2566 2045 cruciﬁxus
2608 1988 2804 2040 dicatur
2847 1991 3081 2044 Dominus
3126 1992 3422 2057 maiestatis,

1881 2068 1988 2134 ejus
2022 2082 2133 2120 cum
2159 2071 2311 2120 Patre
2344 2084 2402 2120 ac
2441 2069 2571 2121 Fdio
2600 2078 2733 2122 tanta
2770 2072 3022 2137 wqualttas
3060 2076 3351 2139 ostenditur,
3376 2084 3430 2128 ut

1882 2151 2040 2217 ipsum
2056 2151 2168 2203 hinc
2195 2167 2458 2219 numquam
2480 2152 2719 2218 deiecturi
2740 2156 2837 2207 sint
2860 2156 3053 2210 Ariani.
3154 2172 3163 2180 '

212 2258 311 2315 160.
356 2259 595 2331 Spiritus
617 2276 746 2332 ergo
774 2271 876 2329 est,
901 2261 992 2331 qui
1023 2262 1170 2315 misit
1200 2263 1436 2315 Esaiam.
1470 2261 1529 2317 Si
1553 2261 1721 2333 698

148 2350 353 2421 Spiritus
412 2357 586 2423 misit,
637 2355 871 2425 Spiritus
911 2366 995 2409 est
1041 2356 1232 2425 utique
1283 2371 1470 2426 quem,
1503 2366 1721 2411 mortuo

148 2441 251 2499 Otia
278 2462 417 2519 rege,
449 2448 587 2502 vidit
616 2446 827 2514 Esaias,
850 2446 1067 2519 quando
1088 2447 1223 2501 dixit
1246 2465 1262 2502 :
1301 2446 1421 2501 Vidi
1448 2446 1722 2502 Dominum

150 2534 355 2591 Sabaodt
378 2540 637 2593 sedentem
660 2554 813 2610 super
831 2537 1075 2593 thronum
1100 2537 1359 2592 excelsum
1380 2548 1428 2592 et
1450 2539 1721 2606 eleuatum,

147 2637 188 2683 et
213 2631 352 2700 plena
385 2645 496 2688 erat
530 2632 715 2687 domus
745 2632 1028 2707 majestatis
1055 2636 1165 2707 ejus
1191 2649 1208 2686 :
1237 2641 1284 2686 et
1318 2631 1591 2704 Seraphim
1618 2641 1728 2685 sta-

149 2721 251 2776 bant
268 2724 318 2777 in
354 2725 584 2780 circuitu
606 2726 750 2796 ejus;
780 2741 873 2779 sex
901 2723 1001 2779 ala:
1029 2724 1139 2789 uni,
1171 2735 1217 2778 et
1236 2741 1325 2778 sea:
1351 2724 1451 2778 ala:
1475 2722 1647 2790 alteri,
1680 2731 1728 2776 et

1894 2257 2018 2312 l65.
2062 2258 2214 2314 Nunc
2260 2259 2521 2314 unitatem
2567 2260 2868 2329 maiestatis
2903 2274 2959 2317 et
2995 2265 3146 2335 regni
3198 2266 3327 2321 licet
3377 2267 3431 2322 in

1823 2350 2007 2418 Patre,
2038 2350 2312 2420 Filioque,
2340 2361 2395 2407 et
2416 2362 2610 2407 sancto
2646 2353 2858 2422 Spiritu
2907 2370 3262 2426 cognoscere.
3295 2357 3433 2415 Nam

1826 2444 2073 2515 plerique
2116 2444 2304 2501 dicunt
2347 2444 2564 2501 Patrem
2592 2445 2953 2519 mDeum
3011 2448 3080 2507 ab
3112 2449 3272 2507 Esaia
3331 2450 3439 2509 hoc

1829 2544 2076 2607 tempore
2113 2537 2285 2592 visum
2321 2536 2509 2609 (Esai.
2538 2553 2613 2602 Vl,
2649 2537 2728 2609 l),
2754 2538 2950 2595 Paulus
2981 2541 3243 2613 Spiritum
3272 2544 3432 2613 dixit,

1827 2626 2005 2683 Lucas
2034 2628 2282 2697 probavit
2312 2626 2455 2700 (Act.
2497 2644 2686 2697 xxvut,
2716 2628 2830 2701 25),
2865 2629 3106 2688 Joannes
3138 2635 3432 2706 Evangeli-

1828 2732 1910 2776 sta
1940 2721 2005 2776 ad
2030 2720 2227 2776 Filium
2250 2722 2457 2777 retuln.
2482 2720 2575 2777 Sic
2601 2724 2747 2777 enim
2793 2726 3055 2795 scriptum
3088 2736 3173 2783 cst
3195 2726 3264 2783 de
3298 2727 3441 2783 Filio

150 2814 322 2874 duabus
349 2819 593 2875 uelabant
626 2819 811 2890 [aciem
843 2821 979 2891 ejus,
1004 2828 1048 2872 et
1071 2818 1271 2872 duabus
1314 2818 1549 2872 uelabant
1578 2817 1729 2884 pedes
1830 2812 2008 2883 (Joan.
2042 2829 2140 2879 xu,
2164 2812 2266 2885 56)
2293 2813 2682 2870 :Hteclocutus
2701 2825 2776 2871 est
2800 2816 3043 2884 Jesus,et
3068 2818 3220 2886 abiit,
3243 2830 3291 2875 et
3310 2820 3431 2877 abs-

149 2912 272 2981 ejus,
302 2923 344 2966 et
385 2914 598 2969 duabus
638 2913 909 2978 volabant,’
936 2922 984 2967 et
1012 2912 1307 2967 clamabant
1336 2912 1467 2966 alter
1504 2912 1571 2967 ad
1600 2914 1731 2966 alte—
1829 2905 2006 2959 condit
2027 2923 2081 2960 se
2105 2906 2168 2959 ab
2197 2906 2297 2960 his.
2324 2904 2454 2961 Cum
2484 2916 2657 2962 autem
2686 2917 2831 2963 tanta
2852 2911 2999 2980 signa
3025 2912 3230 2982 fecisset
3256 2928 3434 2973 coram

148 3016 262 3070 rum,
288 3015 333 3058 et
359 3006 647 3061 dicebant:
679 3004 926 3069 Sanctus,
960 3013 1192 3073 sanctus,
1225 3015 1433 3058 sanctus
1472 3001 1720 3058 Dominus

1837 2996 1926 3064 eis,
1954 3014 2055 3052 non
2082 2999 2353 3052 credebant
2385 2999 2438 3053 in
2468 3015 2611 3066 eum;
2648 3010 2703 3055 ut
2731 3016 2900 3056 sermo
2917 2999 3093 3060 Esaia:
3114 3004 3436 3078 impleretur,

148 3094 267 3153 Deus
303 3099 533 3156 Sabaoth
568 3117 588 3155 :
632 3103 785 3171 plena
830 3110 901 3154 est
953 3100 1193 3155 universa
1224 3106 1250 3135 ἰ
1282 3108 1419 3154 terra
1466 3099 1720 3169 majestatt

1837 3104 1985 3158 quem
2016 3087 2150 3143 dixit
2174 3105 2193 3143 :
2216 3087 2458 3156 Domine,
2488 3092 2603 3161 quis
2632 3092 2853 3149 credidit
2897 3093 3103 3152 auditui
3146 3108 3344 3167 nostra,
3393 3108 3443 3155 et

149 3193 242 3264 ej“,
267 3192 433 3265 (Εεηί,
469 3211 553 3263 τι,
587 3194 611 3247 ι
642 3203 689 3247 ει
714 3191 866 3264 δρψ),
1839 3181 2105 3235 brachium
2147 3181 2357 3237 Domini
2402 3184 2484 3237 cui
2522 3185 2802 3242 revelatum
2851 3197 2924 3242 est
2964 3186 3150 3261 (Esai.
3184 3206 3274 3249 uit
3298 3232 3313 3258 ,
3342 3190 3443 3263 l)?

207 3284 319 3340 161.
362 3287 423 3343 Si
479 3285 709 3343 stabant
746 3282 1056 3353 Scrapliim,
1110 3282 1382 3353 quomodo
1438 3282 1720 3338 volabant?

1838 3272 2126 3347 Propterea
2179 3294 2283 3332 non
2329 3288 2565 3349 poterant
2619 3279 2828 3336 credere
2850 3322 2865 3348 ,
2903 3284 3028 3352 quia
3084 3285 3269 3342 iterum
3309 3287 3445 3343 dixit

150 3373 197 3429 Si
219 3378 483 3445 volabant,
510 3375 794 3450 quomodo
819 3374 1075 3435 stabant?
1103 3376 1156 3429 Si
1183 3376 1285 3430 hoc
1308 3389 1418 3430 non
1448 3389 1720 3442 possumut

1838 3363 2066 3424 Esaias:
2116 3366 2409 3425 Excazcavit
2456 3372 2634 3428 oculos
2684 3390 2901 3440 eorum,
2948 3388 2997 3432 et
3044 3378 3304 3436 induravit
3353 3398 3445 3437 cor

147 3470 636 3540 campi-ehendere’
695 3466 970 3537 quomodo
1040 3463 1208 3523 Deum
1265 3466 1735 3539 cumprehenderc
1836 3475 2038 3530 eorum,
2091 3472 2146 3515 ut
2191 3480 2293 3517 non
2325 3463 2531 3519 videant
2573 3465 2761 3529 oculis,
2814 3476 2862 3522 et
2913 3469 3075 3525 corde
3124 3473 3443 3544 intelligant,

148 3561 399 3630 Volumus,
428 3579 603 3634 quem
631 3578 738 3618 non
773 3560 1058 3615 videmus?
1837 3561 1885 3605 et
1915 3563 2298 3622 convertantur,
2325 3566 2373 3610 et
2396 3555 2587 3611 sanabo
2607 3572 2693 3613 eos
2716 3557 2890 3629 (Esai.
2918 3575 2991 3626 γι,
3018 3560 3131 3632 10).
3168 3561 3298 3619 Haec
3318 3566 3448 3620 dicit

208 3655 318 3711 162.
359 3656 467 3712 Sed
518 3657 659 3711 sicut
708 3664 884 3710 rotam
919 3654 1058 3708 intra
1110 3665 1284 3708 rotam
1329 3651 1547 3726 (Ezech.
1577 3653 1733 3726 ι,16)
1841 3642 2068 3712 Εδαίαδ,
2099 3646 2308 3715 quando
2342 3648 2469 3700 vidit
2522 3651 2844 3719 majestatem
2871 3650 3005 3719 ejus,
3054 3661 3100 3705 et
3127 3652 3330 3707 locutus
3364 3666 3443 3711 est

147 3747 263 3803 vidit
290 3750 563 3820 pr0pheta
589 3758 900 3803 currentem
920 3746 1086 3819 (quod
1118 3746 1302 3817 utique
1328 3764 1434 3800 non
1455 3747 1521 3801 ad
1545 3761 1734 3814 corpo-
1840 3734 1903 3788 de
1923 3752 2003 3790 εο-

144 3839 255 3896 ralis
282 3842 532 3899 refertur
546 3841 785 3911 speciem
813 3838 1069 3907 visionis,
1094 3840 1187 3893 sed
1212 3839 1275 3893 ad
1302 3835 1585 3908 utriusque
1614 3852 1737 3908 grao
1914 3826 2036 3881 166·
2082 3826 2198 3896 Ipsa
2226 3827 2389 3883 Verba
2432 3827 2567 3884 άίκίι
2599 3829 2838 3887 δυθηιιθε
2864 3830 3070 3888 ἀίιίεεθ
3107 3833 3325 3891 Esaiam
3344 3875 3360 3901 ν
3386 3849 3445 3894 Bt

147 3930 258 3986 tiam
282 3933 630 3990 Testamcmi
663 3951 677 4000 ;
711 3933 837 4003 quia
889 3942 1033 3987 teres
1061 3933 1173 3986 vita
1206 3914 1519 3984 sanctorum
1550 3928 1640 3993 sit,
1686 3936 1739 3983 et
1842 3917 2182 3989 male“an
2209 3918 2401 3973 9mm
2430 3920 2753 3991 apparuisse
2788 3920 3198 3983 θνίάνυιίεείιιιθ
3228 3927 3441 3985 revela-

147 4022 211 4079 ita
236 4027 333 4083 sibi
354 4030 688 4093 concinens,
710 4035 768 4081 ut
792 4024 1168 4095 superioribus
1191 4024 1492 4096 posteriora
1514 4035 1739 4089 re3p0n-
1841 4011 1917 4067 vit
1951 4031 1964 4067 :
1998 4011 2197 4067 Paulus
2223 4024 2406 4069 autem
2424 4013 2688 4085 Spiritum
2717 4014 2834 4071 haec
2861 4015 3069 4075 dixisse
3096 4022 3443 4078 memoravit.

147 4114 307 4174 deant.
331 4121 472 4177 Rota
518 4119 686 4191 igitur
731 4118 874 4173 intra
926 4126 1101 4172 rotam
1158 4126 1241 4170 est
1271 4116 1376 4168 vita
1426 4115 1529 4169 sub
1570 4112 1737 4185 Lege,
1841 4102 1998 4160 Unde
2026 4103 2315 4175 igiturista
2340 4105 2667 4163 diversitas?

145 4211 239 4265 vita
266 4214 367 4270 sub
389 4212 613 4286 gratia;
644 4226 709 4267 eo
740 4209 881 4282 quod
923 4208 1110 4265 Judtea
1141 4208 1282 4261 intra
1316 4205 1610 4260 Ecclesiatu
1644 4206 1712 4261 sit

1916 4195 2037 4252 167.
2081 4195 2380 4253 Diversitas
2420 4198 2640 4270 quidem
2678 4199 2997 4269 verborum,
3042 4219 3151 4261 non
3185 4218 3445 4264 sensuum

148 4298 242 4357 Lex
292 4306 434 4361 intra
483 4304 743 4377 gratiam.
793 4302 927 4357 Nam
976 4300 1120 4355 intra
1150 4297 1449 4353 Ecclesium
1505 4307 1619 4364 est,
1650 4298 1738 4369 qui
1843 4298 1946 4345 est.
1976 4289 2108 4345 Nam
2138 4291 2268 4347 licet
2293 4290 2513 4348 diversa
2546 4292 2817 4363 dixerint,
2849 4296 3029 4353 nullus
3053 4300 3289 4365 erravit;
3322 4302 3444 4370 quia

148 4393 345 4456 Iudaeus
374 4410 461 4457 est
506 4400 567 4454 in
609 4397 865 4452 occulto:
910 4406 965 4451 et
994 4392 1337 4450 circumcisio
1386 4390 1571 4448 cordis
1597 4392 1738 4446 intra
1844 4392 1900 4440 et
1921 4384 2079 4441 Pater
2105 4387 2322 4443 videtur
2355 4388 2410 4444 in
2449 4388 2626 4458 Filio,
2667 4390 2759 4462 qui
2790 4392 2972 4449 dixit:
3015 4394 3120 4461 Qui
3156 4412 3236 4452 nte
3274 4397 3444 4465 videt,

153 4485 437 4546 Ecclesiam
487 4498 895 4547 sacramentum
927 4496 1031 4541 est.
1076 4484 1185 4540 Sed
1214 4483 1307 4538 illa
1360 4482 1547 4538 Judaea
1597 4483 1738 4538 intra
1766 4496 1821 4557 Ι)
1844 4480 1979 4535 videt
2008 4490 2054 4535 et
2089 4480 2297 4538 Patrem
2341 4483 2536 4557 (Joan.
2569 4502 2684 4554 xw,
2714 4487 2800 4558 9).
2835 4487 2904 4545 Et
2948 4487 3120 4546 Filius
3141 4490 3355 4546 videtur
3394 4492 3449 4547 in

150 4577 434 4639 Ecclesiam
464 4626 481 4648 ,
524 4582 596 4636 de
637 4594 743 4650 qua
775 4580 1037 4648 scriptum
1088 4585 1171 4631 est
1200 4574 1387 4647 (Ριιαι.⁵
1407 4591 1606 4643 Lxxxv,
1642 4575 1695 4647 1)
1726 4593 1739 4629 :
1846 4571 2079 4642 Spiritu;
2115 4575 2240 4646 quia
2261 4576 2399 4631 sicut
2430 4593 2575 4633 nemo
2601 4579 2727 4633 dicit
2752 4580 3030 4636 Dominum
3059 4582 3237 4638 Iesum
3264 4581 3367 4636 nisi
3396 4582 3451 4637 in

156 4672 308 4732 Notus
330 4680 384 4733 in
415 4677 617 4733 Judrra
646 4673 786 4729 Deus
812 4690 830 4728 :
862 4688 991 4743 ergo
1019 4672 1159 4727 sicut
1208 4680 1328 4726 rota
1384 4671 1523 4726 intra
1571 4683 1742 4725 rmam
1850 4666 2056 4745 Spiritu
2077 4681 2257 4723 sancto
2285 4669 2340 4741 (1
2367 4669 2489 4726 Cor.
2525 4687 2636 4739 sn,
2662 4669 2765 4743 3);
2799 4675 2872 4729 ita
2900 4691 3007 4731 non
3029 4677 3232 4733 carnali
3264 4678 3447 4745 oculo,

152 4773 328 4840 currit,
359 4772 625 4828 similiter
644 4770 745 4823 alae
774 4770 1019 4832 stabant,
1044 4774 1100 4820 et
1127 4767 1225 4820 alae
1252 4764 1528 4821 volabant.
1848 4761 1944 4816 sed
1984 4760 2219 4832 Spiritdli
2250 4764 2422 4833 gratia
2454 4765 2704 4821 Chrisws
2732 4767 2962 4823 videtur.
3010 4768 3162 4826 Unde
3203 4782 3257 4824 et
3302 4770 3450 4828 Scri-

216 4864 334 4922 165.
373 4865 661 4923 Similiter
714 4856 1079 4932 ct'Seraphim
1104 4859 1306 4913 duabus
1337 4859 1435 4913 alis
1463 4858 1671 4929 faciem,
1699 4867 1747 4912 et
1853 4868 2007 4926 plura
2034 4858 2109 4909 ait
2141 4873 2153 4908 :
2190 4856 2382 4928 Surge,
2404 4859 2492 4926 qui
2516 4858 2744 4927 dormis,
2773 4872 2820 4915 et
2837 4877 3056 4933 exsurge
3077 4881 3111 4919 a
3137 4866 3449 4932 mortuis,“

154 4956 342 5013 duabus
372 4961 536 5032 pedes
563 4956 799 5011 uelabant
818 4996 832 5021 ,
880 4962 928 5008 et
968 4952 1169 5006 duabus
1206 4952 1464 5006 volabant.
1496 4949 1630 5004 Nam
1660 4948 1750 5005 hic
1849 4946 2114 5001 illucescet
2143 4947 2232 5001 tibi
2260 4947 2492 5004 Christus
2518 4948 2750 5021 (Ep/tes.
2775 4968 2829 5019 ν,
2858 4954 2977 5027 14).
3011 4955 3079 5012 Et
3104 4957 3304 5012 Paulus
3324 4974 3448 5014 cum

154 5062 355 5121 quoque
375 5050 651 5123 spiritalis
680 5048 965 5118 sapientiae
1000 5053 1401 5100 sacramentum
1435 5050 1540 5097 est.
1590 5041 1753 5095 Stant
1855 5041 2041 5095 oculos
2091 5040 2461 5108 perdidisset,
2507 5044 2786 5113 quomodo
2822 5046 2928 5102 nisi
2970 5050 3021 5103 in
3054 5050 3259 5120 Spiritu
3290 5054 3456 5126 700

156 5149 409 5213 tempora,
468 5142 657 5196 volant
703 5152 981 5209 tempora:
1029 5144 1179 5192 stant
1236 5134 1539 5206 praeterita,
1567 5134 1753 5187 Volaut
1857 5130 2131 5187 Christum
2173 5132 2390 5189 videbat
2438 5133 2589 5207 (Act.
2624 5151 2702 5202 lx,
2744 5139 2851 5206 8)?
2895 5139 3048 5196 Unde
3083 5153 3139 5198 et
3193 5144 3457 5203 Dominus

157 5230 365 5289 futura:
402 5245 460 5291 et
491 5236 646 5306 quasi
686 5233 786 5287 alae
826 5230 1147 5300 Serapbim,
1179 5228 1251 5282 ita
1285 5226 1475 5282 faciem
1506 5225 1598 5279 Dei
1621 5267 1635 5291 ,
1668 5223 1755 5280 vel
1860 5224 1936 5279 ait
1966 5242 1978 5277 :
2018 5224 2099 5276 Ad
2126 5226 2223 5279 hoc
2249 5226 2386 5280 enim
2424 5227 2515 5283 tibi
2550 5229 2692 5283 uisus
2719 5246 2867 5294 sum,
2912 5242 2967 5286 ut
3007 5237 3370 5293 constituerent
3411 5251 3461 5296 te

159 5326 316 5395 pedes
330 5329 528 5385 velant
555 5345 569 5393 ;
594 5326 625 5366 δ
656 5342 722 5381 eo
745 5324 889 5397 quod
918 5323 972 5378 in
1015 5323 1126 5378 Deo
1156 5322 1249 5392 qui
1297 5332 1398 5375 nec
1429 5316 1756 5389 principium
1862 5316 2157 5372 ministrum
2192 5327 2240 5372 et
2278 5328 2454 5376 testem
2494 5320 2681 5392 quibus
2724 5322 2897 5381 uidisti
2936 5341 3054 5393 me,
3093 5336 3139 5381 et
3176 5330 3238 5383 in
3276 5331 3461 5401 quibus

1869 5490 2170 5571 textu,g_nisi
2194 5491 2337 5571 quod
2366 5506 2465 5562 pro
2492 5492 2787 5563 cognitione
2800 5492 2867 5571 in
2886 5495 3209 5571 quibusdam
3240 5499 3461 5571 legitur,

1829 5584 1842 5596 -
1865 5562 2195 5638 cogitatione.
2240 5562 2443 5638 Sensus
2485 5562 2617 5617 vero
2644 5573 2730 5617 est
2751 5603 2765 5626 ,
2798 5566 2870 5638 in_
2901 5562 3011 5638 Deo
3031 5567 3123 5638 qui
3164 5562 3469 5630 mteriiitate

1866 5632 2190 5689 inimutabili
2235 5632 2453 5702 fruitur,
2480 5641 2789 5703 temporum
2822 5634 2967 5693 vices
2996 5632 3177 5697 locum
3212 5657 3324 5698 non
3374 5640 3488 5700 ba!

1865 5703 2023 5762 bere.

228 5520 252 5580 ξι
294 5510 535 5576 Quidam
565 5524 723 5575 mss,
753 5517 890 5563 terra
912 5503 1079 5577 gloria
1101 5499 1542 5580 majestatisejus.

225 5579 263 5654 ’ζ
299 5563 456 5654 ili—us.
486 5563 548 5636 et
567 5563 866 5654 seq.‘:edit._
884 5563 1008 5631 cum
1036 5563 1471 5654 mssfnounullis
1492 5607 1506 5631 ,
1528 5563 1756 5654 eo

168 5650 215 5723 in
234 5639 575 5723 Deo-(ltum,
609 5639 662 5706 in
685 5648 973 5723 Deum).
1003 5659 1185 5699 cursus
1207 5650 1494 5723 tempe-runt
1522 5639 1756 5723 feratur;

165 5708 384 5781 Amerb‘.
421 5708 607 5783 autem
652 5737 776 5780 cum
813 5708 934 5776 aliis
962 5732 1096 5772 mss.
1130 5708 1578 5780 multo‘pluribus
1606 5717 1660 5763 ut
1705 5708 1758 5761 in
