3936 6168
510 255 618 312 816
1875 239 2064 298 SANC'

2265 237 2483 295 BROSII
3693 231 3732 286 8
3745 229 3810 286 ιο

505 371 716 425 visurus
750 384 806 422 es
837 367 986 435 (Act.
1019 378 1142 419 xxvi
1163 402 1178 428 ,
1206 360 1336 432 16).
1362 358 1496 414 Nam
1535 367 1589 414 et
1617 357 1900 429 prophetae
1931 355 2106 426 Spiri-
2133 357 2186 416 Α
2209 367 2334 409 mon
2383 351 2551 417 dixit,
2609 364 2677 406 eo
2712 348 2855 420 quod
2900 347 3248 418 omnipotens
3281 353 3332 402 et
3375 342 3680 416 speculator
3733 343 3809 398 sit

510 471 626 517 tum
660 458 1024 527 accipiebant,
1051 464 1104 511 ct
1123 454 1400 510 Christum
1430 451 1706 522 videbant.
2207 445 2485 510 omnium,
2521 442 2666 499 sicut
2691 442 2888 498 lectum
2917 457 3042 496 esse
3063 441 3116 496 iii
3147 440 3290 495 libro
3313 437 3605 508 Sapientia:
3635 451 3808 506 supra

582 549 705 605 168.
740 547 855 604 Una
881 547 1047 618 igitur
1071 545 1377 611 visio,,una
1407 543 1735 614 praeceptio,
1777 557 1885 596 una
1929 541 2100 611 maie-
2207 549 2291 597 est
2329 539 2766 596 demonstratum
2807 534 2975 608 (Cap.
3029 532 3118 598 18,
3169 549 3313 588 num.
3360 528 3521 602 135).
3561 530 3700 600 Ergo
3752 535 3812 584 ct

503 652 640 699 stas.
675 641 757 696 An
789 655 1050 711 negamus
1087 640 1251 694 etiam
1303 639 1590 693 Dominum
1641 636 1942 706 maiestatis
1980 649 2101 690 esse
2209 635 2443 706 Spiritus
2471 633 2524 687 in
2558 631 2764 686 honore
2790 639 2872 684 est
2899 637 2954 683 et
2979 627 3030 682 in
3057 626 3358 694 majestate.

505 736 770 805 Spiritum
815 741 1063 788 sanctum
1107 732 1162 803 (l
1193 731 1311 786 Cor.
1344 747 1380 785 ii
1406 773 1420 796 ,
1480 730 1578 802 12)
1598 771 1612 794 ,
1664 744 1784 785 cum
1839 728 2099 782 Dominus
2281 726 2405 780 170.
2438 723 2656 779 Intuere
2683 735 2855 787 nunc,
2885 735 2955 776 ne
2979 718 3106 788 quid
3133 732 3256 773 eum
3282 718 3421 771 forte
3447 730 3554 770 non
3575 713 3808 770 deceat:

502 827 808 897 maiestatis
854 826 926 880 sit
970 825 1294 890 crucifixus,
1335 825 1426 894 qui
1469 833 1628 877 natus
1666 831 1754 877 est
1798 821 1866 876 de
1892 820 2097 890 Spiritu
2205 828 2302 874 aut
2333 818 2377 872 si
2407 817 2498 872 tibi
2526 816 2810 886 displicet.
2853 814 3092 880 Ariane,
3126 810 3350 867 detrahe
3375 825 3501 865 eum
3542 808 3606 864 de
3631 807 3812 862 Patris

501 929 692 978 sancto
735 934 800 975 ex
836 918 1044 989 virgine
1081 917 1284 973 Maria?
1321 917 1457 983 Quia
1495 931 1604 971 non
1646 915 1787 970 alter
1812 915 2090 980 Christus,
2202 910 2444 980 Filiique
2467 907 2766 963 consortio.
2791 904 2898 961 Sed
2918 905 2961 960 si
2984 902 3271 959 detrahere
3298 901 3568 964 volueris,
3591 898 3810 955 acaelos

500 1012 599 1068 sed
627 1025 764 1066 unus
792 1019 877 1065 est
903 1026 917 1061 :
942 1019 998 1064 et
1035 1017 1162 1063 ante
1192 1007 1388 1062 sarcula
1417 1023 1483 1063 ex
1512 1006 1705 1073 Patre,
1741 1014 1800 1060 ut
1829 1004 1923 1060 Dei
1955 1003 2097 1060 filius
2205 1017 2366 1073 supra
2395 1010 2446 1056 te
2477 1001 2676 1057 reverti
2706 999 2947 1066 videbis;
2973 998 3099 1070 quia
3121 998 3296 1052 virtus
3324 1010 3514 1052 eorum
3543 995 3721 1050 omnis
3741 994 3809 1049 ab

497 1113 686 1168 natus;
733 1112 790 1158 et
830 1102 884 1157 in
932 1101 1130 1157 saeculo
1154 1141 1168 1165 ,
1209 1109 1268 1155 ut
1304 1101 1468 1156 homo
1503 1099 1682 1155 carnis
1721 1098 2100 1170 assumptione
2207 1095 2413 1168 Spiritu
2437 1107 2522 1152 est
2554 1094 2739 1168 (Psal.
2773 1109 2955 1159 χχχιι,
2997 1092 3078 1162 6).
3115 1091 3174 1148 Si
3201 1090 3496 1146 detrahere
3536 1088 3808 1155 volueris,

497 1202 810 1265 generatus.
2209 1189 2263 1244 in
2302 1189 2468 1244 Deum
2498 1188 2594 1243 tibi
2631 1188 2782 1259 prius
2821 1185 3086 1242 mittenda
3129 1192 3212 1240 est
3249 1197 3474 1247 manus;
3514 1181 3633 1252 quia
3665 1181 3809 1237 Deus

573 1286 697 1341 169.
739 1283 1299 1352 Quidautemdicam,
1329 1283 1792 1356 quiasicutPater
1816 1290 1871 1338 et
1900 1281 2094 1348 Filius,
2206 1282 2442 1352 Spiritus
2498 1280 2690 1354 (Joan.
2745 1297 2827 1346 tv,
2873 1276 2999 1352 24).
3059 1277 3168 1334 Sed
3223 1275 3502 1349 quomodo
3549 1274 3812 1332 detrahes

490 1379 742 1434 itaetiam
762 1377 994 1447 Spiritus
1018 1375 2094 1447 immaculatusestetomnipoteits(Sap.
2204 1391 2359 1445 eum,
2393 1374 2420 1414 ι’
2446 1379 2538 1447 qui
2568 1375 2674 1431 alta
2703 1383 2975 1431 scrutatur
3007 1373 3105 1429 Dei
3135 1371 3191 1445 (ι
3221 1371 3342 1428 Cor.
3365 1387 3439 1439 tt,
3472 1369 3595 1442 10)?

498 1487 597 1540 VII,
614 1470 734 1541 22);
750 1470 874 1540 quia
889 1468 1078 1526 Graece
1091 1469 1502 1543 παντοδύναμον,
1535 1471 1919 1526 πανεπίσκοπον
1945 1467 2099 1524 Salo-

566 1619 591 1646 ει
623 1610 823 1664 Omnes
847 1608 980 1674 edit,
998 1616 1054 1663 et
1079 1622 1212 1663 mss.
1243 1608 1476 1677 aliquot,
1504 1609 1656 1663 caelos
1687 1624 1848 1678 supra
1869 1617 1919 1662 te
1937 1609 2100 1663 verti:
2212 1611 2400 1673 everti,
2432 1607 2485 1663 id
2516 1617 2634 1676 est,
2669 1609 2816 1665 illabi
2836 1617 2893 1665 et
2921 1608 3136 1664 cadere.

487 1681 829 1738 commodius
847 1679 1070 1750 reliqui,
1119 1678 1272 1734 caelos
1322 1696 1484 1750 supra
1524 1690 1572 1733 te
1614 1677 1830 1748 reverti,
1875 1680 2094 1749 quidam
2277 1679 2305 1719 ι)
2335 1680 2594 1736 Nonnulli
2626 1696 2785 1745 mss.,
2818 1682 2906 1750 qui
2933 1689 3194 1736 scrutator
3215 1688 3288 1735 est
3311 1677 3429 1752 Dei.

486 1825 3779 1865 _____________________________________

529 1982 667 2116 ΙΝ
740 1981 952 2066 LIB.
1035 1978 1196 2062 DE
1273 1972 2194 2061 INCARNATIONIS
2270 1972 2885 2058 DOMINICZE
2960 1907 3760 2057 SACRAMENTO

1767 2115 1776 2196 ἓ
1817 2125 2481 2201 ADMONITIO.

557 2410 949 2469 l-laereticorum
1003 2406 1266 2464 solemnis
1326 2422 1387 2463 ea
1439 2407 1776 2463 consuetudo
1834 2417 1960 2474 cst,
2017 2413 2077 2460 ut
2103 2405 2445 2475 quantumvis
2485 2414 2923 2476 argumentorum
2975 2421 3038 2460 ac
3085 2405 3325 2461 veritatis
3361 2403 3570 2461 viribus
3617 2402 3815 2474 deiecti

478 2517 641 2578 atque
669 2505 955 2578 prostrati,
989 2517 1279 2573 numquam
1303 2510 1492 2557 tamen
1514 2511 1705 2572 pacate
1734 2516 1918 2572 agere,
1965 2501 2162 2556 nedum
2215 2516 2276 2556 se
2318 2500 2487 2556 victos
2527 2500 2680 2556 fateri
2709 2544 2720 2565 ,
2753 2501 3118 2572 acquiescant.
3149 2501 3494 2557 'Ambrosius
3519 2541 3536 2568 ,
3578 2501 3674 2572 qui
3714 2500 3812 2556 hoc

481 2617 672 2658 eorum
705 2599 980 2670 ingenium
1022 2595 1245 2667 pulchre
1276 2602 1542 2663 noverat,
1585 2609 1708 2649 cum
1735 2595 2058 2649 Arianorum
2090 2607 2307 2649 errores
2373 2594 2610 2664 quinque
2666 2594 2821 2650 libris
2867 2595 2935 2650 de
2974 2595 3109 2650 Fide
3149 2593 3423 2665 iudicaret
3445 2594 3660 2649 abunde
3697 2607 3815 2649 esse

478 2692 828 2755 confutatos,
887 2688 995 2744 illis
1058 2689 1111 2744 iii
1169 2697 1442 2758 posterum
1499 2686 1633 2773 nihil
1680 2685 1878 2741 addere
1905 2686 2260 2742 constituerat
2292 2686 2442 2758 (Cap.
2473 2688 2527 2753 7,
2572 2705 2715 2742 num.
2768 2688 2881 2760 62).
2937 2687 3322 2746 Verumtamen
3376 2690 3618 2760 ipsorum
3676 2688 3814 2744 dolis

478 2794 642 2854 atque
683 2784 890 2838 artibus
938 2780 1189 2836 effectum
1223 2793 1305 2837 est
1330 2823 1345 2848 ,
1379 2791 1438 2836 ut
1482 2781 1772 2852 quominus
1799 2797 1918 2836 cum
1956 2779 2038 2836 eis
2058 2781 2237 2838 denuo
2263 2784 2312 2837 in
2340 2798 2562 2838 arenam
2591 2783 2967 2853 descenderet,
2994 2785 3217 2856 magnis
3246 2783 3469 2840 adactus
3509 2780 3812 2840 occasioni-

479 2877 582 2934 bus
610 2916 624 2940 ,
656 2873 960 2928 detrectare
987 2889 1052 2930 ac
1077 2875 1334 2943 defugere
1387 2889 1491 2926 non
1523 2873 1778 2942 potuerit.

544 2967 874 3022 luduxeruut
902 2981 1026 3020 eum
1050 2967 1102 3021 in
1127 2966 1331 3021 hancce
1360 2965 1777 3032 diSputationem
1811 2967 1996 3022 Ariani
2019 2967 2129 3023 duo
2153 2968 2392 3040 (Parilia.
2418 2971 2470 3025 in
2505 2970 2612 3026 Vit.
2645 2971 2844 3042 Ambr.)
2873 3012 2888 3038 ,
2935 2971 3433 3029 GratiauiCmsaris
3453 2972 3806 3037 cubicularii,

475 3060 677 3129 quibus
703 3059 1058 3128 obiectiones,
1075 3073 1209 3129 quas
1235 3067 1424 3113 contra
1440 3059 1773 3114 Dominicam
1795 3060 2220 3117 incarnationem
2246 3064 2531 3120 ambitiose
2560 3074 2985 3136 arroganterque
3013 3074 3432 3136 proposuerant,
3460 3066 3730 3136 postridie
3758 3067 3805 3120 in

482 3152 708 3210 basilica
736 3152 1197 3244 Portiaﬁna‘coram
1228 3151 1377 3244 omni
1403 3152 1644 3244 fidelium
1673 3163 1815 3210 cuitu
1843 3171 1902 3210 se
1931 3156 2237 3210 soluturum
2262 3157 2434 3244 fuerat
2460 3158 2748 3228 pollicitus.
2778 3160 3070 3231 Augustius
3085 3157 3367 3215 videbatur
3389 3159 3521 3214 illud
3550 3160 3806 3230 spatium,

477 3260 638 3312 quam
679 3253 736 3298 ut
789 3243 1020 3297 orationi
1068 3242 1136 3298 de
1165 3243 1328 3299 rebus
1355 3243 1493 3300 adeo
1522 3245 1776 3316 gravibus
1805 3247 2172 3317 praeparanda).
2202 3242 2519 3316 sufficeret;
2561 3253 2797 3308 maxime
2826 3267 2947 3307 cum
3000 3251 3295 3308 verisimile
3333 3252 3634 3309 admodum
3669 3260 3810 3310 esset

479 3336 771 3392 hmreticos
817 3350 1012 3406 magno
1041 3351 1268 3391 numero
1299 3335 1365 3390 ad
1394 3352 1512 3392 eam
1539 3378 1555 3404 ,
1597 3340 1641 3392 si
1690 3338 1818 3408 quid
1876 3337 2016 3395 forte
2063 3339 2239 3395 minus
2265 3349 2423 3398 caute
2471 3354 2563 3398 aut
2606 3345 2838 3415 cogitate
2866 3345 3067 3400 dictum
3100 3345 3358 3410 haberet,
3391 3345 3729 3416 carpendam
3759 3353 3811 3401 et

480 3427 875 3500 suggillandam
899 3426 1266 3483 advolaturos.
1298 3427 1413 3483 Non
1463 3441 1640 3484 tamen
1668 3429 1838 3485 defuit
1866 3431 2186 3489 Ambrosius
2236 3443 2420 3490 noster
2470 3437 2582 3492 suis
2612 3437 2936 3507 promissis;
2977 3446 3034 3492 at
3073 3452 3197 3493 cum
3232 3440 3460 3509 tempori
3505 3440 3810 3509 praestituto

479 3535 588 3576 non
613 3521 935 3575 convenisse
982 3519 1192 3575 videret
1235 3529 1564 3577 memoratos
1592 3523 1817 3591 aulicos,
1839 3528 2086 3594 quamvis
2107 3526 2326 3582 eosdem
2355 3528 2536 3583 animo
2567 3529 2798 3586 subdolo
2827 3546 3035 3586 moram
3069 3531 3285 3587 trahere
3311 3533 3688 3602 suspicaretur
3711 3577 3726 3599 ,
3757 3542 3812 3588 ut

476 3627 536 3666 se
563 3610 835 3771 dicfn)tem
882 3609 1161 3680 inopinato
1182 3610 1415 3667 adventu
1441 3612 1831 3669 conturbareut
1856 3632 1869 3681 ;
1902 3614 2072 3671 nihilo
2095 3618 2275 3674 secius
2304 3628 2482 3676 tamen
2509 3621 2670 3677 verba
2703 3621 2881 3679 facere
2907 3624 3092 3679 statim
3123 3639 3412 3696 aggressus
3440 3635 3528 3682 est
3556 3625 3716 3699 (Cap.
3752 3629 3807 3691 Ι,

479 3718 620 3757 num.
736 3740 751 3756 ο
1525 3739 1528 3744 -

479 3718 620 3757 num.
648 3718 675 3756 ι
714 3718 751 3757 1.

552 3791 753 3885 Verum
789 3798 847 3845 ut
894 3791 1025 3885 ipsis
1052 3791 1346 3885 accedendi
1373 3792 1686 3851 facultatem
1738 3796 1915 3853 adhuc
1963 3798 2328 3872 relinqueret,
2360 3808 2699 3865 occasionem
2747 3825 2814 3867 ex
2847 3811 3071 3868 historia
3103 3812 3268 3869 oblati
3314 3828 3342 3868 a
3373 3813 3590 3871 duobus
3621 3813 3809 3885 primis

479 3881 740 3977 fratribus
774 3881 1025 3977 sacrificii
1055 3924 1070 3948 ,
1113 3897 1234 3953 qua)
1266 3884 1533 3954 frequenti
1562 3887 1821 3944 Ecclesiae
1859 3892 2049 3963 synaxi
2091 3895 2328 3964 perlecta
2378 3898 2572 3966 fuerat,
2605 3912 2795 3958 nactus
2822 3905 2840 3973 (
2871 3903 3035 3960 Nam.
3064 3903 3101 3960 2
3123 3903 3142 3977 )
3163 3947 3179 3973 ,
3227 3920 3464 3977 quonam
3490 3881 3634 3963 vitio:
3656 3905 3807 3964 Caini

478 3975 806 4079 sacriﬁcium
838 3975 1288 4079 iniecttimesset,
1314 3981 1498 4048 paucis
1521 3983 1693 4052 aperit
1723 3982 1969 4055 (Num.[3
1991 3995 2039 4040 et
2059 3989 2436 4061 seq.).lleinde
2460 3995 2754 4050 terribilem
2784 3995 2924 4052 hanc
2948 3975 3295 4066 sententiam,
3320 4015 3426 4066 qua
3459 4000 3553 4055 ille
3575 4001 3811 4069 ipsomel

479 4069 579 4123 Dei
605 4083 696 4122 ore
731 4069 1012 4165 perculsus
1039 4070 1180 4165 fuit,
1223 4071 1291 4165 ad
1343 4088 1534 4131 omnes
1582 4077 1744 4132 etiam
1775 4079 2061 4136 haereticos
2087 4085 2334 4152 protendi
2365 4087 2524 4143 docet
2550 4089 2718 4161 (Cap.
2749 4091 2807 4157 2,
2839 4109 2891 4146 η.
2924 4092 2957 4148 6
2996 4102 3040 4148 et
3071 4110 3176 4164 seq.
3200 4093 3219 4165 )
3240 4136 3254 4160 ,
3294 4093 3388 4149 sed
3438 4095 3714 4165 imprimis
3741 4094 3804 4151 ad

481 4175 618 4266 eos,
651 4163 1106 4266 quorumhseriem
1135 4164 1187 4219 in
1219 4164 1626 4235 Apollinaristis
1665 4187 1949 4242 perperam
1973 4174 2042 4229 de
2071 4174 2306 4234 humana
2335 4179 2536 4237 Christi
2564 4184 2746 4238 anima
2777 4163 3146 4241 sentientibus
3166 4163 3800 4259 desinentem—pertexit.

486 4251 1233 4358 Denique-auditoressuos,
1268 4272 1336 4312 ne
1362 4273 1421 4314 se
1445 4276 1697 4331 umquam
1724 4264 1793 4319 ab
1825 4265 2083 4323 Ecclesia:
2103 4272 2312 4340 gremio
2341 4272 2571 4329 distrahi
2603 4278 2897 4346 patiantur,
2947 4278 3300 4335 vehementer
3325 4251 3578 4336 hortatus
3609 4281 3801 4354 (Num.

485 4347 643 4452 15.),
694 4345 968 4452 Christum
992 4356 1264 4452 aeternum
1306 4366 1430 4452 esse
1473 4370 1536 4410 ac
1577 4371 1703 4412 vere
1744 4357 1913 4414 Deum
1946 4361 2208 4421 adversus
2255 4367 2486 4425 Arianos
2527 4370 2805 4442 eleganter
2826 4373 2984 4444 iuxta
3026 4389 3088 4429 ac
3135 4375 3316 4431 valide
3349 4377 3550 4447 probat
3579 4345 3740 4450 (Cap.
3770 4379 3801 4434 5

557 4441 656 4544 4.).
692 4440 776 4496 Ah
816 4438 902 4496 his
941 4441 1010 4496 ad
1052 4442 1509 4544 Apol_lina_ristas,
1556 4464 1788 4544 quorum
1832 4459 2009 4510 tamen
2049 4458 2257 4514 nomini
2289 4463 2484 4531 parcit,
2518 4438 2854 4520 convertitur
2881 4465 3033 4539 (Cap.
3064 4466 3098 4521 5
3128 4466 3190 4538 );
3245 4438 3483 4524 uec-non
3513 4438 3797 4541 cuiusdam

486 4532 608 4640 libri
635 4543 912 4640 auctorem
941 4549 1148 4640 ,Iquem
1175 4537 1568 4640 Apollinarium
1598 4541 1773 4610 ipsum
1797 4545 2206 4618 existimamus,
2240 4569 2428 4622 presso
2475 4573 2688 4629 quoque
2719 4532 2990 4628 nomine,
3015 4532 3368 4632 blasphemiae
3394 4532 3634 4635 arguitv(
3671 4565 3797 4636 Cap.

481 4624 546 4732 :
582 4641 726 4732 tiu-1.13.
870 4629 916 4732 ).ἶ
962 4625 1158 4732 Postea
1179 4669 1193 4692 ,
1216 4643 1339 4731 ξαρ.
1371 4627 1425 4697 6,
1468 4631 1705 4702 reliquos
1747 4639 2062 4695 eorumdem
2093 4657 2312 4701 errores
2350 4624 2545 4718 urgere
2593 4624 2855 4720 pergens,
2890 4624 2980 4707 ubi
3017 4624 3342 4723 praemonuit
3392 4624 3534 4713 inter
3565 4624 3659 4730 ea]
3683 4624 3797 4725 qua:

481 4715 685 4820 Christi
731 4716 996 4820 divinitati
1047 4720 1481 4820 propria—sunt,
1527 4733 1595 4820 et
1649 4741 1711 4782 ea
1757 4745 1876 4800 qua:
1925 4731 1990 4786 ad
2031 4734 2148 4803 eius
2193 4715 2467 4807 pertinent
2511 4715 2900 4798 humanitatem
2931 4785 2946 4810 ,
3005 4715 3442 4818 distinguendum
3495 4715 3797 4806 esse'dili-

480 4808 696 4916 gentius
740 4807 912 4916 (Cap.
957 4811 1014 4878 4,
1046 4828 1189 4916 napi.
1237 4813 1310 4867 25
1339 4824 1385 4869 et
1410 4815 1546 4916 seq.)
1573 4834 1588 4883 ;
1618 4834 1783 4916 unum
1825 4837 1856 4878 e
1886 4826 2172 4895 prtecipuis
2224 4831 2538 4887 coruindem
2580 4832 2862 4890 hominum
2906 4807 3272 4906 commentis,
3319 4854 3426 4909 quo
3478 4841 3796 4896 divinitatem

477 4898 766 5004 Domini-ft
795 4918 1002 5004 caruerit
1038 4905 1193 4958 unius
1226 4921 1336 5004 esse
1375 4910 1675 5004 substantia:
1705 4953 1720 4980 ,
1773 4914 2078 4972 delirabaut
2101 4960 2116 4986 ,
2181 4921 2554 4980 iuvictissimis
2604 4928 2876 4981 rationum
2927 4903 3220 4985 momentis
3259 4898 3529 5000 destruit(
3572 4931 3705 5004 Cap.
3739 4932 3793 5000 6,

487 5009 630 5098 nam.
670 4994 740 5098 4.9
759 5005 812 5098 ﬁt
840 5012 958 5098 seq.
988 4993 1038 5065 ):
1071 5013 1230 5098 quam
1264 5000 1453 5098 iii—rem
1481 5002 1637 5098 illum
1661 5009 1876 5078 egregie
1904 5026 1967 5065 ac
1993 5014 2167 5082 perite
2195 5015 2486 5072 admodum
2519 5019 2764 5088 epistola:
2787 5020 3066 5076 Athanasii
3101 5021 3297 5093 (Edita:
3326 5025 3456 5079 inter
3485 4993 3603 5098 eius
3629 4993 3795 5095 ἀρετά

482 5095 530 5186 et
559 5087 701 5188 apud
747 5085 1014 5188 Cpiphan:
1062 5087 1447 5188 [farrea-77),
1500 5095 1567 5149 ad
1598 5095 1906 5166 Epictetum
1951 5103 2194 5160 subsidio
2220 5122 2379 5162 usum
2434 5085 2714 5165 affirmare
2760 5111 2884 5180 iure
2922 5085 3236 5182 possumus.
3279 5117 3349 5170 At
3397 5085 3790 5172 nec'inferiore

483 5177 916 5283 ingenii-robore
963 5179 1191 5283 altera-in
1239 5181 1384 5236 illam
1435 5201 1680 5253 ipsorum
1726 5192 2077 5262 opinionem,
2111 5212 2231 5267 quae
2279 5200 2602 5256 rationalem
2659 5204 2895 5258 animant
2935 5203 3172 5260 Domitio
3213 5205 3544 5276 abrogabat,
3598 5207 3788 5266 evertit

479 5263 661 5368 (-Cap.
703 5267 816 5338 7):
865 5284 1023 5368 quem
1053 5271 1270 5368 quidem
1321 5289 1566 5368 errorem
1617 5295 1737 5335 cum
1783 5263 2321 5345 Arianorum—etiam
2353 5291 2520 5348 fuisse
2569 5293 2899 5362 perhibeant
2933 5295 3203 5368 (August.
3235 5299 3299 5354 de
3326 5263 3544 5356 Em“:
3768 5340 3781 5364 ,

478 5355 1416 5468 rﬁprdorAe‘t:Aliteretafaltttlzlib.
1463 5385 1536 5435 IV,
1585 5388 1700 5468 cap.
1750 5375 1772 5428 ι
1799 5375 2013 5447 ),quod
2062 5381 2253 5439 isthaec
2305 5384 2468 5441 iidem
2513 5355 2856 5457 imperatoris
2905 5355 3232 5447 cubicularii
3283 5393 3502 5451 Arianis
3543 5355 3780 5466 panum;

478 5447 678 5504 addicti
709 5459 871 5521 atque
900 5454 1121 5523 ascripti
1150 5455 1516 5527 obiecissent,
1550 5465 1732 5520 nullus
1777 5469 2085 5526 mirabitur.

548 5541 648 5597 ""3
684 5541 898 5647 “'f'er‘“
923 5561 1232 5647 ξθτωοηθπι
1277 5564 1433 5606 suum
1463 5554 1652 5610 bemus
1677 5556 1884 5614 Ρΐωευι
1911 5577 1925 5623 ς
1951 5578 2073 5618 cum
2104 5575 2286 5624 autem
2335 5567 2533 5624 librum
2565 5586 2630 5626 ex
2674 5587 2740 5630 eo
2770 5575 3125 5632 concinnaret
3156 5617 3172 5644 ,
3198 5577 3402 5647 placuit
3426 5577 3755 5636 difﬁcultatis

1655 5649 1666 5659 .
1898 5619 1922 5663 .,
1956 5653 1968 5664 ο
2335 5619 2533 5624 πη---
2569 5619 2630 5626 --
2677 5619 2737 5630 -.,
2771 5619 3125 5632 w..-...........
3156 5619 3172 5644 ,
3201 5619 3402 5647 μην..
3426 5619 3773 5646 ...ηηιηι-..η

475 5646 599 5746 qui:
637 5635 1040 5746 Ely-Sl‘EUIII‘l—tlftlt
1067 5654 1374 5746 sermonem
1412 5659 1819 5746 pronuntia-tum
1867 5653 1970 5708 Slbl
2004 5654 2182 5714 fuerat
2228 5662 2541 5731 proiiosita,
2585 5665 2910 5725 solutionem
2955 5669 3023 5724 ad
3062 5670 3268 5727 calcem
3320 5672 3562 5741 adiicere
3605 5672 3776 5746 (Cap.

470 5718 504 5774 8
543 5729 589 5773 οι
632 5737 741 5790 seq.
767 5724 808 5792 ).
859 5725 993 5783 Cum
1018 5731 1164 5787 enim
1212 5731 1502 5807 Gratiani,
1543 5741 1637 5810 qui
1691 5741 2042 5804 Ambrosium
2073 5749 2128 5809 in
2159 5718 2417 5812 Portiana
2447 5718 3267 5833 Basilica,utviﬂdicluttiﬁest
3295 5718 3767 5826 vcrb-aviavcien‘letru
