3936 6168
137 234 224 290 817
925 232 1012 289 DE
1053 232 1590 294 INCARNATIONIS
1627 235 2090 296 SACRAMENTO
2128 239 2334 297 LIBER
2372 241 2577 300 UNUS.
3300 245 3407 302 818

126 365 222 406 non
257 347 542 416 audierat,
599 349 785 419 pietati
811 365 1101 422 numquam
1155 367 1261 408 non
1293 352 1684 410 insidiarentur
1723 355 1963 412 haeretici
1992 399 2009 425 ,
2041 357 2182 426 apud
2233 374 2355 415 eum
2409 375 2601 430 magna
2646 372 2768 414 cum
2827 359 3021 415 ﬁducia
3059 362 3406 432 jactaverunt

125 443 318 498 Patrem
366 443 460 513 qui
501 453 648 499 esset
686 443 986 514 ingenitus,
1034 459 1156 499 cum
1189 444 1328 500 Filio
1357 461 1516 515 quem
1559 448 1801 516 genitum
1830 451 2058 520 negabat
2087 465 2248 506 nemo
2268 493 2282 517 ,
2310 452 2553 522 ejusdem
2577 452 2898 507 substantia:
2927 467 3052 507 esse
3080 468 3185 506 non
3219 466 3401 522 posse.

123 534 172 590 In
213 533 306 589 hac
345 535 657 604 objectione
713 544 984 606 tamquam
1023 536 1077 590 in
1111 535 1386 606 praecipuo
1417 537 1649 607 quodam
1681 537 1902 594 cardine
1950 539 2151 594 Ariana
2203 539 2428 596 haeresis
2459 543 2804 608 vertebatur,
2844 542 3303 612 quemadmodum
3333 558 3405 598 ex

122 644 330 696 eorum,
377 629 472 699 qui
519 630 840 685 catholicam
896 629 1055 685 ﬁdem
1085 630 1344 703 singulari
1392 647 1516 688 cum
1564 631 1724 687 laude
1769 644 2178 704 propngnarunt
2206 676 2222 701 ,
2274 636 2428 691 libris
2468 637 2843 708 intelligimus.
2903 637 3244 707 Quapropter
3283 651 3405 692 eam

119 720 461 790 objectionem
507 723 826 778 Ambrosius
875 723 944 778 ab
990 723 1231 794 Augusto
1255 723 1318 779 ad
1343 739 1402 779 se
1442 725 1668 780 relatam
1718 735 1860 780 tanta
1893 727 2165 782 soliditate
2205 729 2514 798 expedivit;
2547 740 2606 785 ut
2648 729 2780 785 nihil
2831 730 2992 799 plane
3031 730 3404 799 relinquatur,

117 819 243 888 quod
272 820 504 891 amplius
546 819 939 876 desideremus.
978 819 1058 874 Ad
1090 830 1426 891 postremum
1477 821 1580 875 alia
1625 822 1853 892 quadam
1907 822 2259 888 difﬁcultate,
2310 825 2405 880 sed
2437 827 2608 881 multo
2651 825 2881 889 leviori,
2928 840 3052 896 quae
3089 823 3159 879 ad
3201 822 3407 880 Christi

113 911 542 981 omnipotentiam
585 914 858 983 pertinet,
913 913 1160 968 exsoluta
1188 955 1203 980 ,
1253 914 1391 969 liber
1436 913 1706 969 clauditur
1733 913 1901 985 (Cap.
1935 916 2025 980 10,
2059 933 2204 973 num.
2237 918 2332 972 111
2363 962 2378 986 ,
2414 928 2460 972 et
2497 936 2604 992 seq.
2634 921 2673 988 ).

180 1007 441 1061 Caeterum
495 1020 599 1061 non
640 1021 928 1076 possumus
957 1010 1086 1079 quin
1139 1011 1243 1066 hoc
1292 1012 1410 1068 loco
1459 1011 1797 1082 prudentiam
1822 1029 1883 1068 ac
1915 1012 2339 1068 moderationem
2369 1017 2544 1070 sancti
2581 1016 2811 1073 Antistis
2837 1016 2995 1072 valde
3019 1015 3403 1087 prtedicimus;

113 1101 154 1158 is
194 1102 416 1174 quipj-e,
462 1103 679 1159 tametsi
727 1105 1032 1160 luctuosum
1083 1107 1316 1163 duorum
1373 1108 1864 1174 cubiculariorum,
1911 1125 2046 1179 quos
2103 1112 2522 1165 memoravimus
2552 1153 2567 1178 ,
2614 1112 2825 1168 exitum
2858 1153 2873 1178 ,
2921 1125 3046 1165 cum
3093 1122 3403 1164 sermonem

117 1207 254 1248 suum
282 1192 558 1263 redigeret
590 1195 642 1248 in
693 1194 890 1250 librum
916 1238 931 1262 ,
969 1197 1148 1252 minus
1177 1214 1337 1269 quam
1387 1199 1672 1269 quisquam
1707 1199 1844 1253 alius
1883 1200 2197 1269 ignoraret;
2229 1217 2295 1256 ne
2333 1211 2513 1257 tamen
2548 1202 2662 1257 ullo
2693 1201 2855 1256 modo
2903 1199 3219 1255 crederetur
3255 1214 3405 1253 com-

115 1287 318 1342 motioni
362 1288 527 1343 alicui
559 1288 877 1359 indulgere,
925 1290 1130 1345 nullum
1177 1307 1239 1346 ea
1287 1291 1355 1346 de
1406 1307 1467 1348 re
1515 1291 1738 1347 verbum
1794 1291 1900 1347 sibi
1931 1293 2184 1348 excidere
2214 1308 2408 1364 passus
2452 1303 2553 1349 est.
2605 1292 2815 1348 Clarior
2848 1291 3058 1348 exstitit
3086 1291 3174 1346 ille
3203 1305 3400 1356 casus,

113 1399 254 1454 quam
295 1383 699 1439 utomittatur:
753 1383 848 1440 sed
900 1400 1022 1440 cum
1078 1385 1344 1442 habeatur
1373 1403 1402 1442 a
1435 1387 1662 1443 Paulino
1712 1387 1836 1442 vitae
1882 1386 2154 1442 Ambrosii
2204 1388 2374 1443 nostri
2408 1388 2671 1444 historico
2723 1387 3000 1458 eleganter
3055 1397 3110 1442 et
3139 1381 3393 1441 accurate

113 1476 427 1546 descriptus,
475 1491 601 1532 eum
631 1476 800 1546 ipsius
844 1477 1025 1533 verbis
1066 1480 1579 1549 reprzesentabimus
1609 1498 1621 1532 :
1653 1477 1890 1534 Fuerunt
1948 1482 2100 1535 etiam
2137 1523 2150 1547 ,
2191 1483 2367 1552 inquit
2419 1481 2541 1550 (In.
2573 1483 2662 1535 vit.
2699 1481 2760 1537 S.
2804 1480 2982 1535 Ambr.
3011 1479 3062 1549 ),
3101 1480 3205 1534 duo
3252 1480 3398 1534 cubi-

112 1571 273 1624 cularii
292 1579 408 1624 tunc
455 1573 705 1642 temporis
733 1569 973 1626 Gratiani
995 1573 1322 1643 imperatoris
1349 1574 1413 1629 de
1443 1574 1625 1628 hteresi
1654 1574 1968 1628 Arianorum
1995 1616 2008 1640 ,
2041 1575 2129 1638 qui
2167 1575 2489 1628 tractandam
2533 1573 2794 1646 Episcopo
2820 1573 3156 1644 quastionem
3195 1589 3392 1643 prapo-

110 1674 282 1720 nerent.
306 1664 387 1718 Ad
399 1681 553 1736 quem
575 1665 890 1720 audiendum
906 1666 1070 1720 altera
1097 1667 1180 1721 die
1205 1667 1274 1720 ad
1302 1668 1566 1722 basilicam
1585 1665 1891 1721 Portianam
1913 1684 2085 1722 omnes
2107 1684 2161 1722 se
2187 1669 2460 1738 adfuturos
2483 1668 2843 1737 promiserant.
2867 1663 2999 1718 Erat
3027 1666 3162 1719 enim
3184 1666 3399 1734 quaestio

112 1762 164 1813 de
187 1759 546 1816 lncarnatione
570 1761 796 1815 Domini.
824 1761 931 1818 Sed
957 1762 1061 1816 alio
1091 1760 1174 1815 die
1203 1763 1484 1817 miserandi
1509 1762 1758 1826 homines,
1785 1761 2040 1832 superbire
2081 1771 2286 1816 tumore
2308 1762 2569 1832 completi,
2595 1777 2684 1814 nec
2706 1775 2955 1813 memores
2986 1759 3359 1829 promissorum
3379 1800 3394 1823 ,

113 1864 458 1910 contemnentes
503 1855 672 1910 Deum
721 1857 776 1910 in
824 1857 1087 1910 sacerdote
1131 1856 1335 1924 ipsius,
1383 1872 1475 1909 nec
1525 1856 1685 1927 plebis
1716 1857 2055 1924 exspectantis
2094 1855 2473 1910 considerantes
2513 1855 2813 1926 injuriam:
2860 1855 3185 1908 immemores
3229 1851 3387 1906 etiam

112 1951 340 2004 dictorum
389 1951 815 2017 ﬂaminicarum,
862 1950 1143 2020 quoniams
1179 1949 1270 2020 qui
1307 1948 1761 2006 scandalizaverit
1807 1963 1975 2004 unum
2009 1963 2075 2002 ex
2104 1949 2340 2003 minimis
2387 1948 2546 2012 istis,
2586 1955 2801 2017 oportet
2854 1954 2913 2000 nt
2970 1946 3110 2000 mola
3160 1944 3400 2000 asinaria

109 2040 229 2096 collo
262 2042 375 2112 ejus
401 2043 665 2114 alligetur
695 2085 710 2108 ,
759 2041 1180 2111 ctdemergatnr
1227 2043 1278 2096 in
1306 2042 1630 2111 profundum
1662 2043 1861 2108 maris;
1917 2064 1934 2096 ι
1985 2042 2380 2096 conscendentes
2411 2043 2464 2095 in
2483 2041 2700 2097 rhedam
2742 2042 2891 2108 quasi
2921 2041 3092 2112 gratia
3113 2038 3347 2112 gestandi
3377 2080 3394 2103 ,

108 2136 332 2191 civitatem
359 2137 555 2209 egressi
586 2146 703 2190 sunt
730 2178 744 2202 ,
789 2147 1116 2208 exspectante
1143 2137 1449 2207 sacerdote,
1481 2146 1527 2190 et
1559 2137 1702 2203 plebe
1752 2137 1807 2189 in
1840 2135 2055 2189 ecclesia
2082 2137 2377 2188 constituta.
2415 2134 2521 2187 Sed
2567 2135 2724 2206 hujus
2765 2132 3103 2187 contumacia
3139 2131 3226 2200 qui
3271 2130 3390 2194 ﬁnis

108 2227 269 2296 fuerit,
300 2232 538 2286 horresco
567 2233 816 2301 referens.
848 2229 1032 2283 Subita
1059 2230 1193 2283 enim
1223 2230 1532 2301 praecipitati
1554 2229 1618 2282 de
1652 2227 1844 2291 rheda,
1869 2229 2068 2281 animas
2087 2226 2404 2291 emiserunt,
2432 2237 2583 2294 atque
2619 2241 2841 2295 corpora
2864 2224 3075 2277 illarum
3105 2223 3391 2294 sepultura:

103 2329 206 2372 sunt
226 2320 430 2376 tradita.
463 2320 697 2376 Sanctus
738 2335 854 2374 vero
903 2319 1209 2374 Ambrosius
1248 2335 1363 2372 cum
1408 2320 1667 2389 ignoraret
1714 2319 1841 2389 quid
1884 2322 2078 2389 factum
2117 2327 2274 2381 esset,
2338 2329 2439 2370 nec
2476 2316 2671 2370 diutius
2711 2325 2883 2383 posset
2930 2315 3125 2383 plebem
3181 2321 3386 2376 tenere,

99 2410 343 2467 ascendens
371 2428 467 2482 pra
507 2411 784 2477 tribunali,
825 2411 888 2464 de
918 2410 1094 2464 eadem
1122 2411 1430 2480 quwstiane,
1465 2416 1580 2480 qua:~
1621 2411 1791 2480 fuerat
1832 2411 2132 2479 proposita,
2175 2425 2457 2464 sermonem
2489 2411 2706 2464 adorsus
2733 2418 2806 2462 est
2850 2407 3026 2462 dicens
3058 2425 3070 2459 :
3101 2406 3354 2460 Debitum
3375 2448 3391 2471 ,

99 2503 268 2560 fratres
287 2547 300 2571 ,
328 2519 459 2560 euro
495 2503 815 2559 solvendum
852 2521 864 2556 :
894 2502 988 2558 sed
1018 2502 1310 2558 hesternos
1340 2517 1490 2558 meos
1536 2517 1642 2556 non
1677 2501 1895 2556 invenio
1946 2499 2281 2567 creditores;
2313 2509 2359 2554 et
2385 2500 2588 2570 reliqua
2617 2515 2733 2570 qua:
2763 2497 2957 2568 scripta
2996 2505 3114 2551 sunt
3145 2497 3199 2549 in
3228 2495 3358 2550 libro
3379 2536 3392 2558 ,

99 2596 171 2666 qui
198 2595 260 2651 de
288 2597 472 2652 lncarn
489 2595 676 2651 atione
701 2595 914 2650 Domini
945 2595 1259 2649 intitulatur.

157 2687 222 2742 ita
245 2688 539 2754 Paulinus,
569 2686 728 2756 cujus
754 2687 920 2743 etiam
945 2686 1325 2752 ultimaverba
1356 2684 1486 2741 libri
1510 2684 1793 2742 declarant
1816 2685 2249 2756 inscriptionem.
2274 2685 2422 2740 Hane
2446 2685 2615 2753 ipsam
2643 2683 2785 2753 apud
2813 2683 2950 2738 alios
2976 2695 3194 2752 quoque
3214 2681 3389 2752 scrip-

101 2789 250 2847 tores,
279 2799 306 2837 a
327 2783 539 2854 quibus
567 2781 756 2838 eadem
786 2780 964 2850 opella
993 2781 1334 2850 temporibus
1369 2782 1572 2836 secutis
1615 2795 1723 2835 non
1755 2781 1873 2836 sine
1908 2778 2386 2836 commendatione
2425 2779 2652 2850 allegata
2685 2788 2769 2835 est
2793 2779 3030 2849 (Synod.
3064 2778 3183 2832 adv.
3227 2776 3388 2844 Trag.

102 2871 222 2930 Iren.
248 2875 298 2929 in
321 2875 531 2929 collect.
559 2871 720 2927 Conc.
755 2871 938 2926 Batus.
963 2881 1010 2925 et
1033 2869 1224 2926 Christ.
1258 2871 1391 2944 Lup.
1423 2881 1470 2926 et
1499 2871 1622 2943 al.),
1655 2873 1959 2943 reperimus
1989 2889 2001 2925 :
2035 2873 2120 2926 cui
2145 2879 2412 2941 prmterea
2443 2871 2683 2926 nonnulli
2710 2870 2994 2942 (Theodar.
3023 2871 3078 2924 in
3097 2869 3394 2940 Polymar.)

103 2965 360 3036 adjiciunt,
389 2976 582 3021 contra
613 2965 1035 3034 Apallinaristas.
1068 2964 1185 3019 Non
1217 2963 1512 3020 defuerunt
1537 2965 1734 3032 etiam,
1781 2966 1876 3036 qui
1905 2964 2098 3033 Operis
2145 2963 2370 3020 exordio
2399 2963 2666 3033 permoti,
2698 2963 2802 3018 sub
2847 2963 3004 3018 titulo
3049 2962 3300 3017 sermonis
3330 2961 3395 3015 de

105 3057 211 3114 Cain
235 3070 278 3115 et
299 3059 419 3115 Abel
438 3059 673 3115 citatum
706 3057 911 3112 vellent
951 3055 1070 3129 (lvo
1097 3055 1297 3111 Decret.
1329 3072 1366 3110 ιι
1397 3067 1559 3124 part.,
1590 3073 1638 3111 c.
1667 3057 1719 3120 7,
1745 3054 1893 3110 Crat.
1923 3041 2223 3110 de'Consec.
2257 3053 2377 3108 dist.
2407 3053 2490 3124 ‘2).
2521 3052 2626 3109 Sed
2649 3051 2897 3122 profecto
2923 3053 3165 3107 omnium
3189 3052 3398 3122 optima

104 3150 348 3223 inscriptio
393 3161 521 3217 est,
571 3165 732 3221 quam
773 3164 884 3204 non
930 3149 1108 3204 solum
1151 3148 1507 3218 manuscripti
1550 3148 1764 3217 plurimi
1792 3161 1856 3201 ac
1895 3146 2295 3217 probatissimi,
2329 3160 2428 3199 nec
2461 3160 2567 3199 non
2601 3152 2815 3200 veteres
2860 3143 3130 3199 editiones
3173 3155 3285 3210 pra!
3335 3155 3396 3196 se

102 3244 284 3313 ierunt;
307 3261 501 3302 verum
532 3245 696 3300 etiam
727 3259 889 3314 quam
918 3242 1120 3299 iudicat
1144 3243 1164 3315 (
1188 3240 1318 3308 Cap.
1352 3243 1406 3308 7,
1439 3258 1581 3295 num.
1613 3239 1726 3312 65)
1759 3241 1991 3308 ipsemet
2017 3239 2361 3314 Ambrosius,
2393 3238 2648 3293 nimirum
2692 3237 2755 3292 de
2785 3236 3176 3291 Incarnatianis
3208 3234 3391 3290 Domi-

103 3337 212 3394 nica:
235 3340 574 3395 Sacramenta
593 3379 607 3403 ,
638 3339 754 3392 sive
776 3378 792 3404 ,
820 3344 878 3390 ut
906 3350 1032 3392 cum
1063 3336 1380 3391 auctoribus
1409 3334 1734 3405 quibusdam
1767 3332 2000 3389 Romani
2027 3333 2268 3389 editores
2297 3333 2539 3387 maluere
2559 3373 2572 3395 ,
2607 3330 2880 3402 Mysteria.

159 3429 296 3513 Quod
340 3447 476 3488 vero
525 3431 591 3485 ad
643 3436 860 3485 aetatem
897 3426 1143 3496 ejusdem
1193 3427 1351 3494 libri,
1385 3435 1443 3482 ut
1489 3426 1620 3482 nihil
1647 3426 1854 3482 certius
1884 3434 1998 3489 est,
2031 3441 2192 3495 quam
2235 3424 2386 3478 illum
2411 3425 2560 3479 libris
2588 3424 2652 3478 de
2673 3423 2810 3478 Fide
2864 3425 3223 3495 posteriorem
3269 3437 3394 3478 esse

105 3522 280 3595 (lbid.,
311 3544 452 3581 num.
491 3524 606 3596 62),
639 3525 708 3578 ita
734 3538 840 3578 non
867 3521 1079 3591 exigua:
1107 3519 1446 3576 difﬁcultatis
1487 3519 1690 3587 fuerit,
1732 3527 1867 3589 quot
1895 3519 2054 3573 annis
2081 3517 2330 3573 eumdem
2376 3515 2431 3570 hi
2480 3516 2910 3581 anteverterint,
2957 3515 3210 3572 deﬁnire.
3234 3516 3291 3570 ln
3323 3517 3390 3570 iis

101 3618 288 3687 quidem
312 3617 551 3675 citandis
572 3616 742 3673 semel
773 3616 879 3669 hoc
908 3615 962 3669 in
993 3613 1173 3682 Opere
1203 3628 1392 3669 vocem
1425 3613 1620 3666 dudum
1647 3611 1866 3666 adhibet
1900 3609 2054 3682 (Cap.
2081 3611 2138 3678 8,
2170 3626 2312 3664 num.
2345 3609 2436 3680 79)
2463 3615 2684 3663 sanctus
2707 3608 2947 3663 Doctor:
2977 3608 3070 3662 sed
3102 3608 3224 3662 aliis
3255 3608 3391 3662 locis

103 3711 145 3765 in
168 3712 345 3780 quibus
368 3712 612 3783 aliquam
640 3709 879 3780 ipsorum
904 3707 1239 3762 mentionem
1272 3706 1392 3760 facit
1413 3745 1427 3770 ,
1457 3702 1726 3775 ejusmodi
1743 3702 2113 3757 locationibus
2137 3715 2351 3769 semper
2371 3698 2563 3764 utitur,
2591 3713 2712 3768 qua:
2733 3697 3039 3766 signiﬁcent
3065 3697 3184 3750 illos
3208 3696 3388 3751 editos

103 3810 189 3851 non
217 3801 282 3856 ita
307 3804 541 3874 pridem.
569 3802 954 3858 Verumtamen
983 3813 1108 3854 cum
1134 3798 1297 3853 iidem
1330 3796 1450 3851 libri
1481 3796 1547 3850 de
1573 3793 1708 3848 Fide
1733 3809 1844 3849 non
1875 3794 1977 3848 nisi
2005 3805 2182 3856 anno,
2210 3799 2267 3845 ut
2297 3800 2577 3846 ostensum
2605 3797 2724 3854 est,
2752 3788 2857 3842 379
2880 3787 3085 3842 fuerint
3111 3786 3384 3852 absoluti,

102 3889 331 3952 Paulinus
361 3914 499 3955 vero
531 3898 634 3954 hoc
661 3898 836 3969 ipsum
865 3898 1046 3968 Opus,
1079 3899 1145 3954 de
1173 3913 1283 3968 quo
1303 3897 1507 3966 agitur,
1537 3894 1830 3964 superstite
1851 3892 2026 3946 adhuc
2054 3890 2316 3945 Gratiano
2346 3889 2593 3957 Augusto
2613 3929 2626 3950 ,
2656 3887 2744 3956 qui
2784 3899 2928 3939 anno
2967 3884 3074 3941 385
3117 3883 3224 3938 vita
3261 3882 3385 3938 fun-

100 3992 200 4039 ctus
220 3998 326 4056 est,
359 3989 640 4048 conditum
675 3991 882 4055 tradat;
915 4006 1019 4046 vox
1049 3990 1246 4044 dudum
1291 3999 1343 4042 ut
1374 3987 1506 4042 illud
1536 3996 1660 4040 aute
1689 4001 1890 4040 anuum
1921 3983 2026 4039 582
2051 3982 2415 4051 compositum
2443 3979 2912 4045 existimaremus,
2947 3980 3038 4034 vix
3068 3988 3341 4050 pateretur
3369 3999 3382 4035 :

99 4077 217 4134 sicut
241 4098 333 4139 nec
361 4084 608 4140 Gratiani
639 4085 836 4149 obitus,
870 4094 928 4138 ut
959 4082 1090 4137 illud
1122 4079 1294 4136 multo
1319 4089 1440 4150 post
1469 4077 1720 4135 eumdem
1748 4091 1948 4131 annum
1981 4073 2357 4144 rejiceremus.

622 4329 1506 4495 SANCTI
1641 4317 2810 4488 AMBROSII

955 4585 1909 4679 MEDIOLANENSIS
1967 4582 2504 4668 EPISCOPI

384 4803 526 4931 DE
637 4795 1539 4932 INCARNATIONIS
1642 4785 2218 4919 llllMlNIClE
2315 4785 3054 4915 SACRAMENTﬁ

1312 5019 1647 5093 LIBER
1718 5013 1988 5089 UNUS
2047 5000 2107 5081 ⁸.

2071 4194 2389 4204 _.———-

1829 4196 2065 4207 ___———

1537 4199 1806 4210 ._——

883 4203 1523 4219 _________
1537 4199 1819 4210 ____..
1829 4194 2389 4207 ______.___.

115 4187 3368 4260 Μ
834 4211 2171 4254 "____________.______

184 4243 258 4256 ﬁ

422 5282 428 5324 ἑ
463 5274 624 5347 703
677 5270 910 5329 CAPUT
966 5271 1254 5330 PRIMUM.
1830 5261 2002 5326 paucis
2031 5261 2271 5327 exposuit,
2290 5275 2525 5326 quoniam
2544 5262 2646 5316 lata
2665 5265 2717 5316 in
2743 5263 2948 5318 Cainum
2969 5267 3112 5332 feriat
3128 5276 3378 5331 seruantia,

101 5371 305 5434 Indicam
337 5385 531 5440 dicendi
569 5386 840 5449 occasione,
868 5385 935 5437 ad
954 5384 1200 5450 sacriﬁcia
1235 5384 1373 5437 Caini
1411 5392 1456 5436 et
1497 5384 1663 5435 Abelis
1835 5348 1993 5399 δοθείο
2503 5405 2508 5414 -

153 5465 326 5518 accedit
366 5468 659 5522 Ambrosius.
693 5470 816 5519 Tum
854 5467 973 5531 quid
1013 5467 1064 5518 in
1085 5466 1269 5531 prioris
1291 5465 1526 5519 ablatione
1559 5469 1660 5520 Deo

1839 5454 1890 5507 1.
1917 5452 2190 5520 Debitum,
2210 5451 2239 5492 ιι
2261 5453 2478 5518 fratres,
2493 5455 2656 5525 cupio
2677 5455 3020 5522 solvendum,
3038 5458 3134 5513 sed
3158 5458 3371 5515 hester-

153 5547 451 5616 dispticuerit,
493 5554 733 5619 explorat.
781 5550 968 5604 Deinde
1010 5550 1091 5602 ubi
1131 5549 1294 5603 Abelis
1332 5551 1664 5604 holocaustum
1768 5560 1868 5601 nos
1889 5561 2039 5602 meos
2066 5566 2131 5604 η(-
2147 5568 2173 5604 ι.
2207 5548 2424 5604 invenio
2439 5548 2760 5616 creditores,
2781 5549 2886 5604 nisi
2917 5549 3058 5607 forte
3078 5553 3377 5622 improviso

166 5679 454 5782 :Scriptns
473 5702 562 5741 an.
595 5686 726 5740 circ.
757 5683 887 5740 382.
1258 5749 1270 5764 .
1773 5685 1830 5740 in
1875 5688 2060 5742 multis
2099 5703 2208 5742 non
2252 5687 2520 5754 habetur;
2564 5689 2697 5744 edit.
2741 5689 2898 5745 Rom.
2947 5699 3002 5746 et
3029 5692 3122 5747 alii
3166 5694 3377 5769 aliquot

229 5747 302 5802 Ita
327 5763 430 5802 vet.
460 5757 594 5802 εδει.
640 5766 696 5802 et
740 5755 923 5802 nlnres
969 5766 1124 5802 mss“
1170 5750 1274 5802 nim
1303 5753 1448 5802 mind
1489 5756 1670 5802 frnlrptt
1783 5773 1937 5802 mam.
1980 5761 2166 5802 frntrn
2195 5775 2358 5802 mm.-
2388 5759 2572 5802 θαλίαι-ἰ
2594 5796 2603 5802 .
2641 5764 2825 5802 frntrn
2851 5762 3018 5802 "adn.
3055 5773 3140 5802 Mn

252 5760 302 5803 ta
327 5763 430 5809 vet.
460 5757 594 5810 edit.
640 5766 696 5810 et
740 5755 923 5826 plures
969 5766 1124 5816 πιθα..
1170 5750 1274 5806 nisi
1303 5753 1448 5824 quod
1489 5756 1670 5824 fratres
1783 5773 1940 5822 mss.,
1978 5761 2166 5827 fratres
2195 5775 2358 5814 cura:
2388 5750 2605 5822 cmteri,
2639 5764 2825 5830 fratres
2851 5762 3022 5828 credo,
3055 5773 3158 5818 etc.
