3936 6168
711 195 795 253 DE
835 193 1362 258 INCARNATIONIS
1399 199 1758 260 bonum
1799 201 2271 262 SACIIAMENTO
2309 202 2515 261 LIBER
2557 202 2765 265 UNUS.

3273 210 3379 265 822

113 316 319 378 gt-egant
361 314 740 374 sacramento,
770 320 1018 364 naturam
1053 310 1286 366 hominis
1335 313 1404 366 ab
1453 313 1678 370 homine
1705 318 1757 377 Α
1781 315 1898 370 Non
1949 327 2051 384 ego
2076 316 2204 370 dico
2257 331 2285 370 a
2335 331 2422 372 me
2461 319 2584 388 quia
2629 317 2684 371 in
2714 318 2972 389 principio
3011 330 3123 374 erat
3160 319 3383 375 Verbum

113 416 347 471 separare
389 401 689 470 cupientes.
726 401 791 455 Et
841 403 930 456 isti
969 402 1201 459 fortasse
1253 413 1402 460 recte
1443 404 1680 461 oﬂ‘erunt

114 491 339 546 Trinitati
373 509 386 544 :
419 491 521 546 sed
571 491 836 548 rationem
887 491 1135 548 nesciunt
1181 505 1388 550 natura:
1430 495 1679 552 humanm

112 588 387 657 divinaque
412 586 899 657 distinguere;i)ei
923 589 1065 641 enim
1099 588 1335 658 simplex
1367 599 1557 644 natura
1571 599 1672 655 est,

113 678 256 732 homo
296 691 360 732 ex
405 676 587 732 anima
635 679 943 732 rationabili
985 689 1198 735 constat
1241 691 1296 736 et
1336 695 1592 750 corpore.
1620 681 1678 738 Si

111 773 318 827 alterum
365 771 564 837 tollas,
606 781 771 826 totam
819 782 1066 827 naturam
1118 774 1355 828 hominis
1386 775 1675 829 sustulisti.

173 864 250 920 12.
291 865 568 920 Adversus
597 879 789 921 omnes
814 866 974 938 igitur
997 867 1237 923 haereses
1267 867 1366 922 ista
1407 869 1678 925 sententia

107 969 176 1014 est
195 1000 208 1023 ,
235 973 350 1030 quae
381 958 626 1016 fraterno
675 961 898 1015 nomine
920 1001 934 1025 ,
965 975 1071 1015 non
1109 960 1346 1015 fraterne
1374 959 1676 1016 Ecclesiam

109 1065 506 1125 persequuntur.
540 1053 817 1125 Siquidem
840 1063 866 1091 α
889 1055 990 1110 sub
1011 1057 1236 1119 optione
1275 1057 1507 1112 nominis
1542 1055 1678 1111 chri-

109 1149 244 1202 stiani
272 1161 323 1202 et
345 1146 578 1216 quadam
604 1149 965 1214 nuncupativa
989 1147 1115 1201 ﬁdei
1135 1147 1536 1218 germanitateb
1558 1163 1680 1214 par-

109 1241 268 1297 ricidal
278 1241 398 1295 ibus
417 1241 620 1312 gladiis
648 1257 746 1295 nos
765 1242 990 1311 cupiunt
1018 1243 1338 1307 vulnerare;
1363 1244 1486 1312 quia
1511 1253 1532 1280 ο
1547 1257 1678 1297 con-

110 1336 263 1389 versio
305 1345 493 1388 nostra
543 1332 609 1388 ad
641 1347 736 1388 eos
767 1345 885 1398 est,
932 1345 983 1389 et
1027 1335 1378 1390 dominantur
1423 1336 1677 1396 nobisin

108 1428 282 1482 saeculo
307 1433 648 1497 peccatores.
686 1426 945 1482 Peccator
971 1429 1117 1483 enim
1145 1428 1455 1483 dominatur
1482 1429 1536 1481 in
1577 1442 1678 1484 sa!-

108 1519 212 1572 cnlo
226 1561 241 1584 ,
268 1518 446 1589 justus
473 1520 526 1572 in
560 1517 658 1573 Dei
689 1531 875 1589 regno.
1146 1577 1148 1580 ,

166 1611 244 1667 15.
284 1609 596 1666 Caveamus
621 1613 781 1682 igitur
805 1627 872 1668 ne
898 1613 1022 1682 quis
1044 1627 1143 1667 nos
1159 1611 1183 1649 ἀ
1203 1628 1234 1668 a
1257 1613 1509 1670 cubiculo
1533 1615 1679 1684 regis

1782 408 1978 482 (Iona.
2005 424 2053 473 t,
2088 408 2180 480 1),
2211 410 2305 464 sed
2329 411 2490 465 audio
2520 429 2532 463 :
2564 426 2672 465 non
2711 426 2814 481 ego
2843 413 3076 483 attingo,
3108 415 3203 468 sed
3230 415 3380 484 lego;

1780 501 1926 570 quod
1955 517 2147 556 omnes
2192 503 2452 573 legimus,
2485 505 2582 560 sed
2624 520 2730 560 non
2771 520 2964 562 omnes
3005 506 3380 579 intelligimus.

1785 596 1850 649 Et
1891 610 2016 650 cum
2064 596 2280 665 legitur,
2329 597 2583 652 audimus
2633 614 2822 654 omnes
2850 641 2865 664 ,
2909 608 2966 655 et
3010 614 3116 656 non
3162 601 3388 656 audiunt

1781 702 2001 742 omnes:
2027 686 2380 744 Incrassatum
2412 701 2485 744 est
2511 691 2656 747 enim
2681 709 2771 747 cor
2790 697 3148 760 quorumdam,
3175 702 3388 748 etaures

1781 797 1955 834 eorum
1983 784 2207 852 graviter
2232 783 2508 838 audierunt
2537 786 2685 856 (Act.
2717 802 2910 851 xxvm,
2939 787 3008 840 ‘27
3026 788 3069 856 );
3095 801 3259 842 aures
3284 787 3389 842 sci-

1780 871 1906 928 licet
1943 874 2221 929 interioris
2263 874 2506 931 affectus.
2543 877 2661 931 Non
2687 879 2832 933 enim
2860 893 2989 932 caro
3008 887 3226 948 peccat.
3263 896 3385 948 qua:

1780 980 1936 1020 suum
1968 975 2148 1020 servat
2173 966 2450 1033 ofﬁcium,
2479 978 2532 1022 et
2556 970 2746 1036 recipit
2778 970 3046 1036 auditum,
3085 981 3108 1007 ε
3137 971 3232 1025 sed
3262 973 3384 1025 auio

1780 1073 1902 1113 mus
1933 1059 2052 1127 puri
2079 1057 2296 1113 auditus
2329 1073 2530 1130 pravus
2560 1061 2831 1130 interpres
2851 1104 2865 1127 ,
2896 1063 2988 1132 qui
3026 1075 3242 1118 recusat
3287 1080 3385 1119 auo

1781 1150 1904 1206 dire
1933 1166 2053 1220 qua:
2100 1151 2378 1218 dicuntur,
2425 1154 2735 1224 intelligere
2776 1170 2896 1223 quae
2945 1155 3214 1224 leguntur.
3251 1157 3390 1224 Quid

1783 1257 1944 1296 aures
1992 1251 2263 1313 tamquam
2305 1259 2426 1299 cera
2461 1253 2518 1299 et
2557 1245 2780 1314 plumbo
2800 1246 3089 1310 clauditis,
3121 1257 3176 1302 et
3209 1256 3388 1303 tamen

1784 1335 2065 1392 Dominica
2115 1337 2378 1392 beneficia
2427 1348 2482 1392 et
2524 1337 2702 1393 ofﬁcia
2749 1346 2959 1394 natura:
3005 1355 3110 1394 non
3157 1343 3387 1409 potestis

1781 1430 2117 1486 excludere?
2147 1431 2359 1485 Auditis
2409 1431 2595 1495 inviti,
2631 1430 2834 1486 auditis
2866 1430 3248 1487 fastidientes:
3291 1449 3387 1486 auo

1789 1523 1919 1577 ditis
1940 1565 1954 1586 ,
1991 1539 2058 1578 ne
2088 1523 2229 1593 quod
2264 1539 2370 1578 non
2404 1523 2719 1586 audieritis,
2749 1537 3015 1579 excusare
3042 1525 3278 1593 possitis.

1855 1616 2016 1687 707
2059 1617 2146 1672 15.
2189 1615 2402 1671 Auditis
2431 1631 2563 1686 ergo
2591 1632 2712 1671 cum
2747 1618 2938 1686 legitur
2973 1636 2986 1671 :
3017 1617 3086 1671 In
3134 1619 3392 1687 principio

109 1704 302 1767 aterni,
333 1711 387 1758 ct
415 1720 442 1758 a
471 1714 690 1760 secreto
717 1705 904 1759 matris
933 1705 1194 1760 Ecclesia:
1225 1721 1478 1774 separare
1507 1720 1672 1760 conev
1708 1712 1754 1771 B
1783 1721 1892 1767 erat
1949 1711 2169 1767 Verbum
2200 1711 2379 1784 (Joan.
2429 1727 2475 1776 ι,
2523 1712 2598 1780 1).
2628 1711 2760 1778 Quis
2793 1713 2895 1766 hoc
2943 1711 3113 1766 dicit?
3151 1710 3392 1766 Joannes

110 1807 199 1861 tur,
215 1802 274 1852 ad
293 1799 433 1868 quod
452 1800 544 1853 illa
569 1799 747 1853 anima
768 1801 819 1853 in
834 1800 1073 1854 Canticis
1089 1801 1422 1855 canticorum
1442 1801 1674 1855 Verbum

112 1892 188 1946 Dei
215 1908 271 1947 se
298 1893 671 1949 introduxisse
688 1892 952 1964 signiﬁcat
973 1893 1156 1966 (Cant.
1180 1910 1261 1960 Ill,
1279 1895 1316 1948 4
1332 1897 1369 1964 l.
1391 1895 1556 1967 706
1575 1895 1676 1950 Ca-

112 2001 304 2042 reamus
331 2002 399 2040 ne
427 2002 459 2040 a
489 1987 618 2041 sinu
656 1988 828 2041 Patris
851 2028 864 2050 ,
891 1997 943 2042 et
966 1989 1199 2057 quodam
1225 1998 1381 2044 utero
1413 2000 1673 2056 paterno,

111 2091 400 2148 arcanaque
423 2088 636 2133 natura:
654 2079 1008 2134 substantiam
1033 2082 1290 2150 unigeniti
1316 2081 1438 2135 Filii
1457 2095 1678 2150 separe-

113 2185 212 2224 mus
233 2213 245 2233 .
271 2171 557 2240 verbisque
583 2172 666 2226 his
692 2172 886 2242 quibus
917 2173 1119 2227 veritas
1148 2182 1414 2241 suscepta
1431 2171 1680 2230 incarna-

114 2261 253 2317 tionis
266 2264 549 2328 astruitur,
572 2263 767 2319 divina;
779 2264 1114 2334 generationi
1137 2266 1451 2334 praejudicia
1477 2265 1680 2321 inferre

115 2355 442 2423 meditemur;
479 2373 551 2413 ne
597 2369 653 2412 et
684 2368 926 2414 nostrum
964 2360 1124 2413 alicui
1162 2359 1414 2413 dicatur:
1448 2358 1512 2413 Si
1549 2369 1682 2413 recte

114 2448 279 2516 offeras
294 2493 307 2515 ,
329 2463 463 2506 recte
485 2462 663 2507 autem
689 2469 791 2507 non
804 2453 1026 2515 dividas,
1047 2454 1268 2525 peccasti
1286 2454 1556 2522 ;quiesce;
1579 2453 1680 2508 hoc

113 2551 211 2596 est:
242 2545 294 2598 Si
327 2547 642 2599 nesciamus
668 2561 786 2615 quae
810 2547 1022 2614 propria
1049 2553 1175 2600 sunt
1195 2545 1498 2599 divinitatis
1525 2553 1683 2600 aeter-

115 2651 182 2688 nae
223 2637 718 2708 incarnationisque
746 2639 1117 2710 distinguere;
1145 2639 1189 2692 si
1225 2646 1526 2693 creatorem
1557 2653 1680 2694 cum

113 2729 210 2781 suis
236 2731 486 2797 operibus
528 2727 915 2785 conferamus:
960 2731 1005 2783 si
1053 2738 1334 2784 auctorem
1375 2740 1678 2799 temporum

115 2822 328 2877 dicamus
357 2827 597 2894 cepisse
629 2837 750 2892 post
795 2831 1060 2894 tempora.
1095 2822 1281 2893 Neque
1315 2824 1458 2877 enim
1505 2833 1682 2893 potest

117 2912 212 2967 ﬁeri
239 2926 290 2968 ut
325 2931 417 2986 per
445 2931 612 2984 quem
644 2925 771 2970 sunt
801 2918 1013 2980 omnia,
1044 2915 1112 2968 sit
1144 2930 1281 2968 unus
1309 2930 1374 2970 ex
1403 2916 1676 2970 omnibus.

695 3007 927 3064 CAPUT
982 3007 1066 3063 111.

1781 1808 1969 1878 utique
1994 1807 2090 1861 ille
2112 1809 2387 1874 piscator:
2414 1805 2507 1860 sed
2534 1821 2640 1858 non
2667 1805 2818 1874 quasi
2843 1806 3085 1876 piscator
3105 1805 3208 1860 hoc
3232 1805 3386 1871 dicit,

1779 1883 1874 1953 sed
1897 1900 2050 1968 quasi
2072 1899 2292 1952 humani
2319 1897 2558 1968 piscator
2581 1896 2810 1952 aﬁ'ectus
2825 1913 2840 1962 ;
2857 1897 3064 1967 quijam
3088 1913 3193 1951 non
3211 1899 3388 1965 pisces

1779 1998 2032 2059 caperet,
2077 1989 2172 2044 sed
2206 1989 2456 2044 homines
2488 1989 2786 2044 viviﬁcaret
2815 1987 2972 2058 (Luc.
3009 2005 3040 2042 ν
3063 2031 3079 2055 ,
3109 1988 3223 2060 10).
3267 1989 3385 2044 Non

1780 2099 1936 2139 suum
1961 2096 2064 2150 est,
2085 2087 2226 2156 quod
2243 2087 2404 2141 dicit:
2429 2087 2524 2140 sed
2544 2087 2662 2155 ejus
2679 2087 2768 2154 qui
2801 2085 3104 2140 viviﬁcandi
3127 2087 3175 2140 ei
3199 2086 3389 2141 tribuit

1779 2187 2126 2248 potestatem.
2158 2178 2402 2233 Piscator
2425 2179 2573 2232 enim
2601 2180 2730 2246 ipsis
2748 2217 2763 2241 ,
2791 2193 2929 2246 quos
2953 2186 3078 2230 ante
3100 2178 3378 2244 capiebat,

1782 2269 2020 2339 piscibus
2058 2271 2381 2324 taciturnior
2423 2278 2574 2331 erat;
2605 2279 2661 2322 et
2708 2269 2853 2322 circa
2899 2268 3077 2324 divina
3126 2269 3384 2337 mysteria

1783 2362 1953 2431 magis
1977 2372 2155 2416 mutus
2173 2403 2188 2424 ,
2208 2361 2303 2430 qui
2326 2362 2476 2415 vocis
2496 2375 2610 2414 sua
2641 2359 2920 2415 nesciebat
2942 2370 3217 2414 auctorem
3245 2380 3258 2414 :
3285 2359 3382 2413 sed

1783 2454 2087 2509 viviﬁcatus
2131 2470 2158 2507 a
2190 2453 2411 2508 Christo
2447 2467 2638 2506 vocem
2665 2451 2868 2506 audivit
2899 2452 2951 2506 in
2979 2450 3215 2515 Joanne,
3247 2449 3383 2504 Ver.

1783 2549 1910 2604 bum
1937 2547 2153 2618 agnovit
2175 2547 2225 2600 in
2255 2545 2498 2601 Christo.
3093 2529 3097 2532 ’

1857 2640 1944 2695 16.
1967 2641 2033 2694 Et
2062 2639 2186 2694 ideo
2215 2638 2406 2709 plenus
2433 2637 2637 2706 Spiritu
2669 2646 2881 2703 sancto,
2913 2635 3003 2706 qui
3034 2634 3202 2692 sciret
3227 2636 3380 2704 prino

1782 2736 1985 2806 cipium
2045 2750 2152 2788 non
2213 2731 2472 2802 temporis
2529 2746 2688 2794 esse,
2742 2731 2839 2788 sed
2889 2744 3054 2800 supra
3104 2740 3380 2798 tempora,

1782 2829 2002 2899 reliquit
2045 2828 2279 2891 sarcula,
2334 2835 2388 2880 et
2429 2824 2729 2881 ascendens
2775 2825 2971 2894 spiritu
3011 2838 3174 2891 super
3219 2835 3384 2877 omne

1786 2923 2106 2994 principium
2128 2965 2142 2988 ,
2170 2923 2244 2975 ait
2267 2939 2280 2974 :
2307 2919 2372 2976 In
2411 2920 2670 2989 principio
2693 2929 2801 2973 erat
2839 2917 3062 2972 Verbum
3083 2958 3099 2982 ,
3135 2915 3238 2971 hoc
3265 2925 3376 2982 cst,

1785 3025 2062 3073 remaneat
2107 3017 2337 3078 celum;
2388 3013 2628 3067 nonduin
2682 3012 2826 3067 enim
2871 3019 3023 3072 erat,
3063 3007 3284 3077 quando
3330 3010 3382 3062 in

120 3087 178 3142 (is
203 3092 281 3154 qui
296 3093 501 3146 laciniis
525 3091 848 3144 Maritimum
873 3093 938 3144 de
981 3091 1130 3143 Verbi
1150 3092 1417 3144 wternitate
1434 3105 1529 3146 non
1549 3091 1678 3144 reci-

1799 3112 2046 3180 nrincipio
2093 3119 2203 3164 erat
2237 3109 2481 3163 Verbum.
2511 3107 2648 3166 Nam
2676 3107 2775 3166 etsi
2809 3106 3005 3162 malum
3039 3105 3199 3159 habet
3236 3104 3388 3174 prin-

166 3184 332 3241 perent,
366 3175 622 3240 increpitis
644 3190 665 3227 :
681 3189 769 3227 nec
812 3189 906 3226 non
937 3175 1132 3227 laudae
1165 3177 1338 3227 eodem
1371 3174 1680 3242 euangelista,

167 3256 307 3309 locum
325 3258 558 3323 expandit
584 3271 602 3311 .'
626 3272 720 3318 atto
735 3271 828 3309 non
860 3256 1016 3309 solum
1047 3255 1196 3309 Verbi
1217 3259 1532 3311 calamitatem
1555 3257 1682 3310 divi-

168 3341 434 3410 nitatemque
450 3343 642 3409 signari
664 3343 844 3404 trudit;
865 3344 952 3394 sed
974 3343 1119 3396 etiam
1135 3357 1199 3395 ea:
1216 3343 1293 3396 Itis
1313 3344 1489 3396 eadem
1508 3343 1560 3395 in
1577 3347 1682 3396 Pa-

168 3433 232 3478 tre
249 3428 472 3481 attributa
500 3427 844 3480 deumnstrari.
870 3427 1168 3490 Corporum:
1185 3426 1237 3478 in
1269 3428 1423 3480 Verbo
1456 3425 1577 3478 nihil
1600 3441 1682 3479 co-

169 3509 428 3573 gitantum;
447 3520 493 3564 et
528 3509 747 3576 quantis
783 3508 890 3574 ejus
928 3517 1151 3562 Μίδαι-απ
1179 3510 1375 3563 minime
1415 3511 1682 3575 capimus,

168 3594 371 3659 adicere
388 3597 520 3649 nobis
539 3595 718 3648 debere
739 3595 947 3647 Joaimis
963 3595 1314 3658 auctoritatem,
1339 3596 1423 3660 qui
1445 3598 1684 3663 qumodo

177 3682 368 3734 Verbum
383 3683 583 3742 uiderit,
604 3680 897 3746 explicatur.

177 3766 255 3820 14.
295 3768 426 3824 Nolo
491 3769 655 3824 nobis
705 3766 997 3832 credatur,
1053 3767 1332 3838 Scriptura
1392 3767 1675 3823 recitetur.

119 3944 238 4002 illst.
267 3948 470 4006 Eccies.
503 3963 626 4016 cap.
659 3947 750 4009 16.
775 3947 958 4004 Vales.
989 3947 1123 4003 edit.
1155 3947 1388 4016 aliisque
1416 3947 1681 4016 pluribus.

121 4016 208 4084 Qui
232 4027 400 4075 tamen
433 4031 688 4076 auctores
733 4019 900 4076 etiam
930 4017 1169 4073 indicant
1201 4019 1361 4072 istum
1393 4017 1682 4074 haeresiar-

121 4093 256 4142 cbam
297 4092 636 4160 postmodum
677 4091 914 4144 animam
940 4090 1157 4160 Christo
1187 4090 1559 4160 concessisse,
1589 4088 1683 4142 sed

123 4159 408 4216 menteseu
451 4165 664 4216 ratione
711 4162 1058 4218 destitutam,
1103 4159 1152 4212 id
1202 4170 1315 4224 est,
1363 4159 1680 4213 sensitivam

125 4238 304 4285 tantum
337 4235 530 4286 animae
562 4245 802 4302 partem;
833 4232 977 4284 unde
1001 4228 1199 4283 Suidas
1240 4245 1343 4284 non
1380 4230 1596 4298 illepide
1629 4231 1682 4302 in

126 4313 238 4354 Voce
278 4301 635 4372 Apollinaris:
668 4302 766 4356 Hic
809 4316 1046 4372 carnem,
1084 4302 1284 4368 inquit,
1333 4302 1508 4354 anima
1536 4301 1684 4354 vituli

125 4371 364 4438 praditarn
393 4377 732 4443 assumpsisse
753 4373 954 4426 dicebat
984 4371 1300 4438 Dominum,-
1330 4383 1547 4426 mentem
1568 4387 1684 4426 vero

129 4453 325 4496 nostram
351 4460 450 4498 non
467 4446 752 4499 admisisse.
785 4445 932 4497 Alias
956 4451 1218 4513 pra'terea
1243 4443 1384 4496 idem
1409 4458 1686 4496 commen-

130 4520 200 4564 ttts
239 4529 314 4569 est
356 4519 500 4570 circa
547 4517 970 4571 iuCarnationem
1015 4528 1206 4582 pravas
1255 4514 1573 4582 opiniones,
1620 4513 1688 4568 de

130 4583 300 4655 quibus
341 4586 476 4641 infra
506 4603 624 4655 cap.
655 4587 702 4642 6.
754 4585 811 4640 ld
852 4599 982 4655 ergo
1015 4601 1176 4637 unum
1207 4584 1292 4638 hic
1335 4585 1688 4654 adiungemus

133 4651 282 4727 ivgum
309 4656 374 4710 de
399 4651 666 4713 Trinit'atc
694 4651 1082 4727 quoque'ltaud
1111 4657 1378 4710 catholico
1399 4651 1564 4727 sensit
1584 4665 1694 4710 sta-

135 4724 460 4800 tttisse._Natn
487 4724 781 4800 Gregorius
813 4728 1030 4781 Nazian.
1060 4729 1220 4800 epist.
1255 4728 1307 4793 1,
1341 4726 1689 4800 ad_Cledon.,

136 4793 192 4846 ab
213 4810 274 4869 eo
299 4793 705 4856 Trinitateuiex
735 4813 952 4869 magno,
989 4793 1180 4866 majori
1208 4807 1257 4851 et
1283 4798 1516 4852 maximo
1545 4812 1696 4852 com-

135 4867 339 4939 positam
373 4873 494 4939 litigi
518 4874 724 4926 diserte
749 4867 903 4923 docet
925 4912 938 4934 ,
964 4869 1017 4923 in
1046 4886 1151 4938 quo
1177 4884 1298 4922 eum
1319 4869 1698 4924 Theudorctus

139 4934 218 5010 lib.
248 4951 310 4994 tv.
350 4934 544 4998 Haeret.
582 4942 768 4996 Fabul.
797 4956 917 5010 cap.
949 4942 982 4994 8
1013 4934 1231 4993 secutus
1277 4942 1566 5010 reperitttr.
1601 4939 1702 4992 Ba-

139 5005 272 5060 silius
295 5011 506 5082 insuper
527 5016 685 5082 epist.
715 5012 784 5067 59
805 5005 1055 5066 eumdem
1086 5005 1384 5072 insimulat,
1412 5013 1552 5082 quod
1581 5025 1705 5080 per-

140 5089 282 5148 sonas
309 5081 582 5138 Trinitatis
630 5086 770 5140 inter
817 5099 876 5137 se
925 5082 1311 5135 confunderet;
1347 5081 1490 5148 quod
1539 5083 1702 5134 etiam

143 5144 342 5213 ἰθείηιυς
371 5157 506 5223 apud
538 5155 944 5210 Theodoretnm
977 5156 1095 5206 loco
1117 5155 1305 5206 citato.
1336 5144 1442 5207 Sed
1475 5161 1704 5215 prater—

144 5231 285 5293 {illam
311 5227 450 5290 quod
494 5228 634 5282 idem
685 5225 916 5280 Basilius
953 5226 1112 5293 epist.
1160 5223 1268 5278 295
1302 5223 1705 5282 accusationem

148 5287 266 5342 banc
295 5287 426 5366 forte
453 5299 518 5349 ab
560 5298 678 5366 ejus
721 5287 1053 5350 adversariis
1087 5294 1382 5366 profectam
1434 5293 1704 5366 insinuat,

149 5362 571 5435 eumdefenduut
592 5362 906 5421 Vincentius
934 5362 1107 5420 Lirin.
1134 5376 1185 5418 et
1225 5365 1486 5419 Leontius
1508 5363 1706 5435 Byzau.

149 5431 396 5507 ct.|._|_ocis.
423 5437 627 5504 Quibus
662 5438 784 5491 addi
818 5447 995 5506 potest
1027 5435 1362 5506 Epiphanius
1387 5431 1591 5490 llatreSi
1621 5435 1708 5502 77,

151 5499 227 5578 ubi
247 5499 839 5578 Vitalis’Apollinaristzr
857 5499 1276 5578 disputationem
1301 5509 1562 5562 adversus
1581 5499 1715 5560 Pati-

158 5571 310 5652 I‘innnt
342 5571 580 5631 referens
605 5621 617 5641 ,
653 5580 773 5652 huic
803 5571 1170 5635 Sabeilianum
1202 5579 1392 5652 dogma
1424 5578 1490 5631 ab
1520 5594 1586 5652 eo
1607 5578 1717 5652 Vol)-

162 5650 353 5718 lectum
374 5660 573 5713 narrat,
602 5651 742 5718 quod
774 5667 903 5705 sane
933 5665 1220 5717 numquam
1253 5650 1498 5716 fecisset,
1531 5650 1574 5704 si
1603 5651 1718 5718 ipse

171 5714 373 5770 Sabellii
416 5714 756 5789 opinionibus
806 5720 997 5786 fuisset
1036 5714 1302 5773 addictus.
1345 5721 1449 5774 Sed
1485 5714 1723 5792 ipsemet

1785 3207 2016 3273 cipium.
2051 3205 2191 3259 Deus
2230 3219 2337 3258 non
2374 3203 2556 3256 habet.
2587 3201 2834 3270 Denique
2859 3201 2914 3253 in
2961 3199 3220 3269 priueipio
3265 3198 3386 3266 fecit

1787 3299 1928 3354 Deus
1957 3302 2138 3353 talum
2169 3308 2214 3353 et
2260 3309 2446 3351 terram
2477 3295 2645 3365 (fieri.
2675 3312 2723 3360 I,
2761 3297 2783 3350 1
2813 3295 2852 3365 ).
2888 3293 3048 3349 Aliud
3073 3300 3190 3356 est,
3222 3293 3343 3363 fecit
3365 3307 3385 3343 :

1786 3393 1930 3447 aliud
1957 3403 2039 3447 est
2064 3435 2078 3459 ,
2112 3401 2238 3447 erat.
2267 3391 2422 3458 Quod
2471 3392 2558 3455 ﬁt,
2592 3390 2780 3459 incipit
2814 3409 2826 3444 :
2858 3390 3000 3458 quod
3032 3397 3190 3453 erat,
3227 3389 3381 3456 prin-

1790 3488 1990 3556 cipium
2022 3503 2127 3542 non
2159 3489 2389 3558 accipit,
2420 3486 2512 3540 sed
2540 3487 2817 3554 prmwnit.
2849 3484 3189 3537 chtancant
3214 3483 3380 3536 etiam

1792 3591 2054 3649 tempora,
2077 3582 2337 3650 quiapost
2357 3579 2554 3635 cmlum
2582 3589 2844 3647 tempora.
2869 3577 3199 3630 Remaneaat
3218 3577 3382 3629 etiam

1790 3675 1966 3745 angeli
1998 3684 2051 3728 et
2088 3671 2403 3740 archangeli
2439 3670 2482 3723 τ.
2517 3671 2581 3723 Et
2609 3670 2656 3724 si
2693 3667 3017 3736 principium
3048 3681 3240 3721 eorum
3275 3679 3381 3720 non

1792 3767 2008 3821 invenio
2037 3807 2049 3830 ,
2091 3775 2208 3820 erat
2255 3774 2433 3818 tamen
2457 3761 2674 3831 quando
2703 3774 2809 3814 non
2858 3769 3035 3812 erant.
3081 3757 3199 3810 Non
3231 3765 3388 3810 erant

1788 3943 2114 4000 Ambrosius
2142 3942 2277 3997 satis
2307 3942 2511 3996 indicat
2527 3941 2945 4008 Apollinaristas
2969 3955 3217 3996 ermrnm
3237 3944 3383 3998 circa

1789 4016 2106 4069 Trinitatem
2131 4015 2233 4066 sibi
2269 4029 2376 4068 non
2415 4014 2638 4066 omnino
2669 4026 2796 4082 esse
2816 4021 3130 4080 suspectos,
3163 4016 3383 4082 quando

1789 4088 2091 4152 subnectit,
2125 4094 2173 4139 et
2197 4086 2295 4156 isti
2314 4086 2534 4156 fortasse
2559 4092 2694 4136 recte
2717 4079 2938 4156 offerunt
2962 4079 3225 4138 Trinitati.
3255 4085 3385 4152 Qui-

1790 4161 1886 4210 bus
1908 4151 2124 4225 quidem
2153 4151 2330 4209 verbis
2357 4172 2386 4210 a
2414 4170 2474 4210 se
2504 4169 2611 4207 nun
2639 4155 2863 4207 Ariauos
2882 4194 2896 4214 ,
2922 4157 3012 4220 qui
3037 4166 3088 4207 et
3133 4156 3232 4222 ipsi
3269 4151 3386 4210 ani-

1791 4245 1930 4282 mam
1948 4227 2236 4281 humanam
2254 4225 2511 4282 aChristo
2527 4237 2858 4295 assuntptatn
2875 4225 3269 4291 inliciabatttur,
3287 4229 3385 4282 sed

1790 4300 2202 4370 Apollinaristas
2230 4299 2540 4368 designari,
2573 4297 2708 4350 satis
2737 4298 3010 4370 exprimit.

1863 4380 1889 4408 ⁸
1930 4369 2067 4424 Rom
2094 4369 2224 4423 edit.
2250 4379 2305 4424 et
2328 4369 2479 4438 pauci
2511 4383 2667 4432 mss.,
2695 4368 2788 4420 sub
2817 4369 3090 4438 Opinione;
3119 4377 3224 4422 vet.
3251 4368 3386 4430 edit,

1793 4457 1917 4497 cum
1949 4442 2073 4496 aliis
2102 4437 2587 4512 frequentiss.,sub
2609 4441 2838 4512 aptionc.
2860 4437 2976 4492 Non
3010 4437 3386 4505 ineummode;

1798 4515 1938 4568 idem
1972 4514 2116 4566 enim
2150 4509 2232 4566 est
2263 4527 2325 4567 ac
2364 4513 2463 4565 sub
2502 4509 2770 4565 eleCIionc
2803 4512 3257 4579 atloptationcquc
3287 4526 3387 4564 no-

1798 4586 1960 4639 minis
1987 4585 2302 4650 christiani,
2331 4582 2472 4656 quod
2508 4581 2583 4635 illi
2610 4582 2714 4640 sibi
2745 4580 2878 4635 falso
2905 4589 2960 4635 et
2985 4581 3288 4636 adulterino
3323 4585 3391 4635 ti-

1801 4659 1912 4710 tulo
1943 4656 2247 4724 imponunt.

1871 4726 1899 4764 ι’
1939 4721 2063 4779 Mss.
2094 4742 2198 4779 non
2234 4724 2416 4794 pauci,
2451 4721 2848 4792 parricidalibus
2873 4722 3004 4776 odiis
3029 4739 3149 4786 nos,
3181 4731 3286 4776 ctc.

1878 4809 1899 4834 ε
1943 4796 2062 4850 Vel.
2096 4797 2226 4850 edit.
2270 4809 2390 4848 cntn
2425 4797 2608 4863 paucis
2653 4809 2805 4850 lllSS..
2839 4794 3096 4846 conversio
3143 4805 3319 4848 nostra
3357 4812 3392 4848 a

1807 4867 1915 4921 Deo
1938 4878 2045 4932 est;
2069 4867 2226 4920 Rom.
2252 4879 2372 4916 cum
2396 4865 2620 4932 reliquis
2653 4866 2822 4933 magis
2848 4866 3187 4933 appositc,...
3214 4865 3282 4918 ad
3307 4883 3393 4919 eos

1805 4949 1918 5002 est;
1949 4939 2211 4990 alluditur
2238 4936 2432 5002 quippe
2459 4936 2522 4986 ad
2555 4936 2683 4988 illud
2711 4936 2845 4987 Gen.
2871 4950 2990 5001 cap.
3025 4950 3102 4990 Ili.
3135 4951 3274 4988 vcrs.
3304 4938 3395 5000 16,

1807 5009 2104 5062 secundum
2159 5005 2321 5086 LXX,
2345 5009 2428 5058 καὶ
2470 5007 2600 5086 πρὸς
2623 5009 2708 5061 τὸν
2731 5003 2891 5080 ἄνδρα
2914 5027 3008 5060 σου
3042 5009 3071 5064 ἡ
3097 5009 3394 5086 ἀποστροφή

1809 5101 1926 5151 σον.
1950 5082 2042 5151 καὶ
2070 5078 2220 5137 αὐτὸς
2251 5097 2346 5132 σου
2375 5078 2655 5151 rapiebant.

1882 5146 1908 5185 ά
1949 5149 2064 5202 Non
2115 5153 2399 5202 intenttste
2437 5145 2629 5200 alludit
2676 5146 2742 5200 ad
2797 5145 3106 5202 cubiculum
3159 5149 3401 5216 regium,

1833 5231 2036 5292 tropter
2064 5219 2184 5292 illus
2224 5217 2431 5292 scilicet
2464 5217 2806 5292 imperatoris
2835 5219 3199 5292 cubicularios
3219 5233 3403 5292 .Aqnos~

1833 5237 2036 5292 )l‘Oplf‘J‘
2064 5237 2184 5272 11105
2224 5237 2431 5271 SCIIICCI
2464 5237 2806 5287 llllpCl’ﬂlOl‘iS
2835 5237 3229 5273 UHDICIIIal'IOS.
3265 5237 3403 5290 quos

1815 5237 1943 5346 iiuic
1989 5288 2273 5359 scriptioni
2319 5302 2536 5342 causam
2589 5287 2882 5360 praebuisse
2925 5289 2977 5342 in
3020 5287 3406 5345 Admonitione

1815 5363 2232 5417 declaravimus.

1891 5441 1914 5470 θ
1957 5433 2182 5499 Quidam
2215 5447 2372 5493 ωδε..
2401 5432 2491 5483 sed
2519 5431 2722 5484 animus
2750 5429 2867 5482 duri
2895 5431 3124 5484 auditas.

1896 5503 1915 5542 ί
1951 5506 2027 5560 De
2057 5513 2302 5570 tempore
2334 5515 2440 5572 quo
2471 5503 2646 5571 angeli
2677 5499 2844 5554 creati
2870 5501 3048 5566 iuvre,
3080 5503 3413 5573 Augustinus

1823 5578 1916 5632 lib.
1946 5592 1998 5632 xi
2030 5579 2093 5629 dc
2124 5573 2285 5630 Civil.
2324 5573 2446 5637 Dei,
2477 5587 2595 5640 cap.
2630 5573 2664 5628 9
2708 5587 2754 5625 ct
2789 5573 2878 5633 5‘2,
2911 5589 3009 5627 tu-c
3042 5591 3145 5627 twn
3179 5575 3269 5627 lib.
3305 5591 3417 5640 xu,

1823 5667 1870 5704 c.
1902 5649 2000 5714 15,
2037 5649 2152 5702 l'use
2181 5647 2440 5716 disputat,
2469 5645 2564 5698 sed
2599 5645 2812 5697 tandem
2848 5661 2951 5716 non
2980 5646 3080 5699 nisi
3109 5646 3420 5701 dubitanter

1827 5719 2067 5788 magistri
2098 5717 2180 5772 sui
2207 5714 2512 5784 exeniplum
2545 5716 2786 5770 imitatus
2807 5757 2820 5781 ,
2851 5714 3057 5772 deﬁnit.
