3936 6168
571 213 677 267 82')

1907 205 2149 264 SANCTI
2190 207 2513 266 AMBROSII

3745 216 3832 273 εει

570 332 751 398 enim,
785 331 876 402 qui
920 331 1212 403 aliquando
1236 339 1540 402 coeperunt.
1573 331 1633 387 Si
1663 345 1792 402 ergo
1832 330 2158 402 principium
2188 329 2369 394 Alcm
2441 343 2547 384 non
2619 328 2802 386 habet.
2864 329 2917 384 Si
2985 343 3091 385 vox
3155 330 3460 399 corporalis
3513 345 3619 386 non
3670 341 3748 386 est
3786 333 3830 388 in

567 439 758 481 eorum
781 425 1025 480 invenire
1047 439 1153 480 non
1184 439 1401 496 possum
1423 467 1438 490 ,
1463 440 1600 496 quos
1624 434 1832 481 certum
1864 424 2170 481 esthabere

570 518 899 589 principium
920 559 937 585 ,
959 517 1234 588 quomodo
1257 533 1474 589 possum
1500 518 1668 575 Verbi
1695 519 1945 575 invenire
1969 519 2170 589 princi-

565 610 733 681 pium,
750 626 779 665 a
797 625 903 680 quo
923 625 1083 667 omne
1107 612 1430 682 principium
1447 628 1553 668 non
1572 613 1748 678 solum
1769 622 2166 680 creaturarum,

569 702 664 758 sed
702 703 866 758 etiam
888 702 1277 774 cogitationum
1315 713 1624 760 nostrarum
1666 705 1908 761 omnium
1961 719 2170 775 praeve-

570 794 700 847 tur?

640 885 728 939 17.
761 886 958 957 Aperte
981 887 1161 959 itaque
1182 889 1568 960 sempiternam
1585 888 1919 944 divinitatem
1944 889 2060 957 ejus
2082 905 2170 945 ex-

568 989 842 1047 presserat
868 997 882 1032 :
911 979 1006 1036 sed
1033 990 1210 1036 tamen
1235 995 1302 1036 ne
1327 983 1448 1051 quis
1471 997 1502 1036 a
1523 981 1683 1036 Patre
1705 981 1981 1036 divideret
2004 982 2167 1039 Verbi

569 1077 930 1134 aeternitatem
958 1115 973 1138 ,
1020 1084 1075 1128 ut
1124 1073 1371 1128 eamdem
1415 1073 1766 1129 crederemus
1813 1073 1970 1128 Verbi
2011 1089 2166 1140 esse,

568 1184 688 1240 qua:
742 1166 914 1222 Patris
941 1173 1059 1230 est,
1114 1165 1286 1220 bonus
1332 1165 1426 1219 ille
1477 1165 1713 1234 piscator
1757 1164 2050 1234 adiunxit:
2097 1164 2168 1218 Et

572 1261 796 1316 Verbum
832 1269 942 1314 erat
968 1260 1108 1329 apud
1137 1259 1300 1312 Deum
1330 1257 1511 1329 (Joan.
1537 1273 1574 1319 ι,
1603 1257 1680 1328 1).
1708 1257 1821 1312 Hoc
1850 1257 1992 1327 quod
2015 1257 2168 1312 dixe-

565 1365 684 1422 rat,
717 1355 795 1410 sic
839 1353 1216 1409 aestimandum
1260 1362 1345 1408 est
1379 1370 1393 1406 :
1426 1352 1557 1406 Erat
1608 1353 1861 1417 Verbum,
1891 1353 2167 1424 quomodo

565 1457 687 1504 erat
735 1448 1216 1516 Pater;quoniam
1267 1463 1390 1502 cum
1435 1447 1596 1502 Patre
1623 1459 1770 1510 erat,
1801 1459 1856 1503 et
1900 1449 1952 1502 in
2005 1447 2167 1504 Patre

569 1552 726 1608 erat,
753 1549 809 1596 et
835 1541 976 1611 apud
1004 1541 1218 1595 Patrem
1249 1551 1366 1595 erat
1389 1556 1627 1611 semper.
1657 1540 1862 1611 Nempe
1890 1544 2166 1611 quomodo

568 1633 636 1688 de
658 1633 816 1688 Patre
835 1633 1090 1704 legimus,
1109 1642 1252 1697 erat;
1276 1632 1344 1686 ita
1373 1641 1428 1687 et
1458 1633 1525 1688 de
1555 1631 1734 1688 Verbo
1763 1633 2008 1703 legimus,
2033 1643 2162 1688 erat.

2274 424 2454 490 Patre,
2485 439 2586 481 nec
2618 424 2790 481 Filius
2820 425 3044 480 verbum
3092 434 3176 480 est
3221 425 3530 495 corporale.
3557 423 3615 481 Si
3659 440 3831 496 corpus

2274 521 2327 575 in
2373 520 2532 575 Patre
2587 535 2694 575 non
2747 527 2852 586 est,
2908 534 3008 575 nec
3063 531 3274 588 tempus
3324 519 3374 572 in
3432 518 3595 574 Patre
3643 529 3741 574 εει.
3780 520 3825 574 Si

2274 621 2486 681 tempus
2537 613 2591 666 in
2635 610 2794 667 Patre
2825 627 2930 667 non
2957 621 3062 675 εει,
3091 611 3278 674 utique
3317 626 3417 666 nec
3460 612 3515 666 in
3549 610 3718 666 Verbo
3744 624 3827 667 est.

2271 704 2425 773 Quod
2449 706 2493 760 si
2523 705 2733 760 nullum
2765 706 3013 776 principii
3058 716 3271 775 tempus
3301 706 3351 760 in
3391 705 3598 770 Verbo,
3629 721 3726 762 nec
3749 723 3839 760 nua

2271 813 2451 872 meros
2490 799 2698 867 utique,
2744 813 2845 853 nec
2891 798 3091 869 gradus
3148 798 3309 854 Verbi
3340 807 3444 854 est.
3478 798 3617 866 Quia
3663 799 3704 853 si
3746 817 3827 854 nu-

2271 907 2453 947 merus
2485 892 2536 946 in
2571 893 2774 958 Verbo,
2807 907 2939 962 ergo
2971 892 3137 947 multa
3171 891 3354 945 verba.
3389 890 3449 946 Si
3481 891 3644 946 multa
3673 892 3830 956 verba,

2271 985 2422 1040 multi
2459 994 2515 1041 et
2542 985 2659 1040 lilii.
2693 986 2801 1042 Sed
2831 1001 2996 1040 unum
3039 984 3276 1040 Verbum
3325 993 3430 1051 est,
3464 984 3608 1054 quod
3651 995 3700 1040 et
3734 1001 3832 1056 gra-

2269 1076 2396 1131 dum
2437 1077 2678 1133 excludit
2721 1089 2778 1134 et
2829 1093 3115 1132 numerum
3150 1095 3162 1130 :
3197 1093 3360 1133 unum
3416 1077 3709 1132 secundum
3753 1093 3830 1133 na-

2271 1179 2470 1226 turam.
2852 1165 2856 1169 ’

2339 1262 2593 1319 21.ι)Νε
2667 1264 2896 1334 quaerite
2967 1262 3270 1334 cujusmodi
3337 1272 3609 1318 naturam.
3669 1261 3833 1317 Nescio

2269 1355 2441 1409 multo
2479 1354 2676 1410 melius
2703 1357 2823 1417 hoc,
2851 1368 3014 1424 quam
3038 1354 3175 1410 scio.
3211 1353 3327 1408 lloc
3357 1353 3539 1407 solum
3572 1353 3698 1409 bene
3716 1354 3830 1417 scio,

2269 1447 2411 1516 quod
2439 1448 2649 1512 nescio,
2681 1461 2804 1517 qua:
2834 1447 2980 1501 scire
3025 1461 3132 1500 non
3162 1461 3409 1515 possum.
3447 1445 3598 1512 Quod
3624 1444 3829 1509 vidimus,

2270 1539 2463 1606 inquit,
2489 1541 2691 1610 etquod
2715 1537 3005 1592 audivimus
3025 1537 3066 1610 (l
3086 1535 3245 1592 Joan.
3276 1554 3315 1602 ι,
3333 1535 3412 1609 5).
3436 1537 3667 1592 Joannes
3683 1535 3795 1590 dicit
3819 1551 3830 1587 :

2270 1632 2373 1687 hoc
2398 1631 2573 1686 solum
2617 1631 2755 1685 bene
2782 1631 2925 1685 scire
2951 1643 3012 1684 se
3033 1629 3192 1696 dixit,
3222 1630 3366 1700 quod
3415 1628 3621 1683 audivit
3639 1637 3690 1682 et
3712 1625 3833 1696 quod

639 1727 726 1782 18.
758 1726 896 1794 Quid
925 1727 1191 1782 discernis
1231 1727 1604 1792 intellectum,
1643 1728 1736 1798 qui
1769 1743 1873 1783 non
1901 1728 2168 1784 discernis
2200 1723 2245 1782 B
2270 1725 2424 1797 vidit,
2455 1725 2548 1795 qui
2604 1727 2655 1778 in
2681 1722 2884 1778 Christi
2917 1732 3138 1794 pectore
3189 1721 3562 1778 recumbebat.
3613 1721 3738 1789 Ergo
3774 1719 3832 1772 illi

569 1817 859 1873 auditum?
886 1818 1048 1874 Verbi
1080 1833 1204 1874 esse
1243 1819 1384 1895 apud
1417 1820 1635 1874 Patrem
1668 1829 1752 1875 est
1782 1839 1794 1872 :
1841 1821 2020 1876 Patris
2048 1836 2172 1877 esse

571 1925 694 1966 cum
725 1909 908 1966 Verbo
953 1919 1072 1977 est;
1123 1910 1357 1982 legimus
1399 1911 1546 1966 enim
1599 1912 1724 1982 quia
1792 1911 2007 1966 Verbum
2059 1923 2171 1966 erat

568 2001 710 2073 apud
761 2001 952 2058 Deum.
985 2001 1175 2073 Itaque
1227 2001 1273 2056 si
1314 2001 1618 2057 secundum
1661 2011 1807 2056 tuam
1857 2003 2171 2072 opinionem

565 2095 859 2165 aliquando
887 2109 995 2150 non
1021 2104 1166 2161 erat,
1199 2109 1330 2165 ergo
1351 2095 1648 2150 secundum
1680 2103 1825 2149 tuam
1854 2095 2169 2163 opinionem

570 2197 626 2244 et
646 2188 691 2244 is
719 2188 773 2243 in
808 2188 1074 2258 principio
1101 2202 1206 2243 non
1230 2197 1346 2242 erat
1367 2229 1382 2254 ,
1409 2186 1550 2257 apud
1577 2202 1736 2257 quem
1761 2196 1879 2244 erat
1905 2186 2166 2244 Verbum.

574 2282 677 2338 Per
714 2281 952 2338 Verbum
978 2281 1124 2337 enim
1154 2278 1347 2346 audio,
1381 2295 1478 2350 per
1503 2278 1742 2335 Verbum
1771 2280 2018 2351 intelligo
2048 2279 2170 2350 quia

571 2373 717 2430 Deus
754 2383 890 2430 erat.
921 2372 1056 2428 Nam
1097 2373 1141 2427 si
1186 2372 1576 2442 sempiternum
1618 2371 1856 2427 Verbum
1890 2387 2010 2427 esse
2052 2387 2173 2428 cre-

570 2467 761 2524 didero
781 2509 796 2533 ,
826 2467 968 2539 quod
1001 2465 1194 2531 credo;
1228 2480 1334 2520 non
1367 2480 1587 2536 possum
1633 2465 1702 2521 de
1750 2466 1924 2520 Patris
1955 2466 2173 2522 aeterni-

570 2571 678 2618 tate
696 2562 969 2627 dubitare,
993 2561 1146 2631 cujus
1167 2569 1403 2617 aeternus
1426 2571 1509 2617 est
1533 2560 1719 2617 Filius.
1741 2562 1797 2618 Si
1819 2562 2169 2632 temporalem

570 2657 976 2725 generationem
1017 2654 1134 2723 ejus
1174 2653 1466 2718 existimo,
1498 2653 1684 2722 incipit
1727 2654 2168 2708 communitatem

573 2749 776 2803 habere
823 2748 1136 2813 nobiscum;
1167 2756 1226 2801 ut
1267 2746 1516 2801 videatur
1543 2746 1702 2802 Pater
1730 2761 1851 2802 esse
1887 2747 2120 2816 coepisse
2153 2763 2167 2800 :

571 2838 666 2893 sed
701 2839 746 2893 si
774 2838 842 2894 de
871 2839 1029 2894 Patre
1061 2854 1167 2893 non
1199 2837 1428 2907 ambigis
1453 2879 1468 2904 ,
1500 2838 1623 2907 quia
1655 2837 1898 2906 incipere
1925 2851 2047 2892 esse
2074 2836 2170 2893 Dei

571 2947 679 2988 non
708 2943 831 2998 est;
859 2933 927 2988 de
957 2932 1115 2987 Patre
1143 2947 1249 2987 non
1280 2931 1509 3002 ambigis
1528 2973 1542 2997 ,
1575 2931 1700 3000 quia
1728 2931 1821 2986 Dei
1851 2939 1936 2986 est
1964 2932 2167 3003 sempi-

571 3010 781 3083 ternam
811 3025 1014 3080 habere
1049 3025 1473 3094 perfectionem;
1505 3040 1572 3080 ne
1594 3023 1733 3080 forte
1767 3039 1867 3079 usu
1898 3027 2167 3082 sermonis

2273 1819 2405 1872 satis
2436 1825 2520 1870 est
2543 1816 2786 1881 audisse,
2823 1814 2951 1868 mihi
2986 1831 3092 1868 non
3125 1825 3207 1869 εει
3238 1813 3394 1868 satis.

2343 1909 2435 1963 22.
2468 1907 2577 1964 Sed
2604 1907 2749 1977 quod
2773 1908 2862 1962 ille
2887 1899 3124 1972 audivit,
3150 1906 3251 1983 hoc
3279 1906 3414 1960 mihi
3445 1905 3582 1960 dixit
3606 1923 3618 1957 :
3647 1903 3832 1974 etquod

2272 2000 2479 2055 audivit
2525 2015 2554 2052 a
2607 1998 2848 2063 Christo,
2896 2009 2917 2038 ε
2967 1999 3068 2054 hoc
3124 2013 3224 2052 nec
3270 2012 3375 2068 ego
3409 2014 3624 2068 possum
3667 2010 3833 2065 negare

2273 2108 2458 2147 verum
2489 2106 2612 2146 esse
2634 2090 2703 2146 de
2730 2089 2974 2146 Christo.
3020 2090 3160 2160 Ergo
3195 2089 3340 2159 quod
3379 2089 3606 2151 audivit,
3638 2087 3795 2142 audiri
3821 2103 3830 2138 :

2271 2193 2326 2240 et
2349 2183 2493 2255 quod
2521 2182 2678 2248 vidit,
2712 2182 2851 2248 vidi;
2885 2183 2976 2238 ille
3003 2183 3149 2237 enim
3182 2181 3338 2247 vidit,
3365 2181 3513 2252 quod
3543 2181 3670 2235 vidit
3697 2199 3708 2232 :
3736 2193 3823 2232 non

2276 2275 2460 2347 utique
2512 2275 2872 2339 divinitatem,
2921 2290 3042 2344 qua:
3090 2275 3394 2330 secundum
3427 2284 3663 2331 naturam
3705 2287 3830 2328 suam

2275 2368 2445 2424 videri
2494 2383 2601 2422 non
2671 2375 2868 2439 potest.
2929 2366 3033 2423 Sed
3083 2368 3211 2438 quia
3273 2367 3574 2423 secundum
3624 2375 3832 2422 naturam

2275 2476 2431 2516 suam
2463 2459 2636 2516 videri
2683 2475 2790 2514 non
2816 2469 3049 2530 poterat,
3079 2461 3322 2529 suscepit
3367 2460 3514 2531 quod
3543 2470 3653 2516 erat
3673 2468 3834 2530 praeter

2279 2561 2528 2606 naturam
2594 2550 2936 2614 divinitatis;
2989 2559 3049 2605 ut
3096 2551 3401 2607 secundum
3456 2563 3691 2606 naturam
3732 2565 3829 2604 cor-

2276 2645 2424 2717 poris
2471 2645 2766 2700 videretur.
2830 2643 3070 2714 Denique
3128 2652 3185 2699 et
3240 2645 3483 2714 Spiritus
3545 2655 3744 2700 sanctus
3791 2642 3829 2694 in

2273 2737 2458 2806 specie
2478 2736 2626 2791 visus
2653 2745 2757 2801 est,
2800 2735 2948 2792 sicut
2971 2735 3224 2791 columba
3245 2735 3408 2808 (Luc.
3439 2752 3567 2801 xxx,
3590 2735 3678 2806 22)
3701 2732 3830 2804 ;quia

2276 2827 2445 2882 rideri
2499 2827 2757 2884 divinitas
2811 2829 2862 2884 in
2905 2833 3019 2884 sua:
3049 2828 3316 2884 claritatis
3346 2831 3583 2886 veritate
3624 2844 3721 2884 non
3758 2840 3830 2896 ρο·

2275 2931 2428 2977 terat.

2904 3013 3133 3071 CAPUT
3173 3015 3261 3071 lV.

572 3119 834 3175 labereris
886 3117 1142 3186 humani,
1172 3117 1336 3188 708
1389 3116 1514 3170 dum
1551 3115 1782 3172 Verbum
1811 3117 1948 3173 dicis
1992 3127 2046 3173 et
2081 3118 2157 3173 Fi-

2273 3109 2387 3159 Non
2404 3105 2627 3172 sumsere
2647 3109 2691 3159 si
2709 3107 2966 3160 credamus
2995 3109 3048 3159 in
3074 3107 3263 3160 Christo
3285 3122 3457 3160 verum
3477 3123 3684 3172 carnem,
3704 3106 3782 3158 nisi
3803 3119 3825 3154 ιι

570 3212 734 3276 lium,
766 3209 891 3266 ideo
917 3208 1164 3263 addidit:
1199 3209 1266 3263 Et
1298 3207 1440 3263 Deus
1465 3217 1576 3262 erat
1611 3208 1833 3264 Verbum
1865 3209 2055 3282 (lbid.,
2085 3211 2163 3281 1).

642 3303 730 3359 19.
765 3303 942 3358 Habet
997 3301 1183 3370 utique
1231 3301 1374 3369 quod
1423 3301 1606 3368 Pater,
1665 3305 1790 3374 quia
1841 3303 1982 3358 Deus
2027 3311 2166 3359 erat.

569 3393 856 3463 Quomodo
885 3392 1044 3461 hujus
1085 3407 1249 3464 negas
1283 3393 1664 3460 aeternitatem,
1696 3396 1780 3450 cui
1827 3409 1993 3449 uinum
2041 3410 2164 3450 cum

569 3487 730 3544 Patre
759 3487 854 3543 Dei
889 3501 1089 3541 nomen
1122 3486 1242 3542 est?
1290 3485 1408 3541 Non
1438 3495 1493 3542 te
1529 3500 1698 3542 sonus
1745 3488 1944 3558 capiat,
1974 3489 2167 3544 simili-

570 3581 813 3652 tudoque
861 3579 1132 3636 sermonis
1163 3599 1175 3632 :
1205 3580 1352 3635 aliud
1396 3579 1634 3636 Verbum
1677 3589 1781 3647 est,
1828 3584 1973 3652 quod
2025 3591 2165 3638 tem-

567 3692 698 3748 pora
746 3675 928 3742 habet,
960 3675 1104 3747 quod
1133 3675 1356 3748 syllabis
1377 3675 1649 3746 colligitur
1683 3677 1984 3748 litterisque
2013 3693 2163 3733 com-

566 3770 839 3842 ponitur:
881 3784 988 3824 non
1044 3769 1152 3825 tale
1182 3769 1419 3826 Verbum
1473 3770 1666 3838 Filius,
1719 3771 1846 3842 quia
1902 3788 2008 3829 non
2042 3775 2166 3830 talis

565 3875 652 3923 est
676 3866 838 3922 Pater
865 3864 1050 3922 Verbi.

635 3957 727 4011 20.
794 3956 1108 4014 Cavendum
1163 3972 1295 4028 ergo
1345 3967 1372 3996 α
1419 3972 1488 4014 ηε
1551 3968 1608 4015 ει
1672 3959 1741 4015 ibi
1799 3961 2158 4032 quaestionem

563 4049 713 4132 vocis
774 4049 1076 4119 corporalis
1140 4049 1420 4106 videamur
1472 4051 1743 4121 ingerere.
1803 4053 2161 4124 lncorporeus

562 4149 646 4196 est
718 4140 860 4196 Deus
906 4160 921 4196 :
963 4156 1152 4196 vocem
1221 4143 1408 4213 utique
1470 4143 1826 4216 incorporeus
1899 4162 2158 4218 corpora-

631 4277 826 4353 f__Gil_l.
853 4285 908 4333 et
935 4276 1254 4353 Bom._edit.
1285 4293 1408 4333 cum
1439 4296 1549 4353 uno
1571 4290 1664 4335 aut
1690 4281 1862 4338 altero
1893 4300 2023 4340 mss.
2044 4327 2060 4353 ,
2093 4304 2157 4343 ne

557 4359 612 4422 et
631 4350 743 4416 illi;
766 4348 1075 4422 Amerbret
1099 4349 1255 4402 Eras.
1283 4363 1404 4422 cum
1436 4351 1556 4404 aliis
1589 4353 1760 4406 multo
1784 4348 2064 4422 pluribus,
2096 4375 2157 4412 ne

554 4421 688 4487 tibi;
743 4419 940 4474 melius
967 4421 1056 4473 alii
1097 4433 1254 4490 mss.,
1296 4420 1424 4490 licet
1464 4423 1668 4489 exiguo
1711 4419 1970 4490 numero,
2018 4419 2081 4481 ne
2107 4439 2157 4482 et

2333 3187 2580 3242 divinitate
2602 3202 2791 3240 omnem
2811 3203 2923 3240 cum
2946 3202 3005 3240 ea
3039 3189 3388 3255 confusionem,
3437 3190 3640 3242 aliamve
3659 3185 3827 3254 inﬁrmi-

2331 3281 2475 3325 tatem
2507 3271 2815 3326 secludamus
2842 3287 3037 3340 :neque
3076 3275 3120 3326 si
3141 3276 3364 3326 mandem
3399 3276 3648 3337 utriusque
3667 3271 3826 3335 {ardens

2333 3362 2486 3410 Deum
2507 3357 2746 3424 dictantis,
2763 3358 2859 3411 nisi
2881 3367 3173 3412 coarternum
3189 3358 3384 3424 ipsimet
3412 3361 3622 3412 Verbum
3637 3356 3825 3426 proﬂua.

2330 3456 2439 3492 mur
2464 3456 2482 3493 :
2501 3455 2590 3493 nec
2612 3445 2824 3504 deruunt,
2865 3442 2910 3495 si
2951 3449 3060 3494 ante
3103 3443 3355 3510 Virginem
3399 3457 3700 3511 agnoscam
3720 3441 3824 3492 illum

2329 3525 2550 3590 coepisse,
2590 3523 2685 3577 nisi
2724 3525 2854 3576 omni
2885 3524 3130 3592 principio
3167 3525 3492 3590 antiquiorem
3528 3524 3822 3591 prtedicemus.

2333 3607 2702 3660 Commeudatur
2741 3609 2880 3661 Petri
2922 3606 3186 3672 confessio;
3215 3615 3261 3660 et
3295 3623 3386 3660 cur
3428 3609 3530 3674 ille,
3569 3605 3824 3672 loqttenlibus

2329 3690 2460 3753 aliis.
2484 3694 2706 3755 tacuerit,
2729 3706 2932 3759 quamve
2962 3691 3165 3755 pulchre
3202 3692 3336 3744 idem
3356 3701 3524 3756 postea
3544 3687 3821 3756 respmdeﬂ'l.

2330 3775 2604 3840 exponitur.

2338 3877 2431 3932 23.
2464 3875 2584 3932 Noli
2624 3877 2786 3948 igitur
2809 3885 2866 3932 et
2893 3884 2950 3930 tu
2979 3875 3281 3932 secundum
3307 3867 3556 3932 naturam
3581 3875 3814 3944 interpre-

2270 3969 2396 4035 tari,
2429 3968 2572 4038 quod
2606 3975 2802 4038 praeter
2831 3968 3130 4024 divinitatis
3161 3978 3411 4024 naturam
3450 3979 3550 4025 est.
3595 3967 3716 4024 Nam
3739 3963 3817 4019 etsi

2269 4062 2459 4118 credas
2489 4077 2518 4117 a
2543 4061 2764 4118 Christo
2793 4077 2975 4117 veram
3013 4063 3177 4136 709
3203 4078 3427 4118 carnem
3473 4077 3592 4119 esse
3634 4073 3817 4125 suscep—

2271 4161 2403 4220 tam,
2437 4163 2491 4208 et
2518 4153 2720 4210 offeras
2751 4151 2779 4191 ἀ
2808 4155 3301 4225 transligurandum
3331 4171 3534 4227 corpus
3576 4151 3816 4212 altaribus;

2265 4288 2423 4366 Fide,
2452 4305 2577 4366 cap.
2605 4293 2672 4347 10
2707 4310 2720 4346 :
2755 4291 3098 4366 Sacramenta
3149 4295 3420 4364 sumimus,
3449 4313 3560 4366 quae
3579 4311 3661 4366 per
3685 4307 3816 4347 sacrm

2265 4365 2532 4438 orationis,
2584 4364 2906 4438 mysterium
2943 4366 3250 4438 iuﬁcaﬁrnem
3309 4364 3726 4438 transﬁgurantur
3775 4371 3813 4414 et

2263 4435 2566 4507 sanguinem
2591 4451 2610 4489 :
2640 4450 2764 4502 qua:
2795 4435 2960 4489 verba
3009 4437 3206 4491 ibidem
3245 4451 3273 4489 a
3305 4435 3810 4494 sacra’nientariorum

552 4493 656 4588 ibi,
713 4490 817 4575 hoc
871 4500 985 4555 est,
1020 4491 1071 4544 in
1113 4489 1340 4588 Joaannis.
1381 4491 1518 4545 loco.
1555 4494 1761 4588 Durius
1798 4510 1930 4588 vero'
1956 4513 2053 4580 pro
2083 4501 2156 4553 vi-

2273 4489 2501 4588 strd’phis
2530 4489 2759 4575 ipsamet
2799 4520 2828 4559 a
2862 4489 3810 4588 legitimoetnaturali—sensu‘detor-

552 4565 770 4638 deamur
786 4562 1198 4638 ingerere,_quod
1221 4562 1385 4638 estin
1405 4565 1614 4638 cunctis
1635 4564 1764 4638 edit.
1794 4579 1857 4618 ac
1881 4562 2154 4638 plerisque

556 4649 709 4698 mss.,
739 4631 942 4687 habent
979 4631 1378 4699 alii‘nonnulli,
1411 4633 1676 4688 uideamur
1711 4631 1926 4695 inferre.

621 4704 648 4743 δ
677 4705 805 4759 Mss.
835 4702 1293 4776 aliquotLQutzrit
1318 4703 1410 4756 iste
1434 4707 1724 4776 cujusmodi
1747 4716 2006 4762 naturam.
2038 4711 2148 4766 Ne-

547 4777 673 4840 scio,
703 4777 895 4838 nescio,
927 4784 1033 4829 etc.
1069 4773 1283 4840 Reliqui
1314 4773 1580 4832 etomnes
1612 4778 1743 4832 edit.
1769 4779 1911 4832 inter
1934 4794 1993 4835 se
2015 4796 2147 4836 cou-

544 4846 814 4920 sent‘iunt,
860 4845 1392 4920 nisi‘quodhmcum
1441 4847 1624 4920 paucis
1653 4864 1808 4913 mss.,
1843 4851 2146 4920 Imjusmodi

540 4916 862 4993 praeferunt,
889 4916 977 4972 ubi
1000 4917 1052 4972 in
1084 4916 1205 4971 aliis
1221 4915 1462 4993 pluribus
1480 4915 2003 4993 ΔΙεςίιιιικεριῙιιιεηὶοιιὶ
2017 4939 2144 4979 :eo-

541 4985 792 5062 rumdem
830 5003 966 5062 vero
1003 5001 1136 5062 mss.
1169 4985 1582 5062 quidam.ietiam
1611 4985 1889 5062 geminant
1919 4995 2141 5051 verbum

542 5061 715 5134 nescio
735 5058 990 5134 :quidam
1012 5058 1287 5123 omittunt,
1309 5061 1472 5115 multo
1494 5058 1676 5134 melius
1700 5062 1816 5125 hoc.
1835 5079 1988 5134 quam
2010 5067 2138 5123 scio.

619 5139 643 5168 °
673 5129 875 5187 Omnes
903 5129 1036 5208 edit.
1061 5139 1141 5208 _et_
1156 5143 1286 5184 mss.
1307 5147 1421 5208 non
1446 5133 1626 5202 pauci,
1665 5129 1874 5208 hoccine
1903 5151 1994 5204 ego
2019 5154 2140 5208 pos-

537 5202 918 5275 s_um...._quod
967 5201 1180 5275 audivit,
1210 5204 1397 5275 audiui,
1431 5201 1458 5256 ξ
1493 5212 1539 5257 et
1563 5207 1698 5266 quod
1729 5206 1874 5270 uidit,
1917 5201 2132 5275 audivi;

540 5269 681 5326 Rom
706 5272 870 5346 _edit.,
889 5273 1027 5346 quod
1043 5271 1264 5335 audivit.
1293 5273 1450 5328 audio
1481 5289 1498 5327 :
1525 5275 1734 5343 etquod
1761 5269 1907 5340 uidit,
1938 5269 2130 5346 video;

533 5343 721 5397 caeteri
780 5357 911 5398 mss.
939 5342 1031 5412 qui
1075 5355 1127 5399 et
1171 5346 1448 5412 potiores,
1498 5355 1558 5399 ut
1599 5342 1698 5401 nos
1747 5347 1797 5402 in
1841 5355 2013 5402 textu.
2062 5342 2131 5406 Et

535 5427 727 5468 rursus
772 5413 906 5468 infra
941 5413 1028 5468 ubi
1079 5429 1268 5471 omnes
1298 5416 1431 5472 edit.
1483 5425 1537 5470 et
1583 5431 1707 5485 pars
1737 5433 1842 5472 non
1897 5419 2119 5475 minima

531 5500 693 5549 mss.,
726 5495 968 5538 naturam
988 5501 1134 5539 suam
1155 5502 1272 5540 eum
1298 5487 1467 5542 videre
1489 5503 1590 5541 non
1614 5497 1840 5556 poterat,
1872 5491 2116 5545 nonnulli

528 5569 826 5638 mss.,.non
852 5565 1086 5638 poterant
1116 5573 1134 5638 ς
1158 5559 1346 5638 eteteri
1374 5558 1538 5613 etiam
1566 5573 1760 5627 magno
1784 5573 2034 5627 numero,
2063 5569 2120 5616 et

527 5628 724 5692 majori
743 5628 1064 5700 auctoritate
1083 5628 1246 5703 uideri
1272 5646 1372 5696 non
1403 5637 1620 5700 poterat.
1703 5678 1708 5700 ε
1852 5699 1861 5709 _

591 5693 616 5729 ί¹
645 5687 850 5751 Eodem
906 5696 1065 5764 plane
1109 5711 1275 5755 sensu
1313 5699 1515 5755 dictum
1545 5697 1780 5754 vidimus
1827 5697 1923 5752 ιιι».
1960 5714 2010 5756 tv
2040 5701 2112 5759 de

2260 4576 2540 4651 quentium
2573 4578 3054 4651 prepugnavimus.
3091 4577 3286 4633 Verum
3321 4580 3406 4634 hic
3430 4581 3545 4651 ipse
3575 4581 3714 4634 locus
3734 4589 3807 4651 pe-

2257 4647 2518 4700 culiarem
2556 4657 2798 4703 meretur
2845 4648 3011 4702 animi
3042 4651 3422 4705 attentionem.
3453 4645 3651 4706 'Primo
3686 4645 3802 4703 enim

2258 4731 2433 4792 nemo
2464 4726 2551 4772 est
2584 4733 2659 4792 ex
2710 4717 2949 4792 antiquis
2993 4718 3312 4792 auctoribus
3359 4735 3390 4775 a
3421 4722 3608 4792 quibus
3640 4721 3803 4792 citatus

2257 4789 2552 4854 reperitur,
2583 4788 2924 4844 Theodoreto
2946 4789 3176 4854 scilicet,
3205 4791 3367 4847 lvone
3393 4788 3459 4848 ac
3491 4793 3640 4848 Petro
3666 4789 3802 4844 Lom-

2257 4855 2446 4925 bardo,
2480 4861 2570 4929 qui
2603 4876 2728 4914 eum
2759 4860 2990 4929 simplici
3038 4862 3436 4930 signiﬁcatione
3460 4874 3515 4918 et
3542 4865 3663 4918 κατὰ
3698 4859 3802 4922 λέξιν

2252 4942 2362 5002 non
2411 4933 2769 5002 acceperint.
2799 4931 2872 4985 De
2911 4934 3308 5002 posterioribus
3335 4934 3545 4989 duobus
3594 4948 3699 5002 non;
3733 4943 3801 5002 re-

2247 4997 2556 5072 luctaturos
2615 4997 2992 5057 existimamus
3048 5002 3452 5059 adversarios:
3517 5013 3571 5059 at
3633 4998 3799 5072 prioris

2246 5071 2436 5137 verba,
2491 5072 2689 5141 quibus
2717 5074 3080 5127 Ambrosiana
3121 5075 3314 5130 Grmce
3362 5075 3555 5142 reddit,
3585 5070 3798 5130 conside-

2243 5144 2435 5224 rotula.
2462 5143 2808 5224 S‘unt‘autem
2846 5142 3180 5224 huiusmodi,
3213 5143 3306 5220 κᾷν
3330 5149 3427 5224 γὰρ
3459 5145 3720 5224 austerior);

2237 5213 2415 5299 έληθὲς
2455 5212 2624 5299 dare
2652 5222 2806 5299 σῷμα
2843 5204 2935 5271 tot“;
2971 5204 3218 5299 ξριστοῧ,
3258 5204 3715 5299 έςροσκομίοςῇς
3737 5217 3794 5299 ’ςᾷ

2235 5283 2596 5364 θυσιαρτηρίῷ
2638 5283 2769 5362 πρὸς
2793 5283 3148 5364 gestaminum,
3195 5298 3301 5364 etc.
3328 5283 3530 5364 Quibus
3568 5283 3724 5364 verbis
3747 5283 3793 5333 li-

2230 5355 2531 5428 gurativam
2559 5355 2766 5411 (autum
2795 5355 2999 5428 Signiari
3029 5355 3383 5414 mutationem
3424 5359 3542 5428 quis
3565 5356 3658 5412 sibi
3691 5365 3790 5422 per-

2229 5425 2992 5498 suadeatiautpotiusquis
3035 5443 3142 5482 non
3177 5429 3289 5485 illic
3339 5425 3664 5486 manifestum
3711 5437 3784 5490 ag-

2227 5504 2415 5550 noscat
2455 5496 2578 5550 iidei
2620 5496 2936 5553 Graecorum
2967 5497 3035 5554 de
3073 5501 3304 5554 veritate
3355 5501 3690 5555 eucharistica
3725 5503 3785 5545 le-

2224 5566 2568 5620 stimonium?
2591 5568 2794 5623 Deinde
2808 5583 2931 5624 cum
2957 5570 3009 5623 in
3029 5570 3194 5639 priori
3215 5572 3452 5626 membro
3469 5577 3784 5639 vocesmerafﬂ

2223 5651 2579 5717 carnariuesse
2609 5649 2929 5717 susceptam,
2957 5633 3229 5717 ponantur
3257 5643 3310 5712 in
3348 5657 3441 5717 sua
3493 5633 3780 5717 naturali

2220 5707 2592 5776 gniﬁcatione,
2617 5707 2669 5765 in
2689 5707 2975 5780 posteriori
3004 5709 3252 5769 membro
3273 5707 3461 5770 vosem
3492 5725 3662 5780 corpus
3694 5709 3776 5760 neu
