3936 6168
113 270 206 325 8Ξῖ

712 265 800 321 DE
837 262 1367 322 INCARNA'I‘IONIS
1407 262 1763 321 DOMINICE
1803 263 2273 336 SACRAMENTO
2315 267 2522 326 LIBER
2566 270 2767 329 UNUS.

3273 274 3379 331 896

93 399 206 440 tton
229 382 518 452 distinguas
551 389 730 436 tamen
760 391 1010 436 naturam
1063 379 1364 436 divinitatis
1395 388 1451 434 et
1479 394 1675 451 corpo-
1702 383 1757 444 Α
1849 380 1940 436 29.
1973 381 2168 438 Petrus
2193 381 2363 449 dicit,
2387 383 2469 439 Tu
2488 401 2541 440 es
2571 385 2751 458 (Joan.
2785 402 2900 454 ιιιι,
2925 387 3018 458 25)
3038 388 3182 454 ;ἠοη
3208 388 3340 446 dicit
3367 408 3379 444 :

111 480 198 545 ris,
223 488 272 532 et
303 477 394 532 tibi
424 476 630 532 dicitur
665 493 678 530 :
712 474 775 531 Si
796 485 931 530 recte
953 475 1169 546 offeras,
1203 491 1304 529 non
1331 485 1466 529 recte
1504 485 1677 529 autem

109 572 310 639 dividas,
353 571 574 641 peccasti
603 568 759 642 (Gen.
792 585 872 636 tv,
903 570 985 642 7).
1046 569 1239 625 Divide
1275 568 1419 640 quod
1471 585 1674 636 meum,

103 663 271 720 divide
298 663 438 734 quod
466 679 625 719 suum
670 661 836 718 Verbi
879 672 983 718 est.
1018 661 1135 733 Ego
1167 661 1312 732 quod
1353 673 1472 717 erat
1505 661 1670 729 illius,

101 773 200 814 non
230 757 488 813 habebam
517 777 529 809 :
560 764 616 811 et
645 757 734 811 ille
765 755 908 827 quod
939 771 1116 811 meum
1141 763 1244 821 est,
1276 769 1382 810 non
1415 754 1672 809 habebat.

99 853 331 924 Suscepit
357 851 505 923 quod
537 866 717 906 meum
749 859 854 917 est,
899 859 957 904 ut
989 849 1299 920 impertiret
1337 847 1482 919 quod
1513 863 1675 904 suum

98 955 213 1000 est:
244 944 480 1016 suscepit
522 959 629 998 non
678 953 737 997 ttt
762 942 1147 1008 confunderet,
1177 942 1273 997 sed
1323 953 1380 997 ut
1412 942 1674 1013 repleret.

97 1039 150 1094 Si
179 1037 362 1093 credas
391 1036 824 1107 susceptionem,
853 1035 1084 1105 afﬁngas
1114 1034 1532 1101 confusionem;
1565 1035 1677 1091 hla-

96 1131 320 1187 nichmus
346 1145 468 1188 esse
497 1131 710 1199 desisti,
741 1145 844 1186 nec
881 1139 1063 1186 tamen
1098 1129 1359 1186 Ecclesiae
1383 1130 1527 1185 ﬁlius
1552 1144 1676 1186 esse

94 1223 314 1294 coepisti.

159 1315 240 1371 ει.
269 1315 326 1371 Si
371 1315 567 1371 credas
608 1315 1019 1386 susceptionem
1066 1315 1314 1385 corporis
1339 1357 1354 1381 ,
1409 1315 1675 1386 adjungas

93 1407 345 1464 divinitati
389 1407 825 1476 compassionem
858 1422 872 1458 :
905 1406 1213 1474 portionem
1267 1407 1455 1476 utique
1503 1405 1671 1477 perﬁv

90 1503 206 1568 dite,
237 1517 345 1557 non
401 1500 680 1571 perﬁdiam
721 1500 1049 1566 declinasti;
1107 1498 1288 1555 credis
1336 1499 1481 1556 enim
1527 1499 1671 1570 quod

92 1595 181 1650 tibi
229 1593 492 1664 prodesse
557 1593 845 1662 praesumis
895 1608 908 1644 :
967 1605 1073 1646 non
1134 1591 1316 1646 credis
1363 1591 1508 1662 quod
1559 1591 1672 1647 Deo

92 1689 298 1758 dignum
328 1695 435 1742 est.

1781 477 1861 533 Tu
1889 494 2009 534 esse
2052 481 2285 548 cmpisti.
2332 482 2495 554 710
2540 481 2734 539 Petrus
2778 483 2910 539 dicit
2941 502 2954 539 :
2984 484 3067 539 Tu
3109 502 3161 541 es
3206 485 3383 543 Filius

1783 571 1920 636 Dei;
1952 587 2056 627 non
2087 572 2256 629 dicit:
2289 573 2371 628 Tu
2413 590 2472 630 es
2501 586 2772 630 creatura.
2809 575 2953 631 Dixit
2988 576 3092 632 hoc
3118 576 3377 634 Joannes.

1783 665 1837 722 Si
1878 665 2053 721 adhuc
2084 681 2188 721 non
2234 667 2558 734 credidisti,
2591 669 2717 740 quia
2762 684 2869 726 non
2917 671 3232 727 intellexisti
3266 689 3381 745 my-

1780 759 2003 814 sterium
2034 773 2195 829 supra
2213 762 2535 830 sapientiam
2560 763 2962 830 recumbentis,
2995 764 3254 834 repetivit
3282 766 3382 822 Pe-

1781 863 1916 911 trus.
1970 854 2384 911 Commendavit
2438 867 2728 928 utrumque
2781 854 3076 924 Christus,
3149 857 3375 915 alterum

1774 947 2016 1018 judicio,
2065 948 2297 1003 alterum
2362 949 2652 1020 mysterio;
2710 950 2763 1006 id
2805 951 2948 1006 enim
3028 949 3270 1017 addidit,
3324 960 3381 1008 ut

1781 1043 1992 1113 legeres
2014 1044 2155 1114 quod
2182 1046 2232 1099 in
2257 1043 2458 1100 Christi
2483 1055 2706 1117 pectore
2736 1046 3116 1112 recumbebat,
3141 1057 3196 1102 et
3219 1047 3379 1104 intel-

1779 1134 1978 1206 ligeres
2009 1134 2154 1203 quod
2185 1135 2301 1204 eius
2343 1146 2535 1207 caput,
2568 1139 2618 1192 in
2649 1153 2756 1208 quo
2789 1138 3088 1208 principale
3135 1139 3377 1194 omnium

1778 1241 2033 1283 sensuum
2062 1239 2144 1282 est
2169 1269 2184 1293 ,
2217 1243 2418 1284 arcano
2447 1229 2679 1298 quodam
2709 1231 2993 1301 sapientia:
3035 1230 3378 1301 replebatur.

1777 1322 1884 1378 Sed
1934 1323 1978 1377 si
2025 1337 2130 1377 non
2177 1332 2332 1392 putas
2383 1323 2798 1393 intelligendum
2850 1339 2972 1380 esse
3022 1326 3379 1396 mysterium,

1776 1415 1968 1470 saltem
2005 1415 2113 1470 noli
2151 1413 2468 1486 impugnare
2499 1416 2784 1485 judicium.
2831 1416 3106 1472 Laudatur
3149 1417 3375 1484 Petrus,

1776 1508 1896 1579 quia
1930 1509 2024 1563 Dei
2057 1509 2251 1564 Filium
2282 1508 2546 1575 credidit,
2577 1525 2737 1581 quem
2767 1509 3014 1576 videbat;
3048 1511 3170 1578 quia
3213 1525 3272 1566 se
3309 1511 3378 1566 ab

1773 1601 2040 1672 imperita:
2077 1601 2250 1671 plebis
2283 1601 2506 1655 rudibus
2551 1600 2730 1656 adhuc
2757 1601 3105 1671 opinionibus
3151 1617 3374 1671 separa-

1774 1694 1886 1750 bat.
1927 1694 2168 1764 Denique
2193 1709 2316 1749 cum
2349 1694 2743 1765 interrogasset
2788 1693 3081 1760 Dominus,
3103 1695 3234 1765 quid
3277 1694 3378 1750 ho-

151 1780 235 1836 εἵς
267 1780 478 1835 Rursus
516 1777 563 1833 εί
600 1777 798 1833 credas
836 1777 960 1847 (Ιιιῖτι
1006 1776 1148 1832 idem
1201 1776 1344 1831 Deus
1373 1785 1430 1831 el
1462 1778 1584 1829 ηονί
1617 1782 1675 1830 ει
1704 1775 1751 1836 Β
1779 1786 1955 1842 mines
2002 1786 2068 1842 de
2101 1787 2239 1842 Filio
2267 1787 2501 1842 hominis
2542 1785 2914 1854 :estimarent,
2947 1801 3071 1842 cum
3102 1786 3379 1843 diceretur

91 1876 276 1931 veteris
318 1873 654 1929 'l‘cstamenti
693 1882 798 1937 est,
852 1881 1095 1941 tempora
1123 1880 1303 1926 autem
1339 1868 1518 1924 Verbo
1549 1869 1674 1938 ejus

91 1977 139 2023 et
163 1977 428 2022 momenta
463 1967 761 2038 prtemittas
793 1983 806 2019 :
837 1963 1176 2018 tolerabilior
1209 1962 1530 2017 Valentinus
1563 1970 1669 2026 est,

88 2062 169 2133 qui
212 2077 316 2118 non
368 2061 568 2117 saecula
613 2069 738 2115 ante
785 2058 980 2120 Deum,
1023 2055 1120 2110 sed
1163 2055 1298 2110 deos
1330 2062 1482 2125 putat
1526 2068 1670 2119 esse,

92 2166 114 2193 α
149 2149 287 2230 quod
336 2157 538 2213 szecula
592 2164 758 2220 sunt;
808 2151 1040 2207 minoris
1087 2151 1231 2206 enim
1285 2148 1556 2220 sacrilegii
1589 2155 1673 2203 est

89 2251 322 2321 copulari
354 2249 626 2304 divinitati
654 2247 878 2313 sascula,
905 2259 1067 2315 quatn
1095 2242 1363 2312 praeferri.

148 2344 232 2399 26.
263 2343 322 2399 Si
378 2344 571 2398 credas
623 2342 819 2398 iterum
870 2345 996 2414 quia
1045 2339 1302 2396 Christus
1345 2335 1670 2409 principium

87 2451 182 2491 non
212 2435 451 2508 sumpsit
497 2451 565 2492 ex
599 2435 838 2507 Virgine,
873 2437 970 2492 sed
1030 2445 1213 2490 tamen
1265 2431 1484 2502 aliquod
1543 2438 1672 2486 ante

85 2528 351 2585 Christum
411 2528 650 2584 :estimes
701 2543 825 2584 esse
885 2528 1210 2599 principium
1260 2544 1272 2579 :
1315 2525 1369 2579 in
1422 2534 1672 2592 tempore

86 2623 355 2689 distantia,
403 2620 432 2658 ι)
478 2621 547 2676 de
601 2621 878 2692 impietate
930 2618 1213 2676 contentio
1254 2625 1376 2682 est;
1430 2614 1672 2685 Virginis

87 2715 216 2770 enim
266 2727 561 2784 supparem
603 2713 812 2784 negasti
858 2727 1012 2778 esse,
1065 2727 1170 2766 non
1217 2709 1498 2778 temporis.
1559 2707 1671 2778 Ego

85 2819 253 2864 autem
285 2816 345 2862 et
366 2821 659 2877 supparem
688 2806 920 2878 Virginis
936 2805 1240 2862 secundum
1261 2802 1668 2872 susceptionem

86 2902 322 2972 corporis
359 2915 468 2954 non
507 2899 737 2969 negabo,
779 2908 836 2954 et
864 2907 1172 2954 creatorem
1207 2895 1470 2964 temporis
1500 2893 1671 2948 conli-

86 2995 244 3049 tebor.
278 2991 425 3062 Quid
471 2991 614 3047 enim
667 2991 909 3061 proﬁcis,
961 2991 1006 3046 si
1058 2990 1207 3044 dicas
1246 2987 1372 3060 quia
1416 2985 1670 3042 Christus

87 3084 186 3140 haec
227 3101 297 3140 an
333 3085 427 3140 illa
471 3085 544 3139 sit
587 3083 878 3140 creatura?
907 3083 1168 3139 Creatura
1207 3090 1466 3146 mutatur,
1502 3089 1523 3117 ο
1559 3093 1664 3132 non

85 3177 336 3233 divinitas
364 3176 646 3231 aduratur.

143 3273 226 3328 27.
255 3271 449 3328 Noluit
480 3287 540 3326 se
569 3272 648 3326 sic
666 3268 916 3326 Christus
935 3267 1178 3340 agnosci,
1197 3282 1297 3323 nec
1319 3266 1404 3321 his
1436 3272 1668 3331 tantum,

83 3379 188 3435 qua:
207 3379 377 3435 supra
413 3363 850 3426 hominemsunt,
879 3363 1088 3417 meritis
1107 3359 1388 3416 :nstimari.
1421 3358 1671 3428 Denique

83 3471 190 3510 cum
232 3458 680 3528 interrogasset:
713 3455 878 3521 Quem
919 3471 1001 3508 me
1053 3455 1230 3508 dicunt
1282 3454 1391 3508 esse
1443 3450 1671 3504 homines

87 3548 279 3616 (Matth.
319 3563 438 3612 xvt,
470 3547 593 3619 i3)?
620 3563 742 3602 cum
769 3547 859 3602 alii
891 3548 1134 3602 dicerent
1175 3546 1371 3612 Eliam,
1423 3543 1514 3598 alii
1547 3544 1671 3598 Hie-

83 3646 320 3712 remiam,
377 3652 474 3699 aut
505 3659 669 3698 unum
716 3658 778 3696 ex
822 3641 1144 3712 prolthetis;
1204 3639 1406 3695 nullius
1446 3645 1672 3693 senten-

85 3739 196 3794 tiam
228 3737 558 3808 praedicavit
586 3754 599 3790 :
633 3751 754 3791 cum
778 3735 968 3790 Petrus
999 3735 1233 3790 dixisset
1263 3753 1276 3790 :
1306 3734 1388 3790 Tu
1414 3751 1465 3788 es
1517 3731 1672 3786 Chri-

84 3841 176 3886 stus
205 3832 386 3887 Filius
409 3829 508 3886 Dei
531 3829 628 3883 vivi
655 3827 844 3901 (Ibid.,
877 3828 995 3898 16);
1031 3828 1176 3884 hunc
1222 3829 1400 3884 solum
1436 3845 1546 3885 non
1573 3831 1672 3885 im-

91 3924 270 3979 merito
313 3921 589 3987 laudavit.

142 4015 225 4071 98.
256 4016 414 4086 Ergo
453 4013 692 4070 Joannes
740 4013 898 4078 dicit,
959 4013 1156 4069 Petrus
1211 4011 1364 4080 dicit,
1418 4013 1674 4070 Christus

86 4107 342 4174 probavit,
377 4114 438 4163 et
487 4115 542 4162 tu
575 4121 679 4161 non
727 4107 948 4177 probas,
979 4105 1211 4160 Arianc?
1256 4104 1364 4160 Nec
1394 4105 1587 4161 Joanni
1620 4116 1675 4163 et

89 4196 232 4254 Petro
281 4211 447 4271 putas
496 4213 620 4254 esse
649 4199 1006 4264 credendum,
1063 4212 1202 4268 quos
1241 4199 1326 4253 vel
1369 4199 1516 4253 solos
1574 4215 1672 4270 pro

89 4293 386 4349 testimonio
407 4293 597 4363 gloria:
617 4307 729 4346 suae
753 4292 1012 4346 Dominus
1043 4301 1226 4345 n05ter
1247 4290 1404 4345 Jesus
1427 4289 1674 4348 Christus

88 4382 144 4436 ad
171 4385 418 4441 omnium
454 4384 613 4439 ﬁdem
641 4383 875 4440 credidit
895 4383 1210 4440 abundare?
1247 4383 1488 4454 Denique
1519 4386 1674 4456 quasi

87 4472 142 4526 ad
171 4475 536 4532 testimonium
585 4475 785 4530 veteris
829 4487 885 4529 et
916 4475 1038 4529 novi
1068 4473 1404 4530 Testamenti
1461 4477 1674 4548 Moyses

1781 1879 1925 1948 vulgi
1957 1879 2223 1934 sententia
2250 1918 2266 1944 ,
2303 1879 2498 1934 Petrus
2529 1878 2762 1934 tacebat.

1850 1971 1938 2027 '50.
1982 1971 2152 2026 Taces
2197 1986 2327 2040 ergo
2353 2013 2368 2037 ,
2400 1971 2615 2036 Simon,
2642 1981 2698 2025 et
2733 1970 3192 2041 respondentibus
3223 1971 3377 2038 aliis,
3461 1996 3465 2000 ν

1777 2065 1955 2120 adhuc
1983 2073 2127 2120 taces
2150 2065 2378 2136 (Matth.
2410 2081 2535 2130 svr,
2568 2066 2632 2120 M
2652 2065 2708 2136 );
2739 2079 2864 2120 cum
2888 2063 3006 2135 ipse
3034 2066 3112 2120 sis
3140 2066 3379 2136 primus,

1777 2160 1868 2230 qui
1901 2159 2062 2213 etiam
2095 2173 2200 2213 non
2245 2160 2610 2228 interrogatus
2648 2159 2994 2229 interrogas:
3041 2173 3142 2214 nec
3183 2159 3376 2225 times,

1778 2267 1846 2308 ne
1895 2250 2318 2322 rcprehendaris
2359 2266 2386 2304 a
2443 2251 2706 2316 Domino,
2744 2251 2866 2318 quia
2916 2267 3024 2305 non
3075 2252 3377 2322 respondes

1779 2344 2180 2416 interroganti?
2225 2343 2396 2411 Ideo,
2451 2343 2654 2413 inquit,
2704 2357 2812 2398 non
2857 2341 3203 2413 respondeo,
3249 2343 3374 2414 quia

1778 2453 1883 2493 nou
1916 2437 2222 2507 interrogor
2249 2452 2424 2491 meam
2446 2477 2462 2503 ,
2495 2435 2589 2490 sed
2615 2436 2847 2491 alienam
2877 2437 3235 2502 sententiam;
3270 2437 3374 2508 legi

1777 2530 1970 2585 enim:
2029 2527 2096 2584 Ut
2138 2545 2238 2582 non
2292 2529 2531 2597 loquatur
2578 2544 2634 2582 os
2686 2545 2852 2582 meum
2900 2544 3058 2597 opera
3111 2529 3374 2584 hominum

1779 2622 1952 2694 (Psal.
1985 2636 2095 2686 xvt,
2125 2620 2193 2690 4)
2225 2638 2237 2673 :
2272 2634 2406 2690 opus
2443 2629 2621 2673 autem
2650 2630 2732 2674 est
2762 2619 3092 2689 perﬁdorum
3120 2620 3376 2692 perﬁdias

1778 2713 2092 2785 prtedicare.
2127 2712 2270 2783 Ergo
2299 2722 2454 2766 taceo
2485 2710 2662 2766 adhuc
2685 2753 2700 2777 ,
2730 2712 2855 2782 quia
2882 2712 3119 2767 nondum
3154 2712 3204 2768 id
3229 2713 3372 2781 quod

1775 2809 1954 2862 sentio
1980 2809 2284 2878 iuterrogor
2309 2821 2321 2858 :
2350 2821 2456 2860 non
2487 2804 2758 2875 proferam
2789 2805 2966 2872 labiis,
2991 2807 3134 2877 quod
3161 2807 3376 2862 animus

1776 2915 1882 2955 non
1911 2899 2177 2971 probavit.
2216 2899 2331 2954 Erit
2373 2907 2586 2968 tempus
2617 2897 2835 2967 quando
2866 2897 3249 2968 respondeam.
3285 2897 3372 2952 ln-

1774 2993 2092 3064 terrogabor
2121 3004 2175 3050 et
2223 2995 2340 3066 ipse
2385 2997 2513 3067 quid
2567 2993 2794 3050 sentiam
2821 3035 2834 3059 ,
2866 3002 2995 3048 tunc
3022 2992 3240 3048 demunt
3287 3007 3377 3048 re-

1773 3087 2052 3157 spondebo
2076 3089 2217 3160 quod
2235 3105 2412 3145 meum
2433 3100 2545 3157 est;
2570 3106 2748 3145 meum
2767 3083 2843 3144 est
2867 3089 3007 3145 enim
3030 3088 3189 3142 ﬁdetn
3206 3086 3373 3157 loqui,

1698 3163 1743 3226 (Σ
1777 3180 2030 3252 pietatem
2063 3198 2316 3239 asserere
2339 3225 2352 3248 ,
2384 3183 2615 3254 gratiam
2649 3182 2967 3253 pra'dicare.

1848 3273 1937 3328 51.
1980 3273 2094 3329 Non
2135 3275 2299 3347 igitur
2337 3278 2490 3344 quasi
2533 3277 2739 3346 pigrior
2770 3291 2934 3331 sensu
2959 3317 2973 3340 ,
3005 3289 3136 3329 voce
3166 3273 3376 3328 tardior

1775 3377 1917 3424 tacet
1941 3413 1954 3435 ,
1982 3385 2080 3425 nec
2101 3372 2254 3441 quasi
2289 3370 2603 3427 fastidiosus
2623 3369 2802 3426 diﬁ‘ert
2835 3370 2983 3423 vocis
3005 3369 3330 3436 obsequium
3358 3384 3370 3420 :

1774 3463 1870 3518 sed
1903 3463 2054 3533 quasi
2079 3460 2106 3500 ά
2137 3471 2326 3519 cautus
2364 3463 2662 3533 periculum
2699 3463 2934 3532 vulgaris
2961 3459 3232 3531 opinionis
3261 3460 3375 3514 evi-

1777 3563 1884 3621 tat,
1916 3556 2004 3624 qui
2037 3557 2337 3624 periculum
2377 3572 2482 3612 non
2525 3556 2764 3612 evitabat
2802 3555 3012 3608 salutis.
3046 3553 3288 3622 Denique
3322 3553 3374 3606 in

1776 3645 2173 3716 posterioribus
2201 3647 2366 3702 habes
2394 3648 2517 3718 quia
2563 3647 2804 3702 exsilivit
2833 3660 2863 3700 c
2902 3644 3024 3698 navi
3048 3683 3061 3704 .
3096 3653 3154 3697 ut
3188 3658 3379 3696 oecur-

1776 3747 1921 3794 reret
1947 3739 2178 3793 Domino
2210 3737 2428 3810 (Matth.
2467 3754 2574 3802 atv,
2611 3737 2737 3806 ‘29),
2772 3751 2881 3789 non
2909 3734 3098 3805 gloria:
3127 3732 3376 3802 cupidus,

1774 3830 1870 3884 sed
1891 3830 2216 3885 obedientiaa
2242 3840 2621 3900 praematurus.

1846 3923 1935 3978 32.
1971 3922 2068 3978 Hic
2097 3937 2229 3990 ergo
2255 3923 2345 3992 qui
2385 3930 2511 3976 ante
2553 3917 2858 3984 reticebat,
2914 3925 2972 3970 ut
3007 3915 3229 3972 doceret
3276 3929 3376 3969 nos

1775 4014 1916 4084 quod
1944 4011 2233 4083 impiorum
2275 4026 2373 4066 nec
2405 4011 2630 4066 verbum
2662 4009 2958 4063 debeamus
2983 4007 3184 4062 iterare
3216 4023 3230 4060 :
3266 4007 3377 4072 hic,

1779 4111 2020 4178 inquam,
2035 4107 2126 4162 ubi
2146 4104 2356 4160 audivit
2380 4123 2391 4159 :
2421 4103 2524 4159 Vos
2545 4113 2715 4156 autent
2728 4100 2854 4171 quid
2873 4117 2950 4154 mc
2966 4101 3135 4153 dicitis
3153 4098 3371 4167 (Matth.

1778 4202 2062 4273 “1.15)?
2092 4200 2273 4255 statim
2311 4197 2420 4253 loci
2470 4213 2576 4253 non
2618 4196 2904 4251 immemor
2929 4191 3047 4258 sui,
3085 4191 3374 4261 primatum

1778 4295 1886 4365 egit
1917 4311 1928 4348 :
1977 4294 2269 4365 primatum
2313 4289 2678 4346 confessionis
2710 4287 2928 4357 utique,
2962 4299 3070 4340 non
3115 4282 3377 4347 honoris;

1781 4388 2067 4459 primatum
2104 4387 2270 4454 ﬁdei,
2303 4401 2408 4442 non
2453 4385 2682 4441 ordinis.
2715 4383 2825 4438 lloc
2856 4391 2942 4438 est
2969 4381 3150 4436 dicere
3179 4397 3191 4432 :
3225 4377 3379 4434 Nunc

1781 4496 1944 4536 nemo
1990 4496 2076 4536 me
2117 4479 2334 4547 vincat,
2385 4492 2529 4533 nunc
2576 4491 2710 4532 mea:
2757 4485 2940 4544 partes
2985 4482 3151 4528 sunt:
3203 4470 3380 4526 debeo

92 4579 196 4622 cum
223 4571 338 4643 Elia
371 4569 716 4634 adsciscitur,
747 4584 869 4624 cum
896 4568 1106 4625 Joanne
1136 4568 1336 4636 Petrus
1362 4569 1673 4642 frequenter
1700 4554 1754 4615 Ῑ)
1780 4588 2138 4643 compensare
2178 4571 2323 4643 quod
2356 4571 2531 4636 tacui,
2561 4569 2721 4624 debet
2761 4567 3024 4640 prodesse
3053 4562 3200 4636 quod
3233 4563 3379 4617 silui.

89 4642 358 4720 adhibetur
391 4661 608 4735 (Matth.
639 4677 774 4727 xvu,
808 4659 886 4731 l).

89 4796 134 4871 in
153 4800 358 4857 diversa
392 4798 768 4868 accipiendam
809 4798 980 4854 series
1009 4800 1121 4868 ipsa
1161 4814 1259 4871 per
1290 4815 1350 4856 se
1379 4801 1660 4857 admonet.

87 4867 183 4942 Sed
229 4872 536 4927 efﬁcaciora
589 4878 717 4924 sunt
765 4871 945 4942 adhuc
977 4867 1502 4942 verba'sequentia,
1556 4891 1660 4927 non

88 4941 354 5014 distinguas
383 4953 551 5014 tamen
593 4950 835 5014 naturam
863 4941 1144 4995 divinitatis
1175 4952 1220 4995 et
1267 4941 1532 5013 Corporis;
1573 4945 1662 4998 ubi

88 5023 208 5082 vero
234 5012 456 5082 corpori
503 5027 686 5066 veram
719 5012 1066 5068 divinitatem
1109 5015 1308 5082 oppOui
1359 5012 1445 5068 vel
1501 5016 1664 5069 tueri-

91 5080 231 5136 diana
254 5080 374 5139 luce
407 5083 608 5137 clarius
651 5092 758 5137 est.
791 5082 1076 5138 Postremo
1103 5080 1319 5147 sensus,
1345 5100 1506 5150 quem
1536 5089 1666 5139 Am-

92 5150 262 5224 [trosio
304 5156 570 5223 afﬁngunt
607 5153 927 5218 adversarii,
962 5169 1222 5224 perquam
1263 5155 1533 5210 absurdus
1558 5165 1663 5211 est.

93 5219 223 5293 idem
261 5227 408 5279 enim
437 5219 541 5290 est,
592 5238 656 5278 ac
701 5224 745 5277 si
775 5219 1333 5293 scripsi‘sset'sanctus
1376 5227 1615 5280 Antistes
1649 5246 1660 5280 :

90 5287 418 5365 Nequaquam
451 5287 586 5348 satis
616 5305 721 5359 εει,
771 5297 814 5349 si
847 5287 1086 5350 credatis
1114 5295 1390 5351 Christum
1422 5296 1476 5351 in
1501 5312 1664 5353 cruce

89 5365 292 5420 aflixum
350 5366 718 5436 pependisse;
772 5380 872 5438 nec
915 5367 960 5421 si
1006 5367 1241 5438 credatis
1271 5369 1504 5438 ﬁguram
1544 5368 1664 5437 ejus

92 5447 285 5514 tene-um
345 5435 658 5514 serpentem
688 5435 1004 5514 exstitisse;
1054 5437 1157 5492 nisi
1209 5435 1369 5514 etiam
1426 5435 1664 5514 credatis

91 5502 352 5579 Christum
397 5502 454 5561 in
479 5523 542 5561 eo
569 5508 902 5579 exspirasse,
957 5524 1062 5563 non
1094 5518 1275 5564 autem
1303 5511 1420 5579 ejus
1465 5509 1664 5566 divini-

95 5580 264 5632 tatem.
292 5578 443 5650 Quod
485 5578 828 5632 ratiocinium
881 5580 1278 5650 ineptissimum
1325 5578 1448 5638 esse
1502 5599 1662 5638 uetno

100 5649 363 5724 nonAvidet
380 5666 417 5724 _:_
436 5663 645 5724 verumg
666 5667 696 5724 e
718 5649 994 5724 contrario
1020 5649 1392 5724 pulcherrima
1416 5655 1662 5724 gradatio

100 5705 422 5788 conﬁcietur,
448 5721 492 5775 si
524 5716 885 5776 AmbrOsiane
923 5705 1086 5778 verba
1118 5705 1146 5774 a
1177 5735 1276 5777 suo
1318 5705 1661 5780 natt‘i'raliwsi1

1765 4665 1986 4738 Lingua
2032 4679 2154 4721 mea
2203 4679 2309 4720 non
2353 4663 2518 4718 habet
2557 4662 2776 4732 Spiuas;
2825 4661 2945 4714 sine
2993 4656 3381 4726 impedimento
3448 4688 3456 4697 ς

1767 4803 2022 4874 guiﬁcatu
2043 4818 2152 4858 non
2175 4810 2555 4874 avertantura
2695 4869 2731 4874 η
3180 4864 3218 4874 _
3263 4865 3274 4874 _
3319 4864 3334 4874 _
3368 4834 3382 4846 .

1843 4883 1868 4910 ⁸
1922 4874 1994 4928 De
2040 4874 2158 4937 hac}
2188 4873 2458 4927 Valentini
2507 4869 2889 4933 absurditate,
2936 4864 3374 4941 prmter_Epiph.

1772 4945 1916 5000 ﬂmr.
1945 4944 2010 4998 ’51
2045 4953 2100 4997 et
2128 4945 2374 5014 August,
2395 4942 2464 4996 de
2483 4941 2690 5014 “teres.
2721 4956 2844 5011 cap.
2875 4938 2965 5004 Μ’,
2999 4939 3124 4994 vide
3146 4938 3304 4993 lrwn.
3339 4939 3373 4990 Ι.

1773 5032 1811 5081 t,
1841 5015 1968 5069 adv.
1995 5015 2160 5077 Haec;
2193 5012 2402 5068 'l‘ertul.
2432 5013 2560 5067 adv.
2591 5012 2832 5075 Valent.,
2866 5021 2973 5066 etc.

1845 5085 1872 5124 δ
1903 5086 2063 5140 Rom.
2093 5085 2251 5147 edit..
2279 5084 2545 5138 consensio
2572 5094 2680 5149 est;
2708 5091 2900 5149 aperto
2920 5081 3138 5152 quidem
3177 5093 3343 5134 sensu
3366 5121 3381 5144 ,

1769 5157 1866 5216 sed
1898 5157 1968 5210 ab
1999 5160 2144 5210 omni
2168 5155 2492 5211 auctetitate
2513 5155 2798 5210 dcsututo.

1846 5238 1868 5266 ο
1909 5227 2114 5282 Omnes
2143 5227 2254 5282 edit
2296 5241 2394 5279 nec
2427 5227 2579 5294 pauci
2627 5241 2786 5290 tuss.,
2819 5224 3059 5278 divinitas
3087 5223 3378 5294 adorator,-

1772 5299 1965 5368 reliqui
1998 5312 2155 5366 mss.,
2181 5314 2285 5352 non
2310 5291 2556 5368 divinitas
2582 5300 2855 5351 adoratur.
2887 5295 3074 5368 Melius
3094 5335 3106 5356 ,
3135 5309 3256 5347 cum
3290 5291 3376 5347 hic

1769 5366 1966 5425 sensus
2013 5370 2113 5434 sit,
2161 5369 2289 5423 dum
2329 5367 2604 5424 Christum
2657 5384 2818 5422 uuam
2875 5366 3012 5420 dicis
3061 5375 3370 5419 creaturam

1771 5455 1926 5508 esse,
1979 5457 2084 5494 non
2130 5441 2328 5506 aliam;
2375 5452 2679 5494 creaturam
2729 5437 2946 5510 quidem
2995 5445 3207 5500 tnutas,
3256 5434 3375 5504 ejus

1769 5523 1952 5568 autem
1981 5511 2317 5567 divinitatem
2351 5526 2459 5566 n0n
2489 5510 2703 5564 adoras.

1842 5581 1869 5620 ἀ
1900 5583 2026 5638 Mss.
2057 5585 2302 5653 aliquot,
2335 5593 2518 5653 cautus
2547 5581 2856 5653 periculum.
2889 5579 3145 5653 Vulgarcs
3171 5577 3375 5653 opinio-

1766 5671 1867 5780 get;
1876 5656 2051 5712 evitat.
2086 5649 2232 5712 lulra
2254 5649 2384 5711 vero
2407 5649 2554 5710 edit.
2570 5652 2728 5710 Rom.
2759 5654 2877 5708 sola
2899 5684 2914 5720 ,-
2942 5649 3376 5706 in'suverioribus

1803 5743 1835 5777 a
1870 5741 1940 5780 es.

1803 5741 1940 5783 που.
