3936 6168
573 213 679 273 827

1899 214 2144 272 SANCTI
2189 213 2512 273 AMBROSII

3752 216 3839 270 828

576 330 712 386 titles
757 329 922 385 debet
966 330 1137 383 exire.
1194 328 1325 383 Dum
1369 327 1458 383 alii
1491 342 1704 384 caenum
1729 367 1743 393 .
1790 328 1982 385 alienis
2010 329 2172 395 licet,
2204 330 2257 396 Α
2279 342 2525 393 carnem,
2549 342 2671 397 qua:
2698 336 2907 384 mortua
2938 327 3233 385 resurrexit
3256 344 3273 381 ηε
3304 342 3411 383 non
3440 326 3841 399 resurgehatsc.

578 426 801 497 prolata:
833 434 1011 481 tamen
1056 426 1353 494 impietatis
1377 433 1673 492 evaserint,
1700 425 1794 496 qui
1825 433 1918 481 aut
1960 424 2135 489 Etiam
2157 463 2175 491 ,

580 530 669 575 aut
687 518 1037 583 Hieremiam,
1051 517 1213 593 711
1230 526 1323 572 aut
1338 534 1501 574 unum
1524 533 1591 575 ex
1606 516 2177 588 prophetisChristutl

575 624 698 665 esse
726 607 987 666 dixerunt
1011 610 1227 682 (Matth.
1256 626 1368 673 ιιι.
1404 609 1524 683 id);
1553 611 1741 668 habuit
1763 612 1914 668 enim
1946 612 2049 666 ista
2074 624 2178 669 rom

578 718 826 770 ramum,
872 703 1057 758 habuit
1108 705 1208 761 ista
1233 718 1334 760 vox
1357 704 1540 776 spinas
1566 721 1580 758 :
1603 704 1732 761 dum
1757 702 1881 768 alii,
1911 703 2130 775 inquam
2161 743 2178 772 ,

581 794 715 851 lhoc
736 795 918 851 lavant
931 810 1174 863 caenum,
1190 796 1316 852 dum
1341 796 1403 850 in
1418 795 1542 851 aliis
1558 796 1862 852 enodantur
1879 795 1964 852 has
1985 795 2179 867 spinae,

582 902 687 944 vox
714 898 899 944 nostra
934 888 1132 945 Filium
1158 890 1251 944 Dei
1276 891 1556 945 Christum
1585 889 1835 945 resultet.
1864 888 1993 945 Mihi
2017 902 2181 960 purus

581 986 665 1034 est
677 994 879 1045 sermo,
895 982 980 1036 cui
1008 980 1182 1035 nullas
1203 980 1385 1049 spinas
1399 995 1655 1050 expressa
1674 981 1894 1052 reliquit
1911 981 2177 1053 impietas.

655 1072 744 1128 55.
780 1072 878 1127 llic
907 1083 990 1127 est
1013 1087 1146 1143 ergo
1183 1072 1379 1128 Petrus
1406 1075 1495 1143 qui
1533 1073 1817 1145 respondit
1845 1088 1942 1145 pro
1969 1074 2184 1133 ca'tcris

585 1164 868 1236 apostolis,
897 1165 1064 1219 immo
1088 1179 1197 1235 prae
1221 1165 1438 1221 creteris
1464 1163 1659 1239 (Ibid,
1684 1164 1774 1236 16)
1796 1182 1810 1231 ;
1843 1174 1897 1223 et
1919 1165 2040 1222 idco
2067 1165 2187 1222 fun-

585 1256 899 1312 damentum
933 1255 1151 1321 dicitur,
1193 1255 1318 1327 quia
1352 1258 1503 1312 novit
1534 1272 1641 1312 non
1672 1258 1848 1313 solum
1876 1258 2182 1329 proprium,

586 1348 683 1404 sed
706 1349 867 1404 etiam
899 1362 1193 1403 commune
1224 1365 1465 1406 servare.
1500 1350 1530 1390 ιι
1573 1349 1710 1407 Huic
1750 1352 2077 1422 astipulatus
2101 1360 2188 1408 est

583 1441 855 1507 Christus,
887 1442 1151 1496 revelavit
1176 1441 1357 1498 Pater.
1393 1441 1526 1497 Nam
1552 1443 1642 1514 qui
1665 1457 1846 1498 veram
1873 1446 2185 1515 generatio-

588 1551 713 1590 ucm
749 1535 989 1605 loquitur
1012 1534 1208 1601 Patris,
1242 1550 1269 1588 a
1298 1534 1454 1591 Patre
1475 1536 1793 1610 assumpsit,
1816 1551 1923 1592 non
1950 1537 2186 1608 sumpsit

554 1627 653 1684 'er
687 1644 872 1687 carne.

1203 1701 1434 1757 CAPUT
1467 1703 1527 1757 V.

588 1790 763 1843 Fidem
779 1790 905 1844 hanc
925 1791 1154 1845 Ecclesia:
1175 1792 1537 1859 fundamentum
1560 1807 1664 1847 esse
1683 1808 1742 1846 ac
1768 1795 1930 1848 valere
1953 1794 2189 1849 adversus

649 1889 808 1928 anates
829 1875 1039 1928 laterem
1063 1915 1078 1939 ,
1113 1890 1210 1939 qua
1236 1877 1288 1928 in
1313 1876 1501 1929 Christo
1533 1875 1700 1928 divina
1726 1876 1870 1930 simul
1900 1885 1944 1931 et
1979 1876 2190 1931 humana

650 1957 897 2025 generatio
928 1959 1163 2011 creditur.
1196 1962 1328 2011 Duas
1359 1958 1473 2012 illas
1501 1961 1829 2025 generationes
1859 1958 2066 2013 inuicem
2097 1960 2191 2014 sibi

651 2056 745 2093 non
762 2040 953 2107 allicere
969 2055 988 2092 :
1010 2043 1097 2094 sed
1118 2055 1229 2107 gate
1250 2044 1315 2094 ad
1333 2051 1587 2107 utramque
1609 2042 1866 2108 pertinent,
1889 2044 2025 2097 salua
2045 2049 2189 2095 etiam

654 2128 706 2177 in
727 2125 947 2189 passione
964 2139 1021 2176 ac
1041 2124 1292 2191 sepultura
1309 2124 1557 2179 mansisse.
1608 2131 1717 2179 Non
1753 2139 1871 2192 ergo
1885 2125 2190 2192 inﬁrmitates

654 2207 874 2271 corporis
892 2206 1133 2261 divinitati
1155 2210 1488 2263 attribuendas
1500 2223 1519 2271 ;
1530 2223 1639 2263 cum
1647 2210 1964 2264 hwealoeoet
1980 2218 2191 2275 tempore

654 2290 871 2342 absoluta
891 2290 991 2344 sit:
1022 2299 1067 2344 et
1094 2290 1216 2346 nihil
1237 2292 1332 2346 nisi
1351 2294 1618 2347 secundum
1642 2308 1840 2349 carnem
1860 2292 1962 2360 pali
1981 2293 2192 2360 poluerit

588 2373 650 2440 ξε
664 2374 869 2427 Verbum
891 2374 1126 2428 divinum.

667 2463 757 2518 δι.
793 2460 954 2519 Fides
985 2477 1115 2535 ergo
1158 2473 1242 2519 est
1290 2464 1550 2522 Ecclesiae
1580 2463 1994 2523 fundamentum
2024 2482 2036 2520 :
2082 2481 2191 2525 non

595 2553 742 2608 enim
773 2554 843 2609 de
871 2570 1038 2609 carne
1077 2556 1244 2623 Petri,
1287 2557 1381 2611 sed
1423 2558 1491 2614 de
1518 2558 1622 2613 llde
1664 2558 1871 2615 dictum
1909 2566 2025 2625 est,
2065 2559 2191 2630 quia

596 2655 768 2719 porta:
803 2647 994 2702 mortis
1024 2648 1073 2701 ci
1103 2662 1209 2703 non
1241 2650 1615 2718 praevalebunt
1646 2667 1662 2706 :
1690 2652 1787 2709 scd
1808 2649 2082 2710 confessio
2111 2651 2194 2709 vi-

598 2738 672 2790 cit
701 2735 972 2793 infertntm
996 2738 1210 2813 (Ibid.).
1239 2741 1306 2796 Et
1332 2741 1447 2797 haec
1468 2743 1874 2800 conlessio-uon
1902 2758 2061 2801 unam
2082 2743 2194 2801 itte-

600 2829 763 2881 resim
792 2832 1056 2897 exclusit;
1100 2849 1221 2887 nam
1265 2849 1385 2889 cum
1420 2833 1662 2890 Ecclesia
1693 2833 1876 2891 multis
1918 2842 2193 2906 tamquam

601 2918 743 2972 bona
767 2921 922 2974 navis
954 2920 1207 2978 ﬂuctibus
1235 2939 1382 2993 saepe
1410 2923 1690 2991 tundatur,
1715 2924 1979 2985 adversus
2004 2941 2196 2985 omnes

603 3009 839 3065 ltaireses
881 3011 1044 3068 debet
1076 3017 1257 3071 valere
1289 3015 1552 3071 Ecclesiae
1577 3016 2005 3077 fundamentum.

2280 421 2515 476 cundum
2549 420 2810 489 Verbum,
2840 419 2983 490 quod
3013 408 3121 476 non
3151 419 3461 476 resolutum
3488 420 3668 477 fuerat
3687 421 3735 475 in
3756 429 3841 477 ter-

2279 528 2421 582 ram,
2452 514 2550 571 sed
2581 513 2725 585 apud
2757 514 2929 571 Deum
2961 528 3183 584 semper
3214 513 3495 570 manebat.

2349 608 2443 665 37.
2480 608 2624 675 Ergo
2652 617 2709 663 et
2739 607 3077 663 moriebatur
3096 605 3392 662 secundum
3423 616 3632 664 nostra:
3656 619 3844 675 suscep-

2283 698 2484 755 tionem
2517 700 2680 772 712
2709 708 2937 766 natum,
2966 709 3018 754 et
3057 714 3166 755 non
3211 699 3557 756 moriebatur
3582 699 3840 757 secundum

2282 801 2502 849 :eternte
2532 792 2898 849 substantiam
2930 794 3092 849 vitm:
3135 801 3192 849 et
3231 792 3546 863 patiebatur
3585 794 3844 850 secundum

2281 887 2533 956 corporis
2556 886 2959 957 susceptionem
2985 901 3000 952 ;
3031 893 3090 942 ut
3122 886 3358 954 suscepti
3388 883 3647 954 corporis
3678 885 3843 940 veritas

2240 979 2603 1053 “crederetur
2628 995 2641 1034 :
2674 987 2731 1034 et
2759 992 2865 1034 oon
2894 977 3209 1050 patiebatur
3237 976 3542 1033 secundum
3590 976 3740 1031 Verbi
3762 975 3843 1030 ita-

2283 1072 2605 1144 passibilem
2655 1071 3018 1138 divinitatem,
3051 1071 3194 1142 quod
3245 1071 3416 1127 totius
3453 1086 3643 1126 exsors
3676 1070 3843 1128 doloris

2285 1173 2385 1220 est.
2428 1164 2669 1233 Denique
2694 1163 2833 1218 idem
2858 1165 3105 1219 dicebat:
3136 1163 3291 1229 Deus,
3330 1162 3473 1218 Deus
3493 1180 3660 1227 meus,
3686 1164 3846 1235 respice

2283 1257 2338 1310 in
2364 1273 2478 1311 me:
2503 1272 2663 1327 quare
2682 1272 2763 1313 me
2792 1257 3115 1328 dereliquisti
3135 1255 3307 1327 (Prol.
3333 1272 3464 1323 ιιι,
3500 1255 3594 1328 i)'l
3633 1257 3743 1327 quia
3778 1271 3848 1312 se-

2284 1347 2522 1403 cundum
2553 1363 2775 1404 carnem
2808 1348 3033 1404 relictus
3062 1358 3168 1414 est,
3198 1349 3290 1419 qui
3336 1349 3638 1404 secundum
3683 1348 3846 1405 divini-

2287 1447 2453 1497 tatem
2488 1455 2592 1499 uec
2619 1440 2801 1497 deseri
2831 1441 3022 1510 potuit,
3053 1456 3160 1498 nec
3186 1441 3448 1512 relinqui.

2348 1532 2419 1591 38
2473 1532 2617 1591 idem
2647 1534 2811 1590 etiam
2836 1534 3001 1591 dicit:
3036 1533 3212 1606 Longe
3237 1552 3270 1589 a
3298 1536 3475 1590 salute
3498 1550 3610 1590 mea
3627 1534 3758 1589 verba
3778 1534 3848 1588 tte-

2252 1700 2255 1701 ν
2286 1627 2524 1681 lictorum
2542 1644 2777 1682 meorum
2805 1627 3019 1699 (lbid.),
3052 1628 3157 1683 boc
3187 1639 3307 1695 est,
3340 1645 3451 1683 non
3482 1629 3745 1696 capiatur.
3774 1628 3845 1699 qui

2210 1722 2259 1787 B
2284 1722 2436 1779 audit
2463 1741 2477 1777 :
2517 1723 2691 1791 Quare
2717 1739 2798 1777 me
2821 1722 3184 1793 dereliqttisti?
3210 1721 3305 1779 sed
3341 1724 3606 1793 intelligat
3631 1721 3756 1791 quod
3780 1736 3847 1776 se-

2292 1814 2528 1870 cundum
2562 1830 2784 1871 carnem
2818 1814 2921 1871 ista
2954 1813 3227 1878 dicantur,
3255 1829 3381 1885 quae
3411 1813 3573 1884 longe
3602 1827 3631 1867 a
3655 1812 3846 1883 plenitu-

2291 1907 2418 1962 dine
2448 1907 2752 1962 divinitatis
2776 1907 2955 1961 aliena
2985 1914 3131 1961 sunt.
3164 1905 3362 1963 Aliena
3390 1913 3520 1961 sunt
3549 1905 3685 1961 enim
3708 1919 3732 1957 θ
3754 1902 3845 1959 Deo

2291 2002 2455 2058 verba
2483 2001 2804 2059 delictorum
2823 2042 2836 2063 ,
2869 2000 2993 2069 quia
3023 2000 3198 2055 aliena
3224 2008 3355 2055 sunt
3381 2008 3437 2054 et
3467 1998 3660 2055 delicta
3684 1995 3844 2051 verba

2293 2110 2409 2151 rum
2438 2110 2450 2148 :
2483 2092 2578 2148 sed
2609 2091 2871 2163 quoniam
2900 2091 3096 2147 delicta
3128 2091 3305 2147 aliena
3334 2090 3572 2160 suscepi,
3598 2089 3744 2146 etiam
3768 2084 3844 2140 de-

2292 2186 2542 2240 lictorum
2590 2184 2894 2239 alicnorum
2942 2183 3107 2241 verba
3145 2183 3410 2253 suscepi;
3463 2192 3521 2236 ιιι
3563 2179 3840 2236 derelictum

2292 2294 2380 2335 me
2416 2294 2445 2333 a
2478 2278 2636 2335 Patre
2672 2278 2784 2334 Deo
2813 2291 2934 2334 esse
2983 2275 3182 2344 dicam,
3224 2275 3317 2347 qui
3364 2275 3508 2346 apud
3548 2274 3697 2328 Deum
3729 2283 3840 2325 sem-

2299 2385 2398 2442 per
2426 2384 2569 2426 sum.

2340 2461 2453 2535 ‘59.
2488 2462 2615 2519 Erat
2642 2460 2801 2532 igitur
2847 2460 3169 2519 immortalis
3213 2459 3265 2515 in
3309 2466 3518 2518 morte.
3542 2450 3842 2525 impassiltilis

2296 2556 2349 2611 in
2397 2555 2672 2625 passione.
2721 2551 2933 2607 Etenim
2971 2551 3121 2623 quasi
3161 2551 3329 2606 Deum
3374 2566 3483 2606 non
3523 2546 3653 2618 cepit
3687 2541 3841 2601 mortis

2296 2662 2560 2710 aerumna,
2602 2654 2659 2701 et
2696 2645 2945 2701 eumdem
2987 2644 3139 2715 quasi
3187 2643 3469 2700 hominem
3499 2639 3690 2696 inferna
3721 2633 3837 2688 vide-

2293 2751 2439 2797 runt.
2473 2739 2717 2809 Denique
2749 2738 2913 2793 emisit
2938 2737 3181 2806 spiritum
3210 2734 3441 2808 (Matth.
3477 2747 3642 2800 xxvu,
3667 2726 3774 2797 50),
3800 2729 3841 2776 el

2297 2841 2477 2888 tamen
2500 2831 2651 2903 quasi
2675 2829 2881 2885 arbiter
2898 2827 3130 2885 exuendi
3158 2825 3604 2899 suscipiendique
3621 2814 3836 2888 corporis.

2297 2924 2482 2984 emisit
2505 2922 2784 2994 spiritum,
2827 2936 2934 2975 non
2973 2918 3183 2975 amisit.
3216 2917 3502 2975 Pendebat
3531 2914 3583 2969 iu
3611 2923 3780 2972 cruce.
3801 2911 3840 2958 ει

2305 3015 2488 3073 omnia
2518 3013 2919 3072 commovebat.
2949 3010 3245 3068 Tremebat
3271 3012 3323 3066 in
3366 3011 3535 3080 ligno,
3565 3019 3707 3077 quem
3737 3008 3839 3050 ῑοιιιε

679 3101 770 3158 55.
801 3102 927 3157 Dies
958 3119 1043 3158 me
1073 3106 1234 3161 citius
1260 3105 1541 3166 deiecerit.
1570 3122 1728 3177 quam
1763 3110 1981 3165 nomina
2014 3108 2184 3165 heare.
2222 3112 2271 3179 C
2301 3108 2566 3165 tremebat
2616 3106 2704 3160 hic
2737 3103 2990 3159 mundus.
3025 3101 3156 3157 Erat
3183 3102 3325 3157 inter
3352 3099 3648 3174 supplicia,
3675 3091 3697 3130 δ
3731 3086 3839 3143 εἰθί-

604 3194 836 3249 ticorutn
863 3196 1319 3270 diversartttnque
1340 3208 1612 3255 sectarum
1638 3217 1652 3267 ;
1681 3201 1972 3256 adversum
2002 3218 2197 3258 omnes

606 3297 788 3341 tamen
816 3288 1090 3359 generalis
1124 3289 1223 3344 ism
1257 3300 1342 3347 est
1375 3291 1532 3358 tides,
1560 3291 1684 3361 quia
1714 3290 1967 3347 Christus
1994 3302 2079 3351 est
2104 3293 2200 3351 Dei

607 3380 799 3446 Filius,
832 3390 886 3435 ct
915 3382 1285 3454 sempiternus
1331 3400 1398 3439 ex
1447 3384 1627 3453 Patre,
1655 3393 1711 3439 et
1751 3392 1907 3440 natus
1933 3400 1998 3440 ex
2030 3385 2199 3443 Maria

605 3476 838 3545 virgine.
870 3474 1039 3545 Quem
1071 3477 1224 3546 quasi
1265 3478 1541 3549 gigantem
1586 3489 1811 3533 sanctus
1858 3477 2022 3532 David
2070 3493 2199 3549 pro-

610 3565 771 3638 pheta
798 3566 1085 3634 describit,
1117 3584 1183 3623 eo
1230 3570 1373 3641 quod
1424 3568 1672 3625 biformis
1715 3569 2058 3641 gentiumque
2103 3584 2200 3624 ua-

613 3671 747 3716 turae
785 3676 924 3715 unus
969 3662 1040 3716 sit
1077 3676 1309 3718 consors
1338 3662 1644 3718 divinitatis
1673 3673 1730 3719 et
1768 3662 2059 3734 corporis:
2110 3662 2204 3735 qui

609 3766 873 3826 tamquam
892 3773 1133 3827 sponsus,
1161 3757 1441 3826 procedens
1460 3758 1522 3812 de
1546 3757 1774 3813 thalamo
1791 3774 1907 3825 suo,
1932 3757 2207 3814 exsultavit

615 3858 873 3917 tamquam
925 3852 1073 3923 gigas
1111 3849 1179 3903 ad
1220 3851 1526 3906 currendam
1572 3850 1707 3905 viam
1749 3848 2090 3924 (Psal.xvut,
2123 3847 2203 3921 6).

616 3938 868 4009 Sponsus
910 3942 1110 3997 animm
1159 3942 1458 3997 secundum
1507 3941 1788 3997 Verbum:
1826 3943 1977 4015 gigas
2010 3952 2204 4011 terrae,

619 4033 740 4104 quia
772 4049 899 4091 usus
923 4037 1097 4091 nostri
1126 4037 1306 4092 oilicia
1340 4052 1698 4108 percurrens,
1737 4052 1862 4092 cum
1895 4038 2033 4095 Deus
2061 4051 2209 4090 sem-

621 4140 719 4196 per
748 4139 893 4183 esset
923 4136 1183 4195 :eternus,
1217 4130 1613 4184 incarnationis
1643 4136 1982 4185 sacramenta
2021 4142 2212 4184 susce-

618 4217 717 4289 pit,
751 4235 859 4274 uou
890 4221 1118 4286 divisus,
1156 4220 1253 4276 sed
1285 4238 1449 4289 unus,
1474 4222 1599 4291 quia
1630 4235 1922 4294 utrumque
1961 4236 2126 4284 unus,
2158 4227 2216 4274 et

620 4328 761 4369 unus
792 4313 844 4366 in
877 4322 1132 4383 utroque,
1152 4312 1255 4369 hoc
1279 4323 1384 4380 est,
1413 4314 1495 4369 vel
1526 4314 1811 4370 divinitate
1841 4315 1928 4370 vel
1950 4328 2210 4385 corpore:

621 4419 728 4460 non
755 4405 903 4459 enim
931 4404 1071 4460 alter
1099 4420 1165 4460 ex
1198 4405 1379 4472 Patre,
1407 4400 1546 4460 alter
1571 4421 1637 4461 ex
1672 4404 1924 4480 Virgine,
1954 4406 2048 4462 sed
2070 4406 2211 4462 idem

623 4497 781 4552 aliter
809 4512 873 4551 ex
897 4496 1079 4561 Patre,
1113 4497 1270 4553 aliter
1296 4513 1365 4552 ex
1398 4499 1629 4568 virgine.

693 4591 782 4648 56.
814 4591 1111 4648 Generatio
1158 4594 1496 4663 generationi
1541 4608 1648 4649 non
1704 4592 2061 4665 pra'jttdicat,
2116 4608 2217 4657 nec

619 4697 752 4738 caro
778 4683 1079 4751 divinitati;
1110 4685 1369 4755 quianec
1403 4686 1595 4756 pignus
1626 4685 1800 4754 Patri,
1835 4700 1935 4741 nec
1961 4686 2219 4741 voluntas

608 4777 884 4845 passioni,
919 4792 1018 4833 nec
1051 4779 1232 4848 passio
1255 4780 1542 4834 voluntati.
1573 4789 1598 4820 ο
1628 4780 1774 4836 idem
1805 4782 1949 4836 enim
1977 4779 2221 4851 patieba-

614 4879 729 4937 tur,
760 4876 817 4925 et
846 4885 952 4924 non
985 4870 1294 4940 patiebatur
1325 4889 1339 4926 :
1374 4873 1739 4939 nutriebatur,
1772 4882 1826 4929 et
1855 4888 1962 4930 non
2011 4871 2215 4933 morie-

620 4962 782 5016 batur
809 4980 823 5016 :
856 4964 1252 5033 sepeliebatur,
1285 4975 1341 5022 et
1370 4983 1478 5025 non
1507 4969 1924 5038 sepeliebatur:
1959 4982 2217 5039 resurge-

622 5056 735 5120 bat,
767 5065 823 5111 et
851 5071 955 5111 non
980 5058 1337 5127 resurgebat;
1360 5059 1485 5131 quia
1511 5076 1712 5135 corpus
1743 5061 2021 5133 proprium
2049 5060 2220 5114 susci-

623 5149 813 5203 tabat:
842 5149 966 5221 quia
1010 5151 1153 5223 quod
1193 5153 1392 5207 cecidit
1414 5195 1429 5218 ,
1476 5153 1579 5210 hoc
1610 5155 1845 5226 resurgit
1878 5151 2070 5225 :tqttod
2108 5167 2217 5208 non

624 5241 852 5309 cecidit,
882 5258 989 5303 non
1021 5245 1277 5316 resurgit.
1323 5244 1669 5317 Resurgebat
1709 5245 1872 5317 igitur
1917 5243 2218 5309 secundum

706 5433 733 5462 ⁸
768 5426 991 5480 Amerb.
1024 5435 1081 5483 et
1109 5427 1264 5484 Eros.
1294 5438 1347 5487 et
1378 5443 1512 5485 mss.
1546 5430 1813 5496 nonnulli,
1842 5430 1899 5486 in
1924 5429 2021 5483 hoc
2052 5427 2230 5484 labant

636 5512 833 5569 omnum
851 5511 871 5548 :
901 5496 1007 5551 Gill
1040 5509 1094 5552 et
1117 5500 1300 5569 Rom.,
1331 5503 1384 5556 in
1412 5502 1509 5555 hoc
1538 5504 1713 5555 lavant
1741 5516 1962 5564 caenum,
1990 5501 2089 5559 sed
2116 5515 2231 5555 ute-

638 5567 742 5636 litts
773 5568 824 5619 itt
855 5582 987 5622 mss.
1019 5570 1257 5636 pluribus
1282 5567 1336 5626 in
1367 5573 1659 5627 omittitur.

707 5635 736 5674 ι
764 5635 1061 5712 ῌιιιιηιιυῐῆ
1095 5658 1257 5709 mss.,
1291 5645 1433 5700 Huic
1459 5645 1781 5712 alfabulalus
1809 5652 1904 5699 est.

714 5716 736 5745 α
765 5707 1096 5794 Athanasius
1118 5707 1347 5803 epistola
1380 5717 1445 5772 ad
1474 5707 1780 5788 Epictetum
1819 5729 1941 5789 quae
1968 5711 2238 5784 reperitur

2303 3202 2486 3275 piebat
2514 3201 2761 3264 vulnera,
2802 3208 2859 3256 et
2890 3214 3114 3271 regnum
3145 3197 3372 3254 cmleste
3398 3193 3650 3252 donabat.
3692 3188 3839 3242 Prcrn-

2304 3305 2416 3351 tum
2447 3294 2692 3351 omnium
2724 3295 2918 3360 iactus,
2944 3300 3163 3363 peccata
3181 3290 3406 3363 generis
3435 3285 3677 3344 abluebat
3696 3281 3839 3374 huma-

2305 3388 2381 3445 ni.
2444 3386 2729 3446 Postremo
2781 3394 3027 3441 mortuus
3078 3390 3184 3448 est,
3236 3391 3289 3438 et
3345 3377 3591 3438 secundo
3639 3381 3688 3428 et
3721 3375 3838 3421 Milo

2304 3477 2584 3537 exsultans
2622 3487 2790 3548 atque
2835 3490 3004 3532 ovans
3029 3475 3174 3542 dico,
3226 3483 3474 3531 mortuus
3495 3479 3614 3533 est;
3641 3472 3697 3520 ut
3734 3458 3839 3517 illius

2305 3584 2453 3633 mors
2482 3570 2590 3623 vita
2619 3570 2772 3625 ﬁeret
2799 3578 3157 3624 mortuorum.

2382 3660 2472 3719 ιο.
2512 3660 2619 3719 Sed
2653 3675 2754 3716 uec
2781 3661 3092 3731 sepulcrum
3119 3658 3340 3727 quidem
3367 3659 3489 3730 ejus
3525 3646 3756 3710 miraculo
3776 3654 3839 3695 ca-

2309 3765 2410 3813 rct.
2443 3756 2577 3815 Nam
2602 3770 2725 3813 cum
2754 3764 2900 3811 esset
2927 3764 3122 3810 unctus
3149 3768 3178 3807 a
3213 3752 3445 3822 Joseplt,
3476 3759 3529 3810 et
3557 3748 3606 3803 in
3629 3743 3731 3814 ejus
3756 3751 3840 3792 mo-

2311 3859 2568 3907 numento
2598 3850 2840 3919 sepultos
2867 3846 3019 3921 (Luc.
3058 3861 3210 3909 χχιιι.
3239 3846 3356 3917 55),
3390 3857 3532 3902 novo
3559 3848 3709 3909 ονετθ
3730 3841 3836 3898 tim"

2309 3944 2432 4001 dam
2454 3943 2572 4015 ipse
2594 3940 2890 4001 defunctus
2914 3939 3296 3996 defunctorum
3320 3937 3566 4009 sepulcra
3588 3922 3839 3986 reserabat:

2310 4049 2365 4095 ει
2386 4054 2585 4113 corpus
2606 4035 2822 4106 ttuidem
2849 4037 2971 4107 ejus
2987 4033 3204 4104 jacebat
3225 4034 3278 4088 in
3304 4031 3514 4089 tumulo
3537 4044 3555 4093 ;
3582 4026 3686 4095 ipse
3702 4022 3838 4117 att-ltili

2313 4131 2457 4189 inter
2485 4142 2726 4185 mortuos
2760 4129 2919 4195 liber,
2953 4126 3335 4185 remissionem
3367 4126 3422 4181 in
3455 4121 3658 4181 inferno
3674 4112 3839 4204 positi},

2314 4223 2490 4279 soluta
2521 4221 2712 4277 mortis
2741 4221 2885 4292 lege,
2924 4220 3184 4277 donabat.
3219 4218 3350 4273 Erat
3388 4230 3518 4286 ergo
3552 4220 3664 4265 caro
3687 4200 3838 4292 rima”

2316 4322 2692 4379 monumento,
2717 4282 2825 4369 sed
2839 4313 3014 4366 virtus
3039 4309 3161 4380 ejus
3186 4307 3514 4383 operabatur
3539 4317 3569 4357 e
3606 4293 3740 4353 ρωιο-
3764 4282 3835 4338 05‘

2317 4405 2636 4463 tradebatur
2656 4404 2911 4463 omnibus
2930 4418 3026 4472 per
3052 4402 3302 4471 corporis
3324 4399 3617 4459 veritatem,
3640 4384 3740 4456 quis
3760 4384 3837 4470 mla

2241 4494 2297 4555 D
2320 4513 2447 4555 caro
2475 4506 2593 4554 erat
2618 4495 2881 4559 Verlntm,
2911 4494 3004 4550 sed
3050 4508 3181 4551 caro
3218 4501 3339 4549 erat
3385 4484 3567 4547 Verbi.
3609 4477 3838 4534 Carattm'

2321 4592 2445 4647 dem
2477 4592 2714 4659 gustavit
2745 4595 3018 4651 mortem,
3054 4585 3153 4641 sed
3188 4581 3542 4658 impassibilis
3571 4572 3651 4631 Dei
3675 4566 3835 4659 τίηξίδξ

2321 4695 2375 4741 et
2421 4650 2644 4739 si‘exuit
2675 4695 2877 4752 corpus
2903 4722 2917 4745 ,
2960 4680 3169 4735 nullum
3218 4687 3401 4733 tamen
3448 4675 3511 4730 de
3537 4670 3734 4733 corpore
3755 4650 3837 4704 Deo

2324 4777 2607 4833 damnum.
3713 4836 3723 4847 _

2397 4870 2488 4929 41.
2522 4866 2634 4929 Cur
2658 4866 2926 4927 divinitati
2956 4863 3210 4925 attribuis
3238 4870 3509 4920 aerumnas
3542 4848 3767 4914 corP‘ms'

2327 4926 2601 5021 infirmum
2634 4926 2842 5017 doloris
2870 4956 3089 5015 humani
3119 4965 3172 5013 et
3199 4955 3396 5011 divinae
3433 4935 3682 5006 comestis
3716 4926 3829 5021 "3‘":

2325 5018 2442 5112 rae?
2462 5018 2634 5109 Nune
2659 5053 2847 5111 anima,
2880 5050 3075 5120 inquit,
3105 5064 3217 5100 mea
3250 5045 3455 5100 turbata
3487 5042 3554 5092 et!

2324 5148 2439 5219 27).
2472 5145 2666 5201 Anima
2702 5145 2916 5200 turbata
2940 5151 3045 5209 est,
3077 5157 3182 5198 nou
3219 5137 3517 5210 sapientia;
3554 5099 3830 5219 ῖῐηηιίέβξξξξξ

2328 5201 2474 5301 enim
2513 5240 2768 5303 manebat
2802 5201 3094 5308 sapientia,
3123 5235 3228 5295 etsi
3251 5201 3653 5291 circumdaretut
3676 5201 3827 5261 73W"

3797 4830 3835 4877 ct

3559 5388 3723 5459 μετρεῖ
3754 5374 3823 5435 ’Πι

3548 5477 3637 5547 illi
3652 5463 3822 5547 πάῗέῗί

3594 5530 3695 5600 bno
3716 5530 3820 5580 Cltlil‘

2330 5430 2473 5493 inter
2498 5426 2615 5493 ejus
2649 5423 2848 5493 Opera.
2880 5433 2953 5493 et
2988 5420 3129 5492 apud
3144 5417 3519 5493 LEpiphanium

2331 5502 2419 5554 καὶ
2525 5488 2834 5574 ἧαράδὸξον,
2859 5488 3114 5574 sinesine:
3136 5488 3196 5551 ἧν
3218 5488 3252 5574 ἦ
3265 5492 3469 5574 πάσχον
3481 5504 3544 5574 ἔξ

2332 5583 2437 5625 etc.
2466 5556 2650 5623 locnin
2683 5556 2856 5639 ipsum
2895 5565 2982 5631 adi
3007 5574 3061 5619 et
3089 5578 3210 5618 cum
3239 5563 3340 5617 hoc
3378 5556 3590 5616 Ktnbros

2338 5655 2594 5768 poilmtiiss.
2629 5726 2735 5767 non
2764 5708 2945 5783 pauci.
2972 5705 3210 5778 expiabat
3232 5703 3455 5761 votuero.
