3936 6168
83 244 179 304 829

672 233 761 295 DE
802 228 1337 293 INCARNATIONIS
1376 224 1734 288 DOHINiCE
1772 221 2246 285 SACBAMENTO
2281 218 2487 281 LIBER
2527 216 2733 278 UNUS.

3240 214 3347 271 830

77 363 249 419 curuis.
287 359 413 416 Nam
454 357 511 414 in
559 355 649 411 illa
687 352 836 410 servi
882 352 1054 408 turma
1100 357 1221 406 erat
1266 347 1379 403 veri
1428 345 1650 401 luminis
1678 348 1731 409 Α
1755 335 2063 415 patiebatur
2094 340 2173 399 vel
2201 353 2430 395 manetis
2468 337 2520 391 in
2560 347 2749 397 carne,
2797 330 2891 388 Dei
2912 329 3150 387 Verbum
3179 332 3347 398 patie-

88 452 364 527 plcuitudo:
388 462 442 507 et
469 466 602 505 cusn
646 463 709 504 se
733 445 1053 509 exinanivit,
1100 443 1284 497 lumen
1315 447 1452 497 erat.
1489 437 1651 494 Deni-

88 562 178 616 que
199 543 437 602 dicebat:
469 541 739 597 Ambulate
767 539 891 593 dum
910 537 1083 592 lumen
1104 534 1301 589 habetis
1332 530 1515 605 (Joan.
1546 535 1646 597 xit,

88 637 183 709 35).
215 638 276 692 Et
308 635 528 706 quando
559 635 612 688 in
660 642 839 686 morte
870 629 994 693 fuit,
1025 627 1079 683 in
1120 625 1312 681 umbra
1358 639 1462 679 non
1504 631 1646 681 erat.

90 730 302 799 Daunique
325 729 493 782 etiam
527 726 580 779 in
610 721 826 778 inferno
853 720 1047 792 positis
1075 718 1200 774 vitm
1227 717 1410 772 lumen
1450 712 1646 769 funde-

89 823 161 876 bat
184 830 413 875 aeternae.
440 814 708 872 Radiabat
733 815 898 870 etiam
929 812 1043 869 illic
1073 812 1159 867 iux
1184 824 1315 865 vers
1338 807 1644 878 sapientiae,

90 911 393 967 illuminabat
421 909 719 973 infernum,
757 905 854 961 sed
884 904 1102 960 inferno
1129 918 1235 958 non
1264 900 1644 957 claudebatur.

83 1004 192 1072 Quis
216 1004 354 1057 enim
377 1003 529 1057 locus
556 1011 641 1056 est
659 997 982 1070 sapientiae?
1014 997 1258 1066 Denique
1283 994 1414 1050 dicit
1431 995 1639 1063 justus:

87 1096 321 1165 Sapientia
341 1104 511 1163 autem
549 1092 688 1147 unde
722 1092 929 1146 inventa
955 1089 1082 1145 est?
1120 1086 1250 1153 Quis
1288 1094 1461 1141 autem
1497 1085 1644 1141 locus

82 1198 141 1241 est
176 1186 449 1255 disciplina:
469 1186 496 1239 ?
526 1183 707 1239 Nescit
732 1181 888 1237 homo
908 1182 1044 1236 ciant
1069 1182 1204 1252 ejus,
1229 1194 1319 1232 nec
1343 1178 1548 1231 inventa
1568 1185 1643 1230 est

82 1281 189 1334 inter
211 1279 433 1335 Itonaeos
462 1276 587 1348 (Job
610 1291 805 1342 xxvul,
839 1276 939 1343 l2,
970 1271 1085 1347 15).

136 1375 293 1448 713.
325 1374 413 1429 ιῖο
443 1373 593 1445 Ergo
622 1387 724 1426 nec
754 1372 808 1425 in
836 1378 1102 1439 tempore,
1131 1381 1232 1422 nec
1255 1366 1306 1421 in
1337 1365 1458 1421 loco
1489 1373 1516 1402 ι
1543 1362 1640 1420 Sa-

81 1467 249 1536 pientis
269 1474 370 1532 est,
399 1464 551 1530 unde
575 1472 632 1519 et
661 1471 882 1533 tempus
902 1476 1027 1517 esse
1055 1457 1347 1530 signiﬁcat.
1372 1456 1479 1513 Sed
1507 1469 1642 1526 quo-

82 1559 214 1613 modo
255 1562 307 1612 in
342 1568 614 1627 tempore,
648 1555 851 1633 quaein
884 1554 1152 1625 principio
1181 1549 1340 1607 erat?
1363 1547 1641 1620 quomodo

81 1650 268 1714 inloco,
291 1664 411 1720 quas
433 1649 583 1720 apud
627 1649 795 1703 Deum
836 1646 1001 1702 erat?
1038 1643 1360 1714 Unigeuitus
1383 1641 1553 1697 Filius
1592 1640 1638 1695 si

78 1743 321 1810 queritur,
345 1742 399 1797 in
430 1743 560 1796 sinu
588 1739 764 1795 Patris
783 1738 1103 1808 evangelica
1128 1735 1324 1806 spiritu
1345 1734 1635 1803 reperitur.
1676 1737 1718 1801 Β

78 1831 309 1904 Numquid
336 1835 517 1889 sinum
568 1833 742 1888 Patris
788 1831 966 1887 locum
1010 1828 1253 1898 putatis?
1292 1828 1360 1882 Et
1385 1826 1635 1897 quaeritis

80 1928 315 1998 qimatodo
336 1938 460 1991 nata
481 1929 580 1992 sit,
610 1942 732 1982 cum
758 1926 904 1982 diost
934 1924 1282 1995 propheticus
1304 1923 1387 1977 vir
1412 1939 1425 1977 :
1454 1919 1638 1975 Nesrit

80 2018 202 2075 homo
224 2025 350 2077 siam
371 2022 484 2093 ejus
505 2018 652 2093 (Job.
677 2036 862 2086 xxvttt,
891 2018 1025 2091 ib)?
1048 2020 1112 2074 Et
1133 2016 1428 2077 secundum
1461 2014 1633 2070 lmini-

81 2127 157 2168 nes
178 2125 339 2169 urtum
367 2115 484 2185 ejus
516 2113 829 2180 .nstimatis,
856 2127 981 2168 eum
1010 2111 1112 2166 Joh
1143 2110 1289 2167 dicat
1319 2107 1464 2180 quod
1497 2107 1637 2163 inter

81 2202 288 2260 homines
307 2221 410 2261 non
432 2208 504 2261 sit
524 2205 784 2263 iuventa?
802 2204 871 2261 Et
891 2213 1123 2259 mortem
1152 2202 1388 2261 tribuitis
1410 2199 1638 2269 Sapien-

80 2295 169 2362 tia,
191 2296 252 2351 de
273 2312 373 2367 qua
402 2297 626 2368 abyssus
655 2296 819 2351 dicit:
849 2294 903 2351 Ν
907 2313 974 2351 an
998 2310 1072 2351 est
1096 2297 1152 2349 in
1181 2311 1293 2359 me;
1316 2303 1364 2348 et
1389 2308 1530 2347 mare
1555 2293 1636 2345 di-

81 2388 134 2441 cit
158 2405 175 2442 :
203 2390 313 2446 Non
339 2401 416 2451 est
444 2408 650 2447 uiscum
673 2389 865 2463 (lbid.,
891 2391 1030 2455 li)?
1069 2388 1188 2445 Non
1226 2387 1357 2443 dicit
1391 2386 1589 2442 omium
1616 2427 1632 2453 ,

80 2481 172 2539 Non
192 2494 268 2541 est
286 2486 336 2541 iu
358 2502 444 2543 me
465 2527 483 2554 ,
510 2485 615 2543 sed
643 2485 855 2556 abyssus
883 2485 1030 2551 dicit,
1059 2483 1180 2538 Non
1210 2494 1287 2538 est
1314 2484 1367 2537 in
1389 2499 1487 2537 me.
1516 2481 1636 2537 Non

81 2576 199 2631 enim
233 2578 425 2649 abysso
449 2620 463 2643 ,
505 2578 610 2634 sed
636 2576 788 2633 Patri
826 2577 996 2632 dixit:
1023 2576 1090 2631 In
1135 2591 1318 2630 manus
1350 2582 1472 2629 tuas
1498 2590 1639 2629 rom-.-

80 2669 229 2724 καλὼ
267 2671 501 2741 spiritum
548 2687 718 2725 meum
755 2668 909 2743 (Luc.
948 2683 1102 2735 xxttt,
1133 2666 1251 2739 46).
1293 2666 1414 2738 ipsa
1454 2667 1635 2725 anima

80 2762 165 2815 etsi
191 2762 277 2819 iuit
303 2765 356 2820 in
390 2765 620 2838 abysso,
650 2765 759 2832 jam
790 2777 898 2819 non
928 2772 1040 2827 est;
1072 2764 1197 2833 quia
1225 2762 1486 2832 scriptum
1512 2769 1635 2816 cst:

82 2850 300 2917 Quoniam
322 2873 423 2912 non
461 2857 729 2926 relinques
755 2855 982 2911 animant
1013 2870 1178 2909 meum
1207 2854 1261 2909 in
1290 2853 1517 2924 inferno,
1548 2868 1640 2907 nec

80 2946 197 3003 deliis
212 2963 434 3013 sanctam
454 2962 608 3005 tuum
622 2949 794 3005 sidere
814 2949 1198 3020 corruptionem
1220 2946 1393 3018 (Psal.
1414 2962 1503 3013 xv,
1522 2947 1634 3014 l0).

132 3042 211 3098 43.
235 3043 371 3099 lare
390 3058 522 3114 ergo
546 3041 677 3107 dicit
702 3059 717 3096 ι
747 3040 872 3096 Non
903 3051 976 3096 est
1003 3055 1220 3105 mecum,
1247 3041 1347 3095 hoc
1376 3047 1479 3103 est,
1526 3041 1635 3097 vita

82 3144 231 3189 nostra
256 3136 382 3191 dicit
406 3134 671 3192 ﬂuctibus
689 3133 877 3190 saluuii
911 3134 1173 3204 inquieta.
1215 3133 1334 3188 Non
1378 3141 1463 3187 est
1489 3133 1634 3185 enim
1663 3118 1708 3180 C

79 3223 195 3281 inter
216 3226 456 3285 homines
480 3243 619 3286 caro
637 3227 755 3299 ejus
777 3268 791 3293 ,
817 3229 942 3299 quia
965 3227 1265 3283 secundum
1291 3240 1512 3281 carnem
1527 3224 1638 3294 jam

81 3332 168 3373 non
189 3323 427 3379 novimus
453 3324 740 3380 Christum
778 3321 849 3393 (ll
880 3321 1000 3379 Cor.
1032 3336 1083 3386 v,
1120 3318 1231 3390 lii).
1262 3319 1429 3379 Terra
1457 3318 1594 3374 dicit
1620 3335 1635 3372 :

82 3407 181 3466 Non
204 3424 271 3469 est
304 3431 497 3470 mecum
532 3458 544 3480 ,
584 3416 712 3486 quia
758 3414 1080 3470 resurrexit.
1115 3413 1358 3484 [lenique
1399 3412 1638 3483 Angelus

79 3503 170 3558 ait:
200 3506 328 3573 Quid
355 3512 588 3579 qmitis
621 3509 869 3571 viventem
901 3525 1019 3563 cunt
1045 3511 1257 3563 mortuis
1287 3507 1442 3579 (Luc.
1486 3522 1633 3572 xxiv,

79 3598 156 3667 5)?
177 3601 236 3657 Et
262 3604 395 3663 bene
421 3622 577 3662 mare
596 3605 733 3661 dixit
757 3622 771 3657 :
807 3605 929 3661 Non
950 3615 1026 3660 est
1051 3606 1280 3672 mecum,-
1320 3607 1444 3677 quia
1470 3621 1638 3675 super

80 3705 201 3748 mare
229 3707 362 3752 erat.
405 3699 656 3770 Denique
699 3698 756 3753 in
794 3698 931 3755 mari
968 3706 1028 3753 et
1068 3700 1352 3769 corporeis
1389 3700 1638 3768 vestigiis

81 3785 374 3856 ambulabat,
398 3791 622 3860 quando
649 3798 707 3845 et
731 3790 983 3863 subjecto
1007 3791 1143 3848 mari
1170 3805 1334 3861 super
1362 3806 1512 3846 mare
1537 3790 1639 3845 Pe-

83 3883 198 3932 trum
223 3882 492 3941 ambulare
523 3885 787 3955 pracepit
816 3883 1036 3955 (Matth.
1067 3900 1178 3951 xiv,
1219 3884 1314 3951 29)
1339 3899 1353 3949 ;
1387 3884 1478 3953 qui
1507 3881 1637 3938 licet

82 3969 355 4030 titubaverit
376 4016 389 4041 ,
427 3978 684 4032 titubavit
715 3987 894 4032 tamen
936 3991 1044 4032 non
1074 3993 1169 4047 per
1201 3974 1637 4031 imbecillitatem

78 4057 306 4135 iubentis,
332 4070 427 4125 sed
460 4085 564 4142 per
585 4070 956 4129 inﬁrmitatem
987 4069 1315 4125 obedientis.

134 4154 211 4215 11.
243 4159 375 4230 Ergo
412 4163 695 4234 splendori
722 4164 913 4235 gloriae
941 4177 1047 4217 noti
1069 4162 1405 4232 permiscens
1432 4171 1639 4216 nostra
1664 4158 1667 4163 “

82 4255 405 4312 atramentum
429 4266 668 4323 natum,
699 4272 809 4313 non
831 4257 941 4313 luci
963 4256 1218 4311 nebulam
1246 4253 1498 4310 humanm
1518 4269 1641 4310 car-

85 4338 150 4395 nis
174 4343 423 4410 oliuadas.
465 4349 679 4405 Rursus
726 4351 1037 4419 passionem
1077 4347 1402 4418 praedicans,
1447 4348 1491 4402 si
1540 4362 1636 4401 ne-

83 4446 313 4505 qmqltam
355 4442 409 4498 id
436 4441 583 4513 quod
611 4452 700 4499 est
740 4443 1002 4514 passibile
1043 4455 1429 4512 recognoscas,
1462 4440 1635 4509 pieta-

1750 436 1910 491 batnr
1951 448 2120 491 carne
2143 475 2159 500 ,
2196 432 2335 488 sicut
2371 432 2632 500 scripturn
2687 436 2773 485 cst
2802 444 2813 479 :
2846 424 3052 485 Christo
3095 426 3151 480 in
3192 438 3348 477 carne

1747 545 1901 601 passo
1924 527 1965 600 (l
1998 525 2143 582 Petr.
2193 542 2263 593 tv,
2300 526 2392 595 i);
2424 524 2478 579 iu
2506 538 2567 577 se
2611 522 2799 591 utique
2839 534 2937 590 pro
2979 517 3228 587 corporis
3258 532 3347 571 as-

1745 620 2058 689 sumptione
2082 616 2355 674 referebat
2381 633 2396 683 ;
2425 624 2482 673 ut
2511 630 2633 685 quae
2665 624 2847 668 nostra
2878 622 3026 677 sunt.
3061 611 3116 666 in
3144 625 3203 666 se
3228 610 3347 681 ipse

1746 715 2069 784 susciperet,
2101 719 2159 768 et
2183 711 2295 767 suis
2316 707 2759 766 circuntvestit'et
2789 705 3049 773 humana.

1814 805 1906 862 £5.
1939 806 2105 861 Recte
2127 804 2293 875 igitur
2322 802 2618 859 secundum
2663 810 2912 855 naturam
2943 813 3096 853 suam
3128 805 3180 853 et
3212 810 3342 857 caro

1748 913 1907 968 passa
1949 907 2058 963 est,
2084 913 2188 955 nec
2219 912 2282 952 ea
2316 897 2567 965 corporis
2611 894 2867 964 passione
2895 891 3057 949 Verbi
3093 903 3112 930 ε
3154 899 3347 946 natura

1747 1004 1952 1047 mutata
1983 1000 2105 1056 est;
2138 990 2192 1048 in
2230 990 2461 1046 veritate
2486 990 2630 1044 enim
2664 997 2850 1042 nostra
2875 994 2957 1041 est
2983 981 3341 1054 resurrectio,

1744 1094 1801 1143 et
1826 1084 1948 1147 ideo
1976 1084 2030 1140 iu
2062 1085 2291 1141 veritate
2318 1082 2524 1139 Christi
2557 1082 2740 1152 passio
2762 1078 3107 1151 praedicatur.

1741 1310 2117 1378 Pestrlngtmtur
2142 1308 2193 1360 hi
2215 1323 2377 1363 omnes
2393 1308 2631 1368 heretici,
2652 1305 2734 1373 qui
2755 1305 2998 1357 Christum
3021 1303 3097 1356 uel
3116 1304 3166 1355 in
3189 1302 3343 1369 phanv

1803 1402 2003 1448 tasmate
2048 1408 2244 1461 passum
2269 1435 2283 1459 ,
2324 1393 2397 1445 vel
2436 1394 2561 1444 duas
2594 1390 2644 1444 in
2679 1404 2731 1443 se
2764 1402 2994 1453 personas
3030 1386 3340 1452 complexum

1803 1479 2007 1541 dicunt,
2031 1491 2126 1530 non
2147 1490 2284 1529 secus
2315 1490 2375 1529 ac
2395 1477 2480 1539 qui
2510 1475 2585 1527 vel
2616 1488 2649 1525 a
2688 1473 2778 1526 Dei
2822 1472 2949 1524 Filio
2994 1469 3207 1523 Verbum
3238 1468 3344 1522 άὶεη

1802 1558 2122 1627 ιὶποιιωιιρρι
2145 1573 2176 1610 a
2197 1571 2344 1611 carne
2367 1572 2461 1611 non
2477 1556 2774 1622 distinguunt
2798 1554 3114 1618 divinitatem,
3135 1550 3343 1603 uelhanc

1802 1650 2051 1710 tamquam
2080 1641 2411 1707 bnperfectam
2441 1638 2636 1705 iniuriis
2659 1637 2879 1702 corporis
2901 1635 3177 1701 subiiciunt.
3223 1635 3344 1687 Cum

1804 1736 1963 1785 autem
1980 1727 2155 1781 horum
2168 1728 2378 1783 omnium
2393 1733 2614 1777 auctores
2632 1722 2727 1776 sint
2742 1722 2796 1782 ii,
2816 1721 2899 1787 qui
2916 1720 2984 1770 (lii
2998 1717 3211 1770 initatem
3233 1730 3344 1769 car-

1799 1824 2001 1881 nemque
2021 1809 2215 1863 Domini
2234 1807 2377 1863 unins
2397 1815 2587 1860 natura?
2610 1818 2713 1857 esse
2737 1803 3008 1870 fingebant,
3035 1815 3114 1852 eos
3149 1797 3345 1852 Νίσιεηί
3458 1824 3463 1829 ο

1796 1892 1988 1945 concilii
2013 1892 2341 1943 auctoritatem
2372 1888 2495 1960 falso
2516 1889 2768 1940 venditare
2798 1886 3003 1939 ostendit
3026 1881 3309 1935 Ambrosius
3326 1922 3340 1947 ,

1799 1976 2043 2029 Christum
2082 1974 2134 2027 in
2175 1973 2450 2039 Scriptnris
2488 1981 2673 2025 tantum
2701 1971 2966 2023 secundum
3001 1965 3344 2019 humanitatem

1797 2073 1991 2123 possunt
2012 2056 2212 2109 narrari
2233 2055 2704 2123 patefaciens.Addit
2720 2067 2915 2105 carnem
2931 2052 2993 2102 ab
3013 2064 3067 2102 eo
3086 2056 3343 2115 prapterea

1797 2149 2083 2208 sttsceptam,
2104 2149 2154 2193 ut
2171 2142 2299 2206 quod
2320 2148 2621 2203 peccaverat,
2645 2138 2767 2190 inse
2788 2139 3078 2198 redimeret;
3103 2149 3212 2186 cum
3237 2136 3341 2185 Deo

1797 2232 1843 2277 et
1881 2231 2077 2288 peccato
2117 2222 2238 2275 nihil
2280 2228 2422 2288 queat
2460 2233 2563 2273 esse
2600 2232 2865 2272 mutuae.
2906 2222 3158 2270 Postremo
3196 2228 3339 2280 quam

1797 2308 2017 2361 absurda
2045 2306 2160 2368 sint,
2192 2319 2302 2370 quis
2321 2319 2387 2358 ea:
2408 2306 2797 2356 aduersariorum
2821 2301 3043 2365 opinione
3058 2306 3339 2364 sequatuur,

1798 2390 1972 2455 aperit.

1809 2500 1901 2554 46.
1927 2496 2117 2567 Neque
2140 2496 2310 2562 enim,
2335 2495 2478 2566 quod
2499 2493 2719 2565 quidam
2751 2492 2963 2556 dicunt,
3001 2490 3053 2545 in
3083 2488 3341 2560 phantas-

1741 2601 1887 2645 mate
1939 2604 2127 2659 passus
2156 2597 2281 2657 est,
2331 2588 2455 2658 quia
2504 2600 2606 2641 nec
2654 2586 2707 2640 in
2756 2588 3133 2654 phantasmate
3177 2595 3343 2651 super

1741 2697 1897 2738 mare
1917 2682 2235 2749 ambulavit,
2261 2681 2405 2750 quod
2428 2678 2684 2748 discipuli
2709 2679 2761 2731 in
2786 2676 3087 2746 Evangelia
3131 2675 3342 2746 opinati

1740 2792 1863 2834 esse
1910 2778 2214 2847 produntur
2251 2773 2483 2846 (Matth.
2509 2772 2778 2843 xiv,26).
2822 2771 2927 2828 Sed
2972 2782 3339 2837 excusantur,

1741 2874 1863 2942 quia
1893 2890 1905 2926 :
1944 2870 2196 2925 Nondum
2225 2879 2336 2926 erat
2362 2868 2597 2935 Spiritus
2626 2868 2782 2920 datus
2827 2864 3026 2929 (John.
3051 2880 3156 2928 νη,
3197 2863 3337 2934 ‘59);

1740 2966 1968 3020 nondum
2015 2965 2151 3017 enim
2180 2961 2337 3016 Iesus
2368 2962 2539 3029 fuerat
2567 2961 2940 3030 Itonoriﬁcotus
2967 2956 3146 3031 (Rom.
3173 2971 3229 3022 v,
3255 2957 3335 3024 5).

1741 3056 1909 3113 Nobis
1932 3057 2043 3125 jam
2075 3054 2370 3110 cruciﬁxus
2402 3063 2487 3109 est
2511 3051 2761 3108 Christus
2789 3062 2843 3107 et
2872 3048 3213 3105 resurrexit:
3247 3064 3344 3102 no-

1741 3153 1825 3209 bis
1847 3152 1959 3221 jam
1991 3150 2226 3221 Spiritus
2249 3149 2409 3204 datus
2433 3159 2534 3213 est,
2562 3146 2654 3217 qui
2691 3155 2932 3201 assertor
2956 3152 3042 3200 est
3070 3142 3339 3198 veritatis.

1743 3245 2083 3314 Etdiscipuii
2120 3244 2340 3315 quidem
2388 3241 2685 3311 aliquando
2728 3246 3074 3302 erraverunt,
3126 3251 3193 3292 ne
3238 3249 3339 3290 nos

1741 3350 1929 3411 postea
1971 3353 2157 3393 errare
2198 3350 2508 3406 possemus.
2551 3334 2697 3405 Erga
2739 3335 2956 3389 illorum
2989 3346 3145 3387 error
3184 3328 3345 3383 nobis

1742 3433 1976 3502 proiicit.
2001 3430 2166 3500 ρειαιί
2198 3430 2445 3485 homines
2466 3435 2745 3493 errarunt,
2767 3426 2919 3498 quissi
2943 3423 3195 3494 discipuli
3225 3437 3345 3475 ere-

1739 3523 2018 3579 diderunt.

1812 3618 1900 3671 t7.
1928 3616 1995 3671 Et
2027 3618 2127 3671 hos
2167 3615 2331 3686 igitur
2355 3615 2448 3685 qui
2482 3614 2534 3667 in
2579 3611 2962 3681 phantasmate
3004 3609 3225 3664 venisse
3254 3607 3343 3663 Je-

1741 3724 1859 3765 sum
1892 3706 2218 3778 praedicant,
2251 3715 2306 3759 et
2352 3705 2476 3759 illos
2515 3703 2883 3761 cnutleniuare
2925 3699 3184 3755 debemus
3206 3740 3219 3761 ,
3244 3698 3341 3766 qui

1738 3801 1964 3855 adversa
1995 3799 2202 3852 erroris
2237 3797 2377 3850 linea
2410 3809 2518 3849 non
2549 3809 2715 3847 unum
2750 3790 3111 3858 eumdemque
3142 3787 3340 3842 Filium

1741 3894 1837 3948 Dei
1866 3891 2097 3945 dicunt:
2127 3887 2222 3943 sed
2249 3887 2414 3941 alium
2465 3900 2588 3940 esse
2615 3887 2703 3954 qui
2737 3899 2802 3939 ex
2837 3883 2947 3936 Deo
2988 3880 3152 3934 Putre
3184 3891 3343 3935 natus

1738 3984 1828 4047 sit,
1860 3981 2027 4036 silum
2056 3979 2148 4049 qui
2177 3977 2250 4031 sit
2270 3986 2565 4047 generatus
2595 3990 2661 4029 ex
2699 3974 2918 4042 Virgine
2952 3986 2966 4034 ;
2998 3984 3121 4024 cum
3159 3970 3339 4025 Eran-

1738 4077 1929 4147 gelists
1953 4074 2100 4129 dicat
2124 4075 2252 4142 quia
2281 4069 2508 4125 Verbum
2533 4084 2655 4123 caro
2673 4072 2870 4140 factum
2893 4074 2967 4120 est
2990 4063 3168 4132 (John.
3195 4082 3229 4130 i,
3252 4066 3336 4136 ll;

1741 4178 1801 4223 ut
1832 4180 1997 4221 unum
2036 4165 2322 4219 Dominum
2354 4162 2569 4226 .lcsum,
2602 4174 2709 4214 non
2738 4159 2873 4213 duos
2901 4158 3182 4212 crederes.

1808 4262 1900 4318 48.
1931 4258 2188 4315 Nonnulli
2228 4258 2393 4313 etiam
2444 4254 2589 4310 aliud
2626 4254 2717 4309 Dei
2753 4251 3013 4315 Verbum,
3060 4248 3341 4305 aliud‘Dci

1744 4345 1936 4414 Filium
1981 4353 2333 4412 crediderunt
2370 4365 2531 4406 :eum
2585 4348 2781 4417 ipsum,
2833 4345 2925 4416 qui
2957 4344 3010 4398 in
3066 4342 3343 4413 principio

1742 4461 1861 4508 erat
1885 4450 2124 4507 Verbum
2150 4446 2292 4519 apud
2325 4447 2494 4500 Deum
2526 4442 2768 4506 Patrem,
2789 4440 2841 4494 in
2871 4454 2967 4493 sua
3001 4436 3218 4508 prepriu
3250 4448 3344 4488 ve-

83 4504 416 4592 ielttDomini
452 4504 721 4603 refellisti,
743 4504 995 4593 'salutem
1030 4504 1637 4605 tuam'negasti.-Uude

1761 4504 2271 4611 iis-sevévangeiista
2319 4504 2772 4603 testctur(lbid.,
2808 4531 2920 4601 11).
2972 4504 3108 4588 sunt
3160 4538 3344 4583 autem

82 4631 289 4682 amentes
332 4644 428 4685 eos
476 4632 753 4686 aestimare
794 4631 1085 4695 debemus,
1117 4630 1211 4699 qui
1242 4628 1527 4684 audientes
1550 4628 1636 4681 di-

80 4718 257 4779 centem
280 4722 368 4778 Dei
393 4724 588 4781 Filium
613 4743 627 4779 :
657 4725 797 4793 Quid
826 4741 906 4779 me
926 4724 1086 4779 cedis
1115 4721 1293 4791 (Joan.
1329 4739 1479 4790 xvm,
1502 4721 1638 4793 (λων

80 4813 339 4872 secundum
366 4827 613 4874 naturam
640 4817 943 4873 divinitatis
969 4817 1269 4886 subjectum
1295 4816 1512 4886 injurite
1534 4831 1635 4885 pn-

82 4905 313 4961 taverunt.
354 4909 509 4965 Dixit
537 4911 682 4965 enim
709 4926 727 4964 :
758 4909 901 4978 Quid
937 4925 1016 4964 nte
1054 4910 1212 4963 cedis
1234 4911 1261 4962 Ρ
1298 4909 1394 4963 sed
1427 4908 1637 4964 cmdem

80 4986 232 5090 divina
262 5011 447 5055 natura
478 5017 583 5056 non
614 5002 806 5057 sensit.
838 4999 1022 5056 Dixit:
1052 4997 1279 5053 Dorsum
1315 5015 1481 5053 meum
1518 5000 1642 5053 dedi

79 5085 121 5133 ίη
139 5085 351 5163 βαρείας,
383 5104 430 5155 et
457 5096 698 5163 maxillas
724 5111 862 5163 meas
886 5095 939 5148 in
965 5093 1167 5167 palmas
1190 5109 1209 5147 .'
1240 5092 1437 5155 uultum
1466 5100 1641 5157 autem

80 5189 223 5233 meum
243 5181 268 5221 δ
292 5203 388 5241 non
411 5191 635 5244 conuerti
660 5207 693 5244 a
722 5189 1027 5261 confusione
1051 5196 1345 5257 sputorutn.
1373 5186 1543 5259 (Επεὶ.
1577 5203 1633 5252 1.,

81 5262 376 5334 0).Dorsutn
426 5280 561 5337 dixit
599 5292 653 5337 et
702 5282 960 5336 maxillas
992 5291 1047 5335 et
1097 5282 1326 5344 vultum,
1370 5280 1473 5334 hoc
1510 5292 1634 5351 est,

81 5353 271 5423 humani
314 5372 560 5442 corporis
604 5373 905 5443 portiones.
954 5372 1110 5440 Quod
1142 5373 1289 5441 enim
1315 5386 1446 5437 caro
1468 5372 1631 5429 Verbi

140 5483 162 5513 ι
185 5477 254 5559 ita
281 5495 386 5540 vet.
420 5486 551 5543 edit.
583 5505 647 5547 ac
685 5490 875 5559 plures
900 5503 1033 5543 mss.
1092 5488 1246 5543 Rom.
1282 5503 1417 5544 vero
1446 5497 1500 5543 et
1547 5487 1644 5557 alii,

82 5548 841 5672 méttterrogationem,'unde
866 5552 1065 5633 tempus
1092 5561 1392 5635 signiﬁcat?
1422 5550 1642 5637 Minime

142 5684 403 5784 ΪΨΨΨΞ,
423 5700 556 5777 ed":
592 5717 666 5784 ,³ο
687 5703 847 5784 [πηιρὶ
882 5716 1038 5777 ηιξερ,
1073 5718 1177 5784 ('01!
1213 5704 1407 5778 acati;
1438 5701 1645 5777 reliqui

84 5768 169 5819 “9"
194 5770 424 5839 converti,
452 5767 666 5857 supple,
687 5767 752 5830 in
780 5767 1201 5846 aliam'partem.

1743 4637 1837 4708 qui
1868 4646 2140 4705 tamquam
2190 4631 2257 4686 ad
2287 4645 2450 4685 unum
2486 4626 2878 4698 prophetarum
2908 4664 2922 4689 ,
2957 4622 3027 4676 ita
3079 4621 3145 4674 ad
3185 4617 3345 4674 Chri-

1744 4740 1888 4786 stum
1925 4727 2124 4782 factum
2153 4738 2275 4780 esse
2307 4721 2546 4776 Verbum
2576 4717 2824 4772 arbitrati
2857 4724 3005 4779 sunt,
3033 4726 3141 4767 non
3166 4713 3343 4779 ipsum

1743 4835 1865 4877 esse
1892 4819 1987 4873 Dei
2018 4816 2279 4871 Verbum.
2310 4812 2418 4869 Sed
2446 4812 2514 4865 (le
2542 4810 2694 4864 nullo
2720 4823 2836 4877 pro;
2859 4806 3107 4861 hetarnm
3137 4804 3342 4859 dictum

1744 4924 1829 4970 est
1847 4911 1971 4982 quia
2008 4911 2230 4965 Verbum
2253 4923 2376 4961 caro
2398 4909 2593 4979 factum
2615 4914 2709 4958 est.
2738 4902 2931 4957 Nullus
2955 4900 3341 4971 prolihctaruin

1741 5007 1967 5063 abstulit
2014 5012 2235 5073 peccata
2281 4999 2494 5055 mundi.
2527 4998 2604 5052 De
2637 4997 2789 5051 nullo
2829 4995 2938 5048 alio
2978 4995 3181 5048 dictum
3216 5002 3293 5046 cst
3325 5009 3337 5044 :

1742 5097 1846 5152 Hic
1868 5107 1945 5152 est
1962 5095 2131 5151 Filius
2146 5110 2291 5148 meus
2308 5093 2526 5146 dilectus
2541 5093 2592 5144 in
2604 5106 2702 5160 quo
2720 5089 3009 5158 contplacui
3029 5086 3242 5158 (Matth.
3260 5101 3340 5150 In,

1744 5191 1849 5258 17).
1881 5190 1954 5243 De
1982 5186 2130 5242 nullo
2155 5184 2537 5263 prophetarum
2567 5181 2795 5252 legimus
2820 5180 2961 5249 quod
2993 5184 3060 5233 sit
3083 5179 3345 5232 Dominus

1740 5278 2059 5348 majestatis,
2103 5275 2249 5347 quod
2276 5275 2345 5330 de
2377 5273 2595 5329 Christo
2617 5271 2914 5343 Apostolus
2940 5270 3074 5326 dixit
3097 5270 3221 5340 quia
3247 5269 3342 5324 Ju-

1733 5372 1839 5435 daei
1859 5371 2149 5433 Dominum
2179 5368 2487 5440 maiestatis
2525 5367 2917 5425 cruciﬁxerunt
2949 5364 2994 5431 (Ι
3016 5364 3141 5423 Cor.
3169 5379 3228 5428 It,
3260 5365 3341 5437 8).

1826 5497 1848 5526 ο
1881 5486 2010 5541 Mss.
2037 5486 2265 5556 aliquot,
2300 5496 2487 5542 natura
2513 5486 2784 5543 immutata
2814 5492 2888 5537 est
2913 5499 2932 5536 :
2964 5480 3206 5556 absurdo
3229 5499 3356 5537 sen-

1749 5574 1837 5635 su,
1874 5559 1974 5635 nisi
1999 5555 2273 5611 immutata
2302 5558 2410 5612 illic
2442 5566 2673 5635 ponatur
2705 5570 2801 5635 pro
2828 5564 3044 5613 mutata.
3076 5555 3360 5625 Caeterum

1748 5627 1869 5704 qua:
1923 5631 2126 5704 hochet
2177 5638 2294 5691 toto
2348 5628 2687 5704 seq._capite
2720 5627 3115 5704 _(_lispntai_itur,
3152 5637 3362 5704 tantum

1751 5698 1950 5767 liabent
1976 5700 2445 5769 ai‘linitatemcurn
2475 5698 2752 5763 Athanasii
2783 5698 3012 5765 epistola
3036 5711 3201 5769 supra
3233 5699 3348 5755 lau—

1748 5772 1895 5845 data,
1930 5773 2017 5843 vix
2043 5781 2101 5827 ut
2128 5771 2229 5827 alia
2256 5770 2429 5845 major
2456 5778 2621 5843 queat
2646 5769 2898 5849 cogitari.
3114 5775 3119 5781 ’
