3956 6170
537 223 637 280 851

1891 203 2136 264 SANCTI
2176 179 2500 262 saeuos"

3725 195 3814 253 83!

610 336 705 394 ιθ.
739 335 843 393 Sed
875 335 1001 390 dum
1031 333 1129 388 hos
1159 329 1559 401 redarguimus,
1594 333 1888 396 emergunt
1913 323 2006 378 alii
2039 322 2130 392 qui
2161 324 2212 383 Α
2239 321 2378 386 tiva,
2409 321 2662 390 corporis
2689 329 2838 376 esset
2868 334 2994 375 vera
3019 328 3235 374 natura.
3269 316 3374 374 Sed
3401 325 3458 372 et
3482 314 3677 372 Paulus
3700 315 3816 371 dicit

537 443 762 485 carnem
790 426 1000 482 Domini
1029 433 1084 480 et
1114 423 1462 479 divinitatem
1494 420 1678 476 dicant
1708 417 1870 473 unius
1896 430 2018 471 esse
2044 429 2141 469 na-

546 533 702 578 tura}.
731 522 863 590 Qua:
895 528 1106 574 tantum
1152 515 1499 587 sacrilegium
1529 513 1739 568 inferna
1769 505 2140 564 vomuerunt?

546 612 664 670 Jam
713 612 1120 668 tolerabiliores
1163 618 1292 665 sunt
1337 607 1565 673 Ariani,
1602 619 1831 676 quorum
1881 617 1977 672 per
2008 601 2143 654 istos

545 706 790 780 perﬁdiae
832 706 1000 761 robur
1027 703 1294 758 adolescit
1317 719 1332 766 ;
1355 709 1424 758 ,ιιι
1446 700 1652 769 majore
1672 698 2024 752 contentione
2055 708 2144 748 as-

548 809 738 858 seraut
765 799 1000 863 Patrem,
1023 807 1079 852 et
1106 796 1328 861 Filium,
1348 802 1404 849 et
1423 793 1688 864 Spiritum
1716 796 1964 844 sanctum
1988 785 2146 840 unius

549 909 658 950 non
681 907 804 948 esse
831 891 1149 946 substantia:
1178 906 1193 954 ;
1222 890 1347 960 quia
1377 886 1464 942 isti
1488 884 1825 940 divinitatem
1853 879 2064 935 Domini
2093 887 2148 933 et

549 1001 771 1043 carnem
804 984 1122 1040 substantia:
1151 980 1311 1035 unius
1340 979 1524 1034 dicere
1555 982 1916 1032 tentaverunt.
1945 971 2149 1026 Deinde

551 1097 677 1139 cum
711 1079 803 1135 isti
845 1078 1034 1134 dicant
1061 1077 1185 1147 quia
1221 1073 1460 1129 Verbum
1504 1071 1556 1126 in
1588 1084 1810 1125 carnem
1836 1108 1851 1132 ,
1900 1065 2146 1135 capillos,

551 1175 873 1246 sanguinem
903 1180 959 1227 et
986 1185 1110 1226 ossa
1141 1182 1467 1224 conversum
1489 1174 1594 1230 est,
1625 1173 1682 1219 et
1705 1179 1734 1216 a
1767 1171 1956 1215 natura
1987 1159 2150 1230 715

553 1267 778 1340 propria
807 1275 1074 1322 mutatum
1104 1271 1218 1328 est;
1250 1262 1408 1316 datur
1441 1258 1547 1314 illis
1585 1259 1738 1312 locus
1768 1262 1828 1310 ut
1871 1252 2152 1308 iutirmita-

557 1371 666 1418 tem
695 1361 878 1416 carnis
906 1358 973 1413 ad
1004 1356 1378 1412 inllrmitatem
1403 1351 1723 1418 divinitatis,
1756 1347 1986 1420 quadam
2011 1345 2153 1400 facta

555 1455 754 1512 divina:
785 1464 992 1510 naturae
1022 1452 1346 1515 mutatione,
1371 1448 1752 1518 detorqueant.

627 1549 718 1605 50.
736 1548 1053 1605 Suntetiam
1081 1547 1174 1616 qui
1206 1546 1258 1600 in
1284 1539 1809 1610 tantumimpietatis
1828 1537 2152 1606 prodierint,

556 1644 957 1714 utputentquia
979 1641 1240 1696 divinitas
1255 1637 1471 1694 Domini
1500 1634 1825 1690 circumcisa
1840 1641 1945 1696 est,
1973 1645 2021 1687 et
2051 1633 2153 1686 im-

2243 430 2303 470 se
2341 415 2788 485 przedestinatum
2831 430 2954 471 esse
2995 415 3047 468 in
3093 413 3444 483 Evangelium
3485 411 3581 466 Dei
3622 428 3636 464 :
3683 409 3815 477 Quod

2243 519 2395 574 ante,
2434 509 2641 579 inquit,
2687 509 2990 578 promiserat
3020 524 3113 577 per
3141 508 3417 577 prophetas
3438 505 3501 558 de
3534 502 3674 558 Filio
3700 520 3814 570 suo,

2243 602 2330 671 qui
2358 606 2524 672 fartus
2569 611 2646 654 est
2696 601 2743 655 ei
2783 617 2845 655 ea:
2875 601 3069 654 semine
3101 597 3274 652 Dauid
3320 596 3600 651 secundum
3634 612 3818 650 earnest

2245 693 2424 765 (Rom.
2458 711 2497 758 ι,
2526 692 2582 754 2,
2617 694 2693 764 5).
2728 694 2796 748 Et
2837 694 2904 748 ad
2941 692 3202 750 Galatas:
3230 690 3516 761 Postquant
3548 701 3716 744 autem
3742 707 3818 746 ue-

2247 786 2320 839 nit
2344 787 2609 857 plenitudo
2637 786 2899 854 temporis,
2928 786 3066 840 misit
3094 783 3234 838 Deus
3248 781 3451 836 Filium
3473 799 3624 836 suum
3650 785 3820 852 factum

2247 894 2312 932 ea:
2332 879 2544 932 muliere
2567 878 2713 947 (Gal.
2744 893 2824 944 Iv,
2853 877 2934 948 4).
2963 878 3029 931 Et
3068 876 3136 930 ad
3162 875 3508 930 Timotheum
3534 874 3671 929 dixit
3695 893 3708 929 :
3731 873 3823 929 lle-

2249 989 2362 1026 mor
2397 981 2504 1028 esto
2548 972 2728 1027 Jesum
2764 970 3028 1027 Christum
3082 972 3421 1025 resurrexisse
3467 986 3498 1022 a
3535 969 3741 1022 mortuis
3771 984 3824 1023 ex

2249 1068 2442 1122 semine
2472 1065 2638 1120 David
2659 1065 2723 1136 (ll
2759 1064 2893 1120 Tim.
2922 1080 2958 1118 Il
2980 1105 2997 1130 ,
3039 1062 3120 1134 8).

2325 1157 2412 1212 54.
2446 1158 2588 1228 Ergo
2615 1173 2684 1212 ex
2716 1157 2873 1212 nobis
2895 1157 3130 1225 accepit,
3154 1154 3299 1226 quod
3325 1154 3604 1225 proprium
3628 1153 3827 1210 oﬂ'erret

2253 1264 2352 1320 pro
2393 1249 2587 1315 nobis,
2644 1258 2702 1303 ut
2753 1263 2852 1303 uos
2900 1247 3194 1303 redimeret
3242 1262 3311 1303 ex
3353 1254 3659 1302 nostrozet
3707 1246 3828 1316 quod

2256 1352 2497 1396 nostrum
2523 1356 2627 1395 non
2653 1350 2801 1407 erat,
2833 1356 2899 1396 ex
2931 1355 3032 1396 suo
3061 1340 3218 1395 nobis
3260 1339 3444 1395 divina
3473 1355 3572 1394 sua
3605 1339 3830 1410 largitate

2255 1433 2550 1488 conferret.
2581 1433 2894 1489 Secundum
2938 1445 3186 1488 naturam
3211 1431 3370 1502 igitur
3400 1431 3566 1502 716
3604 1445 3662 1485 se
3694 1429 3831 1484 obtu-

2255 1527 2318 1582 lit
2344 1537 2610 1590 nostram,
2635 1536 2694 1582 ut
2715 1527 2856 1582 ultra
2880 1535 3125 1604 nostram
3145 1534 3463 1594 operaretur
3480 1535 3743 1578 naturam.
3769 1523 3832 1577 De

2261 1629 2447 1675 nostro
2487 1621 2836 1685 sacriﬁcium,
2869 1621 2938 1676 de
2966 1634 3066 1674 suo
3096 1621 3379 1690 praemium
3411 1627 3530 1674 est:
3576 1617 3834 1686 multaque

556 1709 800 1808 perlecta
819 1709 888 1790 die
913 1735 1154 1804 perlecta
1179 1731 1318 1786 facta
1356 1738 1470 1794 est;
1503 1736 1560 1783 et
1595 1726 1650 1782 in
1683 1726 1829 1796 ligno
1861 1741 1968 1780 non
2001 1741 2152 1792 caro,
2185 1721 2232 1780 B
2261 1713 2311 1766 Ῐη
2341 1712 2535 1767 οἳοάοω
2573 1723 2629 1768 οι
2669 1711 2967 1768 secundum
3008 1721 3258 1766 nalllt‘am
3306 1710 3554 1766 invenies
3575 1753 3592 1777 ,
3633 1719 3687 1764 ει
3712 1709 3831 1808 ultra

559 1826 656 1880 sed
677 1824 770 1879 illa
793 1823 1072 1894 operatrix
1098 1823 1341 1877 omnium
1365 1818 1669 1875 substantia
1695 1815 1878 1871 divina
1897 1816 1949 1870 in
1974 1817 2156 1871 carnis

558 1915 745 1986 specie
783 1915 1065 1986 coagulata
1107 1913 1399 1984 pendebat.
1431 1913 1566 1982 Quis
1613 1921 1794 1966 autem
1828 1926 1934 1966 non
1963 1909 2156 1965 horre—

557 2009 708 2064 scat?
737 2008 874 2076 Quis
903 2007 1090 2061 audiat
1123 2005 1246 2074 quia
1277 2023 1382 2062 non
1410 2023 1475 2063 ex
1501 2009 1665 2063 Maria
1689 2006 1931 2076 virgine,
1964 2003 2058 2060 sed
2089 2017 2156 2057 ex

559 2099 743 2156 divina
769 2099 1074 2154 substantia
1107 2099 1423 2169 passibilem
1457 2101 1560 2156 sibi
1593 2116 1812 2158 carnem
1843 2098 2033 2153 fecerit
2061 2096 2155 2151 Dei

561 2192 839 2249 Verbum?
864 2192 1017 2262 Quod
1043 2193 1342 2249 asserendo
1366 2209 1432 2249 eo
1464 2195 1846 2266 prolabuntur,
1874 2202 1929 2248 ut
1959 2206 2064 2246 non
2089 2205 2156 2246 ex

559 2293 803 2355 tempore
829 2300 1033 2354 corpus
1063 2287 1278 2342 Domini
1301 2300 1423 2342 esse
1451 2296 1788 2358 susceptum,
1815 2287 1910 2342 sed
1933 2293 2159 2341 cozcter-

560 2394 688 2433 num
719 2378 815 2434 Dei
848 2377 1034 2434 Verbo
1056 2394 1276 2451 semper
1305 2380 1472 2435 fuisse
1494 2379 1852 2436 contendant.

634 2473 724 2529 51.
761 2472 962 2528 Horum
1000 2475 1244 2528 omnium
1295 2485 1552 2531 auctores
1577 2483 1744 2542 sunt,
1787 2473 1877 2544 qui
1901 2471 2160 2528 divinita-

561 2574 670 2621 tem
702 2575 760 2621 et
785 2580 1007 2622 carnem
1036 2566 1252 2622 Domini
1281 2568 1440 2621 unius
1465 2576 1672 2622 natura:
1692 2566 1858 2622 fuisse
1880 2565 2156 2620 dixerunt.

563 2659 694 2728 Legi
726 2659 870 2714 enim
903 2657 1049 2729 quod
1083 2675 1188 2713 non
1208 2659 1493 2714 crederem
1515 2703 1529 2726 ,
1569 2660 1670 2713 nisi
1709 2660 1826 2726 ipse
1857 2658 2107 2728 legissem
2145 2674 2157 2709 :

562 2736 694 2819 legi,
729 2751 976 2819 inquam,
1003 2750 1056 2804 in
1080 2750 1364 2820 cujusdam
1389 2751 1542 2806 libris
1565 2751 1642 2805 sic
1665 2751 1927 2818 positum,
1951 2758 1976 2786 δ
1997 2759 2052 2803 et
2072 2763 2162 2804 or-

564 2855 785 2911 ganum,
817 2851 868 2895 et
899 2856 1024 2896 eum
1049 2857 1080 2896 a
1104 2857 1216 2912 quo
1240 2842 1564 2897 movebatur
1591 2857 1878 2912 organum,
1912 2842 2075 2896 unius
2107 2841 2158 2895 in

566 2932 786 2990 Christo
815 2932 988 2989 fuisse
1012 2943 1240 2988 naturae.
1269 2934 1424 3000 Quod
1448 2933 1570 2989 ideo
1595 2935 1773 3004 posui,
1804 2943 1864 2989 ut
1885 2949 1954 2989 ex
1982 2935 2159 3004 scrip-

570 3027 638 3082 tis
684 3041 884 3082 nomen
928 3027 1372 3097 deprehendatur
1412 3034 1688 3094 auctoris;
1731 3039 1790 3085 et
1831 3029 2158 3096 advertant,

2261 1815 2532 1861 naturam.
2559 1807 2870 1863 Secundum
2901 1805 3273 1862 conditionem
3296 1804 3500 1859 etenim
3525 1802 3765 1872 corporis
3789 1803 3834 1856 in

2260 1910 2418 1954 utero
2443 1900 2542 1954 luit
2563 1942 2578 1965 ,
2607 1912 2765 1955 natus
2793 1909 2897 1967 est,
2932 1899 3165 1954 laetatus
3187 1908 3272 1954 est
3297 1940 3312 1964 ,
3365 1898 3420 1952 in
3472 1897 3735 1967 praesepio
3766 1905 3837 1950 est

2259 1993 2602 2059 collocatus,
2645 1994 2741 2050 sed
2784 2009 2948 2064 supra
2989 1994 3357 2049 conditionem
3394 1991 3563 2063 Virgo
3587 1990 3835 2060 concepit,

2263 2087 2428 2158 Virgo
2447 2088 2732 2158 generavit
2756 2105 2768 2141 :
2800 2097 2856 2142 ut
2877 2087 3131 2143 crederes
3154 2087 3278 2157 quia
3309 2085 3448 2139 Deus
3470 2094 3588 2140 erat
3606 2125 3620 2150 ,
3649 2085 3734 2154 qui
3757 2097 3836 2136 uo-

2263 2178 2421 2233 vabat
2445 2190 2730 2244 naturam;
2759 2188 2814 2234 et
2841 2178 3005 2233 homo
3046 2186 3163 2232 erat
3187 2219 3204 2244 ,
3253 2175 3346 2247 qui
3374 2174 3671 2231 secundum
3702 2183 3840 2228 uatu-

2262 2286 2379 2326 ram
2408 2271 2733 2326 nascebatur
2757 2287 2822 2326 ex
2852 2270 3094 2325 homine.

2335 2364 2426 2418 55.
2452 2363 2637 2434 Neque
2667 2365 2810 2419 enim
2836 2404 2852 2431 ,
2888 2372 2945 2418 ut
2971 2362 3194 2434 quidam
3225 2362 3570 2432 interpretati
3592 2369 3730 2423 sunt,
3757 2371 3841 2413 na-

2266 2465 2382 2511 tura
2414 2456 2526 2528 ipsa
2560 2455 2724 2512 Verbi
2749 2465 2953 2511 mutata
2975 2464 3060 2511 est
3084 2497 3098 2522 ,
3122 2469 3245 2526 quas
3271 2453 3626 2510 immutabilis
3645 2466 3841 2522 semper

2266 2558 2371 2616 est,
2423 2549 2566 2604 sicut
2605 2550 2722 2620 ipse
2775 2549 2954 2604 dixit:
2997 2547 3213 2613 Videte,
3257 2549 3424 2602 uidete
3458 2563 3577 2610 me,
3607 2547 3724 2617 quia
3757 2559 3842 2613 ego

2265 2660 2405 2710 sum,
2446 2655 2492 2698 et
2521 2660 2623 2698 non
2655 2660 2770 2698 sum
2792 2653 3022 2698 mutatus
3055 2642 3276 2713 (llatae.
3321 2657 3410 2706 ιιι,
3443 2641 3528 2709 6).
3559 2640 3662 2696 Sed
3692 2640 3839 2695 etiam

2267 2735 2468 2791 Paulus
2499 2735 2637 2790 dixit
2666 2752 2679 2789 :
2716 2735 2852 2803 Quia
2878 2733 3036 2790 Iesus
3053 2732 3293 2788 Christus
3323 2733 3434 2788 heri
3465 2742 3515 2788 et
3547 2732 3722 2797 hodie,
3745 2731 3842 2800 ipse

2268 2837 2340 2881 est
2361 2827 2414 2880 in
2442 2827 2633 2881 sarcula
2647 2826 2666 2898 (
2679 2825 2835 2881 llebr.
2854 2842 2972 2892 xm,
2987 2824 3066 2898 8),
3085 2825 3188 2880 hoc
3201 2834 3306 2888 est,
3323 2825 3415 2896 qui
3436 2839 3546 2880 non
3564 2823 3838 2881 secundum

2270 2927 2518 2974 naturam
2536 2928 2777 2974 mutatus
2798 2927 2881 2974 est
2897 2921 3098 2984 carnis,
3119 2918 3214 2974 sed
3239 2917 3598 2973 immutabilis
3624 2918 3778 2973 etiam
3795 2917 3838 2969 in

2269 3012 2384 3082 ipsa
2400 3010 2647 3066 mutabili
2659 3010 2988 3066 conditionis
3003 3010 3254 3066 humanae
3267 3010 3530 3082 qualitate
3545 3007 3839 3081 permansit.

571 3119 828 3188 quamvis
867 3118 1310 3188 exquisitissimis
1345 3123 1682 3192 argumentis
1711 3164 1726 3186 ,
1771 3133 1825 3178 et
1870 3122 2157 3194 phaleratis

2340 3105 2428 3160 56.
2462 3105 2741 3160 Didicistis
2763 3104 2928 3176 igitur
2953 3104 3080 3176 quia
3104 3104 3434 3160 sacriﬁcium
3458 3103 3530 3159 de
3555 3111 3730 3158 nostro
3757 3101 3840 3154 ob-

571 3210 916 3265 sermonibus
945 3225 1051 3265 non
1084 3225 1242 3280 posse
1271 3213 1379 3267 vim
1402 3214 1646 3269 veritatis
1676 3214 1897 3271 obduci.

646 3301 736 3356 52.
781 3301 848 3355 Et
878 3301 964 3356 hic
991 3303 1121 3356 mihi
1157 3302 1468 3374 frequenter
1495 3304 1700 3362 Nicaeni
1729 3306 1941 3361 concilii
1969 3315 2167 3361 tracta-

573 3400 684 3447 tum
715 3407 774 3448 se
803 3401 991 3449 tenere
1021 3403 1437 3450 commemorat.
1469 3395 1575 3451 Sed
1605 3396 1658 3449 in
1690 3395 1782 3450 illo
1814 3405 2046 3450 tractatu
2077 3411 2168 3466 pa-

572 3494 684 3540 tres
729 3485 902 3541 nostri
945 3501 1052 3541 non
1121 3502 1370 3556 carnem,
1426 3488 1522 3544 sed
1574 3489 1671 3545 Dei
1726 3489 1958 3546 Verbum
2007 3493 2167 3547 unius

571 3577 890 3632 substantiae
915 3593 1040 3634 cum
1063 3577 1225 3634 Patre
1245 3594 1366 3635 esse
1387 3579 1678 3646 dixerunt;
1707 3590 1760 3636 et
1787 3580 2023 3637 Verbum
2050 3584 2168 3652 qui-

572 3669 697 3725 dem
724 3684 788 3725 ειι
813 3679 1040 3738 paterna
1072 3673 1410 3742 processisse
1435 3673 1742 3728 subStantia
1763 3715 1778 3741 ,
1809 3689 2028 3730 carnem
2072 3691 2166 3730 au-

574 3770 686 3818 tem
727 3777 794 3817 ex
835 3762 1045 3834 virgine
1072 3779 1196 3820 esse
1229 3764 1468 3820 confessi
1497 3775 1646 3821 sunt.
1685 3766 1974 3835 Quomodo
2009 3768 2172 3838 igitur

572 3854 777 3910 Niczcni
807 3856 1024 3911 concilii
1054 3871 1254 3912 nomen
1283 3858 1603 3914 obtenditur
1643 3868 1700 3914 et
1731 3874 1870 3914 nova
1905 3859 2169 3916 inducun-

570 3955 678 4009 tur,
722 3962 842 4016 qua:
893 3963 1186 4020 numquam
1227 3950 1398 4004 nostri
1448 3965 1676 4006 sensere
1719 3951 1998 4022 majores;
2043 3967 2166 4008 cmn

569 4037 760 4108 utique
803 4037 1105 4111 Scriptura;
1147 4041 1330 4095 dicant
1387 4043 1514 4113 quia
1565 4043 1818 4098 Christus
1863 4044 2166 4099 secundum

566 4142 786 4185 carnem
811 4145 1002 4200 passus
1022 4142 1103 4186 est
1135 4130 1179 4204 (ι
1207 4131 1352 4186 Petr.
1380 4149 1420 4198 ι,
1452 4133 1533 4205 2),
1568 4134 2006 4207 nonjsecundmn
2032 4136 2168 4192 divi-

568 4222 792 4277 nitatem
820 4239 834 4276 :
868 4221 1164 4290 Scripturze
1186 4225 1370 4280 dicant
1399 4227 1527 4296 quia
1559 4227 1725 4298 Virgo
1749 4229 1803 4282 in
1834 4236 1992 4284 utero
2024 4229 2168 4285 acci-

568 4317 700 4386 piet,
722 4325 777 4371 et
797 4316 970 4387 pariet
993 4315 1190 4372 Filium
1205 4317 1355 4387 (Esai
1374 4335 1471 4382 vn,
1489 4320 1622 4390 li)?
1648 4321 1874 4392 Accepit
1891 4323 2036 4378 enim
2057 4323 2168 4378 vir-

564 4417 756 4475 tutem,
789 4417 845 4463 et
872 4411 1083 4479 peperit
1121 4409 1336 4474 Filium,
1355 4409 1384 4448 δ
1404 4426 1568 4482 quem
1586 4427 1652 4468 es
1669 4427 1731 4468 se
1753 4413 1868 4483 ipsa
1898 4415 2160 4485 suscepit.

639 4500 726 4557 55.
749 4501 993 4572 Denique
1013 4501 1114 4556 boc
1131 4503 1297 4557 etiam
1317 4503 1537 4559 Gabriel
1562 4504 1782 4574 proprio
1795 4519 2052 4562 sermone
2067 4505 2162 4562 de-

2271 3197 2412 3253 tulit.
2454 3197 2589 3253 Nam
2630 3213 2753 3268 qua:
2809 3207 2928 3253 erat
2967 3212 3130 3252 causa
3179 3197 3609 3263 incarnationis,
3653 3193 3746 3250 nisi
3789 3202 3841 3247 ut

2269 3305 2397 3347 caro
2455 3307 2578 3362 quae
2624 3299 2948 3361 peccaverat
2993 3307 3088 3362 per
3137 3305 3201 3346 se
3267 3290 3666 3346 redimeretur?
3705 3287 3838 3356 Quod

2273 3396 2596 3456 peccaverat
2634 3386 2817 3456 igitur,
2852 3385 2958 3441 hoc
2983 3386 3326 3457 redemptum
3358 3396 3464 3442 est.
3492 3385 3611 3442 Non
3634 3395 3839 3453 estergo

2272 3476 2547 3531 immolata
2576 3476 2830 3558 divinitas
2855 3477 3051 3546 Verbi,
3086 3479 3210 3548 quia
3244 3495 3352 3532 non
3379 3485 3698 3548 peccaverat
3719 3476 3838 3530 divi-

2272 3569 2414 3626 nitas
2446 3569 2606 3626 Verbi
2642 3588 2655 3624 :
2697 3581 2752 3627 et
2793 3572 2916 3628 ideo
2943 3588 3048 3626 nou
3073 3583 3157 3627 est
3190 3570 3353 3627 Verbi
3390 3581 3586 3627 natura
3607 3569 3633 3609 ἀ
3662 3573 3710 3626 in
3734 3584 3840 3624 car-

2273 3665 2356 3720 nis
2379 3677 2641 3719 conversa
2675 3674 2927 3721 naturam
2954 3681 2968 3730 ;
2998 3665 3124 3736 quia
3156 3665 3415 3720 immunis
3435 3665 3646 3736 peccati
3670 3662 3841 3720 divini-1

2273 3767 2355 3812 tas
2377 3774 2478 3829 pro
2508 3768 2754 3829 peccato,
2787 3759 2934 3830 quod
2959 3775 3068 3814 nou
3104 3759 3314 3816 fecerat
3342 3801 3358 3826 ,
3390 3775 3454 3816 se
3493 3775 3603 3814 non
3633 3757 3841 3814 debebat

2273 3849 2490 3906 oﬂ'erre.
2518 3851 2630 3904 Hoc
2658 3853 2803 3906 enim
2851 3852 2905 3906 in
2951 3867 3010 3908 se
3043 3851 3242 3906 obtulit
3268 3850 3522 3906 Christus
3543 3893 3559 3919 ,
3592 3848 3731 3921 quod
3771 3849 3839 3900 in-

2271 3941 2428 3996 duit:
2459 3953 2516 3997 et
2546 3941 2753 4007 induit,
2793 3941 2937 4013 quod
2985 3955 3113 3999 ante
3158 3958 3263 3998 non
3297 3942 3505 3998 habuit.
3540 3943 3654 3998 Non
3699 3942 3841 4012 igitur

2272 4036 2572 4091 divinitatis
2593 4052 2703 4092 sua:
2729 4037 3069 4094 divinitatem
3092 4037 3291 4104 induit,
3326 4037 3380 4091 in
3409 4053 3518 4108 quo
3545 4047 3661 4094 erat
3688 4037 3839 4106 pleni-

2275 4130 2404 4185 tudo
2429 4130 2730 4186 divinitatis
2764 4140 2986 4188 mternte
3016 4150 3028 4185 :
3071 4133 3168 4187 sed
3192 4147 3413 4187 carnem
3453 4131 3773 4204 assumpsit,
3793 4138 3840 4185 ut

2272 4221 2506 4289 spolium
2534 4225 2718 4278 carnis
2741 4233 2987 4290 exueret,
3021 4232 3183 4296 atque
3205 4226 3261 4280 in
3279 4225 3582 4294 semetipso
3601 4233 3656 4280 et
3671 4238 3839 4280 manu-

2271 4315 2390 4371 bias
2414 4315 2615 4371 diaboli
2637 4317 3004 4386 cruciﬁgeret,
3031 4327 3086 4372 et
3109 4317 3349 4387 tropbara
3372 4317 3592 4372 virtutis
3611 4319 3837 4388 erigeret.

2342 4407 2434 4462 57.
2469 4408 2610 4478 Ergo
2631 4416 2654 4443 ε
2686 4409 2733 4462 si
2755 4423 2884 4463 caro
2905 4407 3150 4463 omnimn
3170 4421 3225 4464 et
3254 4409 3309 4464 in
3352 4408 3575 4465 Christo
3597 4407 3842 4479 subjacuit

2272 4498 2485 4568 injuriae
2505 4539 2521 4562 ,
2543 4497 2818 4567 quomodo
2846 4501 3007 4554 unius
3034 4499 3180 4555 illam
3213 4514 3338 4556 cum
3361 4499 3654 4556 divinitate
3679 4498 3842 4555 dicitis

565 4591 736 4646 clarat
765 4591 954 4648 dicens
978 4611 990 4646 :
1032 4591 1094 4646 Et
1123 4594 1263 4662 quod
1288 4605 1529 4649 nascetur
1559 4611 1623 4650 ex
1649 4605 1696 4650 te
1723 4606 1980 4664 sanctum,
2010 4613 2163 4654 uoca-
2190 4574 2243 4635 D
2267 4605 2389 4647 esse
2417 4590 2771 4647 substantiae?
2795 4591 2851 4647 Si
2875 4592 3024 4648 enim
3069 4594 3234 4649 unius
3265 4603 3352 4650 est
3377 4593 3699 4650 substantiae
3715 4591 3833 4646 Ver—

567 4684 705 4738 bitur
727 4681 828 4740 Dei
858 4683 1030 4739 Filius
1055 4684 1209 4756 (Luc.
1238 4701 1276 4749 ι,
1305 4685 1422 4756 55).
1455 4684 1540 4740 Ea:
1563 4699 1632 4752 te,
1663 4687 1856 4758 inquit,
1887 4698 1948 4743 ut
1967 4703 2164 4746 seCun-

567 4773 698 4831 dum
726 4775 1002 4832 hominem
1025 4777 1172 4848 quod
1200 4793 1268 4834 ex
1294 4779 1415 4846 ipsa
1443 4787 1783 4846 nasceretur,
1809 4781 2162 4850 adverteres;

568 4881 636 4922 ex
664 4881 724 4923 se
756 4868 900 4924 enim
923 4869 1210 4938 generavit
1239 4868 1424 4936 Maria,
1455 4879 1516 4926 ut
1541 4871 1687 4943 quod
1716 4885 2074 4943 generaretur
2096 4891 2163 4930 ex

564 4960 678 5031 ipsa
704 5001 720 5027 ,
754 4961 808 5017 in
833 4977 899 5019 eo
923 4974 946 5002 ο
979 4963 1126 5020 salva
1157 4963 1531 5036 generationis
1557 4965 1857 5021 Dominica:
1887 4983 2161 5040 praeroga-

639 5076 952 5151 ‘Leontius
1006 5079 1230 5151 Byzant.
1279 5079 1372 5135 lib.
1425 5079 1553 5134 adv.
1621 5079 1868 5151 Fraudes
1909 5082 2152 5151 Apollin.

568 5163 692 5223 cum
737 5149 853 5206 haec
876 5153 988 5222 ipsa
1007 5149 1183 5223 verba
1217 5162 1486 5223 tamquam
1517 5167 1581 5206 ex
1604 5150 1866 5206 Oratione
1893 5149 2156 5223 disputat.

568 5219 854 5292 ipsiusmet
883 5219 1213 5290 Apollinaris
1244 5219 1472 5287 referat,
1507 5237 1671 5292 quem
1722 5219 2001 5279 auctorem
2030 5227 2161 5280 Am-

568 5289 783 5362 brosius
805 5289 1029 5356 indicet,
1066 5295 1240 5362 palam
1271 5294 1420 5348 facit.

639 5360 666 5438 ξ’
691 5361 896 5438 Omnes
920 5363 1050 5438 edit.
1069 5360 1142 5419 ac
1163 5366 1315 5432 pauci
1340 5380 1495 5438 mss.,
1511 5381 1661 5435 quem
1679 5373 1726 5420 et
1752 5365 1866 5434 ipsa
1891 5367 2114 5438 suscepit
2138 5385 2156 5431 ;

568 5433 659 5489 alii
695 5436 856 5504 paulo
883 5433 1088 5508 plures,
1107 5451 1259 5508 quem
1289 5453 1353 5490 ea:
1381 5437 1492 5508 ipsa
1519 5433 2083 5508 suscepit,nongmale,
2109 5438 2156 5492 si

565 5519 731 5578 voces
781 5522 844 5560 ex
888 5507 1004 5578 ipso
1033 5507 1238 5563 referas
1269 5509 1335 5562 ad
1368 5505 1602 5562 virtutem
1632 5524 1650 5561 :
1703 5505 1920 5578 plurimi
1973 5516 2153 5563 tamen

567 5575 865 5650 exhibent,
893 5575 957 5631 ea:
979 5594 1032 5632 se
1052 5579 1162 5650 ipsa
1189 5620 1204 5642 ,
1231 5577 1283 5632 id
1314 5588 1432 5640 est,
1456 5594 1522 5650 ex
1557 5577 1772 5647 propria
1805 5577 2108 5634 substantia
2134 5619 2152 5648 ,

563 5647 650 5700 cui
671 5648 852 5718 sensui
881 5647 1269 5718 consequentia
1286 5649 1721 5718 patrocinentur:

643 5724 664 5751 ο
695 5715 819 5770 Mss.
851 5711 1086 5782 nonulli,
1115 5719 1253 5770 salua
1277 5711 1651 5772 incarnationis
1681 5711 1986 5776 Dominicaa.
2015 5725 2147 5779 ειε..

2267 4685 2393 4740 bum
2436 4693 2494 4740 et
2535 4699 2686 4751 caro,
2737 4701 2858 4756 qua:
2901 4685 2972 4742 de
3012 4695 3160 4742 terra
3201 4688 3364 4743 habet
3409 4698 3698 4752 naturam,
3751 4699 3836 4741 cur

2267 4781 2425 4836 unius
2469 4780 2788 4836 substantiae
2829 4790 3110 4837 asseratur
3163 4781 3401 4838 Verbum
3437 4793 3603 4854 atque
3647 4782 3833 4842 anima,

2265 4889 2427 4945 quam
2473 4874 2766 4944 perfectam
2812 4883 3022 4930 natura
3059 4877 3301 4947 suscepit
3349 4877 3636 4931 humanae?
3683 4873 3834 4930 Unius

2266 4977 2449 5024 autem
2488 4967 2813 5024 substantia:
2843 4976 2928 5024 est
2969 4967 3208 5024 Verbum
3245 4983 3370 5024 cum
3415 4969 3526 5024 Deo
3555 4968 3833 5024 secundum

2267 5082 2574 5156 haudsatis
2597 5092 2765 5148 recte,
2798 5097 2921 5139 cum
2945 5083 3312 5154 generationis
3341 5093 3563 5154 aeterna:
3587 5093 3837 5156 praeroga-

2265 5155 2373 5224 tiva
2405 5154 2743 5224 designetur.

2337 5221 2550 5350 ddldeni
2603 5239 2762 5294 mss.,
2804 5227 2858 5280 in
2879 5226 3296 5292 incarnationis;
3342 5241 3444 5282 nec
3491 5226 3659 5298 magis
3705 5236 3832 5279 com-

2337 5310 2358 5349 o
2399 5313 2451 5350 e.

2269 5310 2451 5352 moue.

2343 5374 2367 5402 ο
2397 5367 2518 5422 Vet.
2553 5365 2714 5429 edit..
2745 5369 2791 5422 si
2819 5384 2940 5422 caro
2961 5369 3128 5422 omnis
3169 5379 3219 5422 et
3247 5369 3301 5423 in
3331 5368 3538 5424 Christo
3559 5387 3576 5435 ;
3597 5368 3768 5431 Rom.,
3796 5362 3832 5414 si

2265 5453 2386 5493 caro
2415 5449 2464 5492 et
2493 5439 2546 5510 in
2574 5436 2778 5492 Christo
2799 5439 2962 5500 omni,
2985 5451 3116 5505 etc.;
3147 5455 3278 5496 mss.
3302 5451 3482 5496 autem
3513 5453 3700 5510 magno
3715 5450 3830 5510 con-

2263 5524 2460 5576 sensu,
2485 5509 2530 5562 si
2560 5523 2685 5561 caro
2725 5511 3110 5580 omnium,_etc.
3141 5526 3160 5564 :
3189 5512 3397 5580 Optimo
3422 5508 3620 5575 sensui
3646 5508 3826 5580 iudica-

2265 5589 2354 5635 tur
2391 5579 2658 5649 siquidem
2699 5594 2923 5636 caruem
2976 5578 3178 5636 Christi
3227 5578 3279 5637 et
3329 5593 3570 5636 nostram
3610 5578 3826 5635 omnium

2261 5651 2503 5721 ejusdem
2530 5664 2653 5721 esse
2677 5651 3000 5721 substantia:
3024 5667 3086 5706 ac
3112 5663 3339 5721 natura,
3359 5653 3690 5721 proindeque
3712 5651 3825 5702 alte-

2259 5712 2376 5777 ram
2394 5712 2588 5777 iisdem
2616 5719 2851 5790 injuriis,
2873 5721 3065 5791 quibus
3082 5712 3530 5788 aﬂlcitur'a'ltera,
3547 5712 3824 5793 subiaceret
