3936 6168
87 241 183 296 855

81 368 339 428 paternam
387 359 820 429 professionem,
845 372 902 419 et
933 364 1105 435 ipsius
1136 364 1350 420 Domini
1389 365 1648 420 assertio-
1679 385 1732 442 Α

81 467 211 517 nem,
232 451 320 522 qui
349 454 459 508 ait:
493 453 600 526 Ego
621 465 669 510 et
689 454 848 511 Pater
870 475 1030 512 unum
1049 475 1224 514 sumus
1250 457 1434 532 (Joan.
1465 477 1518 524 χ,
1537 458 1648 526 50).

83 542 236 600 Unius
268 559 402 616 ergo
448 547 768 603 substantia:
813 551 978 606 Pater
1016 567 1137 606 cum
1173 559 1396 608 terreno
1419 566 1652 623 corpore

79 636 411 706 praedicatur.
451 640 518 697 Et
558 642 735 698 adhuc
766 643 1127 716 indignamini
1158 645 1212 700 in
1246 646 1464 701 Arianis
1489 688 1503 714 ,
1527 649 1650 718 quia

78 730 126 784 hi
149 730 324 787 dicunt
348 733 548 788 Filium
579 735 675 791 Dei
698 747 1005 794 creaturam
1030 754 1152 796 esse
1172 757 1186 806 ;
1210 756 1333 796 cum
1366 741 1465 812 ipsi
1494 741 1648 797 dica-

80 823 136 876 tis
163 822 376 880 Patrem
413 826 574 882 unius
595 843 718 883 cum
754 831 1024 887 creaturis
1053 847 1177 888 esse
1197 833 1564 888 substantiae?

137 917 218 973 58.
249 917 389 986 Quid
424 927 608 976 autem
648 921 796 978 aliud
827 924 990 994 agitis
1027 925 1131 980 ista
1161 925 1416 993 dicendo,
1462 926 1565 982 nisi
1593 935 1652 982 ut

77 1021 152 1063 aut
179 1009 364 1065 limum
396 1012 556 1079 Adae,
584 1025 899 1087 terramque
922 1027 1162 1072 nostram
1189 1018 1384 1073 divina?
1399 1019 1650 1075 substan-

78 1103 150 1158 tia:
193 1107 540 1175 comparetis,
592 1117 690 1163 aut
739 1118 888 1164 certe
933 1109 1272 1168 divinitatem
1321 1113 1373 1167 in
1416 1121 1648 1168 terrena:

74 1197 645 1268 corruptelteinjuriam
674 1200 1042 1258 transferatis.
1067 1202 1309 1258 Dicendo
1330 1203 1475 1260 enim
1503 1201 1648 1276 quod

76 1287 284 1344 Verbum
309 1305 440 1346 caro
458 1303 515 1347 et
535 1307 660 1348 ossa
683 1293 883 1350 factum
913 1301 1018 1362 est,
1049 1295 1100 1349 in
1134 1304 1333 1350 terrain
1359 1296 1549 1367 utique
1565 1295 1648 1350 di-

75 1381 179 1436 citis
203 1397 321 1438 esse
349 1398 681 1441 conversum
709 1401 723 1452 ;
755 1387 1010 1457 quoniam
1037 1401 1166 1443 caro
1195 1397 1252 1443 et
1278 1401 1403 1443 ossa
1432 1387 1500 1443 de
1527 1397 1648 1459 ter-

76 1475 138 1530 ris
160 1487 295 1532 sunt.

131 1565 208 1623 59.
252 1568 341 1624 Sic
385 1571 655 1641 scriptum
701 1579 816 1639 est,
875 1574 1158 1644 inquiunt,
1211 1573 1387 1644 quiaa
1419 1572 1646 1627 Verbum

73 1676 169 1716 curo
195 1665 386 1732 factum
406 1674 486 1719 est
511 1663 692 1736 (Joan.
712 1682 750 1733 ι,
780 1664 1174 1736 14).8‹;ι·ἰριιιιιι
1207 1676 1310 1731 est,
1341 1682 1447 1722 non
1471 1682 1642 1738 nego:

673 241 761 298 DE
800 240 1336 301 lNCARNATIOXlS
1375 243 1731 303 DOMINICE
1771 246 2238 308 SACRAMENTO
2275 250 2484 309 LIBER
2524 252 2726 312 UNUS.

3251 258 3359 317 854

2361 411 2587 469 CAPUT
2631 413 2739 468 \‘ll.

1759 523 1898 582 Quod
1921 520 2061 574 libris
2093 523 2427 587 superioribus
2459 525 2586 578 hunc
2609 526 2888 588 addiderit,
2912 535 3112 580 excusat
3135 540 3152 579 :
3175 527 3352 580 deinde

1815 603 1897 656 ubi
1919 605 2132 659 rationes
2155 621 2338 674 eorum,
2368 607 2452 671 qui
2483 608 2695 662 animam
2716 625 2747 661 a
2772 609 2964 663 Christo
2991 611 3227 677 negabant
3249 622 3353 662 esse

1815 695 2107 754 susceptam,
2134 689 2322 755 ineptas
2343 691 2711 757 demonstravit,
2741 695 2962 746 eamdem
2983 693 3158 746 anime
3187 706 3352 745 susce-

1815 769 2025 834 ptionem
2049 774 2324 838 Scriptum
2347 774 2520 827 astruit
2551 774 2865 839 testimoniis;
2897 785 3000 829 tum
3021 776 3240 841 exposito
3261 789 3350 828 cur

1815 855 2029 906 animam
2051 871 2082 908 a
2104 858 2308 910 Domino
2329 873 2422 910 non
2448 859 2827 922 prtetemn'ssam
2849 861 3134 925 oportuerit,
3157 865 3351 914 eosdem

1815 952 1936 989 vano
1959 938 2133 991 timore
2155 940 2336 1007 agitari
2357 943 2580 997 ostendit.
2607 948 2860 1006 Quomodo
2891 953 3106 998 metuere
3126 951 3210 997 aut
3231 960 3347 1010 pro-

1757 1089 1782 1095 __
1812 1020 1964 1085 ﬁcere
1993 1022 2188 1076 dicatur
2221 1025 2472 1089 Christus;
2495 1041 2651 1093 neque
2683 1036 2842 1081 tamen
2872 1027 3143 1094 periculum
3173 1029 3264 1094 sit,
3291 1043 3351 1082 ne

1811 1105 2079 1172 dividatur,
2108 1109 2182 1160 vel
2207 1116 2358 1162 tetras
2389 1110 2615 1164 uideatur
2649 1112 2818 1165 induci
2840 1126 2859 1165 :
2877 1113 3010 1179 quod
3045 1113 3266 1166 ultimum
3296 1113 3350 1167 in

1811 1202 1892 1242 eos
1913 1191 2043 1256 ipsos
2066 1200 2389 1261 retorquetur.

1821 1296 1908 1352 62.
1944 1297 2168 1355 Possem
2217 1302 2378 1359 latius
2418 1306 2710 1376 persequi,
2754 1307 2852 1364 sed
2881 1323 3080 1366 vereor
3125 1325 3193 1366 ne
3223 1309 3344 1367 haec

1747 1387 1862 1458 ipsa
1891 1391 2164 1461 aliquibus
2203 1402 2296 1448 aut
2324 1397 2596 1464 superﬂua
2643 1408 2738 1454 aut
2777 1400 2986 1468 prolixa
3036 1400 3345 1458 videantur.

1748 1481 2024 1541 Fortassis
2050 1486 2196 1541 enim
2229 1487 2374 1543 dicat
2399 1484 2600 1560 aliquis
2627 1509 2640 1545 ε
2669 1491 2858 1548 Nonne
2885 1494 2951 1550 de
2973 1495 3150 1550 Patris
3171 1505 3226 1552 et
3257 1495 3348 1550 Fi-

1747 1573 1804 1629 lii
1856 1575 2145 1634 divinitate
2191 1581 2434 1652 quinque
2465 1582 2594 1649 illis,
2639 1599 2777 1653 quos
2828 1587 3142 1656 scripsisti,
3191 1587 3348 1644 libris

1745 1668 2133 1724 conclusurum
2165 1679 2218 1726 te
2247 1686 2370 1727 esse
2399 1675 2777 1743 promiseras?
2801 1676 2906 1733 Sed
2936 1678 3066 1748 quid
3109 1679 3301 1735 faciam
3331 1721 3347 1747 ,

73 1755 148 1810 sed
163 1758 444 1814 considera
478 1760 610 1831 quid
640 1773 926 1831 sequatur;
959 1762 1207 1832 sequitur
1232 1763 1376 1817 enim
1416 1779 1428 1816 :
1457 1762 1524 1815 Et
1550 1761 1643 1815 ha-
1671 1766 1722 1828 B
1749 1772 1870 1812 cum
1925 1761 2169 1828 quotidie
2222 1778 2396 1839 novas
2459 1766 2732 1822 seminent
2782 1769 3161 1839 qumsdones?
3226 1771 3346 1828 Non

72 1846 217 1902 bitavit
254 1851 413 1923 717
440 1853 497 1906 in
529 1853 678 1908 nobis
699 1894 713 1919 ,
755 1853 860 1908 hoc
894 1861 1017 1920 est,
1065 1853 1198 1909 illud
1228 1853 1465 1910 Verbum
1496 1853 1641 1926 quod

70 1959 254 1998 carnem
282 1946 553 2016 suscepit,
587 1946 692 2002 hoc
722 1945 988 2003 habitavit
1018 1949 1071 2001 in
1112 1948 1291 2012 nobis,
1327 1948 1431 2002 hoc
1451 1957 1554 2014 est,
1588 1947 1642 2001 in

69 2051 203 2091 Carne
232 2037 508 2094 habitavit
538 2037 809 2106 humana;
841 2048 898 2096 et
944 2039 1066 2095 ideo
1098 2040 1416 2095 Emmanuel
1463 2038 1642 2094 dictus

69 2138 165 2192 est,
196 2131 292 2184 hoc
322 2139 437 2196 est,
471 2131 763 2186 nobiscum
809 2131 951 2187 Deus
995 2129 1221 2201 (Matth.
1256 2148 1305 2198 ι,
1357 2131 1428 2186 25
1451 2131 1492 2202 ).
1529 2131 1642 2186 lloc

68 2236 172 2290 ergo
215 2221 438 2278 Verbum
506 2240 628 2278 caro
676 2226 869 2296 factum
907 2233 1004 2290 est,
1067 2239 1168 2294 pro
1218 2239 1286 2280 eo
1335 2223 1480 2295 quod
1529 2233 1637 2290 εει,

68 2314 202 2371 homo
239 2317 413 2374 factus
458 2326 573 2374 est.
606 2317 763 2374 Sicut
794 2319 957 2373 etiam
987 2317 1042 2373 in
1071 2316 1194 2373 Joel
1236 2318 1370 2373 dixit
1401 2335 1414 2370 :
1450 2316 1640 2384 Effun—

65 2408 160 2461 dam
187 2410 244 2463 de
273 2409 482 2480 Spiritu
521 2428 632 2465 meo
661 2427 818 2481 super
840 2427 1040 2466 omnem
1083 2427 1290 2466 carnem
1333 2413 1350 2479 (
1376 2410 1520 2465 Joel.
1556 2425 1592 2464 ιι
1619 2450 1634 2477 ,

67 2500 137 2570 28)
161 2518 172 2566 ;
201 2517 299 2558 non
327 2505 482 2559 enim
514 2519 678 2574 super
710 2505 1136 2560 irrationabilem
1164 2519 1384 2561 carnem
1410 2545 1425 2569 ,
1453 2504 1549 2560 sed
1583 2506 1636 2560 in

65 2590 278 2651 homines
303 2595 496 2652 futura
529 2596 867 2666 promittitur
887 2597 1075 2669 gratia:
1100 2597 1360 2669 spiritalis
1385 2596 1596 2653 effusio.

121 2687 197 2742 60.
228 2689 375 2757 Quod
398 2690 445 2746 si
471 2690 780 2746 secundum
807 2690 1047 2746 litteram
1075 2705 1174 2745 vos
1207 2691 1427 2756 tenetis,
1456 2700 1517 2746 ut
1541 2707 1638 2762 pu-

67 2781 165 2834 lctis
199 2797 259 2837 ex
303 2799 370 2840 eo
412 2783 572 2854 quod
623 2784 889 2855 scriptum
921 2792 1040 2850 est,
1073 2782 1218 2855 quod
1257 2782 1479 2837 Verbum
1519 2797 1637 2837 raro

67 2873 226 2941 factum
255 2886 328 2931 est
347 2919 361 2943 ,
388 2876 642 2933 Verbum
659 2880 748 2934 Dei
774 2877 828 2932 in
857 2892 1076 2932 carnem
1113 2891 1235 2932 esse
1266 2892 1590 2932 conversum
1617 2893 1632 2942 ;

67 2970 285 3040 numquid
335 2970 559 3043 negatis
603 2971 866 3043 scriptum
900 2987 1024 3027 esse
1073 2970 1140 3026 de
1189 2972 1460 3040 Domino,
1509 2973 1632 3043 quia

67 3073 306 3129 peccatum
335 3082 442 3120 non
484 3065 635 3132 fecit,
665 3065 762 3121 sed
782 3075 1066 3136 peccatum
1099 3065 1271 3121 factus
1303 3074 1388 3122 est
1411 3066 1479 3137 (Il
1511 3067 1627 3121 Cor.

1746 1852 1993 1920 praeterit
2018 1860 2265 1924 sponsio,
2295 1857 2390 1913 sed
2412 1860 2668 1932 astringit
2698 1861 2959 1933 objectio.
2989 1864 3123 1921 Nam
3153 1882 3348 1938 quem-

1743 1943 2037 2001 admodum
2087 1959 2266 2018 potest
2294 1951 2417 2007 linis
2456 1967 2578 2010 esse
2608 1957 2882 2026 responsi,
2911 1958 2956 2012 si
3003 1959 3198 2016 modus
3224 1961 3347 2017 nul-

1744 2034 1831 2090 lus
1861 2038 2061 2108 objecti
2094 2040 2164 2096 sit
2186 2043 2210 2096 ἲ

1814 2128 1904 2183 65.
1939 2131 2006 2185 Et
2029 2141 2211 2188 tamen
2239 2134 2308 2191 de
2345 2135 2522 2193 Patris
2542 2147 2598 2194 et
2624 2138 2745 2194 Filii
2773 2139 3059 2199 divinitate
3085 2158 3341 2201 consum-

1742 2229 2018 2277 maturum
2049 2228 2468 2294 responsionem
2497 2229 2551 2284 in
2584 2231 2965 2301 superioribus
2989 2250 3076 2289 me
3101 2252 3345 2307 spopon-

1742 2311 1928 2369 deram
1950 2332 1961 2367 :
1982 2315 2085 2371 hoc
2111 2327 2292 2374 autem
2309 2319 2452 2375 libro
2476 2321 2544 2377 de
2572 2322 3144 2398 incarnationis718
3161 2328 3341 2384 Domi-

1742 2405 1882 2461 nicte
1904 2419 2250 2464 sacramento
2279 2411 2516 2480 plenior,
2534 2415 3076 2485 sicutdebuit,vfacta
3104 2420 3338 2491 digestio

1740 2511 1844 2555 est.
1894 2501 2026 2556 Nam
2056 2517 2178 2558 cum
2210 2502 2342 2559 illud
2373 2506 2518 2576 quod
2559 2509 2638 2563 ait
2684 2508 2946 2565 Dominus
2993 2529 3006 2564 :
3043 2511 3227 2568 Tristis
3264 2522 3342 2568 est

1740 2595 1915 2650 anima
1939 2612 2050 2650 mea
2078 2613 2235 2668 usque
2257 2599 2328 2652 ad
2355 2609 2574 2655 mortem
2592 2600 2808 2675 (Matth.
2835 2619 2984 2664 χιιι.
3007 2606 3101 2678 38)
3129 2622 3144 2671 ;
3178 2616 3233 2663 et
3254 2607 3340 2662 in-

1739 2685 1818 2740 fra
1849 2704 1864 2741 ε
1895 2685 2054 2742 Pater
2083 2706 2224 2744 meus
2249 2731 2266 2757 ,
2310 2692 2356 2746 si
2385 2693 2634 2764 possibile
2657 2705 2730 2752 est
2756 2737 2772 2763 ,
2803 2702 3029 2770 transfer
3054 2716 3086 2753 a
3109 2717 3188 2755 me
3210 2702 3340 2756 cali-

1739 2795 1848 2834 cem
1887 2779 2024 2835 hunc
2045 2798 2065 2836 :
2092 2783 2184 2836 sed
2211 2792 2382 2839 tamen
2411 2802 2514 2840 non
2540 2788 2677 2842 sicut
2695 2805 2788 2861 ego
2817 2791 2934 2844 volo
2960 2832 2974 2856 ,
3002 2791 3094 2846 sed
3116 2793 3251 2848 sicut
3283 2805 3339 2848 tu

1738 2872 1812 2926 vis
1855 2870 2050 2942 (Ibid.,
2081 2875 2216 2940 59);
2272 2891 2379 2931 non
2411 2877 2477 2933 ad
2520 2878 2762 2949 Spiritus
2796 2883 2973 2938 sancti
3001 2885 3339 2955 compassio-

1737 2982 1893 3034 nem,
1929 2969 2024 3025 sed
2069 2971 2135 3026 ad
2169 2972 2514 3031 rationabilis
2566 2979 2994 3049 assumptionem
3045 2982 3242 3038 anima:
3286 2992 3344 3041 et

1737 3071 1943 3118 natum
1969 3064 2222 3122 humana:
2245 3066 2482 3125 refertur
2503 3071 2779 3140 atiectum,
2803 3089 3147 3148 consequens
3175 3087 3261 3134 est
3281 3087 3341 3135 ut

65 3166 105 3214 v,
140 3155 239 3227 2i).
289 3157 433 3228 Ergo
487 3157 546 3211 in
590 3169 874 3228 peccatum
913 3172 1212 3212 conversus
1253 3166 1336 3212 est
1377 3157 1636 3212 Dominus
1662 3152 1707 3216 C
1739 3171 1839 3228 per
1877 3159 2241 3216 assertionem
2289 3162 2553 3219 Dominici
2584 3169 2919 3224 sacramenti
2951 3178 3007 3223 et
3047 3170 3342 3240 plenitudi-

66 3244 182 3310 (σαι.
218 3265 292 3315 ιιι,
351 3249 495 3321 l5)?
531 3247 653 3303 Non
710 3249 816 3314 ita;
857 3248 952 3304 sed
1003 3248 1130 3319 quia
1183 3257 1398 3318 pcccata
1448 3258 1634 3302 nostra

64 3341 302 3411 suscepit,
345 3351 636 3413 peccatum
668 3341 847 3398 dictus
891 3353 994 3397 est.
1022 3341 1156 3396 Nam
1188 3351 1243 3396 et
1281 3340 1633 3397 maledictum

63 3430 210 3490 dictus
228 3445 308 3490 cst
328 3437 624 3503 Dominus,
653 3451 760 3490 non
785 3435 908 3505 quia
936 3436 985 3489 in
1017 3435 1368 3501 maledictum
1399 3450 1634 3490 conver-

63 3538 135 3578 sus
153 3539 225 3582 est
258 3529 548 3596 Dominus,
574 3529 668 3585 sed
689 3530 813 3600 quia
838 3537 1086 3584 nostrum
1116 3531 1357 3600 suscepit
1379 3529 1498 3600 ipse
1521 3545 1634 3586 ma-

65 3614 283 3676 ledictum
310 3641 322 3677 :
356 3623 678 3678 Matedictus
705 3623 839 3676 enim
861 3663 876 3689 ,
909 3622 1111 3693 inquit,
1139 3624 1227 3691 qui
1257 3624 1442 3691 pendet
1478 3623 1531 3676 in
1566 3623 1634 3676 li-

63 3729 142 3780 gno
160 3714 324 3784 (Deut.
353 3735 445 3774 xxi
474 3762 494 3786 ,
519 3716 636 3787 25).
667 3717 879 3784 Miraris
911 3732 1039 3788 ergo
1066 3719 1192 3787 quia
1221 3718 1482 3787 scriptum
1513 3726 1630 3772 est:

71 3801 254 3864 Verbum
276 3827 393 3867 caro
413 3815 618 3882 factum
645 3819 740 3876 est,
766 3825 890 3866 cum
929 3824 1058 3866 caro
1079 3821 1359 3880 assumpta
1381 3810 1453 3864 sit
1482 3824 1512 3862 a
1537 3809 1632 3863 Dei

66 3895 238 3971 Verbo;
266 3905 484 3976 quando
501 3903 568 3960 de
597 3914 821 3975 peccato
842 3903 986 3975 quod
1018 3919 1122 3958 non
1141 3903 1348 3968 habuit,
1371 3903 1631 3972 scriptum

63 4002 128 4046 est
145 3996 256 4064 quia
275 4009 563 4068 peccatum
583 3997 756 4053 factus
775 4006 881 4063 est,
908 3997 1010 4052 hoc
1041 4005 1147 4062 est,
1167 4011 1273 4050 non
1293 4005 1633 4064 naturaopeo

63 4090 342 4161 rationeque
391 4089 647 4162 peccati,
699 4100 888 4162 utpote
919 4091 975 4144 in
1007 4087 1420 4145 similitudinem
1453 4087 1632 4143 carnis

63 4180 234 4242 peccati
261 4183 426 4237 factus
453 4199 469 4236 :
498 4181 592 4236 sed
616 4189 674 4236 ut
691 4189 971 4251 peccatum
1006 4178 1323 4233 nostrumin
1342 4193 1436 4232 sua
1468 4192 1633 4234 carne

63 4272 404 4344 cruciﬁgeret,
443 4275 853 4345 susceptionem
906 4289 1004 4344 pro
1045 4273 1204 4328 nobis
1256 4271 1629 4328 inﬁrmitalum

65 4360 248 4420 obnoxii
287 4367 396 4438 jam
427 4367 680 4437 corporis
702 4367 908 4438 peccati
938 4365 1180 4422 carnalis
1208 4365 1524 4437 assumpsit.

121 4454 196 4510 6t.
222 4459 480 4516 Desinant
504 4474 637 4530 ergo
664 4459 850 4515 dicere
880 4469 1131 4514 naturam
1161 4457 1324 4513 Verbi
1349 4458 1399 4513 in
1432 4472 1629 4529 corpo-

1739 3265 1862 3306 nem
1897 3263 2104 3318 natura:
2132 3254 2381 3312 humanae
2404 3258 2574 3315 fuisse
2594 3269 2906 3318 astruamus
2933 3262 2987 3318 in
3013 3262 3252 3333 Christo,
3283 3274 3341 3322 et

1738 3344 1808 3398 ab
1841 3345 2174 3405 inlirmitatis
2206 3350 2520 3421 praeiudicio
2550 3354 2813 3424 Spiritum
2839 3367 3087 3414 sanctum
3119 3375 3342 3432 separe-

1739 3452 1879 3492 mus.
1911 3438 2030 3494 Non
2061 3451 2142 3496 est
2168 3444 2312 3498 enim
2347 3444 2621 3502 obnoxius
2645 3448 2976 3517 infirmitati,
3005 3452 3095 3522 qui
3125 3467 3233 3510 non
3255 3461 3341 3510 est

1737 3529 2008 3586 obnoxius
2035 3533 2300 3602 passioni.

1809 3621 1899 3679 64.
1933 3625 2130 3692 Quazro
2182 3627 2347 3697 igitur
2393 3645 2497 3700 qua
2551 3632 2766 3688 ratione
2805 3630 3095 3689 1’animam
3141 3643 3336 3705 putent

1736 3716 1956 3785 quidam
1982 3733 2012 3770 a
2032 3718 2264 3774 Domino
2279 3720 2410 3776 Jesu
2440 3737 2547 3777 non
2574 3739 2696 3780 esse
2721 3733 3064 3796 susceptam;
3099 3742 3168 3782 an
3201 3728 3329 3798 quia

1737 3818 1917 3864 metus
1947 3820 2028 3864 est
2053 3826 2122 3866 ne
2146 3826 2314 3867 sensu
2346 3812 2594 3870 Christus
2622 3816 2895 3872 laberetur
2924 3817 3208 3873 humano?
3237 3817 3330 3874 Di-

1735 3911 1869 3957 cunt
1894 3903 2096 3972 quippe
2123 3903 2251 3974 quia
2284 3906 2730 3974 concupiscentia
2763 3909 2948 3963 carnis
2983 3909 3086 3981 legi
3131 3911 3334 3968 mentis

1737 4004 2004 4066 repugnet
2055 3994 2233 4069 (Rom.
2269 4012 2341 4050 \‘tl
2364 4037 2380 4064 ,
2423 3997 2538 4068 25).
2586 3999 2695 4054 Sed
2727 4000 2816 4069 qui
2840 3999 2945 4056 hoc
2973 4002 3094 4070 ait,
3123 4011 3330 4060 tantttnt

1735 4089 1889 4144 abest
1931 4099 1987 4143 ut
2034 4088 2309 4145 Christum
2345 4092 2621 4160 putaverit
2648 4092 2768 4163 lege
2797 4094 2979 4150 carnis
3023 4095 3076 4150 in
3122 4099 3334 4169 peccati

1735 4182 1951 4238 vincula
1984 4182 2150 4238 fuisse
2180 4181 2562 4238 deducendum
2589 4201 2604 4250 ;
2635 4192 2693 4240 ut
2726 4185 2841 4255 ipse
2864 4184 2917 4240 in
2947 4196 3082 4242 tcstu
3114 4190 3329 4258 positus

1735 4274 2043 4346 fragilitatis
2101 4275 2374 4345 humanas,
2429 4291 2529 4348 per
2576 4276 2852 4335 Christum
2900 4279 3006 4336 sibi
3052 4283 3330 4339 subveniri

1732 4379 1895 4436 posse
1923 4364 2225 4420 crediderit
2245 4364 2436 4447 dicens
2467 4383 2480 4419 :
2515 4363 2714 4438 Infelix
2743 4384 2837 4438 ego
2862 4368 3016 4424 homo
3047 4369 3068 4422 !
3113 4369 3225 4439 quis
3250 4385 3331 4425 me

1735 4458 1971 4514 liberabit
2003 4459 2068 4515 de
2090 4475 2308 4532 corpore
2333 4460 2516 4515 mortis
2548 4461 2704 4535 hujus
2726 4463 2752 4516 Ρ
2778 4460 2960 4517 Gratia
2990 4461 3089 4519 Dei
3117 4480 3210 4534 per
3237 4462 3332 4520 Je-

66 4544 122 4601 ris
145 4560 376 4608 naturam
417 4569 546 4610 esse
579 4561 843 4609 mutatam
875 4569 889 4617 ;
924 4567 994 4608 ne
1022 4551 1139 4622 pari
1172 4551 1628 4622 interpretatione
1651 4543 1707 4604 D
1732 4567 1848 4604 sum
1864 4550 2130 4606 Christum
2158 4550 2442 4607 Dominum
2461 4562 2694 4607 nostrum
2714 4550 2878 4625 (Ibid.
2906 4569 3065 4621 xxiv,
3085 4551 3205 4624 25).
3224 4553 3328 4621 Qui

66 4639 273 4701 Videatur
322 4659 520 4704 natura
569 4647 734 4703 Verbi
781 4648 832 4701 in
878 4645 1190 4715 contagium
1235 4655 1444 4700 mutata
1502 4658 1629 4715 pec—

66 4737 174 4791 cati.
202 4739 358 4798 Aliud
375 4753 461 4800 est
493 4742 642 4798 enim
687 4741 834 4812 quod
861 4740 1196 4810 assumpsit,
1221 4747 1277 4795 et
1302 4738 1448 4795 aliud
1480 4736 1627 4809 quod

63 4844 368 4909 assumptum
407 4847 512 4895 est.
549 4838 736 4893 Virtus
774 4836 926 4891 venit
961 4835 1017 4889 in
1052 4833 1330 4905 Virginem
1356 4875 1371 4898 ,
1405 4834 1547 4888 sicut
1575 4843 1629 4888 ct

61 4923 266 4996 Angelus
304 4931 369 4986 ad
424 4947 545 4987 eam
596 4930 734 4986 dixit
776 4929 902 5000 quia
947 4929 1106 4982 virtus
1146 4927 1401 4981 Attissimi
1447 4927 1630 4981 obum-

62 5016 201 5074 brabit
229 5032 274 5078 te
296 5023 448 5095 (Luc.
481 5041 498 5079 ι
522 5065 536 5091 ,
579 5023 692 5093 55).
719 5021 827 5078 Sed
849 5029 1036 5076 natum
1061 5027 1147 5075 est
1174 5034 1374 5090 corpus
1403 5034 1469 5073 ex
1499 5018 1616 5073 Vir-

60 5111 192 5180 Sine;
219 5126 272 5171 et
297 5118 418 5175 ideo
438 5117 682 5176 caelestis
702 5116 922 5188 quidem
948 5113 1255 5181 descensio,
1273 5112 1368 5169 sed
1387 5112 1619 5167 humana

60 5212 312 5279 conceptio
354 5222 462 5268 est.
505 5211 622 5268 Non
652 5225 784 5281 ergo
816 5209 1008 5266 eadem
1054 5210 1239 5265 carnis
1269 5207 1445 5279 potuit
1470 5219 1618 5269 esse,

59 5295 436 5378 divinitatisque
459 5317 672 5365 natura.

117 5485 285 5570 ἒμπης
327 5490 690 5570 objectionem
709 5492 778 5548 ab
803 5489 1205 5570 Apollinaristis
1231 5485 1515 5570 magnifice
1541 5484 1637 5570 ad-

59 5555 247 5613 modum
264 5555 586 5642 ustentatain
609 5564 777 5619 fuisse
791 5555 1095 5642 non_solun_i
1118 5577 1186 5642 ex
1203 5575 1270 5615 eo
1294 5555 1554 5642 ciilligerc
1569 5556 1635 5612 li-

59 5635 157 5712 εει,
181 5633 316 5698 quod
341 5634 488 5712 illam
507 5643 762 5712 accurate
783 5635 1030 5712 conlutat
1061 5633 1408 5712 Ambrosius;
1439 5644 1629 5711 verum

57 5696 468 5782 etiamquodab
498 5706 798 5782 Athanasio
825 5704 880 5760 in
921 5720 1032 5782 stt_._i_
1053 5703 1118 5755 ad
1155 5701 1465 5770 Epictetum
1513 5701 1631 5782 cpi-

60 5767 177 5826 stola
206 5767 307 5828 non
360 5773 809 5834 inferiorestudio
854 5773 1160 5839 refellitur;
1205 5767 1627 5843 quamquam’in

1729 4657 1861 4714 ergo
1883 4643 2021 4699 alios
2052 4660 2080 4699 a
2109 4646 2291 4700 carnis
2320 4644 2530 4701 lubrico
2561 4643 2896 4712 vindicabat,
2926 4645 3184 4716 numquid
3214 4645 3327 4701 for-

1730 4735 1939 4791 midare
1968 4743 2206 4806 poterat,
2237 4751 2306 4792 ne
2329 4739 2490 4792 etiam
2520 4736 2636 4809 ipse
2649 4737 2930 4793 dominatu
2947 4738 3182 4810 quodam
3205 4753 3329 4795 car-

1731 4827 1816 4882 nis
1837 4827 1994 4884 istius
2016 4827 2362 4884 vinceretur?

1804 4920 1896 4977 65.
1921 4921 2028 4976 Sed
2073 4921 2263 4976 carnis
2300 4919 2475 4986 istius,
2526 4920 2670 4976 sicut
2697 4921 2927 4989 fvolunt,
2976 4921 3330 4994 formidabat,

1730 5009 2038 5066 illecebras.
2091 5010 2238 5082 Ergo
2279 5021 2332 5067 et
2369 5011 2554 5067 carnis
2596 5015 3004 5083 susceptionem
3049 5016 3331 5077 declinare

1729 5107 2022 5170 debuerat;
2067 5119 2138 5159 ne
2176 5103 2243 5159 ad
2291 5102 2558 5160 lubricum
2597 5103 2905 5162 traheretur
2945 5110 3171 5167 erroris.
3222 5109 3330 5168 Sed

1728 5197 2004 5271 quomodo
2032 5194 2298 5251 lubricum
2333 5203 2546 5266 poterat
2577 5196 2770 5252 timere
2803 5199 3043 5267 peccati,
3082 5201 3171 5270 qui
3197 5215 3330 5272 pec-

1728 5302 1908 5352 catum
1936 5291 2267 5348 remissurus
2288 5288 2632 5347 advenerat?
2670 5289 2740 5346 Et
2768 5289 2893 5348 ideo
2917 5307 3042 5349 cum
3073 5309 3332 5368 suscepe-

1739 5479 1843 5537 hoc
1866 5475 2133 5532 rationem
2165 5473 2416 5531 nonnihil
2443 5475 2719 5530 diversam
2743 5484 2975 5545 uterque
2988 5477 3060 5534 sit
3087 5490 3335 5541 secutus.

1807 5551 1835 5590 ι)
1867 5549 2054 5620 Arium
2087 5547 2232 5620 inea
2262 5548 2533 5604 sententia
2558 5547 2953 5620 fui_sse_litteris
2975 5550 3338 5620 prodiderunt

1734 5618 2084 5694 Angust._d_e
2127 5619 2370 5694 ilmres._
2397 5632 2516 5687 cap.
2557 5616 2662 5694 55,
2714 5616 3096 5680 Theodorctus
3134 5624 3229 5682 lib.
3281 5642 3337 5686 tv

1733 5687 1937 5750 Ha'ret.
1970 5688 2160 5744 thbttl.
2194 5704 2314 5761 cap.
2350 5689 2402 5755 l,
2437 5696 2492 5742 et
2519 5687 2634 5744 alii.
