3936 6168
564 190 668 246 839

1920 181 2170 241 SANCTI
2207 181 2529 241 AMBROSII
3721 185 3804 242 8l0

563 310 886 368 substantizc
932 308 1054 379 ejus
1083 307 1372 378 Scriptura
1413 313 1640 362 testetur
1682 299 1878 372 (Hebr.
1914 316 1951 366 ι,
2002 299 2082 366 ες),
2114 289 2247 358 ειἈ
2271 299 2440 355 Deum
2472 299 2640 355 esse?
2675 299 2817 356 sicut
2853 298 2922 354 ad
2951 297 3459 355 Thessalonicenses
3499 297 3664 354 dixit:
3695 301 3804 366 Quo-

2272 393 2427 447 modo
2453 394 2682 448 conversi
2710 394 2831 448 estis
2861 393 2931 446 ad
2959 392 3127 447 Deum
3155 410 3186 447 a
3214 391 3499 446 simulacris
3533 393 3702 446 servire
3721 391 3804 447 Deo
3907 419 3911 464 ξ

566 403 765 458 inultos
792 401 926 454 alios
952 399 1020 453 de
1046 397 1227 454 divina
1250 399 1456 454 dixisse
1486 393 1788 451 substantia
1814 391 1866 445 in
1893 389 2002 444 alio
2027 389 2166 444 libro

567 493 883 563 plenissime
911 490 1316 546 ostenderimus
1345 487 1485 562 (Lib.
1519 503 1578 542 ιιι
1600 484 1662 538 de
1682 481 1839 548 Fide,
1863 499 1982 552 cap.
2011 480 2093 553 4).

636 585 727 640 82.
765 583 1021 640 Naturam
1069 599 1286 656 quoque
1330 583 1572 638 divinam
1605 578 1730 651 quis
1766 578 2002 642 abnuat;
2043 591 2166 631 cum

566 678 767 734 Petrus
798 676 1077 747 apostolus
1122 676 1179 732 in
1221 675 1457 748 epistola
1487 688 1584 729 sua
1616 668 1921 740 scripserit,
1950 667 2001 722 id
2033 681 2168 737 ope-

564 781 736 828 ratam
767 770 979 825 Domini
1027 768 1456 826 misericordiam
1496 781 1594 838 per
1633 764 1942 836 passionem
1967 759 2165 826 crucis,

566 873 622 920 ut
648 879 768 928 nos,
789 862 964 932 inquit
993 861 1066 934 (11
1091 861 1236 916 Petr.
1254 877 1292 926 ι,
1319 859 1398 928 4),
1432 859 1632 915 faceret
1663 857 1862 912 divina:
1887 861 2169 910 consortes

567 954 811 1010 naturai?
858 952 967 1011 Sed
1009 953 1174 1008 etiam
1217 951 1346 1007 alibi
1395 951 1595 1006 Paulus
1629 948 1883 1019 scripsit:
1918 945 2023 1001 Sed
2051 954 2170 998 tunc

565 1045 774 1118 quidem
801 1044 1102 1118 ignorantes
1133 1040 1323 1109 Deum,
1353 1042 1435 1096 Itis
1464 1041 1554 1112 qui
1582 1049 1770 1094 natura
1799 1054 1900 1092 non
1928 1046 2045 1091 sunt
2071 1035 2168 1101 dii,

566 1139 792 1196 servistis
823 1136 968 1208 (Gal.
1002 1152 1078 1200 tv,
1104 1136 1182 1205 8).
1217 1135 1295 1190 lla
1324 1133 1469 1191 enim
1501 1144 1556 1189 et
1584 1133 1638 1188 in
1662 1132 1869 1188 Graecis
1890 1128 2170 1186 codicibus

565 1231 896 1295 invenimus,
925 1243 1156 1302 quorum
1185 1227 1365 1300 potior
1396 1225 1694 1282 auctoritas
1720 1233 1824 1280 εει.

637 1328 730 1383 83.
762 1325 902 1396 Quid
947 1324 1113 1396 igitur
1139 1329 1325 1392 agunt,
1380 1321 1473 1392 qui
1520 1328 1719 1388 negant
1755 1325 2005 1372 naturam
2047 1328 2171 1370 esse

565 1419 828 1482 divinam,
863 1417 966 1473 nisi
991 1427 1050 1472 ut
1077 1415 1186 1487 jam
1216 1429 1324 1470 non
1364 1413 1540 1468 solum
1570 1409 1707 1466 Filio
1742 1408 2168 1472 ealumnientur,

563 1511 663 1569 sed
693 1511 859 1568 etiam
890 1508 1077 1565 Patri?
1108 1508 1164 1564 Si
1195 1506 1341 1562 enim
1374 1511 1599 1574 negatur
1632 1511 1823 1557 natura
1857 1501 1999 1555 Deus
2023 1514 2167 1564 esse,

567 1621 701 1677 ergo
738 1620 838 1676 per
869 1604 1098 1676 gratiam
1130 1608 1233 1666 est,
1279 1607 1337 1654 ut
1381 1597 1674 1652 homines:
1705 1601 1800 1649 aut
1838 1604 1990 1649 certe
2033 1591 2170 1647 falso

566 1696 832 1762 creditur,
861 1705 923 1750 ut
946 1695 1248 1758 dzemoncs,
1277 1706 1508 1762 quorum
1533 1688 1827 1744 simulacra
1858 1687 1954 1743 Dei
1980 1686 2168 1758 appel-
2199 1695 2246 1755 Β

568 1789 776 1846 latione
796 1787 1091 1843 donantur.
1129 1783 1237 1840 Sed
1276 1782 1645 1854 Apostolicam
1676 1780 2054 1836 auctoritatem
2079 1793 2166 1834 se—

565 1893 821 1952 quamur,
848 1885 908 1934 ut
936 1876 1185 1932 dicamus
1211 1875 1266 1931 in
1293 1873 1603 1930 simulacris
1631 1881 1877 1927 naturam
1910 1885 2018 1926 non
2045 1883 2168 1925 esse

564 1970 828 2027 divinam.
884 1968 942 2026 Si
973 1983 1104 2039 ergo
1131 1967 1185 2023 in
1236 1965 1546 2022 simulacris
1572 1979 1681 2020 non
1714 1975 1822 2032 est,
1859 1979 1968 2019 non
1999 1972 2084 2018 est
2110 1962 2163 2016 in

564 2062 856 2121 daemoniis
877 2068 1161 2132 :superest
1186 2068 1243 2116 ut
1274 2059 1328 2115 in
1353 2058 1466 2114 Deo
1493 2057 1676 2114 divina
1701 2055 1775 2112 sit
1796 2067 1988 2112 natura
2004 2065 2166 2126 atque

564 2157 868 2215 substantia
897 2155 942 2227 (l
965 2152 1086 2210 Cor.
1111 2154 1192 2226 x).

637 2252 727 2308 ει.
766 2248 1064 2306 Docuimus
1097 2247 1260 2318 igitur
1304 2245 1603 2317 apostolica
1635 2243 1958 2300 auctoritate
2014 2250 2166 2297 recte

562 2345 631 2403 de
651 2345 764 2401 Deo
778 2344 939 2400 Patre
953 2341 1059 2399 dici
1074 2340 1216 2412 quod
1231 2349 1420 2395 natura
1446 2340 1517 2394 sit
1541 2339 1704 2405 Deus;
1729 2337 2002 2408 accipiant
2023 2349 2166 2391 nunc

562 2437 709 2511 quod
727 2437 919 2494 eadem
941 2433 1039 2490 Dei
1065 2433 1244 2490 Patris
1264 2432 1336 2488 sit
1360 2441 1551 2488 natura
1569 2447 1688 2502 qum
1702 2430 1822 2485 Fllll
1847 2439 1951 2496 est,
1976 2428 2163 2483 eadem

562 2531 636 2587 sit
659 2540 714 2586 et
735 2529 972 2602 Spiritus
993 2527 1197 2591 sancti;
1231 2540 1300 2581 ne
1341 2523 1478 2580 forte
1513 2523 1704 2578 itidem
1737 2522 1920 2577 dicant
1949 2538 1963 2575 :
1995 2519 2164 2576 Natu-

561 2640 677 2680 ram
709 2621 928 2694 quidem
972 2619 1204 2692 legimus
1248 2631 1372 2674 esse
1413 2615 1678 2678 divinam,
1730 2624 1941 2669 natura:
1985 2621 2164 2666 autem

562 2717 762 2773 divinat
793 2730 899 2771 non
932 2713 1165 2784 legimus
1209 2711 1498 2766 unitatem.
1540 2708 1651 2765 Sed
1686 2722 1809 2762 eum
1857 2707 1971 2776 ipse
1996 2704 2166 2760 Ftlins

560 2808 766 2863 dixerit
801 2823 815 2860 :
873 2805 988 2879 Ego
1021 2815 1069 2859 et
1112 2802 1272 2858 Pater
1315 2817 1476 2857 unum
1505 2816 1680 2856 sumus
1727 2797 1912 2870 (Joan.
1946 2813 2001 2860 x,
2027 2795 2120 2862 '50)
2149 2813 2162 2862 ;

563 2899 828 2956 unitatem
870 2895 1173 2952 divinitatis
1204 2894 1476 2966 probavit.
1524 2891 1660 2948 Cum
1701 2890 1941 2946 dixerit:
1979 2889 2167 2943 Omnia

563 3010 677 3067 qum
702 2992 862 3047 Pater
887 2990 1036 3046 habet
1066 3006 1181 3045 mea
1205 2998 1323 3044 sunt
1360 2986 1543 3061 (Joan.
1573 3001 1685 3053 xvt,
1719 2983 1844 3055 15);
1885 2993 1943 3040 et
1980 2983 2116 3040 infra
2149 3003 2162 3037 :

2271 485 2384 539 rivo
2407 493 2457 540 et
2487 481 2606 540 vero
2627 483 2672 556 (l
2692 483 2878 540 Thess.
2906 501 2945 552 ι,
2971 483 3174 554 9)?llli
3198 483 3340 538 enim
3358 482 3566 538 diiesse
3594 482 3805 537 simulan-

2275 586 2380 644 tur,
2402 586 2596 633 natura
2613 587 2793 634 autem
2817 577 2962 633 Deus
2987 577 3140 631 vivus
3160 585 3383 632 etverus
3397 583 3499 630 est.
3523 575 3671 647 723
3703 575 3803 631 Nam

2273 669 2410 724 etin
2460 670 2578 740 ipso
2607 685 2709 724 usu
2748 677 2936 724 nostro
2963 677 3048 723 est
3074 667 3360 738 adoptivus
3390 666 3573 731 Filius,
3608 675 3658 720 et
3683 681 3807 722 verus
3907 733 3909 738 η

2273 757 2467 815 Filius.
2502 759 2834 830 Adoptivum
2889 758 3084 814 Filium
3114 772 3220 814 non
3250 756 3480 813 dicimus
3509 755 3685 811 Filium
3714 773 3808 814 esse
3907 787 3909 802 :

2274 863 2468 906 natura
2503 869 2517 905 :
2552 851 2647 907 sed
2671 867 2792 906 eum
2825 851 3056 907 dicimus
3085 865 3274 906 natura
3303 864 3447 916 esse,
3472 849 3561 920 qui
3586 863 3724 905 verus
3743 860 3808 905 est

2273 944 2462 1000 Filius.

2343 1038 2433 1096 88.
2478 1039 2624 1111 Ergo
2655 1049 2711 1096 et
2737 1048 2984 1095 naturam
3015 1047 3068 1095 et
3099 1037 3457 1094 substantiam
3484 1051 3598 1093 esse
3622 1035 3808 1092 divinam

2271 1133 2626 1205 probavimus
2655 1133 2890 1189 lectione
2916 1151 2929 1186 :
2972 1133 3233 1188 unitatem
3262 1145 3475 1202 quoque
3504 1147 3603 1186 non
3629 1129 3808 1201 plurali-

2274 1235 2441 1282 tatem
2475 1225 2678 1282 divina:
2710 1241 2835 1283 esse
2862 1236 3070 1282 natura:
3111 1223 3414 1296 apostolica
3443 1223 3710 1279 auctoritas
3741 1222 3812 1277 tle-

2273 1321 2614 1378 monstravit.

2900 1412 3129 1469 CAPL'T
3169 1411 3263 1466 IX.

2276 1505 2414 1562 Dum
2457 1509 2742 1580 ingenitum
2770 1505 3003 1572 Patrem,
3034 1506 3172 1575 quod
3197 1506 3250 1559 in
3293 1504 3564 1574 Scriptura
3598 1520 3686 1558 non
3709 1502 3813 1573 lege-

2345 1612 2468 1656 runt
2498 1601 2724 1657 haeretici
2743 1641 2758 1668 ,
2792 1601 2888 1654 sibi
2932 1599 3144 1654 concedi
3169 1599 3386 1664 volunt,
3413 1614 3496 1652 eos
3532 1595 3813 1650 contentionis

2343 1693 2574 1746 studium
2614 1696 2922 1764 patefacere.
2980 1689 3273 1744 Fatendum
3319 1700 3486 1743 tamen
3525 1688 3578 1741 id
3614 1688 3812 1755 scriptum

2342 1801 2472 1849 esse.
2504 1786 2594 1841 sed
2619 1785 2760 1857 apud
2793 1785 2990 1848 Arium,
3029 1783 3111 1837 cui
3131 1783 3420 1855 {opponitur
3444 1780 3712 1852 Apostolus.
3738 1779 3814 1833 Re-

2344 1887 2610 1947 torquetur
2630 1892 2811 1932 eorum
2839 1875 3054 1946 objectio
3085 1885 3266 1929 contra
3286 1875 3454 1945 ipsos,
3483 1882 3526 1928 et
3545 1889 3633 1930 vox
3651 1870 3815 1942 ingeni-

2344 1978 2430 2024 ttts
2457 1969 2615 2023 etiam
2641 1979 2893 2024 creatura:
2929 1967 3212 2020 communis
3247 1965 3513 2022 asseritur.
3542 1962 3656 2018 Mox
3683 1960 3812 2032 expli-

2345 2070 2458 2115 cato
2507 2061 2928 2115 adversariorum
2978 2058 3274 2123 ratiocinio,
3323 2057 3523 2130 reponit
3571 2053 3814 2108 Ambrosius

2341 2155 2546 2209 vocibus
2579 2155 2736 2228 geniti
2759 2152 3143 2226 atqueingeniti
3163 2167 3266 2205 non
3293 2161 3530 2205 naturam
3562 2144 3810 2221 signiﬁcari,

2343 2247 2432 2302 sed
2471 2248 2792 2318 qualitatem.
2834 2244 3087 2298 Adductis
3122 2241 3374 2313 exemplis
3401 2241 3496 2296 hoc
3523 2242 3623 2311 fuse
3652 2235 3810 2307 probat,

2342 2339 2433 2395 sed
2470 2339 2523 2392 in
2554 2356 2613 2394 eo
2660 2338 2948 2408 prwsertim
2983 2337 3186 2407 longior
3217 2343 3313 2400 est,
3350 2343 3408 2387 ut
3437 2348 3497 2388 ea:
3521 2326 3812 2406 diversisvt'ni-

2344 2434 2427 2487 tiis
2463 2436 2695 2486 eamdem
2721 2429 3063 2484 substantiam
3093 2427 3283 2481 exoriri
3308 2441 3460 2496 posse
3493 2423 3651 2493 palam
3671 2418 3811 2488 faciat.

2339 2525 2430 2580 89.
2463 2524 2613 2579 Nunc
2646 2522 2727 2578 illi
2751 2532 2999 2577 asserant
3030 2521 3120 2575 ubi
3151 2521 3460 2589 ingenitum
3483 2517 3680 2572 Patrem
3704 2513 3814 2580 lege-

2269 2619 2395 2676 rint.
2415 2617 2523 2674 Sed
2537 2619 2582 2673 si
2599 2616 2888 2672 dialectico
2904 2629 3057 2670 more
3071 2613 3300 2669 concedi
3318 2611 3424 2668 sibi
3441 2611 3489 2666 id
3509 2606 3761 2681 postulant,
3773 2609 3815 2656 ut

2267 2714 2412 2785 quod
2430 2713 2624 2768 lectum
2640 2726 2746 2766 non
2761 2711 2830 2766 sit
2849 2725 2944 2780 pro
2961 2707 3102 2763 lecto
3117 2713 3408 2774 usurpettt,
3430 2705 3814 2775 produntsecon-

2269 2806 2526 2862 tentionis
2541 2803 2570 2843 δ
2583 2803 2765 2858 studio
2778 2801 3010 2868 dill'erri,
3030 2816 3136 2856 non
3149 2799 3514 2871 c0gnitionem
3530 2804 3813 2867 quererere

2269 2899 2462 2955 ritatis.
2490 2897 2732 2967 Namque
2766 2896 2819 2950 in
2849 2897 2962 2966 ipsa
2993 2893 3273 2949 dialectica
3303 2893 3349 2948 si
3383 2908 3486 2948 non
3514 2887 3808 2949 concedatur,

2268 2991 2409 3062 quod
2438 2989 2663 3046 concedi
2696 2988 2794 3044 sibi
2826 2987 3120 3060 postulant,
3144 3001 3256 3058 quo
3276 2985 3484 3041 aditum
3504 2977 3811 3040 contentionis

562 3088 746 3156 Pater,
787 3085 961 3142 omnia
996 3101 1112 3139 mea
1138 3094 1227 3138 tua
1262 3091 1402 3147 sunt,
1451 3092 1497 3136 et
1541 3091 1626 3135 tua
1656 3096 1768 3135 mea
1806 3077 1987 3146 (Joan.
2030 3094 2159 3143 xvn,

2271 3086 2509 3143 invenire
2521 3085 2852 3150 desiderant,
2871 3083 3189 3154 principium
3205 3082 3451 3138 invenire
3467 3085 3715 3152 nequeunt
3731 3073 3811 3128 dis-

564 3181 655 3253 10)
681 3199 694 3247 ;
727 3179 968 3238 asseruit
993 3179 1284 3233 unitatem.
1310 3176 1447 3232 Cum
1479 3175 1615 3232 dixit
1644 3193 1658 3230 :
1706 3174 1866 3229 Pater
1897 3176 1986 3245 qui
2010 3175 2064 3229 in
2087 3191 2169 3228 me

566 3284 760 3342 manet,
786 3284 810 3310 υ
840 3273 954 3344 ipse
981 3281 1027 3327 et
1049 3285 1337 3343 operaque:
1364 3285 1458 3340 ego
1498 3270 1658 3340 facio,
1695 3271 1804 3339 ipse
1831 3269 1954 3336 facit
1981 3267 2163 3340 (Joan.

563 3383 676 3432 xlv,
708 3364 835 3437 l0);
863 3365 1132 3420 unitatem
1164 3362 1574 3419 evidentissime
1601 3360 1915 3416 declaravit.

629 3460 719 3517 85.
768 3457 970 3514 Deinde
996 3457 1192 3513 Petrus
1214 3471 1374 3510 unam
1400 3465 1646 3509 naturam
1673 3451 1913 3509 ostendit
1941 3465 2065 3508 esse
2086 3451 2167 3506 di-

561 3556 772 3612 vinam:
798 3552 868 3608 Ut
893 3569 1006 3616 nos,
1038 3550 1233 3622 inquit,
1259 3550 1449 3621 faceret
1475 3548 1662 3602 divina:
1681 3555 1942 3601 consortes
1969 3555 2166 3598 natura:

559 3649 581 3722 (
606 3647 651 3704 ll
678 3645 826 3702 Petr.
855 3660 893 3712 t,
925 3644 962 3699 4
987 3643 1027 3716 ).
1058 3643 1238 3699 Potuit
1267 3641 1412 3698 enim
1437 3640 1516 3698 sic
1539 3639 1746 3708 dicere,
1769 3639 1814 3694 si
1843 3639 2000 3692 aliter
2021 3639 2163 3692 aesti-

561 3753 805 3808 masset;
858 3740 1054 3813 potuit,
1085 3740 1331 3812 inquam,
1360 3738 1440 3794 sic
1469 3739 1652 3794 dicere
1684 3755 1698 3792 :
1731 3736 1801 3793 Ut
1837 3751 1938 3792 nos
1965 3735 2166 3790 laceret

553 3837 1164 3904 divinarumconsortes
1181 3843 1495 3890 naturarum
1513 3850 1528 3898 ;
1546 3832 1784 3888 maxime
1805 3845 1930 3887 cum
1951 3844 2050 3901 per
2071 3827 2162 3883 Fi-

559 3928 694 3984 lium
727 3929 780 3983 in
810 3939 1020 3984 natura:
1041 3927 1241 3983 divina:
1265 3923 1602 3982 consortium
1621 3933 1983 3981 transeamus.
2005 3919 2164 3977 Num-

557 4019 688 4092 quid
712 4028 893 4091 potest
921 4021 1151 4088 donare,
1180 4018 1325 4090 quod
1356 4033 1463 4075 non
1510 4017 1712 4073 habet?
1756 4017 1900 4088 Ergo
1949 4031 2056 4072 non
2080 4023 2165 4072 est

557 4112 788 4170 dubium
817 4113 944 4185 quia
971 4113 1042 4169 de
1080 4128 1169 4183 eo,
1199 4112 1345 4184 quod
1378 4112 1562 4179 habet,
1599 4112 1798 4176 donat;
1833 4119 1889 4166 et
1919 4109 2041 4166 ideo
2068 4109 2164 4164 Ita-

557 4207 920 4264 hetnaturam
957 4206 1218 4273 divinam,
1244 4205 1336 4276 qui
1358 4203 1634 4262 consortia
1655 4203 1854 4259 divina:
1880 4203 2049 4258 donat
2069 4217 2163 4257 na-

650 4315 717 4354 ω.

650 4315 717 4354 te.

559 4308 719 4448 “"86.
761 4390 1059 4463 Apostolus
1097 4403 1316 4461 quoque
1373 4389 1572 4445 Paulus
1620 4387 1892 4444 dicendo:
1927 4389 2031 4455 Qui
2064 4405 2158 4442 na-

2268 3180 2512 3252 putandi.
2549 3177 2615 3234 Et
2643 3178 2748 3233 hoc
2788 3177 2884 3241 ibi,
2919 3176 3007 3232 ubi
3033 3175 3316 3231 contentio
3343 3185 3429 3231 est
3467 3174 3628 3245 magis
3658 3167 3810 3226 dediso

2268 3273 2564 3344 putationis
2593 3270 2843 3342 argutiis,
2876 3284 3039 3340 quam
3071 3267 3140 3325 de
3159 3268 3414 3325 examine
3440 3265 3689 3324 veritatis.
3717 3260 3808 3316 Haec

2273 3374 2359 3422 est
2383 3365 2528 3420 enim
2565 3363 2985 3420 dialecticorum
3015 3363 3187 3434 gloria
3209 3403 3224 3427 ,
3249 3363 3297 3417 si
3352 3361 3630 3417 videantur
3675 3367 3808 3424 expu-

2264 3473 2432 3530 gnare
2451 3457 2632 3512 verbis
2648 3466 2703 3512 et
2726 3456 2982 3512 refellere
2994 3454 3280 3511 veritatem
3301 3472 3313 3508 :
3329 3464 3387 3511 et
3409 3463 3593 3510 contra
3613 3444 3810 3506 deﬁnitio

2266 3549 2390 3605 ﬁdei
2427 3557 2532 3616 est,
2566 3558 2623 3603 ut
2653 3548 2876 3616 veritas,
2912 3563 3019 3604 non
3060 3546 3224 3602 verba
3264 3547 3588 3618 pendantur.
3617 3539 3810 3608 Denique

2265 3643 2432 3699 verba
2475 3641 2929 3714 philosophorum
2971 3640 3210 3699 excludit
3249 3642 3483 3714 simplex
3531 3639 3713 3696 veritas
3748 3633 3808 3704 pi~

2266 3747 2564 3792 scatorum.

2337 3827 2426 3884 90.
2454 3828 2586 3896 Quae
2621 3829 2786 3900 igitur
2811 3827 2914 3883 ista
2948 3827 3186 3884 assertio
3214 3835 3320 3892 est,
3365 3826 3456 3884 ubi
3483 3823 3528 3881 si
3555 3837 3652 3879 non
3677 3819 3810 3874 donec

2266 3939 2395 3978 vero
2418 3923 2501 3979 eis
2532 3923 2758 3979 verbum
2792 3921 3043 3994 ingeniti,
3074 3921 3399 3977 assertionis
3430 3915 3726 3991 principium
3749 3911 3808 3964 in-

2267 4017 2457 4074 venire
2516 4031 2624 4073 non
2678 4015 2942 4088 possunt?
2995 4014 3095 4071 Ubi
3137 4029 3271 4086 ergo
3324 4013 3582 4086 legerint,
3629 4009 3809 4065 demon-

2266 4122 2464 4169 strent.

2337 4207 2427 4264 9i.
2457 4205 2751 4262 Exciderat
2787 4203 3010 4261 animo:
3045 4218 3189 4260 nunc
3232 4202 3402 4259 redeo
3432 4202 3486 4258 in
3516 4193 3805 4256 memoriam.

2265 4301 2491 4359 Lectum
2532 4310 2638 4366 est,
2682 4299 2960 4370 inquiunt;
3002 4313 3127 4353 nam
3173 4295 3342 4353 Arius
3382 4295 3525 4351 dixit
3564 4286 3804 4360 ingenitum

2265 4395 2506 4459 Patrem,
2547 4403 2603 4449 et
2645 4391 2884 4463 genitum
2925 4401 2982 4446 ει
3017 4397 3261 4446 creatum
3308 4401 3330 4428 ε
3374 4387 3586 4444 Filium.
3626 4381 3690 4436 En
3726 4387 3806 4445 (ιηο

557 4493 674 4540 tura
705 4500 809 4539 non
827 4493 946 4538 sunt
983 4483 1059 4537 dii
1082 4483 1101 4555 (
1126 4481 1304 4538 Galat.
1337 4497 1412 4548 tv,
1446 4483 1552 4552 8);
1585 4478 1826 4536 ostendit
1847 4496 2010 4536 unam
2038 4481 2156 4536 veri
2186 4469 2240 4530 D
2264 4500 2486 4545 auctore
2524 4495 2715 4544 contra
2750 4484 3048 4556 apostolica
3089 4484 3290 4553 scripta
3318 4479 3641 4538 contendant
3667 4492 3679 4528 :
3705 4481 3806 4525 con-

558 4578 654 4634 Dei
685 4592 810 4634 esse
838 4587 1109 4634 naturam.
1156 4575 1403 4646 Namque
1445 4585 1500 4631 et
1546 4575 1663 4646 ipse
1710 4578 1884 4644 potuit
1925 4575 2109 4632 dicere
2144 4592 2157 4629 :

556 4670 661 4740 Qui
690 4671 898 4726 naturis
921 4685 1030 4726 non
1058 4678 1190 4725 sunt
1211 4667 1310 4733 dii,
1332 4667 1379 4722 si
1396 4665 1562 4722 sciret
1579 4666 1940 4737 pluralitatetn
1965 4666 2162 4723 divina:

555 4779 680 4822 esse
709 4775 941 4831 naturae,
972 4771 1030 4818 ut
1061 4762 1166 4817 alia
1190 4768 1339 4816 esset
1358 4761 1412 4814 in
1437 4759 1618 4824 Patre,
1646 4761 1751 4815 alia
1782 4759 1834 4814 in
1863 4759 2022 4826 Filio,
2056 4759 2158 4815 alia

557 4856 612 4914 in
639 4857 845 4928 Spiritu
873 4864 1084 4912 sancto.
1114 4852 1359 4910 Dicendo
1382 4867 1542 4925 ergo:
1573 4851 1780 4907 Natura
1796 4869 1898 4908 non
1919 4861 2036 4908 sunt
2053 4853 2156 4918 dii;

557 4951 822 5007 unitatem
841 4957 1048 5006 natura;
1068 4947 1343 5018 expressit
1367 4945 1590 5002 divinas.

627 5043 718 5101 87.
751 5041 890 5112 Quid
917 5051 1004 5100 est
1031 5052 1213 5099 autem
1245 5050 1436 5097 natura
1468 5043 1632 5098 Deum
1659 5055 1802 5111 esse,
1828 5043 1931 5099 nisi
1960 5057 2150 5099 verum

629 5218 656 5246 ι
695 5208 854 5263 Rom.
885 5206 1017 5263 edit.
1043 5206 1182 5278 sola,
1211 5205 1472 5278 ipsefacit
1490 5220 1672 5278 opera.
1703 5205 1794 5273 Et,
1829 5205 1980 5263 Sicut
2007 5223 2154 5260 man-

558 5279 738 5334 datum
765 5279 907 5334 dedit
933 5278 1058 5334 mihi
1081 5275 1260 5340 Pater,
1292 5275 1367 5331 sic
1395 5275 1553 5345 facio.

626 5348 656 5390 ι)
680 5349 811 5408 Mss.
840 5365 948 5405 non
981 5350 1159 5420 pauci.
1199 5347 1372 5420 studio
1397 5347 1706 5420 defendere;
1740 5349 1831 5403 alii
1862 5364 1982 5420 non
2015 5364 2150 5418 pau-

551 5423 756 5485 ciores,
797 5420 969 5477 studio
988 5418 1239 5486 deferre;
1269 5418 1408 5473 haud
1449 5419 1616 5482 male,
1657 5421 1704 5474 si
1747 5419 1911 5475 modo
1953 5421 2157 5486 deferre

551 5494 849 5564 accipiatur
870 5506 970 5564 pro
993 5490 1169 5564 cedere
1195 5491 1279 5564 vel
1309 5491 1549 5564 obsequi;
1590 5492 1798 5560 aliquot
1821 5491 1908 5544 alii
1937 5501 1992 5545 et
2018 5490 2152 5544 edit.

554 5560 740 5627 Roni.,
764 5560 939 5618 studia
965 5560 1179 5629 afferre.
1204 5561 1404 5617 Planus
1425 5561 1644 5628 quidem
1668 5575 1860 5615 sensus
1891 5579 1903 5612 :
1935 5571 1990 5614 at
2019 5575 2143 5615 cum

554 5633 762 5712 legatur
787 5634 850 5712 in_
869 5647 1000 5712 mss.
1034 5633 1195 5712 longe
1224 5631 1498 5712 plurimis,
1527 5631 1938 5712 et_antiq..edit.
1972 5631 2147 5685 studio

556 5699 787 5766 differre,
803 5703 990 5760 vitium
1001 5699 1414 5760 emendavimus
1433 5717 1466 5760 e
1495 5701 1618 5760 cod.
1642 5700 1856 5772 Remig.
1879 5716 2152 5774 reponen-

2264 4583 2493 4640 tendant
2524 4589 2726 4646 tamen,
2763 4581 2808 4635 si
2835 4579 2999 4635 modo
3034 4593 3095 4634 se
3129 4578 3246 4634 Arii
3280 4575 3572 4647 discipulos
3611 4580 3717 4626 esse
3748 4559 3806 4616 la-

2265 4683 2502 4732 teantur.
2530 4673 2664 4729 Nam
2694 4671 2969 4744 quomodo
2996 4678 3199 4743 negant
3229 4669 3566 4742 magistrum,
3591 4659 3723 4730 cujus
3742 4653 3805 4707 in-

2265 4780 2485 4826 ventum
2512 4769 2848 4839 sequuntur?

2335 4861 2430 4917 92.
2470 4859 2578 4917 Sed
2619 4859 2665 4914 si
2695 4857 2776 4914 illi
2803 4854 2831 4894 ἀ
2873 4857 2978 4912 hoc
3013 4855 3229 4923 dicunt,
3267 4853 3412 4927 quod
3435 4851 3622 4911 Arius:
3646 4841 3804 4917 justius

2259 4969 2360 5026 ego
2389 4952 2564 5008 debeo
2603 4951 2810 5018 dicere,
2839 4949 2982 5021 quod
3025 4947 3320 5019 Apostolus
3349 4945 3482 5002 dixit
3522 4939 3714 5015 (Ephes.
3739 4945 3800 5026 nt.

2259 5025 2373 5119 14).
2416 5043 2632 5101 Patrem
2663 5045 2811 5100 enim
2843 5042 3004 5110 dixit,
3028 5057 3138 5097 non
3185 5039 3482 5112 ingenitum
3509 5025 3799 5092 nominavit:

2258 5215 2360 5290 tes,
2376 5205 2546 5290 studio
2568 5204 2791 5274 differri,
2809 5203 2914 5261 hoc
2943 5213 3050 5272 est,
3075 5201 3274 5258 affectu
3302 5197 3546 5265 distrahi,
3575 5187 3740 5266 jactari
3755 5189 3795 5237 et

2256 5288 2517 5405 aglctall‘ilss.
2551 5349 2777 5419 aliquot,
2814 5346 3026 5402 Filium.
3064 5345 3180 5415 Quo
3213 5355 3422 5400 auctore
3446 5347 3612 5397 contra
3633 5333 3795 5402 apollo‘

2260 5421 2358 5489 lica
2381 5421 2573 5489 scripta
2594 5419 2927 5474 contendunt.

2289 5562 2300 5572 θ
2329 5488 2356 5528 ἀ
2396 5479 2533 5547 Tres
2552 5505 2717 5572 mss"
2738 5489 2839 5572 [too
2868 5489 3076 5572 dicunt,
3095 5480 3641 5572 quodprius”

2254 5562 2321 5616 rit
2348 5578 2366 5616 .-
2390 5539 2717 5644 tisana:
2738 5539 3122 5616 tisanana;
3132 5539 3320 5614 ante
3348 5539 3660 5635 adjiciemus.
3689 5539 3788 5622 sm;

2256 5632 2498 5687 brosmtn
2546 5649 2667 5702 qua:
2707 5632 2775 5687 de
2818 5631 3082 5702 vocabulo
3123 5631 3392 5702 ingenitas
3418 5627 3670 5702 disputat,
3698 5622 3790 5664 nnt-

2257 5712 2430 5761 tatum
2461 5697 2632 5761 videri
2659 5717 2726 5762 ex
2755 5701 2941 5761 Basilii
2960 5701 3110 5760 Orat.
3133 5697 3340 5758 2'cont.
3365 5697 3605 5756 Arianos.
