3936 6168
56 272 144 328 8H

644 267 732 324 DE
773 265 1311 326 INCARNATIONIS
1351 263 1702 324 DOMINICAS
1746 265 2216 324 SACRAMENTO
2256 267 2465 325 LIBER
2506 269 2708 329 UNUS.

3219 279 3326 335 842

44 386 214 442 Filium
249 384 400 450 dixit,
434 391 498 441 et
544 384 787 455 genitum
837 385 1036 441 Filium
1082 385 1238 442 dixit.
1285 385 1439 455 Quod
1485 385 1615 456 legi,
1645 388 1697 446 A
1725 393 1922 456 potest,
1948 387 2075 457 quia
2109 387 2286 442 omnia
2329 403 2394 443 ex
2433 387 2592 444 Patre
2627 389 2741 444 Deo
2773 388 2976 446 habent
3004 392 3335 452 subsistendi

50 497 140 536 non
165 495 330 551 nego;
359 479 539 535 immo
563 477 792 534 libenter
832 494 1038 550 usurpo
1071 498 1084 534 :
1139 480 1286 551 quod
1336 495 1445 534 non
1493 479 1618 550 legi,

56 587 292 644 usurpare
323 586 435 626 non
463 569 659 626 debeo.
695 570 804 626 Sed
846 578 1054 638 tamen,
1082 571 1227 643 quod
1255 571 1308 626 in
1339 570 1623 626 dialectica

57 682 145 722 non
172 665 489 733 faceremus,
516 673 804 734 usurpent;
835 666 880 721 si
909 681 1016 722 non
1045 674 1101 722 et
1128 665 1270 721 forte
1291 665 1477 721 dicant
1497 665 1623 737 quia

54 763 264 836 genitum
304 775 410 817 non
447 761 673 831 legimus
701 761 920 818 Patrem
961 763 1105 820 sicut
1133 762 1355 830 Filium,
1386 761 1508 818 ideo
1537 762 1623 818 in-

55 854 264 927 genitum
289 854 568 910 astimare
593 853 880 912 debemus.

113 949 190 1006 93.
220 947 543 1020 [intelligitur
571 947 706 1014 hoc,
739 963 872 1021 ergo
912 965 1020 1006 non
1062 950 1282 1020 legitur.
1325 949 1435 1008 Sed
1465 952 1511 1007 si
1544 952 1624 1007 in-

58 1044 304 1114 telligitur,
328 1059 429 1101 nec
453 1043 720 1116 Spiritum
748 1051 997 1099 sanctum
1019 1042 1268 1114 genitum
1294 1043 1397 1114 legi
1424 1061 1437 1098 :
1461 1043 1628 1116 724

58 1151 166 1208 ergo
191 1151 242 1192 et
261 1135 520 1207 Spiritus,
556 1135 683 1207 quia
709 1135 927 1207 genitus
945 1143 1186 1215 nonest,
1219 1135 1490 1208 ingenitus
1518 1136 1626 1190 uti-

59 1245 143 1296 que
167 1228 459 1285 secundum
492 1237 732 1284 vestram
764 1229 1092 1284 sententiam
1123 1227 1490 1284 nominandus
1518 1237 1624 1284 est.

63 1322 104 1378 Si
149 1322 296 1395 igitur
347 1324 650 1395 ingenitum
702 1323 885 1379 dicitis
927 1331 982 1378 et
1019 1323 1261 1394 genitum
1305 1337 1412 1377 non
1465 1337 1628 1391 posse

62 1415 194 1470 unius
231 1431 347 1473 esse
376 1415 730 1480 substantia;
759 1422 1011 1486 superest
1039 1425 1097 1469 ut
1136 1413 1204 1470 de
1232 1413 1392 1470 Patre
1419 1423 1476 1470 et
1505 1413 1626 1484 Spi-

24 1495 26 1497 ’
62 1507 144 1562 rita
173 1520 370 1578 sancto,
394 1508 523 1580 quia
562 1523 663 1565 nec
696 1507 912 1563 Patrem
951 1508 1197 1579 genitum
1241 1507 1497 1578 legimus,
1527 1522 1629 1563 nec

64 1599 290 1670 Spiritum
330 1611 610 1668 sanctum,
641 1600 902 1656 unitatem
939 1599 1139 1655 divina
1168 1607 1377 1655 natura
1406 1609 1461 1655 et
1497 1599 1630 1654 sub-

65 1696 244 1752 stantia
283 1712 389 1752 non
430 1697 664 1768 negetis.
717 1696 774 1753 Si
821 1697 967 1752 enim
1009 1696 1062 1751 in
1107 1711 1173 1752 eo
1210 1706 1294 1752 est
1330 1699 1412 1752 vis
1453 1697 1630 1754 omnis

1724 493 1963 535 causam.
2009 477 2163 534 Unde
2192 494 2299 535 non
2327 494 2449 536 esse
2470 481 2771 538 verisimile
2811 482 3022 550 dicunt,
3064 495 3122 540 ut
3163 487 3336 544 Filius

1726 573 1852 643 quia
1875 587 1943 628 ex
1960 572 2122 628 Patre
2135 583 2243 641 est,
2258 581 2314 629 et
2330 589 2395 630 ex
2411 590 2471 631 se
2483 589 2701 633 causam
2721 590 2830 632 non
2844 575 3041 634 habeat
3054 581 3209 647 utsit,
3235 582 3334 637 sed

1727 680 1792 720 ex
1821 663 2004 732 Patre,
2032 664 2229 720 similis
2255 666 2328 722 sit
2354 666 2499 722 Patri
2523 685 2538 723 :
2562 683 2685 724 cum
2714 669 2874 725 Pater
2898 686 2964 726 ex
2987 671 3096 728 alio
3111 687 3332 730 causam

1728 773 1836 812 non
1853 757 2065 824 habeat,
2083 757 2256 814 Filius
2268 769 2468 826 autem,
2489 771 2546 815 ut
2560 761 2664 831 ipsi
2680 761 2939 834 allegant,
2967 779 3092 821 esse
3109 781 3216 822 non
3234 781 3335 838 po-

1731 853 1918 918 tuerit,
1939 853 2042 907 nisi
2063 852 2165 908 hoc
2180 853 2355 924 ipsum
2369 869 2438 911 ex
2456 854 2617 912 Patre
2638 865 2859 913 utesset
2881 900 2896 926 ,
2928 863 3224 930 acceperit.

1805 943 1896 998 97.
1932 942 2167 1016 Ideoque
2197 945 2498 1016 ingenitum
2523 957 2578 1003 et
2605 949 2848 1019 genitum
2873 950 3060 1007 dicunt
3083 967 3206 1011 esse
3225 954 3336 1012 dis-

1731 1037 1996 1103 similem;
2029 1039 2186 1110 quasi
2220 1055 2386 1107 vero,
2418 1042 2563 1112 quod
2592 1042 2725 1098 alibi
2754 1058 2901 1115 sape
2923 1045 3036 1115 jam
3079 1046 3215 1114 dixi,
3243 1064 3338 1120 ge-

1732 1132 1943 1186 neratio
1980 1133 2265 1202 potestatis
2295 1133 2397 1200 sit,
2441 1150 2548 1189 non
2593 1144 2821 1192 natura.
2870 1137 3004 1194 Cum
3035 1140 3182 1194 enim
3214 1141 3340 1198 dico

1730 1222 1994 1292 genitum,
2028 1239 2137 1278 non
2180 1224 2571 1295 proprietatem
2600 1237 2829 1293 natura,
2860 1230 2956 1284 sed
2987 1230 3343 1301 signiﬁcatio-

1734 1330 1856 1369 nem
1888 1318 2260 1387 generationis
2290 1319 2572 1390 expressi;
2599 1330 2655 1375 et
2681 1321 2785 1377 hoc
2815 1325 3087 1395 exemplis
3119 1327 3342 1383 eviden-

1735 1408 1963 1464 tioribus
2015 1411 2351 1480 approbabo.
2386 1412 2520 1468 Nam
2567 1415 2611 1469 si
2656 1417 2989 1486 generaliter
3035 1419 3212 1476 dicam
3253 1422 3343 1478 Fi-

1734 1497 1889 1564 lium,
1917 1514 2018 1555 nec
2046 1501 2208 1574 725
2236 1501 2432 1557 addam
2460 1504 2641 1574 cujus,
2678 1517 2857 1577 potest
2877 1509 3106 1581 intelligi
3127 1520 3183 1568 et
3204 1512 3344 1570 ﬁlius

1737 1590 1996 1657 hominis,
2028 1602 2083 1648 et
2115 1589 2260 1649 ﬁliu's
2291 1595 2614 1666 iniquitatis,
2645 1605 2701 1654 et
2740 1598 2884 1654 ﬁlius
2914 1603 3262 1671 pestilentia,
3291 1616 3348 1662 et

1739 1685 1882 1742 ﬁlius
1931 1686 2160 1754 diaboli,
2215 1690 2358 1745 sicut
2403 1690 2472 1747 de
2523 1691 2730 1749 Judais
2778 1695 3066 1766 Scriptura
3113 1709 3347 1759 testatur

66 1799 228 1843 vestra
256 1787 660 1859 disputationis,
692 1787 837 1858 quod
870 1787 1142 1858 ingenitus
1169 1797 1225 1843 et
1257 1789 1476 1859 genitus
1518 1803 1626 1844 non
1655 1779 1703 1840 B
1735 1777 1918 1850 (Ιοαη.
1947 1796 2062 1847 vm,
2091 1780 2184 1853 44)
2213 1804 2224 1838 :
2262 1792 2316 1838 et
2345 1784 2491 1854 quod
2529 1785 2582 1840 in
2614 1801 2714 1842 usu
2741 1797 2861 1855 est,
2889 1801 2942 1844 et
2982 1791 3144 1849 fretus
3183 1810 3347 1864 pecu—

69 1892 256 1950 possunt
273 1897 392 1940 esse
415 1883 578 1938 unius
602 1891 811 1938 natura
835 1899 848 1936 :
874 1896 1007 1954 ergo
1033 1883 1123 1953 qui
1151 1898 1260 1950 non
1287 1891 1373 1938 est
1393 1882 1627 1953 genitus,

68 1989 163 2028 cum
189 1991 250 2031 eo
271 1976 360 2047 qui
385 1992 495 2033 non
525 1975 602 2031 sit
621 1974 862 2046 genitus,
888 1976 1048 2030 unius
1079 1983 1289 2030 natura
1311 1983 1473 2045 atque
1500 1974 1630 2030 sub-

1733 1870 1841 1936 dis,
1869 1881 1924 1929 et
1949 1873 2084 1944 pulli
2114 1875 2518 1934 columbarum.
2545 1878 2614 1933 Et
2646 1877 2770 1936 ideo
2804 1883 2858 1937 in
2889 1885 3262 1955 appellatione
3287 1890 3352 1944 ﬁ-

1736 1964 1933 2021 liorum
1960 1981 2068 2023 non
2093 1977 2178 2024 est
2205 1971 2492 2038 expressio
2521 1972 2826 2043 signiﬁcata
2858 1985 3087 2034 natura.
3117 1978 3188 2036 At
3215 1997 3350 2038 vero

70 2069 246 2124 stantia
292 2078 392 2124 est.
443 2078 468 2106 ⁸
518 2067 653 2124 Etsi
692 2067 815 2123 ideo
855 2067 1056 2138 putatis
1104 2067 1324 2124 Patrem
1363 2067 1631 2137 majorem

1756 2060 1779 2113 il
1815 2068 2065 2116 naturam
2109 2061 2396 2133 designare
2422 2063 2712 2134 desidero,
2755 2078 2849 2123 aut
2888 2069 3167 2128 hominem
3210 2090 3353 2131 nun-

71 2161 353 2231 csse,quia°
376 2163 602 2234 genitus
660 2177 771 2216 non
809 2171 929 2226 est;
971 2160 1237 2232 numquid
1287 2170 1342 2217 et
1395 2161 1636 2232 Spiritus

72 2262 253 2308 sanctus
279 2256 449 2326 major
477 2265 565 2312 est
595 2253 778 2310 Filio?

127 2347 202 2403 94.
245 2348 401 2404 Multa
444 2357 681 2421 possunt
723 2356 778 2405 et
818 2348 1108 2405 innumera
1149 2349 1401 2419 exempla
1438 2364 1639 2420 suppe-

77 2447 182 2505 tere,
211 2450 265 2495 ut
296 2440 361 2497 de
391 2456 458 2498 eo
483 2441 636 2512 quod
666 2441 910 2512 genitum
957 2453 1066 2496 non
1108 2441 1204 2504 sit,
1241 2439 1455 2495 dicatur
1485 2439 1640 2510 inge—

77 2531 235 2586 nilum.
272 2531 400 2588 Nam
425 2541 483 2589 et
505 2531 773 2588 mundum
806 2531 836 2570 ι)
865 2532 1119 2603 plerique
1171 2531 1476 2602 ingenitum
1518 2544 1641 2586 esse

75 2621 287 2678 dixerunt
331 2667 346 2692 ,
389 2633 444 2682 et
509 2612 805 2682 materiam
864 2639 1053 2681 rerum
1121 2624 1362 2680 omnium
1402 2665 1416 2690 ,
1478 2637 1640 2694 quam

79 2713 219 2772 Graci
247 2717 402 2792 hylen
429 2719 630 2775 dicunt
651 2761 665 2785 ,
693 2717 852 2790 quasi
886 2718 1077 2782 silvam
1107 2715 1472 2782 materialem,
1495 2715 1644 2786 inge-

79 2808 211 2864 nitam
240 2826 354 2867 esse
377 2819 780 2868 memorarunt.
815 2809 1018 2868 Vident
1052 2809 1214 2881 igitur
1251 2809 1306 2864 in
1340 2809 1444 2864 hoc
1471 2808 1645 2865 verbo

80 2907 447 2977 praerogativam
491 2905 791 2976 quamdam
821 2905 1111 2976 potestatis
1142 2919 1265 2962 esse
1307 2919 1416 2960 non
1459 2919 1644 2975 posse,

83 2995 158 3049 nisi
189 2995 312 3054 forte
348 3000 449 3054 hoc
485 2997 664 3053 verbo
704 2997 812 3053 sibi
851 2997 1124 3054 honorare
1167 2998 1338 3054 Deum
1367 2996 1645 3066 videntur,

86 3100 168 3152 quo
190 3087 483 3162 philosophi
506 3089 778 3146 mundum
805 3098 1140 3162 putaverunt
1162 3105 1286 3147 esse
1310 3090 1645 3146 donandum.

1737 2151 1984 2221 cupabo,
2027 2161 2121 2207 aut
2153 2168 2353 2223 equum
2385 2155 2696 2220 nominabo,
2730 2167 2823 2213 aut
2847 2174 3006 2216 avem
3045 2162 3254 2232 dicam,
3291 2173 3352 2221 ut

1739 2253 1930 2299 natura
1961 2245 2132 2314 possit
2163 2246 2415 2317 intelligi.

1810 2339 1899 2396 98.
1941 2339 2018 2395 lta
2049 2354 2181 2410 ergo
2210 2341 2256 2395 si
2280 2349 2531 2396 naturam
2559 2343 2724 2413 cupio
2750 2344 3038 2417 designare
3067 2348 3306 2406 divinam
3331 2392 3346 2418 ,

1744 2434 1914 2490 Deum
1947 2449 2137 2489 verum
2180 2433 2356 2490 debeo
2386 2436 2698 2492 nominare.
2747 2437 2882 2492 Cum
2916 2449 3098 2496 autem
3151 2442 3347 2501 Filium

1742 2528 1908 2593 dico,
1957 2538 2279 2599 generatum
2335 2529 2585 2600 significo
2629 2547 2642 2583 :
2693 2546 2816 2586 cuin
2869 2533 3087 2590 Patrem
3137 2553 3356 2608 quoque

1744 2623 1890 2690 dico,
1918 2638 2214 2695 generasse
2242 2623 2490 2681 declaro.
2519 2623 2634 2680 Non
2669 2641 2801 2696 ergo
2831 2626 2959 2681 hinc
2997 2638 3204 2685 natura
3233 2630 3352 2687 dis-

1745 2717 2051 2774 cretionem
2083 2717 2274 2784 facias,
2308 2732 2431 2772 cum
2463 2717 2534 2772 sit
2565 2718 2668 2774 hoc
2697 2720 3151 2790 signiﬁcatorium
3183 2739 3352 2794 gene-

1748 2810 1919 2866 rantis
1955 2820 2008 2865 et
2036 2810 2206 2880 geniti
2234 2827 2246 2862 :
2273 2810 2659 2882 signiﬁcatoria
2694 2822 2874 2868 autem
2916 2815 3232 2886 hujusmodi
3258 2835 3353 2875 ex-

1749 2904 1991 2973 primunt
2025 2903 2345 2959 substantia
2371 2905 2725 2974 qualitatem;
2755 2907 2911 2962 multi
2939 2913 3110 2977 enim,
3141 2911 3354 2979 utdixi,

1749 2994 1872 3060 ﬁlii,
1891 2993 1986 3050 sed
2009 2993 2302 3051 diversitas
2327 2995 2563 3052 ﬁliorum
2587 3014 2599 3051 :
2625 2997 2764 3053 alius
2791 3013 2891 3069 per
2914 3011 3191 3068 naturam,
3217 3003 3358 3060 alius

1749 3103 1850 3159 per
1872 3089 2124 3160 gratiam.

84 3175 310 3252 Numquid
356 3199 484 3255 ergo
529 3183 616 3239 sic
658 3183 934 3254 ingenitus
963 3183 1157 3249 Pater,
1186 3184 1329 3238 sicut
1372 3182 1648 3238 mundus?
1676 3163 1721 3225 (ἶ
1823 3183 1912 3239 99.
1957 3183 2136 3238 Multa
2165 3195 2434 3240 creatura
2466 3186 2771 3244 invisibiles
2815 3198 2872 3245 et
2911 3192 3360 3249 visibileszinvi-

85 3270 224 3327 Absit.
256 3278 355 3331 Aut
378 3276 466 3333 hic
505 3275 664 3333 solus
700 3276 874 3331 Deum
911 3275 1070 3332 decet
1105 3289 1310 3343 sermo,
1344 3290 1468 3331 cum
1505 3275 1650 3332 Deus

85 3361 196 3418 ultra
231 3381 536 3424 sermonum
583 3367 824 3422 omnium
865 3367 940 3422 sit
975 3366 1264 3424 ambitum.
1307 3365 1448 3421 Nihil
1489 3367 1652 3438 igitur

87 3455 338 3521 pretiosum
369 3461 482 3517 Deo
517 3461 582 3516 in
614 3474 681 3516 eo
715 3473 993 3524 sermone,
1019 3459 1109 3529 qui
1144 3458 1454 3514 communis
1482 3457 1653 3529 possit

87 3561 181 3604 esse
203 3566 313 3609 cum
342 3555 589 3611 eateris.

140 3639 213 3697 95.
242 3644 340 3702 Sed
371 3655 559 3704 tamen
586 3645 1052 3716 quemadmodum
1093 3645 1257 3700 vultis
1285 3687 1299 3711 ,
1345 3645 1655 3701 inastima-

92 3731 191 3791 bilis
210 3738 273 3792 sit
308 3738 466 3811 hujus
492 3739 862 3812 prarogativa
883 3737 1303 3808 sermonis,qua
1321 3753 1428 3792 non
1467 3746 1659 3792 aucto-

91 3825 218 3884 ritate
241 3830 411 3903 aliqua
444 3831 793 3902 designatur,
827 3829 924 3886 sed
961 3839 1147 3886 vestro
1176 3831 1479 3884 astimatur
1513 3827 1659 3883 arbi-

91 3919 189 3973 trio.
213 3921 321 3988 Quo
348 3925 512 3996 igitur
545 3924 655 3979 lioc
681 3921 921 3994 proﬁcit,
954 3931 1015 3977 ut
1057 3937 1128 3978 ex
1165 3921 1335 3977 verbo
1361 3921 1545 3976 velitis
1580 3918 1660 3974 fa-

89 4021 187 4065 cere
232 4014 362 4071 inter
410 4017 634 4072 Patrem
688 4024 742 4071 et
801 4015 1002 4070 Filium
1055 4013 1376 4069 distantiam
1424 4021 1656 4078 natura,

91 4098 357 4164 distantiam
398 4107 730 4180 potestatis?
759 4106 1066 4178 lngenitus,
1112 4105 1320 4175 inquit,
1360 4113 1413 4160 et
1448 4103 1663 4175 genitus

93 4207 176 4250 non
192 4210 400 4267 possunt
420 4202 588 4258 unius
609 4215 732 4257 esse
754 4209 962 4256 natura
983 4208 1148 4270 atque
1171 4196 1522 4262 substantia;
1546 4205 1660 4264 aut,

95 4295 506 4357 quemadmodum
536 4295 818 4352 interdum
845 4295 1055 4359 dicunt,
1080 4292 1394 4363 inoperatus
1416 4299 1470 4347 et
1491 4290 1666 4347 factus

97 4395 178 4437 non
207 4401 320 4446 sunt
344 4393 500 4449 unius
526 4400 758 4448 natura.
787 4389 970 4461 Neque
1001 4387 1146 4444 enim
1174 4385 1560 4443 discretionem
1588 4387 1668 4442 la-

1753 3274 1966 3341 sibiles,
2012 3283 2072 3330 ut
2100 3275 2450 3348 Principatus
2476 3289 2529 3334 et
2560 3277 2896 3349 Potestates,
2930 3283 3140 3341 Throni
3171 3294 3226 3340 et
3255 3288 3363 3342 Do-

1754 3366 2085 3422 minationes
2118 3385 2130 3419 :
2159 3368 2431 3436 visibiles,
2461 3377 2518 3424 ut
2565 3372 2687 3438 sol,
2733 3373 2881 3440 luna,
2927 3377 3125 3444 stella,
3160 3377 3357 3446 homo,

1754 3469 1922 3515 terra.
1952 3459 2096 3530 Ergo
2119 3459 2353 3516 diversa
2379 3464 2616 3533 species,
2645 3473 2702 3520 et
2727 3465 2959 3522 diversa
2982 3479 3360 3529 creaturarum

1753 3549 2079 3607 substantia
2121 3562 2268 3607 sunt.
2319 3553 2509 3622 Itaque
2541 3555 2588 3610 si
2614 3555 2755 3611 velis
2786 3559 3178 3628 proprietatem
3208 3579 3364 3619 crea-

1756 3651 1892 3700 tura
1939 3644 2173 3714 alicujus
2221 3645 2576 3716 exprimere,
2628 3658 2724 3701 aut
2775 3648 2947 3704 solem
2976 3691 2992 3716 ,
3033 3660 3129 3706 aut
3177 3654 3358 3710 lunam

1760 3735 2072 3792 nominabis
2097 3777 2110 3801 ,
2141 3742 2238 3790 aut
2262 3737 2450 3791 stellas
2477 3755 2490 3790 :
2533 3745 2588 3792 et
2621 3739 2702 3793 sic
2738 3738 3064 3810 intelligitur
3090 3743 3221 3813 quid
3260 3747 3353 3814 sit,

1759 3827 1904 3898 quod
1935 3825 2350 3896 signiﬁcandum
2383 3829 2683 3896 putaveris.

1835 3917 1958 3972 100.
1997 3915 2271 3970 Caternm
2299 3916 2344 3970 si
2375 3917 2575 3973 factum
2612 3918 2766 3976 dicas
2786 3929 2881 3977 aut
2905 3933 3146 3982 creatum
3171 3969 3185 3996 ,
3219 3931 3364 4000 quod

1763 4009 2036 4065 interdum
2065 4006 2265 4063 Filium
2296 4007 2516 4074 dicunt;
2550 4011 2678 4081 quia
2706 4013 2878 4068 multa
2925 4015 3066 4073 facta
3097 4028 3152 4075 et
3179 4032 3364 4080 creata

1763 4110 1922 4168 sunt,
1953 4116 2060 4156 non
2107 4100 2497 4172 proprietatem
2545 4102 2865 4159 substantia
2910 4106 3118 4163 videris
3163 4113 3367 4183 signiti-

1765 4210 1941 4261 casse,
1968 4195 2064 4251 sed
2091 4193 2331 4266 speciem
2353 4193 2653 4265 qualitatis.
2684 4196 2847 4253 Aliud
2869 4199 3013 4255 enim
3037 4201 3368 4271 substantia,

1721 4271 1727 4278 ’
1769 4288 1913 4345 aliud
1946 4287 2180 4358 qualitas
2207 4295 2311 4342 est.
2346 4286 2589 4358 Denique
2625 4298 2646 4326 ε
2677 4287 2917 4346 diximus
2946 4299 3002 4347 et
3030 4292 3180 4362 alibi,
3201 4298 3374 4353 οὐσίαν

1769 4385 1841 4438 ita
1886 4382 2277 4451 interpretatos
2307 4378 2530 4435 Latinos
2555 4421 2570 4446 ,
2599 4389 2661 4435 ut
2696 4381 3056 4440 substantiam
3100 4385 3368 4444 dicerent.

98 4478 812 4563 ciuntingenitietjinOperati,
829 4500 1005 4556 neque
1021 4483 1330 4540 distantiam
1344 4483 1670 4538 voluntesse
1692 4541 1745 4563 ﬂ
1771 4480 1941 4534 Οὖσὶα
1962 4484 2143 4531 autem
2174 4473 2270 4530 Dei
2293 4489 2414 4530 cum
2440 4467 2663 4542 dicitur,
2680 4475 2807 4546 quid
2833 4476 2978 4532 aliud
3009 4479 3373 4551 signiﬁcatur,

101 4568 210 4628 inter
223 4541 450 4647 genitum
468 4541 554 4638 vel
572 4541 842 4646 creatum,
869 4577 1033 4633 modo
1054 4583 1113 4632 ut
1141 4583 1447 4632 creaturam
1469 4573 1663 4630 Filium
1691 4541 1746 4602 D

102 4657 266 4725 dicant.

156 4755 231 4812 96.
257 4761 440 4837 Dicunt
458 4781 593 4837 ergo
605 4765 731 4836 quia
746 4763 910 4820 Pater
932 4777 1148 4818 omnem
1171 4776 1414 4830 causam,
1449 4762 1551 4819 hoc
1581 4771 1668 4818 est

108 4848 262 4919 αἰτίαν,
284 4856 415 4912 sicut
437 4858 617 4914 Graeci
639 4857 851 4922 dicunt,
875 4869 1288 4927 supergressus,
1317 4869 1440 4910 cum
1471 4870 1536 4910 ex
1559 4855 1666 4910 alio

106 4952 285 5003 creatus
310 4966 411 5006 nou
439 4954 527 5018 sit,
557 4969 664 5008 non
695 4953 765 5007 sit
795 4949 975 5016 ﬁlius;
999 4964 1126 5004 cum
1153 4950 1340 5019 utique
1361 4947 1666 5004 substantia

109 5033 180 5099 sit,
195 5054 289 5096 non
307 5045 518 5102 aliunde
537 5045 862 5117 principium
885 5045 1093 5099 habens
1108 5043 1194 5099 vel
1212 5057 1456 5110 causam,
1477 5057 1544 5098 ex
1561 5056 1668 5113 qua

110 5125 195 5181 sit:
223 5143 274 5188 et
302 5135 440 5206 ideo,
470 5139 746 5210 inquiunt,
780 5136 883 5194 alia
914 5135 1037 5191 talis
1067 5134 1375 5191 substantia
1404 5149 1526 5190 esse
1561 5148 1670 5190 non

172 5291 630 5371 fljonnulliimss"
665 5297 732 5353 Et
755 5300 798 5354 si
824 5299 940 5353 ideo
971 5307 1212 5368 putamus
1233 5306 1456 5371 patrem,
1484 5305 1590 5371 etc.

119 5423 152 5481 Β
170 5357 192 5395 δ
212 5363 418 5430 Quinam
459 5370 563 5427 hoc
585 5357 895 5438 docuerint,
920 5357 1220 5440 cognosces
1233 5357 1311 5426 ἐι
1341 5357 1499 5423 initio
1522 5366 1618 5423 lib.
1648 5382 1666 5420 ι

158 5445 336 5481 autem-

158 5445 338 5490 exaem.

179 5512 196 5538 τ
223 5505 298 5582 _l§x
335 5508 398 5564 iis
439 5528 556 5582 qua
605 5513 862 5570 dicuntur
905 5512 1009 5568 hoc
1046 5512 1169 5568 loco
1217 5512 1286 5567 de
1326 5527 1461 5567 voce
1489 5512 1666 5582 οὐσία,

120 5574 419 5650 manifestum
457 5574 548 5638 "est
595 5601 692 5640 nos
743 5585 812 5640 ab
857 5583 1149 5640 Ambrosio
1195 5597 1302 5638 non
1349 5583 1556 5640 remitti
1601 5581 1670 5636 ad

120 5639 240 5722 5‘1in
263 5647 416 5722 QpIIS,
446 5669 605 5721 Quam
634 5639 700 5710 ad
733 5639 826 5712 lib.
863 5639 918 5709 lll
965 5654 1034 5710 de
1063 5652 1218 5716 Fide.
1241 5669 1364 5722 cap.
1394 5639 1486 5718 l5,
1516 5668 1667 5707 num.

116 5708 212 5796 ξεῖ,
243 5708 320 5771 ubi
345 5708 698 5796 ρι’ρῇιιέἑυίιῖ
724 5708 799 5780 ob
826 5708 1071 5796 ejusdem
1097 5708 1262 5780 vocis,
1284 5708 1674 5796 etymologiam

111 5789 207 5838 cum
233 5800 404 5846 sancto
435 5794 678 5854 Doetore
703 5789 955 5866 asperius
994 5795 1174 5868 egisse
1203 5789 1567 5854 ostendimus.

349 5882 640 5954 PATROL.
718 5889 894 5952 XVI.

1773 4569 1880 4626 nisi
1925 4569 2096 4624 Deum
2144 4582 2364 4636 semper
2411 4566 2578 4622 esse?
2607 4566 2763 4632 Quod
2807 4568 3004 4624 littera
3032 4570 3164 4641 ipsa
3195 4574 3381 4644 expri-

1771 4670 1947 4730 munt,
1975 4660 2236 4732 quoniam
2259 4659 2342 4714 vis
2369 4658 2557 4713 divina
2582 4655 2720 4714 οὖσα
2749 4662 2829 4716 ἀεὶ
2848 4701 2863 4725 ,
2893 4659 2999 4716 hoc
3023 4672 3127 4727 est,
3154 4679 3276 4719 eum
3304 4669 3378 4722 sit

1766 4771 1988 4827 semper
2009 4797 2023 4822 ,
2065 4757 2216 4810 οὐσία
2253 4753 2454 4808 dicitur
2480 4795 2494 4818 ,
2528 4753 2689 4807 unius
2721 4752 2922 4810 littera
2950 4764 3159 4812 mutato
3182 4757 3378 4816 ordine

1765 4860 1992 4921 propter
2021 4863 2216 4903 sonum
2245 4855 2300 4901 et
2327 4844 2712 4915 compendium
2760 4845 3127 4918 decoremque
3165 4865 3375 4908 sermo-

1769 4945 1876 5000 nis.
1919 4942 2063 5011 Ergo
2092 4941 2244 4994 οὖσία
2267 4979 2284 5006 ,
2316 4936 2460 5007 quod
2492 4951 2712 5006 semper
2742 4936 2813 4992 sit
2843 4937 2985 4994 Deus
3008 4979 3024 5005 ,
3055 4941 3328 5010 signiﬁcat
3357 4963 3368 4996 :

1771 5035 1995 5110 ingeniti
2021 5043 2226 5100 autem,
2260 5039 2320 5087 ut
2345 5039 2402 5086 tu
2430 5031 2536 5097 vis,
2558 5031 2644 5086 vel
2670 5031 2842 5102 geniti
2870 5033 3166 5102 appellatio
3195 5034 3220 5074 ά
3243 5055 3380 5109 quo-

1773 5127 1937 5186 modo
1979 5127 2082 5194 sit,
2112 5123 2388 5190 declarat,
2422 5122 2526 5178 hoc
2563 5130 2680 5190 est,
2725 5123 2872 5193 quod
2912 5139 3023 5180 non
3070 5141 3138 5182 ex
3164 5128 3274 5184 alio
3303 5131 3378 5187 sit

1844 5289 1872 5327 τι
1911 5287 2085 5352 Edit.,
2109 5285 2235 5356 quid
2263 5285 2327 5338 sit
2357 5283 2620 5350 declarat;
2645 5286 3088 5356 mss.i,.quomodo
3114 5289 3180 5342 sit
3205 5291 3379 5349 decla-

1765 5371 1885 5427 rat,
1916 5359 1972 5415 id
1998 5367 2104 5422 est,
2124 5355 2246 5430 non
2272 5356 2670 5430 substantiam,
2699 5355 2797 5411 sed
2825 5356 3042 5411 modum
3064 5359 3375 5430 signiﬁcat.

1769 5433 1986 5502 Optime
2015 5443 2183 5493 sane;
2229 5429 2333 5482 hoc
2357 5428 2504 5502 enim
2534 5428 2760 5502 petitum
2804 5434 2927 5502 est,
2966 5443 3031 5502 ex
3061 5428 3167 5485 illis
3193 5431 3378 5489 Basilii

1771 5497 2089 5568 verbis,lib.
2122 5514 2175 5579 iv
2201 5507 2357 5579 cont.
2387 5497 2642 5579 Ειιξισῐηη
2667 5498 2914 5579 13_1rfip€r_5
2934 5499 3126 5575 τρόπος
3170 5505 3227 5558 τὸ
3253 5507 3374 5579 ἀγέ-

1776 5566 2068 5640 νητονέκαί
2110 5573 2200 5627 οὐκ
2242 5573 2423 5633 οὐσίας
2459 5566 2634 5643 ὅνᾳμα.
2682 5566 2923 5643 Advorte
2966 5566 3150 5643 'autem
3193 5566 3380 5643 pau'cis

1777 5656 1906 5719 post
1945 5644 2130 5719 verbis
2159 5657 2350 5698 vocem
2396 5641 2596 5704 species
2641 5641 2878 5719 positam
2925 5655 3026 5719 pro
3067 5641 3381 5719 individuo,

1781 5710 1926 5790 quod
1955 5716 2338 5792 insolens_n_on
2383 5726 2505 5792 esse
2546 5711 2690 5782 apud
2737 5710 3085 5768 AmbrOsium
3129 5715 3258 5773 alibi
3293 5710 3390 5774 oli-

1779 5784 2055 5848 servatniii
2085 5801 2116 5842 a
2139 5784 2301 5842 nobis
2330 5784 2591 5854 reperies.

2825 5876 2906 5938 27
