3956 6170
129 241 214 297 815
676 227 765 286 DE
803 223 1339 286 INCARNATIONIS
1374 217 1729 279 DONINICE
1768 216 2238 281 SACRAMENTO
2273 221 2484 280 LIBER
2521 221 2736 283 UNUS.
3258 225 3365 282 816

122 347 483 409 similitudinem
527 352 735 411 servet,
785 343 963 415 imago
1013 343 1132 415 ejus
1171 356 1242 398 ex
1275 348 1431 411 parte
1471 338 1667 395 similis
1695 336 1747 395 A
1769 346 1988 392 creatus
2018 337 2201 403 Pater,
2234 338 2513 397 increatus
2565 350 2622 397 et
2669 339 2872 405 Filius;
2901 341 3028 411 quia
3052 354 3161 395 non
3193 340 3371 396 nititur

123 455 337 499 essenon
382 437 565 508 possit.
1769 425 1951 492 Pater,
2006 441 2116 482 non
2159 427 2338 485 minor
2369 429 2577 496 Filius;
2626 431 2750 502 quia
2789 430 3135 501 omnipotens
3183 430 3369 500 Pater,

181 534 283 590 110.
319 531 419 589 Sed
466 531 553 603 qui
605 530 838 587 similem
905 528 1207 585 secundum
1254 522 1520 582 unitatem
1574 538 1670 579 na—
1768 516 2116 587 Omnipotens
2144 516 2338 576 Filius,

1846 612 1970 667 115.
1996 612 2210 669 Dictum
2235 623 2322 671 est
2346 614 2529 688 igitur,
2557 616 2769 673 etiamsi
2795 627 3062 689 usurpent
3086 618 3231 690 quod
3263 634 3370 674 non

1769 706 1981 776 legunt,
2013 717 2072 761 ut
2096 707 2400 781 ingenitum
2431 710 2651 778 dicant;
2681 728 2749 768 eo
2790 713 2957 769 verbo
3003 722 3185 769 tamen
3239 715 3374 770 nihil

1771 797 2023 867 impediri
2053 802 2347 873 quominus
2396 805 2560 860 unius
2607 815 2815 861 natura:
2861 817 3023 877 atque
3052 808 3377 864 substantia}.

1772 891 2048 948 Christum
2076 910 2202 950 eum
2233 897 2393 952 Patre
2423 912 2548 954 esse
2575 899 2879 955 credamus.
2912 900 3068 969 Quod
3123 902 3167 957 si
3208 902 3373 957 unius

1774 995 2002 1053 naturae,
2056 990 2240 1069 utique
2268 991 2429 1045 unius
2474 992 2750 1060 potentiae.

1846 1080 1972 1136 114.
2022 1082 2127 1150 Qui
2176 1083 2399 1153 quidem
2446 1085 2599 1142 locus
2640 1085 2786 1141 haud
2837 1086 3118 1143 difﬁcilior
3167 1095 3254 1143 est
3298 1088 3367 1143 ad

1772 1172 2074 1231 refellenda
2104 1177 2283 1232 studia
2311 1177 2667 1247 perﬁdorum.
2693 1178 2980 1245 Quomodo
3003 1179 3149 1235 enim
3177 1186 3377 1251 negant

1774 1267 2209 1338 omnipotentem
2246 1268 2550 1339 Christum,
2612 1271 2758 1341 quod
2810 1272 3071 1342 scriptum
3125 1281 3234 1339 est,
3287 1273 3382 1343 qui

1774 1359 1968 1414 volunt
1994 1376 2280 1431 usurpare.
2304 1362 2448 1434 quod
2477 1378 2589 1421 non
2615 1364 2815 1421 docent
2843 1365 3156 1436 scriptum?
3184 1366 3375 1421 Omni-

1775 1456 2059 1525 potentem
2082 1455 2285 1510 ctenim
2307 1454 2585 1513 Christum
2614 1472 2776 1527 supra
2807 1456 3097 1515 docuimus
3144 1458 3164 1530 (
3189 1458 3304 1512 Lib.
3339 1475 3376 1513 ll

1775 1545 1840 1600 de
1885 1544 2021 1601 Fide
2060 1563 2107 1602 ο.
2132 1547 2168 1602 5
2192 1545 2239 1620 ),
2291 1557 2347 1604 ct
2396 1549 2453 1605 in
2489 1549 2720 1608 Joannis
2775 1552 3127 1621 evangelista:
3156 1551 3372 1622 Apoca-

114 1646 394 1702 tubstantire
422 1646 577 1716 ejus;
614 1644 718 1700 nisi
751 1651 777 1681 ⁸
808 1642 933 1714 quia
965 1643 1019 1697 in
1064 1656 1132 1696 eo
1176 1649 1388 1695 naturae
1418 1637 1669 1710 ejusdem
1777 1638 1945 1710 lypsi,
1982 1650 2004 1677 ε
2052 1647 2111 1696 et
2137 1639 2192 1696 in
2222 1639 2502 1709 Zacharias
2544 1641 2857 1715 prophetia,
2887 1652 2944 1699 et
2988 1644 3042 1699 in
3076 1643 3377 1715 Evangelio

114 1739 279 1805 unitas,
308 1745 361 1795 et
382 1738 501 1807 ejus
527 1735 831 1807 maiestatis
854 1733 1139 1804 expressio
1163 1729 1290 1786 est?
1776 1732 2168 1804 signiﬁcatum.
2199 1734 2332 1805 Quae
2370 1735 2415 1791 si
2446 1738 2576 1807 quis
2620 1737 2958 1799 recensenda
3005 1745 3185 1810 putat,
3217 1753 3381 1813 supe-

172 1833 275 1889 111.
326 1832 504 1889 ltAlia
552 1834 698 1888 enim
751 1829 1052 1887 secundum
1116 1822 1480 1882 imitationem
1522 1822 1671 1880 simi-
1706 1827 1929 1891 Briora
1979 1829 2226 1884 revolvat
2277 1838 2333 1885 et
2354 1838 2589 1900 repetat.

112 1927 273 1997 litudo,
301 1929 405 1984 alia
430 1925 739 1983 secundum
765 1932 1016 1979 naturam
1046 1939 1057 1975 :
1089 1918 1233 1993 quod
1268 1911 1673 1991 propositorum
1852 1921 1981 1979 115.
2037 1921 2242 1979 Tamen
2268 1924 2413 1992 quod
2456 1923 2530 1981 ibi
2560 1935 2787 1998 prapter
2811 1927 3221 1999 congestionem
3261 1937 3375 1987 tes-

114 2021 449 2091 exemplomm
534 2018 698 2075 ειί-ηη
760 2016 925 2072 verba
978 2013 1267 2081 iudicant;
1327 2012 1461 2069 dicit
1532 2010 1675 2065 ettitu
1782 2011 2137 2069 limoniurmn
2190 2030 2330 2085 pene
2372 2017 2630 2086 prmterii,
2680 2017 2867 2073 dicant
2922 2018 2995 2075 de
3038 2034 3148 2090 quo
3188 2029 3378 2091 putent

116 2112 395 2184 Scriptura:
419 2112 604 2168 Estote
623 2110 820 2177 sancti;
842 2116 901 2163 ut
921 2107 974 2161 id
1001 2105 1131 2161 ﬁant
1161 2121 1262 2176 per
1288 2104 1675 2159 imitationem.
1779 2101 2010 2170 dictum,
2037 2105 2185 2176 quod
2219 2107 2385 2162 Amos
2415 2108 2757 2178 prophetavit
2782 2125 2798 2173 ;
2828 2109 2910 2164 sic
2934 2109 3081 2166 enim
3105 2110 3370 2182 scriptum
3452 2128 3453 2131 ‘

114 2198 406 2260 Hominibus
433 2220 573 2275 ergo
604 2202 848 2257 dicitur:
883 2198 1079 2265 Estote,
1108 2197 1233 2269 quia
1264 2212 1370 2252 non
1402 2204 1533 2251 sunt
1563 2213 1575 2247 :
1608 2193 1677 2248 de
1781 2207 1907 2257 est:
1944 2198 2197 2255 Dominus
2217 2201 2307 2271 qui
2331 2201 2499 2271 attigit
2540 2210 2753 2265 terram,
2778 2203 2943 2276 729
2969 2212 3017 2258 et
3056 2213 3221 2258 more!
3241 2221 3381 2268 eam,

114 2309 162 2351 εθ
198 2307 365 2353 amem
415 2295 558 2352 dicit
605 2293 781 2361 Deus.
833 2293 953 2364 quia
989 2300 1198 2347 εαηεειιε
1236 2305 1389 2355 ωηιῖ
1420 2302 1526 2342 non
1578 2286 1682 2339 υιὶ-
1784 2301 1833 2346 et
1858 2291 2103 2362 lugebant
2130 2307 2306 2347 omnes
2335 2304 2710 2349 commorantes
2762 2294 2815 2349 in
2864 2311 2943 2349 ea.
2991 2293 3107 2349 Etd
3138 2299 3378 2352 ascendet

116 2402 201 2457 que
259 2388 585 2459 proliciente
636 2400 937 2457 processu,
1001 2383 1097 2438 sed
1148 2390 1404 2437 manente
1463 2386 1678 2434 natura.
1784 2385 1919 2439 sicut
1943 2386 2137 2455 ﬂumen
2163 2382 2409 2457 Egypti,
2443 2386 2565 2456 quin
2611 2384 2844 2454 ludiﬁcat
2883 2402 3044 2455 super
3088 2390 3268 2443 rte/um
3299 2408 3383 2445 as-

116 2480 289 2538 Deinde
336 2482 412 2537 ait
460 2479 751 2551 Sapientia
810 2494 824 2532 :
881 2472 1062 2531 Estote
1121 2472 1375 2544 perfecti;
1439 2479 1498 2525 υῐ
1547 2468 1683 2524 Ῑηοί·
1784 2478 2267 2542 censionemsuaut,
2296 2487 2344 2531 et
2373 2460 2820 2547 repromissionem
2843 2494 2991 2533 suam
3017 2495 3174 2549 super
3198 2490 3389 2535 terram

117 2574 244 2643 plant
268 2573 489 2642 habeI‘E,
547 2569 693 2642 quOd
744 2582 853 2625 non
900 2567 1126 2622 habent.
1172 2564 1248 2620 De
1292 2564 1456 2619 Patre
1503 2572 1684 2617 alllem
1789 2572 2105 2642 conﬁrmat:
2144 2571 2232 2640 qui
2272 2569 2493 2625 advocat
2531 2586 2718 2639 aquam
2744 2570 2929 2636 maris,
2957 2580 3004 2624 et
3027 2569 3248 2638 eﬂumtit
3277 2589 3391 2626 eam

116 2667 262 2723 ἀίοίῑε
292 2667 441 2725 δέεαι
471 2666 643 2721 Pam
668 2672 855 2729 νεειεν,
878 2660 967 2731 tl"i
1000 2660 1054 2714 ίη
1103 2659 1244 2713 εοειῖε
1290 2665 1383 2723 ⁸³⁸,
1433 2654 1689 2725 perlectus
1787 2680 1943 2733 super
1964 2664 2152 2735 [aciem
2179 2674 2350 2730 terrae,
2377 2661 2629 2717 Dominus
2651 2663 2974 2732 omnipotens
3005 2680 3194 2719 nomen
3222 2673 3296 2719 est
3318 2665 3387 2722 ei.

117 2769 191 2813 est.
217 2759 308 2816 Est
335 2775 466 2831 ergo
506 2755 794 2831 perfectus
820 2754 1005 2819 Pater,
1036 2750 1128 2822 qui
1169 2763 1385 2819 semper
1423 2757 1528 2803 eSt.
1559 2745 1689 2801 Ideo
1790 2756 1983 2813 Nonne
2011 2755 3263 2827 lnrcomniainFiliumiutclliguutconvenire,
3299 2760 3390 2827 qui

116 2852 211 2922 ejus
236 2855 315 2911 vel
346 2855 497 2911 οὐσία
535 2851 751 2914 Graece,
778 2846 923 2919 quod
953 2846 1024 2901 sit
1071 2858 1324 2917 semper;
1355 2842 1439 2897 vel
1469 2839 1684 2906 Latine,

1802 2861 1994 2907 terram
2020 2850 2362 2907 descendens
2386 2850 2585 2921 tetigit,
2610 2850 2662 2905 in
2692 2852 2947 2921 passione
2973 2851 3296 2919 commovit,
3327 2853 3398 2910 de

117 2945 233 3012 quod
261 2947 314 3001 in
340 2960 440 3002 suo
462 2953 718 3007 maneat,
754 2953 856 2995 nec
904 2953 1011 3009 cpe
1040 2937 1304 2993 subsistat
1347 2933 1551 3000 aliena,
1591 2946 1688 3003 ap-

1802 2946 1956 3002 Lerris
1985 2944 2232 3003 ascendit
2262 2946 2314 3001 in
2343 2945 2565 3011 coelum,
2593 2953 2651 3000 et
2672 2960 2841 3019 super
2871 2956 3072 3003 terram
3112 2944 3402 3004 descendit

121 639 233 684 tura!
260 632 471 696 negant,
502 623 741 678 similem
794 622 1015 678 ceteris
1059 621 1421 676 arbitrantur.
1476 616 1674 675 Solent

120 722 238 777 enim
266 718 477 774 dicere:
507 715 618 770 (iur
648 715 857 784 putatis
881 714 1006 785 quia
1036 712 1271 767 multum
1302 709 1455 766 dedit
1483 709 1670 778 Scripo

119 825 215 869 tura
243 812 393 877 Filio,
448 810 572 882 quia
624 808 918 879 imaginem
963 807 1143 874 dixit;
1195 820 1316 861 cum
1359 802 1481 874 ipse
1525 798 1673 859 Deus

119 909 285 965 dixerit
337 905 687 960 hominibus:
722 902 900 958 Estote
946 901 1139 962 sancti,
1190 898 1435 967 quoniam
1479 907 1529 953 et
1576 912 1671 969 ego

118 1009 287 1057 satietas
306 1015 415 1053 sum
437 998 455 1069 (
478 996 598 1050 Lee.
631 1011 751 1060 ιη,
775 995 811 1048 2
832 994 898 1065 )?
926 993 994 1048 Et
1026 992 1200 1047 Filius
1221 990 1459 1045 dixerit:
1492 988 1673 1044 Estote

117 1094 317 1165 perfecti,
343 1093 473 1147 sicut
491 1101 542 1145 et
562 1089 723 1145 Pater
744 1096 909 1143 uester
938 1087 1028 1157 qui
1056 1087 1111 1140 in
1128 1085 1275 1140 sctis
1293 1094 1390 1149 est,
1416 1081 1671 1154 perfectus

116 1184 413 1257 est(.llattlt.
442 1199 571 1248 XVI,
603 1180 763 1249 ιδῃ
802 1179 913 1236 Nec
962 1178 1276 1248 intelligunt
1324 1193 1389 1229 eo
1436 1175 1552 1245 ipso
1583 1190 1668 1229 as-

116 1280 199 1334 trui
214 1278 382 1352 .728
405 1277 528 1349 quia
552 1292 658 1331 non
678 1274 977 1330 secundum
993 1283 1227 1343 partem,
1257 1269 1352 1325 sed
1369 1269 1667 1325 secundum

115 1368 465 1441 plenitudinem
497 1366 806 1424 divinitatis
834 1376 890 1422 et
920 1363 1315 1437 perfectionem
1348 1362 1545 1418 similis
1600 1361 1677 1418 sit

114 1458 256 1519 Filius
278 1462 439 1518 Patri.
479 1460 726 1531 Denique
780 1458 826 1514 si
883 1456 1046 1514 multi
1094 1454 1323 1523 similes,
1376 1470 1476 1510 cur
1523 1454 1672 1509 solus

116 1554 255 1610 Filius
310 1554 486 1626 imago
524 1550 822 1608 invisibilis
873 1548 971 1606 Dei
1020 1548 1246 1615 dicitur,
1288 1554 1345 1603 et
1390 1545 1676 1601 character

114 3036 321 3108 pellatur
350 3035 691 3095 substantia.

171 3130 281 3186 112.
334 3132 583 3188 Sanctus
630 3141 761 3197 ergo
810 3123 1010 3190 Pater,
1064 3130 1120 3178 et
1173 3119 1450 3190 perlectus
1505 3118 1689 3183 Pater,

1792 3052 1823 3093 e
1847 3037 2009 3100 cmlo,
2040 3037 2182 3092 sicut
2203 3039 2320 3107 ipse
2352 3037 2722 3105 promiserat?

1867 3130 1991 3185 116.
2023 3129 2129 3186 Sed
2148 3128 2275 3200 quid
2301 3128 2368 3183 de
2396 3128 2535 3183 Filio
2558 3127 2772 3197 laboro,
2792 3144 2918 3185 cum
2941 3130 3106 3186 etiam
3126 3130 3391 3200 Spiritum

114 3232 304 3279 sanctus
333 3223 499 3280 etiam
547 3227 605 3275 et
643 3217 921 3290 perfectus
949 3214 1141 3278 Filius,
1176 3212 1332 3284 quasi
1363 3211 1543 3280 imago
1570 3208 1688 3263 Dei.

1802 3224 2231 3294 omnipotentem
2284 3223 2563 3292 Scriptura
2622 3224 2914 3279 testetur?
2988 3223 3265 3297 Scriptum
3310 3235 3399 3281 est

114 3316 266 3388 imago
293 3328 473 3375 autem
497 3316 631 3381 Dei,
665 3313 791 3385 quia
822 3309 1007 3365 omnia
1039 3322 1161 3378 quae
1193 3314 1321 3361 sunt
1346 3304 1468 3369 Dei,
1503 3300 1698 3358 viden-

114 3418 187 3466 tur
206 3413 254 3468 ln
277 3412 439 3477 Filio,
472 3411 530 3467 id
564 3418 671 3475 est,
695 3406 1019 3478 sempiterna
1047 3402 1325 3466 divinitas,
1350 3399 1698 3469 omnipoten-

112 3504 172 3560 tia
199 3516 350 3579 atque
376 3507 671 3578 majestas.
702 3498 852 3557 Talis
890 3512 1022 3569 ergo
1058 3497 1232 3568 qualis
1266 3501 1354 3551 est
1381 3494 1527 3550 Deus
1557 3535 1572 3560 ,
1600 3507 1698 3548 sua

112 3599 302 3658 videtur
326 3603 380 3658 in
430 3599 702 3669 imagine.
728 3594 886 3652 Unde
913 3602 1133 3663 oportet
1165 3601 1225 3647 ut
1257 3592 1550 3662 imaginem
1581 3588 1701 3659 ejus

113 3691 251 3748 talem
280 3696 497 3760 credas,
524 3690 711 3762 qualis
741 3697 826 3744 est
882 3686 1049 3741 Deus.
1085 3683 1217 3738 Nam
1259 3683 1311 3737 si
1341 3681 1563 3752 imagini
1602 3680 1699 3734 de—

113 3783 293 3854 trahas,
327 3795 382 3843 et
433 3786 631 3855 utique
671 3781 752 3847 ei,
804 3780 962 3849 cujus
1016 3779 1193 3849 imago
1254 3786 1374 3843 est,
1424 3774 1697 3829 videbitur

113 3891 215 3935 esse
239 3878 556 3935 detractum
592 3890 607 3928 :
658 3874 703 3928 si
733 3872 1000 3927 minorem
1033 3869 1323 3937 imaginem
1346 3865 1541 3922 credas
1564 3863 1700 3930 ,mi-

112 3982 198 4025 nor
234 3971 372 4028 Dens
396 3964 695 4043 apparebit
735 3965 790 4020 in
815 3964 1073 4033 imagine.
1099 3960 1323 4029 Qualem
1355 3958 1502 4012 enim
1550 3955 1700 4010 aesti-

113 4065 324 4121 maveris
365 4065 697 4135 imaginem,
729 4057 854 4113 talis
901 4057 999 4110 tibi
1026 4054 1298 4109 videbitur
1329 4052 1397 4117 is,
1431 4049 1589 4119 cujus
1619 4046 1700 4102 in-

114 4158 320 4215 visibilis
364 4169 450 4216 est
480 4159 690 4227 imago.
718 4150 1065 4220 Dixitimago
1091 4166 1104 4201 :
1129 4146 1232 4214 Qui
1260 4162 1339 4200 me
1377 4144 1534 4209 uidet,
1564 4142 1699 4197 uidet

114 4261 154 4306 et
185 4251 388 4311 Patrem
416 4252 639 4329 (Joan.
667 4263 780 4314 11v,
806 4244 843 4303 9
868 4248 908 4318 ).
936 4242 1015 4301 Et
1054 4243 1274 4316 qualem
1328 4236 1695 4297 aestimaveris

113 4358 241 4416 eum,
268 4348 424 4420 cujus
456 4343 763 4414 imaginem
792 4353 914 4397 esse
936 4336 1137 4394 Filium
1167 4333 1392 4402 credis;
1440 4333 1561 4389 talis
1595 4332 1693 4388 tibi

64 4482 65 4485 η
112 4440 401 4496 necessario
446 4435 635 4494 Filius
678 4430 1037 4489 aestimandus
1084 4435 1188 4485 est.
1252 4424 1408 4482 Unde
1456 4423 1582 4496 quia
1612 4424 1694 4479 in-

168 4610 191 4638 ι
215 4601 342 4657 lss.
374 4608 519 4663 tres,
552 4597 611 4650 in
638 4610 698 4648 eo
728 4603 912 4648 natura
950 4587 1439 4663 ejstsdentttns'tatis,
1470 4597 1522 4663 et
1551 4589 1694 4659 θέω-
1718 4597 1771 4657 ι)
1799 4585 2011 4663 sionem
2056 4582 2385 4663 Arianorum
2422 4580 2475 4663 in

113 4671 225 4737 dem,
253 4683 357 4729 etc.
386 4689 402 4737 ;
428 4658 568 4736 duo,
601 4667 657 4720 in
685 4666 797 4736 ejus
836 4658 1025 4737 natura
1052 4660 1283 4737 ejusdem
1312 4658 1547 4725 unitatis,
1576 4658 1690 4713 etc.

110 4732 297 4798 Reliltui
328 4732 464 4798 vero
495 4732 563 4796 et
585 4732 776 4793 attines
805 4733 938 4789 edit.
963 4742 1021 4785 ut
1057 4748 1156 4785 nos
1192 4732 1244 4785 in
1279 4739 1449 4785 textu.

162 4812 191 4851 δ
223 4801 501 4869 Hactenus
554 4805 853 4877 disputavit
905 4801 1230 4877 Ambrosius
1284 4810 1475 4877 contra
1523 4813 1692 4877 puros

110 4895 161 4937 ac
181 4885 379 4955 rigidos
404 4870 670 4942 Arrianus,
695 4878 888 4947 quales
908 4881 1067 4931 erant
1089 4873 1322 4955 A'etimri,
1346 4870 1690 4955 Eunomiani,

107 4963 154 5009 et
179 4942 450 5016 Annmmi,
473 4966 617 5022 quos
647 4942 840 5022 omnes
854 4944 1137 5022 communi
1171 4945 1391 5022 nomine
1416 4942 1693 5010 Truglitas

106 5014 608 5098 sctt'frnglody'tas,
656 5017 800 5090 quod
853 5019 905 5071 in
960 5014 1235 5098 speluncis
1283 5024 1588 5098 COIg‘Iclllt‘ls
1629 5026 1694 5094 ac

108 5082 481 5177 gnaxesjsuas
494 5082 793 5177 haberent,
824 5082 1245 5177 vocari“solitosl
1253 5099 1340 5177 Si
1354 5082 1694 5177 Theodore-

106 5153 188 5222 lib.
234 5186 285 5224 tv
333 5169 552 5225 Haeret.
602 5161 792 5216 Fabul.
840 5174 970 5224 cap.
1012 5153 1061 5212 3
1116 5156 1467 5225 intelligimus
1518 5175 1531 5207 :
1579 5153 1688 5220 jam

105 5249 222 5294 vero
245 5241 310 5295 ad
360 5236 720 5295 remissiores
748 5229 980 5294 accedit,
1014 5242 1108 5283 eos
1139 5227 1419 5295 nimirum
1442 5240 1470 5277 a
1495 5225 1694 5295 quibus

107 5306 252 5366 dictio
272 5311 582 5386 ὁμοούσίος,
604 5305 805 5386 quinia
831 5300 1050 5386 plicans
1075 5298 1283 5386 synodo
1312 5296 1555 5384 instituta
1578 5304 1691 5386 est.

105 5365 482 5448 rejleieifaiur;
516 5365 579 5429 ut
603 5365 650 5427 e'i
676 5365 1200 5448 substituereturvox
1232 5369 1542 5448 dputoufrtog.
1578 5365 1690 5448 lius

107 5438 693 5522 Epipltuttitts,'ﬂm_re§:
738 5445 830 5513 75,
859 5442 1232 5522 Semiutjattos
1260 5438 1695 5522 appellnt,

105 5509 518 5597 aluums
542 5516 616 5575 de
644 5509 995 5584 amnicus.
1018 5509 1444 5581 58.eQuodvero
1468 5511 1537 5568 ad
1552 5509 1692 5573 divi-

1801 3319 1945 3375 cnim
1977 3337 1990 3373 :
2021 3315 2187 3395 πω
2224 3306 2386 3371 Verbo
2415 3314 2628 3371 Domini
2657 3317 2771 3372 caeli
2794 3316 2992 3387 ﬁrmati
3027 3326 3164 3382 sunt,
3200 3326 3246 3372 et
3270 3316 3396 3389 δρία

1800 3416 1905 3469 ritu
1929 3414 2035 3469 oris
2061 3415 2171 3480 ejus
2199 3412 2365 3467 omnis
2390 3411 2549 3465 virtus
2576 3426 2752 3465 eorum
2778 3411 2795 3479 (
2824 3409 2972 3466 Psal.
3002 3427 3173 3480 χχιιι,
3202 3412 3236 3467 6
3259 3412 3298 3483 ).
3330 3412 3401 3469 Et

1804 3508 1874 3563 de
1899 3505 2181 3576 Sapientia
2213 3505 2477 3575 scriptum
2501 3503 2730 3572 estquia
2756 3501 2956 3558 habeat
2980 3501 3033 3557 in
3064 3517 3125 3558 se
3144 3504 3398 3573 omnipo-

1805 3609 2017 3657 tentem
2042 3598 2341 3668 Spiritum;
2383 3596 2514 3652 dicit
2567 3594 2712 3649 enim
2744 3593 3047 3653 Salomon:
3102 3594 3237 3661 Quia
3288 3612 3401 3651 om.

1799 3696 1944 3750 nium
1967 3694 2161 3764 artifex
2184 3691 2363 3745 docuit
2383 3705 2462 3745 me
2489 3687 2760 3756 Sapientia
2782 3684 2803 3757 ί
2824 3685 2958 3759 Sap.
2995 3701 3085 3745 \‘ll.
3121 3686 3189 3741 12
3215 3686 3259 3755 ).
3290 3688 3399 3751 Est

1798 3784 1943 3843 enim
1990 3785 2045 3840 in
2098 3798 2158 3838 ea
2202 3781 2438 3850 Spiritus
2477 3778 2868 3849 intelligentia,
2898 3784 3142 3843 sanctus,
3179 3779 3393 3847 unicus,

1800 3875 2107 3946 multiplex,
2135 3884 2158 3910 θ
2181 3872 2419 3941 subtilis,
2452 3870 2592 3926 bene
2618 3870 2864 3937 mobilis,
2897 3868 3133 3925 disertus
3155 3911 3170 3936 ,
3204 3870 3403 3928 imma-

1799 3968 2036 4033 culatus,
2092 3964 2442 4029 manifestus,
2498 3961 2847 4028 inviolabilis,
2925 3960 3129 4018 bonum
3186 3979 3400 4032 amans,

1800 4066 2015 4123 acutus,
2042 4054 2361 4128 providens.
2400 4052 2698 4125 possibilis,
2749 4051 3062 4120 muniﬁcus,
3105 4055 3396 4128 benignus,

1800 4151 2036 4217 stultitia,
2061 4149 2296 4219 integer,
2321 4146 2440 4203 sine
2466 4142 2874 4213 sollicitudine,
2920 4145 3012 4216 qui
3066 4148 3251 4207 omnia
3299 4165 3397 4219 po.

1802 4251 1933 4308 test,
1964 4240 2147 4298 omnia
2192 4247 2469 4310 spectans,
2498 4244 2554 4294 et
2586 4250 2687 4309 per
2729 4237 2914 4295 omnia
2945 4247 3239 4308 penetrans
3282 4242 3396 4312 spi-

1802 4337 2005 4392 rituum
2060 4330 2505 4404 intelligibilium.

2509 4580 2694 4648 piures
2714 4580 2888 4643 rivos,
2932 4577 3076 4632 illam
3110 4577 3223 4647 jam
3274 4593 3400 4648 per-

1801 4657 2098 4712 strinxerat
2119 4653 2444 4709 Ambrosius
2460 4650 2564 4707 lib.
2595 4667 2612 4703 ι
2636 4650 2705 4708 de
2719 4649 2862 4705 Fide
2888 4662 3007 4718 sap.
3030 4650 3089 4712 6t,
3116 4665 3264 4705 num.
3296 4649 3392 4708 ιε.

1876 4740 1897 4765 ο
1930 4727 2057 4782 Mss.
2102 4726 2332 4793 aliquot,
2374 4722 2524 4793 etnin
2569 4719 2828 4793 Zttcttaria
2857 4722 3129 4793 propheta.

1866 4796 1893 4835 ά
1928 4801 2084 4851 Itoni.
2105 4790 2235 4849 edii.
2265 4795 2401 4856 sola,
2429 4790 2495 4845 Et
2509 4792 2748 4845 ascendet
2770 4792 2903 4844 sicut
2938 4790 3130 4860 ﬂumen
3154 4806 3401 4847 comunt-

1798 4870 1955 4922 tttatio
1983 4869 2119 4936 ejus,
2144 4875 2192 4918 et
2240 4863 2515 4919 descendet
2564 4863 2701 4916 sicut
2744 4862 2942 4932 ﬂumen
2981 4859 3223 4933 Egypti.
3261 4862 3399 4931 Quia

1798 4938 2046 4992 aedificat.
2070 4943 2183 4991 etc.

1797 4942 2046 5003 wdiﬁcat,
2070 4943 2183 4991 etc.

1874 4940 2235 5063 Eﬁalatfifeflit.
2267 5018 2329 5059 ac
2360 5018 2489 5059 mss.
2539 5015 2646 5056 non
2699 5004 2878 5070 pauci,
2928 5001 3153 5069 subtilis,
3206 5003 3396 5072 bonus,

1797 5080 2003 5137 mobilis
2026 5076 2228 5144 ;‘Rutn.
2255 5084 2311 5130 et
2340 5089 2467 5129 mss.
2499 5073 2705 5138 cmteri,
2739 5072 2964 5131 subtilis.
2996 5072 3121 5125 bene
3170 5075 3394 5129 mobilis.

1798 5143 2186 5210 Rursus’vero
2228 5147 2330 5202 ubi
2363 5159 2556 5199 omnes
2604 5144 2740 5199 edit.
2788 5151 2838 5196 et
2895 5156 3025 5197 mss.
3058 5143 3228 5211 longe
3279 5146 3398 5213 plu-

1798 5226 1947 5290 rimi,
1994 5230 2198 5282 “om”,
2250 5215 2555 5290 ρνοιιίρρης,
2618 5213 3396 5290 .possibiiis_;_.nttunttl_iilites”

1797 5284 1980 5352 acutus
2010 5284 2363 5364 impnssib'ilis.
2391 5284 2637 5364 Denique
2671 5300 2805 5364 pr_o_,
2829 5284 3133 5364 spiritantia
3160 5284 3398 5343 invisibi—

1798 5368 1947 5432 lium,
2000 5353 2142 5433 quod
2174 5372 2260 5418 est
2308 5353 2628 5433 indcunctis
2671 5353 2809 5433 edit.
2850 5364 2906 5409 et
2930 5353 3396 5433 _ma.jt_ir_i-_nutnero

1796 5423 1956 5505 iussi,
1980 5423 2179 5507 ιέείιιιι·
2214 5438 2265 5489 tn
2298 5429 2646 5504 quibusdam,
2680 5426 2896 5498 spiritus
2923 5423 3276 5480 invisibilium.

1434 5706 2050 5755 ω
