3954 6164
1634 219 1879 280 SANCTI
1918 214 2243 278 AMBROSII
2276 213 2783 273 FRAGMENTUM.
3357 260 3369 265 -
3713 211 3804 269 8i8

2296 352 3647 373 MO“,
3663 354 3779 368 ’ἡ

615 392 735 406 ε...-

1303 466 2161 561 FRAGMENTUM
2238 463 3111 550 AMBROSIANUM

1192 638 1353 710 EX
1429 626 2314 704 THEODOBETO
2388 625 3161 700 DESUMPTUM
3191 680 3216 724 ,

1669 783 2194 850 POLYMORPHI
2237 781 2602 846 DIALOGO
2643 784 2726 846 II.

545 1101 644 1151 Τοῦ
673 1090 819 1164 ἁγίου
862 1083 1171 1159 ’Δμϐροσίου
1194 1079 1477 1136 ίπισκόπου
1505 1073 1810 1131 Μεδιολάνου
1840 1071 1891 1123 ἓν
1917 1063 2142 1120 Ἐκθίσει

2319 1060 2483 1136 730
2506 1064 2694 1123 Sancti
2715 1069 2973 1125 Ambrosii
3008 1071 3240 1143 episcopi
3280 1070 3675 1129 Mediolanensis
3709 1074 3755 1128 in

1223 1173 1469 1231 πίστεως-

622 1319 992 1393 ευμολογοῦμεν
1030 1312 1116 1367 τὸν
1138 1310 1320 1386 Κύριον
1367 1309 1507 1379 ἡμῶν
1554 1304 1754 1362 Ἰησοῦν
1794 1296 2017 1397 ξριστὸν
2060 1292 2146 1397 τὸν

549 1410 663 1465 Υίὸν
684 1411 779 1462 τοῦ
810 1408 964 1468 Θεοῦ,
982 1400 1067 1455 τὸν
1106 1403 1347 1470 μονογενῆ
1368 1434 1384 1459 ,
1414 1392 1516 1467 πρὸ
1541 1391 1745 1445 πάντων
1782 1386 1872 1457 μέν
1894 1389 1995 1438 τῶν
2024 1400 2148 1434 αιω·

549 1524 647 1555 νων
675 1499 923 1573 άνάρχως
953 1494 1007 1546 ἐκ
1054 1488 1247 1563 Πατρός
1276 1485 1575 1559 γεννηθέντα
1611 1480 1743 1535 κατά
1766 1481 1858 1573 την
1880 1475 2096 1573 θεότητα
2131 1489 2143 1523 :

551 1590 633 1646 ἐπ’
647 1568 891 1660 ἐσχάτων
914 1582 966 1639 δὲ
993 1588 1094 1638 τῶν
1114 1582 1312 1655 ἡμερῶν
1334 1580 1498 1636 ἐκτῆς
1519 1574 1669 1647 ἁγίας
1686 1570 1935 1648 παρθένου
1950 1568 2148 1660 Μαρίας

553 1685 639 1739 τὸν
662 1656 818 1737 αὐτὸν
845 1674 1190 1754 σαρκωθέντα,
1219 1672 1308 1725 καί
1334 1668 1522 1724 τέλειον
1559 1666 1647 1721 τὸν
1688 1661 1955 1736 ἄνθρωπον
1977 1659 2031 1712 ἐκ
2049 1656 2151 1727 ψυ-

552 1784 656 1848 χῆς
681 1774 884 1845 λογικῆς
910 1770 996 1825 καί
1020 1768 1259 1837 σώματος
1289 1756 1608 1832 άνείληφότα,
1655 1755 1922 1859 ὸμοούσιον
1948 1756 2022 1859 τις)
2049 1759 2151 1859 lict-

551 1845 635 1944 τρί
663 1866 792 1921 κατά
814 1867 904 1920 τήν
924 1859 1157 1923 θεότητα,
1193 1858 1281 1910 καί
1311 1852 1584 1926 ὸμοοὺσιον
1621 1851 1745 1920 ἡμῖν
1788 1845 1918 1901 κατά
1937 1848 2029 1902 τήν
2061 1845 2151 1896 ἁν-

546 1940 868 2039 θρωπότητα.
910 1955 1008 2008 Δὺο
1050 1954 1152 2026 γὰρ
1181 1952 1383 2023 φύσεων
1424 1946 1627 2003 τελείων
1671 1944 1869 2039 ἔνωσις.
1890 1940 2152 2039 γεγένηται

551 2032 845 2129 άφράσ-τως.
894 2048 977 2102 Διὸ
1022 2045 1110 2100 ἕνα
1153 2040 1395 2118 Χριστὸν,
1442 2038 1529 2094 ἕνα
1551 2037 1670 2092 Υίὸν
1695 2036 1785 2089 τὸν
1810 2034 1988 2108 Κύριον
2031 2032 2154 2101 ἡμῖν

555 2127 750 2206 Ἰησοῦν
772 2142 996 2217 Χριστὸν
1013 2181 1027 2204 ,
1057 2140 1142 2195 τὸν
1160 2136 1276 2192 Υίὸν
1304 2140 1396 2190 τοῦ
1425 2137 1554 2188 Θεοῦ
1588 2130 2023 2201 καθομολογοῦμεν
2041 2166 2055 2189 ,
2085 2127 2155 2179 εί-

555 2238 700 2300 δότες
726 2234 805 2293 ὅτι
830 2255 928 2310 περ
958 2229 1214 2291 συναΐδιος
1240 2229 1500 2304 ὑπάρχων
1531 2233 1605 2299 τῷ
1629 2224 1819 2279 ἑαυτοῦ
1840 2223 1999 2297 Πατρί
2020 2218 2155 2274 κατὰ

552 2339 643 2393 τήν
679 2331 892 2389 θεότητα
910 2369 924 2394 ,
956 2326 1064 2382 καθ’
1092 2325 1149 2384 ἣν
1175 2326 1262 2380 καί
1295 2325 1497 2378 πάντων
1540 2320 1775 2396 ὑπάρχει
1799 2314 2108 2391 δημιουργὸς
2135 2350 2151 2378 ,

556 2429 739 2493 ἠξίωσε
765 2424 897 2496 μετὰ
917 2426 1009 2481 τήν
1030 2420 1402 2494 συγκατάθεσιν
1430 2423 1523 2477 τῆς
1544 2413 1696 2488 ἁγίας
1711 2411 1983 2487 Παρθένου,
2012 2409 2157 2466 ἡνίκα

554 2518 719 2596 εἴρηκε
750 2517 882 2592 πρὸς
908 2515 997 2569 τὸν
1024 2508 1234 2585 ἄγγελον
1258 2527 1271 2563 :
1295 2528 1313 2561 t
1332 2507 1459 2564 Ἰδοὺ
1486 2508 1516 2565 ἡ
1546 2506 1706 2578 βοὺλη
1728 2519 1795 2558 Κυ
1800 2504 1913 2581 ρίου
1932 2541 1946 2565 ,
1964 2498 2158 2596 γένοιτό

555 2588 642 2686 μοι
667 2588 803 2666 κατά
993 2626 1111 2663 σου,
1135 2621 1153 2655 ι
1172 2601 1483 2675 ἀπορρήτως
1509 2598 1677 2669 ἐαυτῷ
1705 2596 1757 2659 ἐξ
1786 2596 1943 2653 αὑτῆς
1970 2588 2159 2645 οἰκοδο·

556 2715 722 2775 μῆσαι
745 2703 881 2764 ναὸν,
913 2703 998 2754 καί
1021 2704 1203 2753 τοῦτον
1231 2696 1419 2751 ἑνῶσαι
1447 2691 1693 2762 ἑαυτῷ’ὶξ
1725 2690 1885 2749 αὐτῆς
1907 2694 1999 2775 τῆς
2029 2684 2156 2739 συλ-

555 2772 779 2865 λήψεως,
796 2793 854 2847 οὐ
878 2787 1140 2847 συναΐδιον
1165 2790 1219 2843 εκ
1238 2796 1329 2846 τῆς
1357 2785 1542 2839 ἑαυτοῦ
1566 2783 1740 2840 οὐσίας
1761 2772 2028 2855 οὐρανόθεν
2047 2776 2158 2830 ἐπι-

555 2887 826 2962 φερόμενον
853 2890 1008 2954 σῶμα
1031 2924 1045 2949 ,
1076 2879 1182 2937 ἀλλ’
1208 2881 1262 2933 ἐκ
1307 2883 1399 2933 τοῦ
1453 2876 1757 2951 φυράματος
1789 2885 1882 2933 τῆς
1902 2870 2157 2944 ἡμετέρας

557 2961 765 3043 οὐσίας,
794 2976 1065 3031 τουτέστιν
1094 2974 1146 3026 ἐκ
1188 2979 1281 3031 τῆς
1323 2968 1604 3043 Παρθένου,
1634 2970 1787 3020 τοῦτο
1823 2963 2033 3033 εἰληφὼς
2072 2961 2159 3016 καί

558 3072 729 3144 ἑαυτῷ
755 3069 971 3127 ἔνώσας.

633 3255 742 3308 Οὐκ
771 3251 798 3307 6
827 3250 952 3313 Θεὸς
979 3249 1141 3324 Λόγος
1171 3250 1242 3309 εἰς
1272 3250 1442 3323 σάρκα
1484 3249 1722 3323 τραπεὶς,
1772 3239 1887 3299 οὔτε
1919 3244 2016 3317 μὴν
2042 3245 2161 3312 φάν-

562 3365 739 3417 τασμα
764 3345 936 3418 φανείς
967 3360 980 3373 °
1010 3342 1117 3396 ἀλλ’
1142 3343 1410 3418 ἀτρέπτως
1438 3342 1524 3395 καί
1553 3339 2011 3399 ἀναλλοιὼτως’τῆν
2040 3337 2159 3393 ictu-

561 3443 653 3493 τοῦ
677 3436 928 3511 διατηρῶν
951 3436 1150 3501 οὐσίαν,
1180 3438 1270 3493 τήν
1301 3435 1554 3506 ἀπάρχὴν
1582 3440 1675 3493 τῆς
1700 3432 1901 3505 φύσεως
1921 3439 2014 3494 τῆς
2038 3433 2163 3504 ἠμε-

561 3531 715 3606 τίρας
739 3529 967 3601 εἰληφὼς,
998 3528 1168 3601 ἑαυτῷ
1195 3528 1407 3585 ἥνωσεν.
1434 3528 1535 3582 Οὐκ
1559 3528 1734 3602 ἀρχὴν
1777 3525 1803 3580 6
1843 3527 1968 3585 Θεὸς
1998 3525 2161 3599 Λόγος

561 3628 616 3679 ἐκ
645 3630 737 3685 τῆς
759 3623 1009 3698 Παρθένου
1045 3622 1275 3695 εἰληφὼς,
1303 3622 1429 3677 άλλά
1459 3619 1717 3682 συναΐδιος
1744 3629 1818 3693 τῷ
1848 3620 2034 3675 ἑαυτοῦ
2061 3628 2163 3673 Πα-

561 3720 646 3792 τρὶ
697 3715 979 3790 ὑπάρχων,
1010 3719 1101 3774 τήν
1126 3722 1220 3775 τῆς
1254 3714 1459 3785 φύσεως
1499 3722 1591 3775 τῆς
1627 3715 1880 3789 ἡμετέρας
1912 3714 2162 3785 ἀπαρχήν

2788 1162 3136 1263 Εωρρείιίοηε
3163 1164 3311 1236 ﬁdei.

2321 1296 2658 1355 Coulitemur
2707 1300 2998 1358 Dominum
3024 1311 3271 1360 nostrum
3318 1303 3505 1363 Jesum
3548 1304 3815 1371 Christum.

2250 1387 2448 1446 Filium
2506 1392 2604 1449 Dei
2652 1393 3015 1465 unigenitum,
3072 1406 3201 1454 ante
3248 1400 3428 1454 omnia
3487 1399 3675 1456 saecula
3719 1400 3821 1455 sine

2252 1487 2522 1558 principio
2568 1504 2636 1544 ex
2664 1487 2829 1566 Patre
2855 1491 3099 1562 genitum
3131 1492 3429 1549 secundum
3474 1493 3819 1551 divinitatem:

2252 1579 2305 1634 in
2352 1580 2669 1637 novissimis
2723 1597 2857 1639 vero
2884 1583 3078 1642 diebus
3104 1600 3175 1641 ex
3213 1595 3403 1644 sancta
3451 1588 3656 1659 virgine
3680 1587 3823 1643 Maria

2254 1673 2506 1731 eumdem
2542 1675 2883 1732 incarnatum
2912 1691 3058 1745 esse,
3109 1681 3521 1751 perfectumque
3579 1681 3825 1738 hominem

2253 1780 2319 1822 ex
2362 1767 2546 1822 anima
2591 1769 2845 1826 rationali
2910 1779 2968 1828 et
3013 1786 3248 1842 corpore
3273 1775 3676 1846 assumpsisse,
3716 1790 3827 1831 con-

2254 1861 2669 1919 substantialem
2701 1864 2846 1920 Patri
2881 1865 3183 1922 secundum
3207 1866 3554 1925 divinitatem
3582 1909 3598 1937 ,
3635 1876 3685 1925 et
3713 1883 3827 1925 con-

2255 1952 2671 2010 substantialem
2686 1955 2845 2011 nobis
2860 1957 3163 2013 secundum
3184 1957 3602 2016 humanitatem.
3626 1960 3827 2016 Duarum

2257 2044 2401 2099 enim
2429 2044 2796 2115 periectarum
2838 2057 3155 2105 naturarum
3185 2050 3315 2105 unio
3348 2050 3489 2108 facta
3543 2061 3627 2109 est
3671 2050 3829 2107 ineffa-

2256 2136 2458 2194 biliter.
2490 2137 2618 2195 Ideo
2641 2155 2808 2197 unum
2830 2141 3132 2206 Christum.
3151 2159 3318 2199 unum
3341 2143 3537 2201 Filium
3568 2145 3825 2201 Dominum

2257 2241 2504 2289 nostrum
2557 2232 2746 2289 Jesum
2796 2234 3079 2292 Christum
3129 2236 3329 2292 Filium
3370 2237 3470 2293 Dei
3511 2237 3827 2304 conﬁtemur,

2259 2325 2497 2381 scientes
2521 2325 2666 2398 quod
2698 2327 2845 2384 Patri
2876 2344 2978 2384 suo
3000 2330 3304 2387 secundum
3330 2330 3668 2388 divinitatem
3712 2345 3832 2388 coae—

2184 2438 2236 2499 B
2262 2426 2448 2475 ternus
2478 2420 2742 2490 existens,
2775 2423 3073 2480 secundum
3100 2439 3263 2496 quam
3292 2425 3539 2481 omnium
3586 2425 3739 2481 etiam
3756 2430 3833 2480 est

2260 2511 2537 2579 conditor,
2569 2513 2825 2585 dignatus
2868 2523 2986 2582 est,
3021 2526 3144 2586 post
3172 2525 3378 2573 sanctae
3411 2517 3646 2589 Virginis
3673 2531 3835 2574 assen-

2262 2620 2383 2660 sum
2400 2647 2415 2671 ,
2445 2608 2664 2683 quando
2693 2606 2839 2663 dixit
2861 2608 3069 2687 Angelo
3100 2626 3113 2663 :
3138 2608 3277 2666 Ecce
3301 2610 3496 2665 ancilla
3518 2608 3739 2676 Domini,
3759 2608 3834 2679 fiat

2262 2702 2393 2755 mihi
2412 2702 2695 2757 secundum
2715 2701 2925 2758 verbum
2950 2712 3095 2757 tuum
3125 2704 3145 2774 (
3165 2702 3299 2760 Luc.
3323 2720 3362 2771 ι,
3380 2705 3498 2774 38),
3513 2703 3835 2761 inelTabilitet'

2262 2792 2365 2849 sibi
2396 2809 2465 2849 ex
2495 2809 2559 2850 ea
2594 2795 2850 2865 templum
2876 2795 3170 2862 aediﬁcare,
3189 2797 3371 2853 ethoc
3385 2796 3577 2854 sibiab
3596 2797 3707 2867 ipsa
3725 2809 3835 2851 con-

2263 2886 2514 2955 ceptione
2536 2888 2714 2955 unire,
2732 2902 2839 2943 non
2853 2898 3189 2946 comternum
3207 2904 3274 2946 ex
3304 2905 3400 2947 sua
3423 2891 3723 2948 substantia
3739 2903 3833 2946 cm-

2262 2976 2392 3033 litus
2405 2978 2644 3035 delatum
2663 2994 2883 3051 corpus,
2899 2980 2995 3037 sed
3014 2996 3085 3038 ex
3106 2983 3427 3039 substantiae
3442 2992 3642 3039 nostrae.
3655 2995 3833 3046 massa,

2265 3067 2371 3124 hoc
2396 3079 2515 3137 est,
2540 3086 2607 3126 cx
2641 3069 2864 3143 Virgine
2889 3071 2944 3128 id
2973 3087 3283 3140 assumens,
3298 3082 3355 3131 ct
3373 3075 3479 3131 sibi
3512 3074 3612 3147 ipsi
3637 3076 3831 3131 unicos.

2335 3160 2454 3217 Non
2482 3162 2537 3217 in
2569 3176 2790 3219 carnem
2820 3173 3062 3220 mutatus
3083 3165 3227 3222 Deus
3270 3164 3537 3233 Verbum,
3579 3181 3747 3239 neque
3787 3171 3835 3219 ut

2264 3263 2541 3325 spectrum
2570 3270 2861 3327 apparens,
2894 3257 2990 3314 sed
3013 3259 3130 3315 sine
3144 3258 3441 3327 mutatione
3465 3268 3523 3317 et
3542 3260 3836 3316 alterations

2264 3362 2418 3428 suam
2470 3362 2804 3406 conservans
2858 3351 3237 3420 substantiam,
3290 3363 3601 3424 assumptas
3652 3362 3836 3410 natura:

2265 3448 2467 3496 nostra:
2495 3442 2766 3513 primitias
2794 3444 2901 3500 sibi
2928 3445 3086 3503 uniit.
3117 3445 3234 3503 Non
3285 3446 3615 3519 principium
3639 3459 3837 3504 sumens

2268 3533 2413 3590 Deus
2436 3533 2676 3591 Verbum
2704 3552 2773 3593 ex
2803 3537 3049 3610 Virgine,
3080 3539 3175 3596 sed
3219 3539 3367 3597 Patri
3418 3557 3523 3598 suo
3562 3551 3839 3601 cozcternus

2266 3626 2531 3697 existens,
2551 3639 2761 3686 natura;
2778 3641 2981 3686 nostrae
2998 3632 3269 3704 primitias
3297 3649 3396 3705 per
3417 3634 3731 3692 immensam
3754 3636 3836 3692 bo~

2268 3720 2614 3781 nitatemsibi
2628 3722 3053 3795 uniredignatus
3069 3733 3177 3791 est,
3198 3739 3306 3782 non
3325 3726 3837 3795 commixtus,sedin

560 3809 728 3880 ἑαυτῷ
753 3804 840 3863 διὰ
866 3807 1053 3867 πολλὴν
1076 3805 1366 3880 άγαθότητα
1391 3806 1573 3862 ἑνῶσαι
1598 3807 1926 3871 κατηξίωσεν,
1956 3806 2014 3859 οὐ
2036 3826 2155 3882 κραε

2269 3825 2500 3888 utraque
2512 3814 2820 3873 substantia
2843 3832 2984 3873 unus
3005 3828 3057 3875 et
3074 3818 3221 3875 idem
3242 3834 3518 3892 apparens
3534 3863 3549 3889 ,
3565 3822 3699 3878 sicut
3722 3820 3840 3878 scri-

560 3900 684 3965 θείς,
704 3897 809 3952 ἀλλ’
825 3899 873 3951 ἕν
894 3897 1160 3974 ἑκατέραις
1184 3906 1300 3959 ταῖς
1326 3899 1523 3960 οὐσίαις
1539 3893 1611 3960 εἷς
1635 3901 1723 3953 καί
1749 3897 1949 3959 ὸαύτὸς
1970 3900 2159 3971 φανείς,

563 3989 696 4043 κατὰ
720 3989 779 4043 τὸ
804 3991 1153 4065 γεγραμμένον
1184 4005 1198 4042 :
1235 4006 1253 4040 ι
1276 3992 1480 4047 Λύσατε
1511 3992 1598 4045 τὸν
1633 3990 1746 4045 ναὸν
1781 3996 1983 4055 τοῦτον,
2002 3989 2086 4042 καί
2114 3988 2164 4043 ἕν

565 4084 735 4157 τρισίν
762 4083 975 4158 ἡμέραις
1002 4086 1162 4160 ἐγερῶ
1182 4083 1355 4141 αὐτόν.
1370 4103 1389 4137 ι
1408 4084 1601 4140 Λὺεται
1620 4087 1720 4161 γὰρ
1743 4082 1768 4139 6
1787 4085 2012 4159 Χριστὸς
2038 4082 2165 4143 Θεὸς

564 4175 697 4230 κατά
729 4180 821 4235 τήν
848 4176 970 4248 ἐμὴν
1011 4178 1214 4243 οὐσίαν,
1246 4177 1305 4235 ἢν
1326 4178 1566 4243 ἀνέλαϐε,
1593 4179 1680 4232 καί
1702 4177 1968 4252 λελυμένον

564 4274 749 4349 ἐγείρει
771 4273 856 4329 τὸν
881 4275 999 4329 ναὸν
1028 4273 1055 4328 ὸ
1082 4276 1236 4334 αὐτὸς
1261 4276 1393 4330 κατὰ
1411 4279 1501 4334 τὴν
1512 4276 1648 4328 θείαν
1676 4274 1874 4340 οὐσίαν,
1892 4270 2055 4330 καθ’ἥν
2078 4273 2163 4326 καί

568 4365 778 4421 πάντων
804 4364 1050 4437 ὑπάρχει
1075 4360 1406 4439 δημιουργὸς.

638 4572 888 4631 Οὐδέποτε
917 4573 1049 4645 μετὰ
1069 4578 1161 4632 τὴν
1181 4573 1381 4639 ἕνωσιν,
1406 4574 1464 4632 ἣν
1492 4573 1543 4637 ἐξ
1567 4573 1723 4635 αὐτῆς
1743 4581 1835 4633 τῆς
1866 4572 2164 4645 συλλήψεως

567 4666 735 4737 ίαυτῷ
764 4666 949 4723 ἕνῶσαι
976 4667 1321 4733 κατηξίωσεν,
1355 4663 1386 4724 ἦ
1416 4666 1653 4727 ἀποστάς
1681 4674 1772 4720 τοῦ
1805 4668 1988 4723 οἰκείου
2016 4674 2160 4734 ναοῦ,

565 4758 595 4817 ἡ
621 4760 913 4817 ἀποστῆναι
952 4756 1036 4812 διά
1079 4745 1169 4817 την
1210 4754 1404 4830 ἄφατην
1441 4758 1816 4830 φιλανθρωπίαν
1851 4757 2161 4830 δυνάμενος·

566 4848 669 4907 ἀλλ’
694 4849 834 4908 ἔστιν
864 4851 891 4907 6
928 4852 1085 4914 αὐτὸς
1113 4852 1373 4918 παθητὸς,
1398 4855 1485 4908 καὶ
1505 4853 1708 4912 ἀπαθής
1734 4866 1748 4882 ⁸
1778 4853 2004 4913 παθητὸς
2030 4855 2165 4909 κατὰ

567 4949 657 5002 τὴν
671 4943 1059 5020 ἀνθρωπότητα,
1078 4946 1278 5006 ἀπαθής
1299 4947 1434 5001 κατὰ
1457 4950 1548 5005 τήν
1566 4946 1780 5003 θεότητα
1794 4960 1807 4975 ⁸
1828 4962 1847 4997 ε
1867 4942 2023 5000 Ἴδετε
2042 4946 2160 5022 γὰρ,

562 5033 697 5091 ἵδετί
712 5057 798 5107 με,
813 5033 894 5093 ὅτι
908 5038 1005 5109 ἐγώ
1030 5038 1154 5109 εἰμι,
1172 5040 1255 5093 καί
1275 5039 1361 5092 οὐκ
1375 5038 1668 5111 ἠλλοίωμαι.
1694 5036 1945 5114 »Ἐγείρας
1963 5060 2164 5117 τοιγαρο

563 5134 651 5183 οὖν
674 5130 760 5184 τὸν
802 5129 987 5186 εαυτοῦ
1015 5130 1131 5185 ναὸν
1161 5130 1187 5185 ό
1213 5132 1335 5193 Θεὸς
1369 5132 1548 5205 Λόγος,
1579 5135 1668 5188 καί
1707 5133 1756 5187 ἐν
1781 5136 1923 5189 αὑτῶ
1947 5144 2041 5197 τῆς
2068 5138 2163 5208 φύ-

2267 3919 2419 3981 ptum
2439 3918 2524 3966 est
2542 3928 2555 3963 :
2576 3909 2773 3967 Solvite
2798 3910 3048 3981 templum
3070 3913 3221 3979 hoc,e
3266 3914 3322 3968 in
3343 3914 3510 3970 tribus
3530 3900 3704 3971 dirius
3718 3913 3840 3972 exci-

2268 4002 2384 4058 tabo
2409 4003 2542 4057 illud
2572 4001 2751 4074 (Joan.
2771 4020 2831 4071 ιι,
2852 4004 2965 4075 19).
2996 4004 3241 4062 Solvitur
3266 4007 3415 4063 enim
3442 4006 3691 4065 Christus
3716 4008 3841 4065 Deus

2267 4094 2566 4150 secundum
2586 4110 2762 4151 meam
2777 4096 3139 4153 substantiam
3150 4138 3164 4162 ,
3178 4112 3339 4169 quam
3367 4101 3691 4170 assumpsit:
3705 4109 3841 4157 etso-

2267 4188 2438 4244 lutum
2458 4188 2878 4259 templumidem
2893 4189 3095 4246 excitat
3115 4190 3421 4248 secundum
3447 4192 3840 4266 732divinam

2267 4279 2652 4348 substantiam,
2668 4280 2967 4338 secundum
2981 4291 3211 4352 quamet
3224 4283 3469 4339 omnium
3492 4294 3581 4342 est
3593 4283 3839 4341 conditor.

2336 4374 2642 4465 Numquam
2688 4401 2812 4461 post
2852 4394 3109 4452 unionem
3128 4437 3143 4464 ,
3172 4412 3336 4468 quam
3364 4397 3470 4454 sibi
3490 4413 3561 4466 ex
3588 4399 3699 4471 ipsa
3724 4411 3843 4454 con-

2267 4486 2522 4557 ceptione
2563 4485 2723 4543 unire
2751 4485 3004 4559 dignatus
3031 4497 3152 4555 est,
3181 4489 3267 4545 vel
3294 4504 3325 4545 a
3351 4504 3454 4546 suo
3482 4490 3681 4562 templo
3706 4501 3843 4547 rece-

2267 4578 2433 4645 dens,
2476 4578 2561 4634 vel
2602 4586 2827 4649 propter
2869 4578 3203 4636 ineﬂ‘abilem
3247 4579 3640 4654 benignitatem
3682 4581 3843 4638 valens

2266 4671 2544 4729 recedere.
2575 4671 2683 4729 Sed
2715 4672 2855 4729 idem
2881 4674 2967 4729 est
2996 4673 3236 4744 patibilis
3263 4683 3319 4731 et
3346 4674 3694 4747 impatibilis;
3720 4672 3844 4747 pati-

2269 4765 2392 4823 bilis
2417 4765 2717 4822 secundum
2752 4765 3180 4832 humanitatem,
3223 4766 3545 4838 impatibilis
3572 4765 3843 4826 secundum

2268 4858 2632 4915 divinitatem.
2677 4856 2854 4914 Videte
2881 4861 3048 4926 enim,
3079 4860 3247 4916 videte
3282 4876 3397 4929 me,
3435 4863 3563 4933 quia
3590 4878 3681 4935 ego
3704 4874 3805 4916 sui
3824 4895 3840 4922 ,

2269 4961 2318 5007 et
2365 4967 2468 5006 non
2522 4960 2694 5006 mutor
2740 4950 3007 5023 (Malach.
3055 4967 3137 5019 ιιι,
3170 4952 3257 5024 6).
3311 4951 3655 5010 [lesuscitato
3702 4950 3844 5022 igitur

2271 5043 2476 5114 templo
2513 5058 2612 5099 suo
2644 5042 2785 5100 Deus
2811 5041 3051 5099 Verbum
3073 5084 3089 5110 ,
3121 5051 3179 5100 et
3202 5042 3257 5099 in
3285 5042 3401 5115 ipso
3430 5054 3641 5101 natum
3664 5048 3843 5100 nostra

2267 5136 2670 5193 resurrectione
2693 5150 2757 5193 ac
2783 5135 3140 5194 renovatione
3159 5136 3398 5209 perfecta
3418 5179 3435 5205 ,
3466 5140 3609 5197 hanc
3630 5136 3840 5205 discipu-

566 5240 701 5283 σεως
728 5222 869 5291 ἡμῶν
902 5223 1182 5278 ἀνάστασιν
1208 5226 1296 5278 καί
1335 5225 1618 5288 άνανὲωσιν
1658 5227 2041 5302 ἐργασάμενος,
2078 5230 2155 5284 καὶ

2268 5230 2336 5286 lis
2380 5231 2498 5287 suis
2543 5229 2838 5290 ostendens
2879 5229 3132 5286 dicebat:
3161 5229 3387 5303 Palpate
3421 5248 3534 5299 me,
3570 5241 3620 5289 et
3664 5229 3835 5286 ridete.

560 5314 756 5372 ταύτην
773 5321 882 5375 τοῖς
907 5313 1095 5370 ἑαυτοῦ
1112 5317 1364 5388 μαθηταῖς
1380 5315 1569 5384 δείξας,
1588 5317 1733 5390 ἔλεγε
1754 5335 1766 5370 :
1788 5335 1807 5370 ε
1824 5318 2161 5391 Ψηλαφήσατί

561 5426 647 5476 με,
678 5409 764 5461 καί
787 5404 919 5462 ἴδετε
948 5405 1026 5465 ὅτι
1052 5416 1257 5482 πνεῦμα
1285 5412 1454 5486 σάρκα
1480 5413 1566 5465 καί
1592 5413 1752 5468 όστία
1774 5416 1865 5468 οὐκ
1894 5414 2036 5487 ἔχει,
2072 5438 2161 5472 κα-

560 5500 657 5560 θώς
682 5500 772 5570 ipsi
798 5499 1033 5575 θεωρεῖτε
1051 5499 1163 5571 (οὐκ
1192 5498 1316 5556 ὄντα
1334 5542 1349 5566 ,
1378 5498 1528 5570 ἀλλὰ)
1556 5499 1780 5573 ἔχοντα·
1811 5523 1829 5555 ι
1861 5507 1943 5561 ἵνα
1963 5510 2047 5561 καὶ
2073 5509 2159 5564 τὸν

560 5591 780 5665 ἔχοντα,
806 5599 889 5650 καὶ
915 5597 1004 5650 τὸν
1034 5596 1280 5668 ίχόμενον
1299 5601 1645 5659 κατανοήσας.
1665 5599 1723 5653 οὐ
1742 5604 1946 5672 κρᾶσιν,
1963 5602 2021 5654 οὐ
2043 5623 2162 5678 τρο·-

562 5692 684 5754 πὴν,
716 5691 803 5743 οὐκ
830 5689 1121 5759 ἀλλοίωσιν,
1151 5690 1258 5748 ἀλλ’
1287 5691 1464 5748 ἕνωσιν
1492 5694 1820 5767 γεγενημένην
1850 5691 2060 5757 ίπίδοις.

2264 5321 2403 5392 quod
2429 5322 2644 5393 spiritus
2682 5338 2889 5378 carnem
2907 5332 2959 5378 et
2991 5338 3107 5378 ossa
3147 5338 3251 5378 non
3291 5322 3475 5391 habet,
3514 5324 3647 5379 sicut
3675 5316 3834 5377 videtis

2265 5432 2380 5483 me,
2423 5430 2532 5471 non
2565 5430 2723 5483 esse,
2754 5415 2850 5472 sed
2881 5417 3068 5472 habere
3109 5415 3273 5488 (Luc.
3328 5432 3482 5483 xxxv,
3513 5416 3636 5488 59);
3678 5409 3834 5470 utha-

2265 5511 2483 5566 bentem
2512 5519 2569 5565 et
2598 5509 2652 5565 id
2675 5510 2821 5581 quod
2843 5509 3077 5567 habetur
3094 5510 3457 5568 considerans
3472 5552 3488 5577 ,
3517 5525 3624 5568 non
3650 5503 3836 5565 mixtio-

2268 5618 2429 5670 nem,
2481 5618 2590 5658 non
2658 5605 3115 5672 conversionem,
3150 5618 3252 5663 nec
3308 5603 3715 5671 alterationetn,
3754 5590 3833 5653 ⁸οά

2266 5695 2525 5753 unionem
2556 5696 2753 5754 laetam
2777 5696 3070 5768 intelligas.
