3954 6164
540 258 642 317 85t
1669 242 1921 312 ssnon
1963 241 2101 309 aut!

2270 249 2291 305 ι
2326 238 2709 309 ειδιετοιε.
3736 249 3825 306 εει

547 381 736 445 modo,
754 382 846 450 qui
868 379 1013 433 varia
1040 374 1351 431 testimonia
1379 372 1507 428 inde
1528 372 1601 427 ab
1621 370 2092 435 auctoribus,sive
2119 358 2374 433 indicata,
2390 369 2704 435 sivejcitata
2728 370 2783 423 in
2806 369 3045 440 propriis
3074 369 3344 438 inspicere
3369 366 3457 423 fon
3467 366 3611 422 tibus
3630 367 3825 423 iolunt:

540 481 782 527 attamen
812 477 959 523 tanta
988 467 1275 535 utriusque
1301 466 1641 537 perturbatio
1669 472 1789 527 est,
1823 471 1973 517 tanta
2000 460 2254 517 confusio
2274 503 2289 527 ,
2317 468 2379 516 ut
2404 464 2573 516 alium
2600 463 2914 532 quempiam
2946 464 3256 531 excogitare
3286 461 3447 515 nobis
3486 450 3651 532 plane
3688 461 3827 518 fuerit

544 566 939 623 necessarium.
972 560 1134 615 Enim
1163 568 1295 614 vero
1325 557 1666 628 antiquiores
1695 555 1968 611 editiones
1998 560 2356 624 praeterquam
2386 555 2531 625 quod
2563 556 2813 624 plin-imis
2837 554 3084 625 epistolis
3116 558 3299 608 c‘arent
3320 595 3335 620 ,
3362 556 3502 624 quas
3530 553 3828 612 addiderunt

541 659 775 714 Romani
800 646 1042 709 editores
1063 694 1079 718 ,
1110 666 1231 708 eam
1256 644 1521 707 exhibent
1548 647 1907 718 epistolarum
1936 646 2139 701 seriem
2157 687 2174 713 ,
2213 654 2335 717 qua!
2360 654 2543 716 neque
2572 647 2641 701 ad
2681 650 2976 717 temporis,
3008 654 3186 714 neque
3212 646 3282 700 ad
3311 645 3558 700 materiae
3586 646 3825 703 rationem

540 752 848 822 adaptetur.
872 747 1055 803 Editio
1080 746 1325 801 Ronian'a
1345 788 1360 812 ,
1390 745 1519 800 dum
1552 743 1679 797 huic
1708 743 1852 796 malo
1885 739 2094 795 mederi
2126 749 2337 803 tentat,
2368 741 2552 794 omnia
2582 742 2756 812 magis
2783 740 3048 795 confudit.
3081 738 3214 794 Nam
3246 744 3298 793 et
3326 739 3591 808 Epistolas
3616 740 3831 809 complu-

538 856 631 899 res
660 856 692 897 e
718 839 883 895 natali
914 839 1035 892 solo
1053 878 1067 900 .
1094 840 1170 892 sit
1196 838 1363 890 verbo
1395 833 1580 898 venia,
1612 848 1707 902 per
1736 832 1847 886 vim
1884 832 2101 885 avulsas
2124 830 2177 885 in
2205 831 2447 885 alienum
2482 834 2801 889 transtulit:
2826 842 2931 889 nec
2958 832 3128 886 ullam
3168 831 3688 900 distinguendorum
3712 832 3829 887 liam-

546 940 740 1004 poruni
767 938 985 999 curam,
1018 934 1178 1001 quam
1226 928 1473 1000 profecto
1506 926 1797 980 maximam
1842 938 1966 980 esse
1994 924 2317 995 oportebat,
2361 924 2643 991 adhibuit;
2675 935 2736 980 ιιι
2774 927 2995 981 interim
3030 925 3118 979 hic
3158 924 3420 979 sileamus
3464 928 3626 993 quain
3668 926 3831 994 parum

544 1027 779 1084 feliciter
818 1027 872 1080 in
916 1024 1144 1079 materia
1173 1020 1470 1093 digerenda
1503 1020 1581 1074 illi
1611 1018 1845 1082 cecidit,
1886 1034 1995 1073 non
2023 1033 2150 1071 raro
2178 1018 2456 1073 distractis
2484 1034 2606 1089 qum
2633 1020 3030 1091 conjungenda
3075 1020 3289 1073 fuerant
3318 1018 3569 1085 epistolis
3589 1059 3605 1083 ,
3636 1022 3692 1073 'et
3731 1035 3828 1089 qius

546 1119 921 1177 distrahendo:
962 1118 1215 1182 fuerant,
1247 1114 1573 1184 conjunctis.
1607 1113 1717 1169 Sed
1766 1128 1869 1168 nec
1918 1110 2222 1183 perfugium
2254 1115 2411 1167 nobis
2439 1124 2559 1169 erat
2602 1114 2671 1169 ad
2702 1116 3131 1184 manuscriptos;
3162 1113 3241 1168 illi
3280 1115 3431 1168 enim
3458 1116 3659 1182 prrete‘r
3687 1115 3798 1168 vitia
3820 1158 3833 1182 ,

547 1213 744 1285 quibus
773 1212 1028 1267 laborare
1071 1211 1310 1265 diximus
1355 1207 1625 1263 editiones
1649 1248 1664 1271 ,
1711 1218 1833 1261 cum
1872 1205 1941 1261 ab
1984 1213 2216 1275 utroque
2251 1207 2567 1261 earumdem
2597 1208 2897 1262 editionum
2936 1206 3131 1262 ordine
3159 1206 3303 1260 haud
3336 1209 3530 1276 ρεπιιιῆ
3554 1206 3835 1273 dissident,

547 1307 677 1362 licet
700 1307 879 1361 minus
907 1304 977 1358 ab
1006 1306 1378 1373 antiquarum,
1410 1311 1523 1355 tum
1554 1301 1629 1354 ita
1659 1298 1968 1369 discrepant
1994 1300 2096 1370 ipsi
2127 1300 2269 1355 inter
2289 1313 2374 1365 se,
2404 1309 2465 1355 ut
2488 1303 2716 1368 epismla
2742 1310 2867 1372 quae
2892 1302 2965 1357 30
2991 1306 3080 1357 est
3101 1304 3153 1357 in
3174 1302 3365 1357 codice
3393 1294 3679 1369 Thua‘neo,
3704 1300 3767 1358 69
3783 1304 3841 1357 sit

545 1400 600 1454 in
623 1399 1026 1472 Longipontino
1042 1441 1057 1466 ,
1090 1408 1211 1468 quae
1238 1399 1291 1451 in
1318 1395 1719 1467 Longipontino
1738 1394 1808 1448 '56
1830 1394 1950 1449 haec
1972 1394 2091 1464 ipsa
2117 1395 2169 1448 in
2195 1394 2458 1449 'l‘lmaneo
2478 1395 2549 1450 48
2569 1396 2906 1462 collocetur;
2933 1397 3059 1450 etin
3094 1396 3217 1450 aliis
3240 1394 3430 1450 multis
3451 1391 3650 1450 eodem
3679 1395 3839 1451 modo.

619 1494 987 1563 Quamobrem
1017 1500 1073 1545 ut
1111 1489 1285 1545 Cuncti
1316 1488 1459 1542 hanc
1491 1494 1696 1542 tantam
1730 1486 2110 1541 confusionem
2138 1484 2515 1556 digerercmus
2540 1530 2554 1553 ,
2591 1486 2726 1542 nihil
2771 1488 3115 1542 commodius
3151 1486 3310 1541 nobis
3337 1490 3513 1541 visum
3540 1496 3661 1553 est,
3686 1492 3833 1558 quam

550 1597 610 1641 ut
641 1594 834 1640 omnes
875 1582 996 1637 illas
1027 1581 1319 1652 epistolas,
1353 1594 1583 1650 quarum
1628 1579 1804 1633 aetatis
1842 1586 2027 1633 notam
2074 1580 2311 1649 aliquam
2344 1581 2498 1633 licuit
2526 1581 2969 1651 deprehendere,
3000 1578 3304 1636 secundum
3344 1582 3652 1651 teritpontm
3693 1582 3843 1636 ratio-

549 1692 713 1743 nem,
741 1690 901 1745 quam
934 1675 1185 1729 novimus
1210 1672 1551 1744 potissimum
1586 1671 1804 1741 probari
1832 1672 1901 1725 ab
1925 1670 2178 1736 eruditis,
2209 1671 2684 1727 distribuerentus.
2711 1672 2843 1727 lude
2866 1674 3071 1727 claSses
3100 1680 3400 1743 exsurgunt
3425 1673 3549 1727 dure
3567 1715 3582 1740 ,
3609 1674 3702 1728 sed
3723 1689 3839 1744 qua-

559 1784 680 1825 rum
713 1769 861 1839 prior
886 1764 1245 1836 posteriorem
1275 1764 1438 1834 longe
1468 1771 1712 1833 superat.
1739 1761 1814 1818 Ut
1833 1774 1964 1818 vero
2005 1761 2317 1833 intelligant
2344 1764 2583 1819 lectores
2624 1766 2880 1834 quidnam
2910 1767 2964 1819 iii
2996 1765 3329 1836 assignando
3355 1766 3583 1836 singulis
3619 1764 3843 1837 epistulis

563 1863 686 1917 loco
730 1873 833 1915 suo
863 1869 1026 1929 atque
1070 1872 1302 1913 numero
1328 1857 1503 1911 secuti
1545 1857 1753 1924 simus,
1792 1865 2112 1926 argumenta
2140 1895 2156 1920 ,
2188 1856 2387 1926 quibus
2432 1858 2670 1927 ipsarum
2700 1853 2961 1926 probatur
2986 1866 3123 1912 a-tas
3143 1899 3159 1922 ,
3190 1857 3437 1913 breviter
3471 1866 3529 1913 et
3571 1856 3845 1915 continenti

561 1954 707 2011 serie
735 1960 1124 2025 proponemus.
1164 1951 1479 2005 Potuissent
1513 1950 1733 2020 quidem
1773 1958 1829 2004 et
1863 1950 1985 2003 alia-
2020 1948 2271 2019 qnzedam
2297 1950 2543 2019 epistolae
2581 1950 2844 2004 accedere
2873 1951 3052 2019 primo
3074 1951 3205 2005 lioic
3224 1950 3437 2017 ordini,
3462 1952 3510 2005 si
3534 1951 3601 2005 ad
3622 1960 3841 2005 statuen-

558 2047 686 2102 dum
718 2047 956 2115 ipsarum
979 2054 1197 2113 tempus
1215 2043 1529 2097 earumdem
1558 2056 1683 2097 cum
1704 2030 1825 2096 aliis
1852 2042 2136 2097 nonnullis
2161 2053 2256 2097 aut
2274 2044 2404 2114 styli
2430 2042 2525 2097 aut
2552 2044 2799 2099 materia:
2826 2042 3145 2100 aﬁinital'em
3168 2043 3427 2099 sufﬁcere
3442 2044 3846 2114 iudicassenius:

559 2150 614 2195 at
648 2142 988 2193 lirmamenta
1026 2136 1331 2191 istiusmodi
1361 2136 1630 2191 dcbiliora
1660 2137 1822 2190 nobis
1851 2135 2106 2191 videntur
2125 2178 2139 2200 ,
2170 2152 2331 2208 quam
2371 2146 2429 2190 tit
2459 2136 2544 2191 his
2583 2137 2717 2192 solis
2747 2147 2864 2193 tuto
2896 2154 2994 2193 nos
3036 2139 3139 2194 ‘niti
3168 2148 3333 2208 posse
3372 2138 3681 2194 credamus.
3710 2138 3848 2206 Quod

558 2246 690 2287 vero
721 2231 788 2286 ad
817 2230 1180 2303 posteriorem
1209 2229 1444 2284 classem
1466 2271 1480 2295 ,
1512 2229 1617 2284 hoc
1642 2230 1808 2283 modo
1840 2244 1960 2284 eant
1990 2228 2247 2284 duximus
2277 2228 2702 2294 instituendam;
2736 2238 2793 2283 ut
2817 2230 3097 2299 epistolae,
3127 2244 3249 2299 quae
3280 2230 3560 2298 pertinent
3599 2229 3664 2284 ad
3698 2244 3849 2299 expo-

560 2324 770 2380 nendos
800 2338 987 2378 sacros
1016 2322 1268 2389 codices,
1311 2322 1366 2375 in
1414 2322 1593 2376 fronte
1621 2322 1977 2377 locarentur:
2010 2333 2408 2391 sequerentur,
2440 2337 2563 2393 qua:
2608 2322 2663 2377 in
2711 2324 2863 2393 gravi
2895 2338 2961 2378 ac
3006 2323 3265 2394 religioso
3306 2325 3561 2395 quopiam
3593 2334 3852 2379 versantur

562 2428 884 2491 argumento
909 2434 922 2470 :
951 2431 1016 2471 ac
1045 2416 1268 2471 demum
1302 2416 1512 2486 aliquot
1553 2416 1802 2486 epistolia
1820 2457 1836 2483 ,
1881 2431 2002 2487 qua:
2028 2416 2096 2471 ad
2125 2424 2373 2473 neutram
2399 2423 2612 2487 partem
2644 2416 2837 2472 referri
2867 2415 3001 2471 satis
3024 2424 3154 2486 apte
3181 2415 3559 2487 concinneque
3586 2424 3850 2484 poterant,

562 2528 755 2586 agmen
778 2514 1116 2569 clauderent.
3102 2555 3109 2560 .

646 2607 764 2663 Jam
798 2607 1112 2660 monuimus
1142 2618 1252 2660 non
1284 2616 1484 2676 paucas
1512 2603 1809 2675 epistolas,
1838 2620 1963 2675 qua:
1991 2605 2044 2659 in
2085 2603 2323 2674 antiquis
2352 2600 2682 2659 editionibus
2712 2618 2821 2658 non
2852 2602 3223 2667 habebantur,
3264 2604 3319 2658 in
3368 2600 3611 2658 Romana
3637 2601 3854 2674 vulgatus

568 2721 727 2771 esse;
761 2704 936 2759 nihilo
966 2712 1148 2758 tamen
1179 2702 1357 2756 minus
1386 2710 1597 2755 certum
1631 2700 1787 2755 nobis
1817 2712 1900 2755 est
1928 2698 2100 2753 multo
2125 2697 2306 2754 adhuc
2336 2700 2524 2769 plures
2554 2696 2859 2763 interiisse,
2887 2712 2978 2753 aut
3010 2696 3207 2753 stillent
3246 2697 3305 2752 in
3332 2699 3517 2767 aliquo
3552 2697 3742 2767 ignota:
3785 2697 3853 2751 bi-

569 2798 860 2855 bliothecae
888 2795 1087 2866 angulo
1112 2796 1304 2850 luctari
1330 2802 1459 2848 cum
1488 2792 1672 2847 tineis.
1716 2792 1933 2846 Etenim
1966 2801 2020 2846 ul
2056 2792 2290 2847 maxime
2318 2806 2525 2848 certum
2554 2803 2642 2849 est
2682 2809 2793 2847 non
2838 2800 3007 2862 pauca
3034 2790 3109 2845 ab
3142 2791 3469 2855 Ambrosio,
3515 2792 3584 2846 ad
3627 2795 3854 2862 satyrum

570 2892 797 2949 fratrem
828 2893 1034 2949 aliosve
1063 2891 1357 2947 n'oitnullos
1385 2905 1451 2945 ex
1480 2889 1830 2944 amicissimis
1859 2888 2015 2943 datas
2040 2886 2210 2944 fuisse
2234 2884 2393 2961 (Lib.
2419 2889 2482 2941 de
2504 2887 2733 2943 Excessit
2765 2886 2946 2957 Satyri
2964 2885 3016 2958 );
3053 2886 3126 2939 ita
3160 2880 3411 2940 similiter
3433 2900 3499 2940 ex
3528 2885 3594 2940 iis
3616 2902 3727 2955 quae
3759 2899 3856 2937 res-

574 2995 721 3054 tant,
752 3002 1086 3058 cngnosccre
1119 2995 1204 3039 est
1243 2984 1380 3036 alias
1426 2984 1610 3051 plures
1654 2998 1789 3049 quas
1817 2981 1886 3035 ad
1929 2982 2296 3036 Mareellinam
2342 2996 2588 3036 sororem
2613 3022 2625 3045 ,
2658 2982 2724 3035 ad
2754 2980 3121 3035 Theodosium
3155 2980 3578 3049 imperatorem,
3611 2980 3673 3034 ad
3703 2978 3854 3047 Euge-

575 3082 723 3135 nium
754 3092 1042 3150 lyrannum
1067 3116 1083 3141 ,
1114 3078 1180 3129 ad
1210 3076 1503 3146 Alypium,
1538 3064 1603 3129 ad
1639 3064 1998 3130 l’ltcebadium
2025 3086 2187 3142 atque
2218 3074 2543 3143 Delphinum
2575 3075 2873 3143 scripserat
2902 3083 3127 3128 sanctus
3158 3072 3396 3139 Praesul,
3426 3072 3735 3127 desiderari.
3765 3071 3858 3124 llas

573 3186 631 3226 ut
671 3190 700 3225 e
730 3169 970 3224 tenebris
1000 3182 1313 3222 eruerentns
1334 3198 1351 3233 δ
1377 3179 1504 3222 cum
1544 3165 1789 3221 adhibita
1828 3182 1957 3221 cura
1981 3207 1997 3231 ,
2026 3183 2130 3237 qua
2158 3166 2421 3238 majorem
2460 3180 2572 3221 non
2602 3167 2908 3236 potuimus,
2959 3166 3091 3220 nihil
3124 3167 3225 3221 hac
3253 3177 3412 3236 parte
3438 3166 3853 3235 profecissemus;

575 3263 721 3335 quod
752 3280 913 3314 unum
952 3261 1050 3315 fuit
1081 3260 1305 3325 reliqui,
1353 3260 1547 3315 sedulo
1577 3261 1629 3315 in
1671 3259 1935 3327 residuis,
1967 3277 2099 3330 quas
2131 3263 2371 3317 omnium
2414 3280 2442 3315 a
2482 3274 2673 3317 sancto
2715 3263 2955 3317 Praesule
2996 3264 3320 3331 scriptarum
3350 3264 3857 3331 pulclterrimasessc

579 3355 939 3417 arbitramur,
967 3354 1229 3407 ornandis
1259 3353 1621 3408 incubuimus.
1654 3354 1839 3423 Itaque
1872 3354 2072 3423 pi'teter
2105 3350 2194 3409 illa
2223 3364 2344 3423 qua:
2370 3353 2480 3424 jam
2513 3366 2675 3424 supra
2716 3354 3138 3409 memoravimus
3168 3368 3199 3407 a
3229 3355 3386 3409 nobis
3417 3353 3585 3409 fuiSse
3608 3352 3855 3423 praestita.

576 3464 830 3519 magnum
863 3464 1148 3501 numerum
1180 3449 1710 3517 manuscriptorum,
1739 3466 1771 3502 e
1799 3449 1993 3519 quibus
2016 3451 2274 3521 plerique
2310 3449 2745 3522 antiquissimam
2787 3451 3158 3521 optimamque
3192 3466 3411 3505 manum
3456 3452 3774 3520 praeierunt.
3805 3443 3857 3497 ad

572 3558 762 3598 earnm
795 3542 1234 3597 emendationem
1264 3542 1631 3597 adhibuimus.
1671 3542 1753 3597 Ad
1804 3543 1922 3598 hec
1968 3545 2181 3612 spurius
2217 3544 2426 3613 aliquot
2462 3557 2491 3595 a
2534 3543 2766 3612 reliquis
2807 3545 3251 3614 segregavimus,
3299 3543 3457 3611 cujus
3509 3543 3619 3605 rei,
3669 3555 3731 3594 ne
3775 3539 3859 3589 hoc

573 3646 780 3691 temere
809 3649 841 3689 a
873 3635 1031 3690 nobis
1058 3635 1261 3689 factum
1303 3639 1423 3705 quis
1450 3635 1765 3701 existimet,
1810 3637 1951 3689 ratio
1984 3636 2245 3690 reddetur
2288 3635 2403 3690 suis
2438 3634 2595 3689 locis.
2641 3635 2888 3706 Denique
2929 3644 2987 3689 tit
3028 3650 3124 3705 pro
3167 3636 3312 3689 virili
3346 3651 3537 3690 eorum
3576 3634 3757 3704 quibus
3791 3630 3859 3683 ci-

579 3737 687 3783 tata
721 3742 792 3784 ex
840 3726 961 3782 aliis
1003 3726 1335 3782 cditionibus
1384 3728 1437 3782 in
1480 3737 1666 3782 nostra
1714 3728 2005 3784 consulere
2048 3742 2192 3798 Opus
2233 3728 2433 3791 fuerit.
2486 3729 2730 3783 laborem
2781 3731 3122 3793 relevemus;
3157 3726 3421 3797 triplicem
3470 3730 3762 3797 catalogum
3791 3740 3862 3778 sv-

576 3822 812 3875 cundutn
861 3828 973 3874 tres
1007 3804 1229 3875 ordines
1268 3820 1513 3875 omnium
1543 3819 1843 3875 editionum
1872 3821 2018 3877 inter
2062 3836 2123 3876 se
2153 3829 2499 3891 comparatos
2526 3822 2721 3893 subjici
2760 3824 3071 3878 curavimus
3092 3863 3109 3890 ,
3146 3830 3511 3892 quartumque
3540 3822 3863 3892 adjunxitnus

582 3915 1012 3985 alphabeticum,
1036 3926 1268 3985 quorum
1292 3929 1397 3985 ope
1428 3913 1606 3970 omnis
1629 3915 1845 3971 salebra
1875 3913 2311 3985 complanabitur
2332 3928 2396 3969 ac
2421 3913 2735 3970 difﬁcultas.
2764 3916 2871 3971 Sed
2902 3918 3051 3986 prius
3078 3915 3430 3987 chronologia
3462 3917 3650 3987 primae
3683 3924 3860 3969 nostrae

581 4009 778 4062 classis
816 4017 901 4062 est
935 4006 1379 4063 demonstranda.

1620 4252 1960 4336 ORDO
2018 4248 2859 4335 EPISTOLARUM

932 4389 1361 4454 SECUNDUM
1404 4390 1854 4455 TEMPORUM
1897 4389 2321 4452 RATIONEM
2364 4390 3019 4456 DlSTRIBUTARUM
3061 4393 3526 4458 ASSERITUR.

1103 4640 1320 4699 PRIMA
1358 4641 1665 4701 CLASSIS.
2211 4656 2266 4713 Α
2289 4630 2500 4708 lensem
2528 4652 2874 4708 commendat
2910 4653 3234 4721 Ecclesiam,
3264 4666 3432 4728 utque
3466 4658 3537 4715 ab
3564 4658 3765 4716 Arianis
3802 4655 3863 4710 ab

656 4730 841 4809 [Ann.
870 4730 1034 4808 379.]
1075 4735 1252 4790 Prima
1301 4736 1534 4807 epistola
1583 4735 1883 4808 respondet
1930 4728 2191 4796 Gratiano
2292 4742 2471 4815 Illyria
2502 4746 2842 4802 venientibus
2870 4758 3081 4814 caveat,
3110 4757 3313 4805 monet.
3345 4750 3501 4817 Quod
3528 4751 3733 4818 quidem
3753 4759 3861 4802 cuni

590 4828 943 4901 imperatori,
989 4826 1143 4898 cujus
1194 4829 1390 4884 litterae
1438 4828 1601 4884 etiam
1656 4830 2082 4900 praemittuntur.
2131 4833 2191 4888 in
2293 4836 2360 4892 de
2388 4838 2785 4894 incursionibus
2815 4838 3118 4894 Gothorum
3146 4841 3437 4908 exstincto,
3467 4851 3529 4897 ut
3551 4842 3658 4913 jam
3681 4840 3861 4895 dictum

594 4921 707 4991 ipsa
762 4930 987 4975 excusat
1036 4919 1357 4975 Ambrosius
1410 4919 1552 4991 quod
1610 4920 1787 4977 eidem
1844 4923 2074 4994 principi
2125 4939 2191 4980 ex
2292 4938 2396 4996 est,
2421 4931 2644 4987 Valente
2667 4932 2974 5001 provincias
2997 4932 3118 4986 illas
3142 4933 3515 5002 populantium
3536 4934 3860 5004 intelligatur.

591 5004 815 5068 0:-ieute
860 5008 1159 5066 revertenti
1204 5026 1313 5095 non
1353 5012 1675 5068 occurrerit.
1713 5012 1847 5069 Ctim
1879 5025 2059 5070 autem
2108 5014 2194 5071 hic
2294 5039 2525 5094 cumque
2553 5024 2762 5079 dierum
2798 5024 3160 5094 ingruentium
3190 5024 3627 5095 Quadragesimm
3658 5021 3863 5080 mentio—

591 5096 835 5188 Gratiani
860 5104 1065 5160 reditus
1092 5092 1313 5177 intelligi
1338 5104 1675 5177 commodius
1698 5122 1807 5188 non
1832 5107 2005 5177 possit
2032 5124 2192 5178 quam
2296 5133 2419 5172 nem
2442 5092 2642 5181 faciat;
2683 5115 2807 5172 hinc
2845 5092 3151 5186 colligimus
3190 5092 3443 5173 eamdem
3472 5117 3744 5188 epistolam
3769 5111 3860 5167 sub

590 5184 659 5253 de
689 5197 786 5251 illo
816 5196 955 5266 ipso,
997 5211 1105 5267 quo
1146 5195 1191 5250 is
1226 5188 1349 5280 post
1381 5198 1580 5251 vietum
1616 5214 1643 5251 a
1691 5182 1886 5255 Cotltis
1924 5209 2088 5271 atque
2139 5200 2193 5256 iit
2296 5209 2772 5280 Quadragesimam
2800 5208 2930 5264 anni
2957 5182 3063 5264 579
3086 5210 3342 5279 scriptam
3370 5182 3556 5265 fuisse.

596 5287 874 5357 tuguriolo
920 5282 1118 5357 agresti
1150 5303 1208 5341 ιιι
1246 5274 1355 5342 kal.
1389 5298 1528 5359 sept.
1574 5304 1704 5345 ann.
1744 5288 1852 5363 578
1882 5290 2191 5346 ambustunt
2308 5274 2339 5278 ⁷⁷
2369 5274 2546 5375 [Anni
2581 5301 2746 5375 580,]
2784 5302 2881 5357 [ua
2908 5315 2961 5359 ei
2993 5303 3090 5358 Iv:
3118 5274 3282 5359 Felici
3336 5303 3720 5360 inscribuntur.
3767 5296 3859 5353 lla—

591 5378 879 5435 Valentem
926 5389 1211 5468 patruum,
1256 5380 1341 5468 (illi
1382 5381 1660 5450 suppetias
1709 5383 1914 5447 iverat,
1946 5384 2196 5455 sequenti
2298 5411 2415 5449 rum
2448 5402 2664 5450 {mutem
2693 5396 2816 5451 inde
2845 5398 3091 5468 colligas,
3123 5397 3265 5468 quod
3296 5398 3599 5468 posterior,
3626 5396 3710 5451 cui
3734 5392 3859 5463 pin-

591 5488 738 5527 anno
776 5470 831 5526 in
874 5466 1228 5528 Occidentem
1268 5466 1558 5560 regressus
1603 5487 1716 5545 cst,
1761 5492 1869 5533 non
1918 5479 2194 5534 immerito
2297 5503 2410 5542 rem
2444 5502 2549 5540 non
2583 5488 2766 5541 multis
2794 5466 2995 5544 diebus
3021 5466 3360 5560 praemissam
3391 5499 3627 5556 constat,
3656 5488 3859 5543 Comu-

582 5560 723 5655 η¹¹¹¹ξο
751 5560 995 5655 ενίεεοιεῖε
1025 5581 1227 5620 “mm”
1257 5554 1363 5622 379
1391 5554 1761 5621 “uribl'i'lms-
2298 5593 2413 5633 sem
2444 5576 2591 5630 illum
2621 5577 2937 5647 episcopum
2983 5554 3173 5655 invitet
3206 5580 3273 5635 ad
3314 5554 3704 5637 dedicationem
3727 5571 3855 5633 Μεί-

666 5644 743 5710 litI
777 5672 900 5725 quae
944 5652 1266 5713 Constantio
1333 5674 1474 5714 novo
1520 5660 1781 5732 episcopo
1823 5662 2063 5719 muneris
2108 5666 2192 5722 sui
2299 5668 2415 5723 licte
2441 5684 2470 5722 a
2499 5644 2759 5725 Bassiano
2785 5644 3055 5728 Laudensi
3083 5648 3337 5742 episcopo
3360 5684 3702 5739 constructae,
3722 5665 3855 5733 cui“

599 5742 795 5799 ofiieiis
826 5744 1160 5804 instituendo
1189 5745 1457 5804 destinata
1489 5760 1593 5821 est,
1626 5749 1730 5822 ipsi
1758 5768 1972 5825 quoque
1999 5753 2195 5814 lmmo—
2301 5761 2768 5821 consecrationem
2789 5776 2934 5819 anno
2957 5764 3062 5820 580
3091 5762 3281 5823 factam
3311 5763 3478 5820 fuisse
3510 5763 3665 5823 tradit
3685 5754 3860 5832 081161⁸
