3936 6168
124 184 230 238 833

459 179 648 238 onno
685 181 1170 239 EPISTULARUM
1212 171 1362 238 ssc.
1403 147 1788 242 icitronuil
1828 169 2183 240 RATIONEM
2222 161 2616 242 biSTRiBU’l‘.
2658 183 3073 245 ASSERITUR.

3314 189 3421 244 854

121 301 198 353 ius
235 308 377 352 tomo
401 295 440 351 11
476 298 601 352 Ital.
637 315 815 351 soci-tv.
853 299 909 354 Si
945 313 1107 367 porro
1135 293 1324 352 isthaec
1353 300 1556 367 epoclta
1588 299 1716 370 legi—
1743 299 1797 368 Α
1820 299 2167 370 ditur-umque
2221 301 2438 355 scriniis
2489 313 2921 366 conserventur,
2974 293 3166 359 falsum
3223 304 3427 359 substi-

121 394 242 443 tima
273 385 361 448 sil.
389 390 490 444 erit
520 390 687 444 etiam
720 390 1080 460 adjiciendum
1109 388 1246 443 hanc
1296 389 1464 459 ipsam
1513 389 1717 459 episto-

120 484 220 537 lam
254 481 426 552 pridie
454 477 567 536 kal.
615 482 870 536 noventb.
909 481 1088 535 datam
1124 479 1320 545 luisse;
1355 481 1558 551 quippe
1595 495 1715 550 qua:

119 565 361 630 eumdem
389 573 532 628 diem
566 583 751 644 aperte
779 575 993 644 prodat.

184 666 257 720 γε
297 675 352 721 et
404 659 503 721 Via
558 666 785 739 Syagrio
829 655 1130 723 Veronensi
1185 667 1446 737 episeoiio
1493 665 1714 737 scripta:

123 767 261 814 sunt.
317 758 409 814 llis
458 761 785 815 Ambrosius
836 760 914 814 illi
964 763 1181 816 nuntiat
1226 762 1487 832 judicium
1536 761 1604 816 ab
1650 777 1716 816 eo

118 856 300 907 contra
327 850 582 906 lndiciam
611 853 875 922 virginem
906 851 1096 920 latum,
1122 869 1150 906 a
1175 871 1233 908 se
1259 853 1313 906 111
1335 853 1714 923 episcOporum

119 951 378 997 conventu
412 944 708 997 rescissum
739 959 881 998 esse.
913 942 1172 1012 Quamvis
1200 955 1381 998 autem
1410 945 1498 1013 qui
1530 943 1717 998 volunt

121 1037 166 1090 id
195 1039 490 1105 contigisse
528 1052 673 1091 anno
702 1023 808 1092 380
837 1036 1040 1092 nullam
1084 1038 1358 1106 opinionis
1388 1054 1500 1092 suae
1547 1037 1711 1092 ratio-

120 1146 234 1183 nem
265 1129 528 1196 reddant;
567 1131 723 1184 nobis
766 1142 942 1184 tamen
975 1146 1086 1186 cur
1129 1129 1196 1185 ab
1235 1131 1316 1186 eis
1357 1148 1462 1186 non
1495 1130 1717 1187 receda-

120 1239 250 1287 mus,
285 1239 462 1278 causa:
499 1239 608 1278 non
653 1223 872 1279 desunt.
908 1223 1040 1278 Nam
1082 1222 1261 1294 primo
1294 1225 1413 1281 loco
1443 1221 1577 1280 satis
1608 1225 1715 1280 cia-

122 1333 229 1371 rum
259 1329 341 1372 est
371 1319 490 1387 ipso
519 1318 866 1388 episcopatus
895 1309 1138 1386 ejusdem
1175 1317 1384 1388 Syagrii
1415 1315 1567 1371 initio
1600 1317 1716 1372 haec

120 1409 248 1462 facta
305 1423 471 1472 esse,
527 1423 649 1462 cum
700 1407 900 1462 indicia
953 1423 1075 1476 qua:
1129 1407 1194 1461 ab
1250 1409 1368 1477 ejus
1421 1407 1713 1463 decessore

121 1501 330 1556 Zenone
353 1513 478 1555 ante
505 1503 704 1555 iutilius
728 1516 900 1554 annos
929 1502 1105 1556 velum
1136 1509 1442 1571 acceperat,
1470 1501 1715 1556 criminis

119 1602 492 1658 accusaretur,
547 1591 886 1661 potissimum
936 1592 988 1646 in
1036 1593 1288 1662 jtmiores
1336 1609 1544 1659 annos,
1599 1593 1716 1649 ani-

119 1701 362 1756 mumque
406 1685 588 1740 minus
637 1697 906 1739 maturum
956 1687 1224 1755 quadrare
1271 1685 1418 1740 soliti

117 1780 324 1834 Nicetus
351 1777 464 1845 ille,
498 1780 656 1846 cujus
688 1779 894 1833 mentio
931 1776 990 1833 lit
1032 1780 1085 1832 in
1136 1779 1234 1833 hac
1275 1779 1526 1848 epistola,
1566 1778 1708 1834 idem

117 1887 230 1927 esse
257 1873 600 1927 existimatur
637 1877 800 1940 atque
845 1870 890 1924 is
937 1857 1179 1936 Nicetus,
1209 1879 1367 1941 queui
1407 1871 1492 1926 lex
1534 1871 1590 1926 11
1633 1869 1712 1925 Ne

117 1975 338 2017 sanctum
366 1964 642 2030 baptisma,
671 1972 805 2026 etc.,
835 1976 979 2016 anno
1004 1961 1106 2016 577
1134 1959 1258 2016 data
1288 1972 1573 2016 memorat.

185 2053 298 2109 \‘ll‘
330 2065 384 2110 et
426 2051 572 2108 Villill
612 2052 767 2108 Jusio
813 2055 954 2108 inter
1006 2045 1396 2124 Lugdunenses
1450 2054 1709 2123 prtcsules'

121 2149 269 2203 tertio
308 2147 522 2202 decitno
550 2145 730 2200 missae
773 2144 1088 2200 (τι-0110111111.
1118 2145 1302 2215 itaque
1348 2149 1469 2200 cdm
1514 2143 1560 2199 is
1591 2147 1712 2214 post

119 2241 397 2295 concilium
455 2239 836 2310 Aquileiense,
894 2235 980 2292 cui
1033 2238 1196 2291 simul
1248 2246 1371 2291 eum
1420 2237 1711 2292 Ambrosio

120 2351 250 2389 anno
293 2333 389 2390 581
442 2331 794 2397 interfuerat,
847 2331 1057 2391 dicatur
1110 2339 1402 2401 numquam
1453 2325 1710 2402 deinecps

122 2428 428 2498 Lugdunum
482 2425 810 2494 revertisse,
857 2426 951 2481 Sed
999 2425 1049 2480 in
1098 2414 1318 2497 Egypti
1349 2442 1407 2481 se
1437 2427 1711 2496 recepisse

120 2517 462 2584 solitudines;
499 2518 624 2573 hinc
655 2516 886 2573 efﬁcitur
918 2527 1202 2589 utramque
1241 2517 1528 2588 epistolam
1564 2515 1706 2574 dicta

120 2614 316 2685 synodo
342 2615 574 2683 priorem
600 2627 744 2668 esse.
978 2683 982 2686 ξ

179 2703 342 2777 [Ann.
376 2699 529 2776 53L]
564 2699 688 2771 lx“,
725 2703 822 2768 Χα,
854 2701 954 2758 XI"
983 2715 1037 2759 et
1063 2701 1187 2759 Χ11⁴¹
1225 2717 1303 2758 ea:
1342 2701 1491 2770 sunt,
1515 2705 1709 2775 quibus

123 2795 456 2869 Aquileicnse
477 2795 769 2852 concilium
794 2802 846 2850 itt
871 2811 1034 2852 causa
1049 2785 1274 2850 Palladii
1299 2809 1362 2850 ac
1382 2793 1708 2852 Se'cundiani

125 2893 349 2947 habitum
377 2893 718 2947 occasionem
747 2883 918 2946 dedit.
960 2891 1084 2946 illas
1115 2906 1218 2945 una
1247 2907 1371 2945 cum
1403 2891 1540 2945 aetis
1569 2890 1709 2960 ejus-

124 2983 228 3039 dem
253 2985 468 3039 Concilii
499 2983 638 3038 hanc
668 2981 719 3037 in
747 2981 1042 3038 editionem
1069 2991 1174 3037 noh
1205 2983 1379 3037 solum
1413 2980 1537 3037 ideo
1560 2991 1709 3037 rece-

1822 403 1994 448 tuere.
2039 393 2280 448 Primum
2317 393 2448 449 illud
2490 412 2596 448 non
2637 397 2711 451 ita
2757 395 3000 462 insolens
3037 389 3154 462 est,
3187 413 3285 452 nec
3316 383 3422 452 tam

1819 484 1978 539 facile
2002 477 2449 553 deprehenditur,
2480 488 2715 542 maxime
2738 485 2781 541 si
2805 494 2997 542 auctor
3019 489 3110 557 qui
3140 489 3427 559 peregrino

1818 576 2077 632 idiomate
2101 577 2406 648 scripserit,
2430 569 2714 648 adoptetur
2740 598 2752 632 :
2777 580 3078 635 secundum
3104 597 3233 636 vero
3257 598 3426 651 prope

1819 657 2118 724 inauditum
2159 679 2261 734 est,
2311 684 2410 725 nec
2452 669 2623 726 ferme
2673 661 2774 725 nisi
2822 671 2890 725 ab
2938 681 3156 727 atncnte
3205 672 3426 728 homine

1820 761 2013 815 tentari
2047 771 2229 832 queat.
2261 761 2395 831 Quis
2425 761 2588 831 igitur
2627 763 2730 817 sibi
2779 755 3102 833 persuadeat
3134 763 3422 834 praesulem

1817 852 2116 914 eruditum,
2163 855 2357 906 i'amam
2394 855 2703 923 propriam,
2742 866 2901 925 atque
2936 853 3196 909 Ecclesia:
3236 845 3422 910 01111111-

1816 943 1932 997 11οω
1979 960 2193 998 causam
2243 942 2566 1000 Arianorum
2614 945 2829 1014 probris
2871 961 2932 1000 ac
2960 947 3207 1000 ludibriis
3253 943 3422 1018 usque

1816 1035 1955 1090 adeo
2010 1037 2393 1105 prostituisse?
2443 1036 2576 1092 Nam
2634 1055 2758 1093 cum
2811 1037 2953 1094 idem
3003 1039 3096 1094 ille
3152 1030 3419 1110 integrum

1817 1123 2122 1180 Concilium
2169 1143 2344 1196 penes
2374 1145 2432 1183 se
2460 1129 2717 1193 haberet,
2751 1121 2904 1200 cujus
2933 1133 3096 1185 etiam
3130 1134 3413 1202 epocbat'n,

1816 1219 2268 1291 Subscriptioncs,
2297 1221 2422 1277 licet
2443 1211 2640 1278 alicubi
2668 1236 2973 1293 corruptas,
2999 1241 3100 1280 nec
3126 1241 3230 1280 non
3255 1243 3420 1297 syno-

1816 1307 2014 1367 dalium
2069 1317 2427 1384 episwiarum
2481 1318 2691 1388 partem
2742 1322 3066 1389 retinuerit,
3122 1334 3179 1377 ut
3232 1325 3422 1379 Scribit

1815 1404 2046 1474 ipsemet
2085 1406 2418 1475 Cliil'iletius;
2466 1429 2572 1480 quo
2616 1423 2769 1481 pacto
2813 1413 2916 1468 sibi
2961 1425 3166 1469 tantum
3212 1417 3420 1471 adulari

1817 1501 2011 1570 potuit,
2043 1509 2100 1555 ut
2131 1503 2381 1557 crederet
2408 1504 2545 1558 hanc
2569 1506 2814 1561 eamdem
2839 1509 3104 1578 synodum
3133 1507 3272 1578 apud
3307 1510 3427 1562 nul-

1817 1592 1927 1648 lum
1968 1595 2132 1649 alium
2169 1613 2344 1665 neque
2391 1600 2443 1652 111
2489 1583 2696 1664 Africa,
2728 1615 2903 1669 neque
2932 1601 2982 1652 in
3011 1599 3210 1666 Gallia,
3241 1617 3421 1669 neque

1463 1704 1475 1740 :
1518 1685 1714 1740 deinde
1746 1684 1792 1754 B
1821 1688 1873 1742 in
1923 1687 2068 1742 italia
2118 1681 2234 1759 ipsa
2282 1706 2508 1759 usquam
2557 1684 2802 1747 servari?
2845 1693 2984 1760 Quin
3037 1693 3205 1749 immo
3251 1709 3422 1762 quare

1817 1785 1942 1834 vera
1989 1777 2078 1835 illa
2129 1791 2481 1837 monotnenta
2532 1800 2636 1838 non
2687 1779 2803 1854 ipse
2854 1785 3117 1856 vulgavit,
3163 1787 3423 1856 majorem

1819 1874 1956 1927 haud
2004 1873 2165 1930 dubie
2206 1873 2468 1930 adversus
2502 1871 2787 1932 haereticos;
2820 1879 2926 1932 vim
2957 1869 3229 1942 habitura,
3259 1897 3422 1951 quam

1815 1969 2230 2022 commentitia?
2263 1957 2378 2024 lluc
2409 1965 2547 2024 adde
2578 1963 2710 2023 nihil
2743 1969 2794 2024 in
2828 1972 3017 2027 iisdem
3056 1974 3206 2028 Actis
3236 1988 3426 2028 oceur-

1816 2076 1956 2127 rere,
1988 2057 2128 2131 quod
2161 2078 2266 2115 non
2292 2061 2614 2132 argumento
2637 2057 2692 2116 et
2717 2066 2963 2132 personis
2987 2080 3053 2118 ex
3089 2078 3334 2134 tempore
3359 2081 3422 2119 ac

1812 2152 1994 2205 subito
2026 2155 2256 2221 quodam
2296 2147 2478 2207 calore
2508 2147 2916 2222 disputautibus
2956 2166 3082 2224 apte
3129 2151 3419 2226 cetigruat.

1886 2233 2055 2296 instat
2078 2249 2256 2297 tamen
2280 2241 2458 2299 adhuc
2481 2242 2810 2309 Ciiiﬂletius,
2837 2254 2895 2297 et
2922 2237 3066 2314 quod
3096 2237 3417 2301 Valerianus

1815 2330 1927 2387 illic
1956 2331 2251 2389 Ambrosio
2279 2345 2470 2389 contra
2501 2335 2666 2389 decus
2709 2352 2772 2390 ac
2811 2335 2958 2392 sedis
3001 2327 3424 2395 liledioianensis

1815 2426 2131 2494 dignitatem
2180 2444 2400 2497 semper
2450 2429 2820 2498 pra-ponatur,
2871 2428 3108 2484 necnon
3159 2427 3423 2486 Artemius

1811 2514 2015 2588 lliyrici
2050 2519 2345 2586 primatum
2390 2520 2496 2573 sibi
2538 2520 2866 2575 vindicando
2914 2539 2980 2577 ex
3028 2521 3185 2593 aquo
3229 2538 3422 2580 eontra

1813 2610 2139 2664 modestiam
2172 2626 2235 2665 ac
2266 2613 2551 2666 veritatem
2579 2624 2800 2682 peccet,
2847 2610 3222 2684 reprehendit.
3257 2617 3421 2687 Atqui

1813 2704 1857 2754 si
1891 2717 2019 2755 vera
2068 2703 2294 2756 Concilii
2337 2703 2497 2771 Acta,
2532 2717 2589 2758 ut
2635 2704 2942 2760 Chiiﬂetius
2995 2707 3180 2773 tradit,
3233 2709 3422 2763 babmt

1818 2792 2066 2863 Vigilius,
2109 2810 2203 2848 cur
2239 2797 2290 2848 i‘n
2323 2799 2405 2850 eis
2457 2797 2545 2850 illa
2596 2795 2942 2866 potissimum
2976 2793 3179 2853 initiata
3227 2793 3423 2865 voluit,

1817 2885 1958 2940 unde
2006 2887 2234 2941 minimo
2287 2889 2505 2957 negotio
2562 2881 2708 2942 i'rans
2739 2893 2857 2954 ejus
2903 2897 3067 2960 atqtte
3117 2885 3420 2959 impos-tura

1815 2978 2199 3050 detegeretur?
2222 2973 2329 3034 Sed
2365 2980 2502 3034 uitnl
2531 2981 2653 3035 istic
2676 3023 2690 3047 ,
2721 2981 2864 3049 quod
2892 2983 3088 3036 merito
3116 2984 3420 3052 rvpi-chen;

125 3079 320 3144 pimus,
365 3073 488 3143 quia
538 3075 592 3128 iit
638 3073 880 3128 Romana
913 3073 1127 3128 luerant
1171 3075 1454 3142 evulgataa,
1487 3081 1542 3128 et
1570 3073 1710 3128 inter
1737 3073 1782 3142 ρ
1816 3071 1996 3138 datur,
2041 3074 2338 3126 admissum
2368 3085 2492 3128 esse
2526 3077 2554 3126 a
2585 3072 2745 3127 iiobis
2787 3069 3257 3128 demonstiabitur
3295 3067 3419 3145 pro-

125 3167 293 3220 Ambrt
317 3165 468 3220 siana
500 3182 664 3236 Opera
697 3167 748 3220 in
779 3166 1164 3235 manuscriptis
1195 3165 1518 3235 quibusdam
1549 3177 1704 3236 repe-

127 3257 352 3322 riuntur;
388 3257 481 3312 sed
527 3257 696 3311 ttttilto
727 3258 902 3327 magis
937 3259 1081 3328 quod
1123 3254 1368 3312 liatrtbus
1397 3255 1710 3329 Aquileien-

127 3351 255 3405 sibus
282 3361 338 3406 et
358 3350 558 3420 linguae
585 3349 640 3404 in
668 3350 1017 3420 disputando,
1045 3361 1098 3404 et
1125 3359 1312 3404 manus
1342 3351 1393 3404 in
1421 3351 1712 3405 scribendo

128 3443 344 3498 cilicium
379 3442 705 3513 prm'stitisse
751 3445 1006 3496 uoscatiir
1055 3449 1274 3496 sanctus
1318 3442 1544 3497 Prmsul.
1591 3441 1709 3498 Jatit

128 3551 239 3591 vero
281 3545 495 3606 tempus
540 3535 757 3591 concilii
808 3537 953 3590 clare
1000 3533 1279 3603 delinitur,
1310 3543 1432 3592 eum
1464 3533 1708 3608 ejusdem

130 3639 226 3684 acta
268 3625 482 3702 Syagrii
533 3633 696 3700 atque
738 3627 992 3684 Eucherii
1021 3643 1164 3685 coss.
1200 3632 1416 3686 notuina
1450 3631 1502 3685 in
1531 3627 1712 3686 fronte

133 3725 436 3791 pri-ferant,
470 3737 701 3795 quorum
736 3726 1078 3779 consulatum
1111 3727 1162 3778 in
1194 3735 1393 3780 annum
1434 3719 1534 3780 381
1578 3723 1713 3780 inei-

134 3817 255 3874 disse
282 3823 441 3874 extra
470 3820 691 3874 dubium
720 3828 824 3875 est.

191 3912 443 3966 Attamen
475 3910 602 3982 quid
649 3910 910 3966 faciemus
942 3911 1001 3965 P.
1045 3909 1240 3965 Franc.
1271 3908 1575 3976 Cliilnetio,
1622 3911 1711 3978 qui

137 4003 300 4059 eadem
352 4001 479 4057 Acta
525 4001 828 4058 adulterina
877 4018 1021 4070 esse,
1053 4014 1106 4057 et
1148 4019 1176 4056 a
1213 4001 1410 4073 Vigilio
1451 4001 1713 4070 Tapsensi

138 4098 207 4161 qui
257 4099 501 4151 vertente
545 4098 738 4168 quinto
783 4095 986 4152 sarculo
1031 4093 1406 4164 scriptitabat,
1452 4092 1710 4147 fabricata

140 4176 426 4253 contendit;
476 4195 650 4260 eoque
697 4203 803 4243 non
845 4190 1022 4244 solum
1055 4187 1145 4242 illa
1187 4185 1273 4242 edi
1322 4187 1532 4242 curavit
1572 4187 1715 4242 inter

143 4278 355 4351 legitima
381 4281 557 4353 Vigiiii
589 4295 772 4353 opera,
807 4282 902 4337 sed
931 4291 985 4336 et
1007 4277 1268 4352 judicium
1309 4287 1463 4336 suuitt
1495 4281 1714 4350 propria

144 4373 502 4434 dissertatione
553 4369 829 4432 defendit?
875 4375 983 4431 Nos
1033 4391 1160 4430 vero
1209 4385 1266 4430 ut
1317 4383 1577 4444 appareat
1617 4379 1714 4428 cur

1816 3163 1947 3233 priis
1975 3161 2132 3217 locis.

1884 3251 2006 3309 Alia
2039 3249 2298 3310 nonnulla
2330 3255 2523 3326 objicit
2553 3247 2697 3311 idem
2730 3255 2923 3313 aitetor
2959 3257 3049 3324 iis,
3079 3264 3199 3330 quae
3227 3258 3420 3313 retuli-

1813 3362 1931 3401 mus
1954 3347 2132 3402 adltuc
2160 3344 2452 3414 debiliora,
2488 3355 2542 3404 et
2571 3357 2806 3420 qttorum
2834 3353 3012 3420 aliquzt
3040 3359 3146 3404 non
3176 3352 3341 3405 modo
3365 3353 3419 3405 iii

1814 3455 1926 3495 rem
1964 3441 2080 3510 ejus
2111 3439 2248 3494 niltii
2281 3443 2484 3495 faciant
2506 3483 2520 3506 ,
2557 3439 2652 3496 sed
2700 3450 2753 3495 et
2788 3446 2838 3495 iti
2869 3441 3046 3512 ipsum
3088 3445 3303 3512 possint
3335 3449 3421 3498 rc-

1815 3535 2055 3602 torqueri
2107 3535 2315 3602 tnajore
2361 3526 2494 3588 ictu.
2547 3529 2893 3601 Quapropter
2942 3549 3050 3588 non
3106 3531 3423 3589 dubitamus

1814 3633 2074 3694 germana
2107 3641 2228 3681 esse
2256 3620 2370 3679 lucc
2396 3625 2586 3679 eadem
2613 3636 2754 3692 acta,
2789 3626 3028 3695 illudque
3057 3637 3222 3680 onum
3247 3633 3422 3695 etiop-

1818 3725 2079 3780 laremns,
2115 3732 2309 3786 nempe
2341 3728 2397 3771 ut
2425 3719 2634 3787 integra
2664 3719 2729 3771 ad
2765 3714 3008 3772 nostrain
3043 3727 3260 3773 aitatem
3307 3722 3421 3788 ipsa

1819 3817 2216 3877 pervenissent.
2271 3808 2401 3860 Nam
2458 3811 2600 3877 quod
2657 3807 2965 3863 Citii'llctit'ts
3026 3821 3124 3880 pro
3173 3805 3420 3881 complc-

1819 3911 2003 3956 mento
2031 3899 2190 3970 hujus
2216 3901 2398 3970 operis
2423 3895 2668 3956 libellum
2697 3905 2759 3956 de
2788 3891 2916 3956 Filii
2939 3893 3207 3959 divinitate
3231 3892 3421 3961 obliti-3

1818 3999 1949 4052 dere
1991 3995 2151 4050 nobis
2199 3995 2408 4058 voluit,
2450 3988 2503 4050 id
2551 3996 2620 4050 ab
2649 3988 2794 4050 omni
2826 4001 3011 4065 specie
3047 3991 3294 4054 veritatis
3323 4001 3424 4054 sub

1821 4087 1940 4146 loco
1996 4099 2104 4143 tam
2170 4085 2472 4144 abhorrere
2534 4081 2975 4157 declarabimus,
3035 4101 3198 4160 quam
3271 4085 3418 4164 quod

1820 4185 2076 4241 maxime.

1888 4271 2055 4351 [Ann.
2088 4265 2190 4333 ’581
2239 4285 2294 4332 et
2319 4269 2478 4348 582.]
2521 4267 2666 4332 Xlll‘
2700 4287 2754 4332 'et
2784 4265 2933 4334 XIVa
2965 4269 3215 4350 epistolae
3240 4322 3253 4345 ,
3287 4283 3422 4351 qit'as

1819 4386 1917 4427 cur
1947 4363 2325 4426 Ambrosianis
2356 4371 2789 4440 adjunxerimus,
2834 4363 2946 4427 illic
2974 4387 3002 4426 a
3046 4361 3206 4427 nobis
3252 4361 3426 4442 cipii-

145 4469 369 4526 assentiri
421 4470 598 4524 eidem
641 4477 744 4524 non
797 4469 1160 4538 potuerimus,
1211 4468 1483 4538 praecipua
1543 4462 1712 4536 ipsius
1742 4462 1792 4521 l)
1818 4467 2058 4528 cabitur,
2118 4467 2339 4520 nomine
2385 4464 2644 4520 Italorum
2710 4466 3094 4536 episcoporum
3143 4451 3423 4534 inst‘t'lplie

146 4557 502 4632 dispiciemus,
547 4573 706 4631 quam
754 4559 1073 4615 brevissime
1117 4561 1272 4614 nobis
1307 4561 1519 4624 licebit,
1559 4573 1720 4630 argu—
1817 4569 1964 4614 sunt.
1997 4558 2176 4614 Prima
2206 4565 2454 4613 verSatur
2485 4568 2591 4611 tam
2621 4557 2671 4611 in
2703 4571 2862 4612 causa
2891 4547 3202 4612 schistnatis
3232 4545 3427 4612 Antio-

151 4666 325 4708 tncnta.

202 4670 243 4708 3n
276 4672 325 4708 a.

202 4663 383 4802 Natrrat
421 4747 586 4818 igitur
615 4745 872 4817 Vigilium
902 4745 968 4800 ad
1002 4743 1399 4815 procudendam
1451 4740 1718 4815 synodum

153 4839 266 4899 illam
305 4859 367 4900 ea
410 4859 470 4898 re
511 4837 752 4897 ductum.
783 4840 923 4910 Quod
956 4841 1204 4902 Arianos,
1235 4853 1373 4909 qttos
1404 4839 1720 4907 impugnare

153 4939 366 4998 professo
394 4935 614 4989 nomine
647 4925 958 5002 neutiquam
990 4933 1243 4995 addebat,
1268 4931 1478 4985 facilius
1508 4921 1720 4998 objecta

154 5027 338 5086 concilii
388 5025 715 5083 auctoritate
764 5027 1120 5081 arbitraretur
1164 5039 1284 5080 esse
1333 5021 1716 5078 eonfntandos.

156 5114 259 5175 liiud
287 5129 468 5176 autem
493 5120 616 5174 inde
647 5118 956 5180 conﬁrmat,
983 5115 1123 5187 quod
1156 5111 1294 5170 alios
1321 5127 1535 5185 qquue
1559 5105 1723 5170 iibios

1819 4655 2020 4718 cheni,
2072 4659 2232 4721 quam
2286 4651 2693 4705 OrdinatiOuum
2750 4650 2965 4704 Maximi
3020 4649 3209 4722 Cynici
3262 4659 3427 4720 atque

1820 4743 2059 4801 Nectarii
2094 4763 2105 4796 :
2136 4759 2366 4811 quorum
2399 4745 2624 4797 ultimus
2655 4739 2721 4796 ad
2754 4743 2939 4797 sedem
2965 4741 3430 4813 Constantinopo-

1823 4838 2042 4892 litanam
2071 4837 2121 4888 in
2151 4829 2360 4904 synodo
2389 4835 2682 4888 unitersali
2708 4849 2851 4887 anno
2877 4845 3081 4888 tantum
3109 4835 3206 4890 581
3239 4844 3428 4890 tncn'se
3491 4861 3499 4871 -

1825 4931 2024 4982 martio
2069 4927 2181 4980 illic
2232 4927 2436 4988 habita,
2489 4927 2576 4980 vel
2628 4937 2684 4980 ut
2731 4927 2918 4980 volunt.
2965 4921 3081 4990 alii,
3135 4936 3281 4983 anno
3326 4919 3432 4986 589

1826 5031 2015 5073 rursus
2046 5025 2258 5082 coacta,
2302 5014 2402 5071 luit
2431 5018 2691 5071 adscitus.
2726 5009 2913 5088 itaque
2947 5024 2989 5073 si
3017 5021 3102 5074 cui
3138 5015 3436 5076 alluimerit

1826 5111 1998 5181 prima
2054 5107 2322 5164 sententia
2353 5151 2366 5172 ,
2411 5109 2705 5177 quominus
2756 5111 3000 5166 eamdem
3053 5107 3340 5182 epistolam
3375 5114 3428 5167 in

157 5211 232 5264 aiis
256 5229 308 5266 se
336 5213 668 5280 compositos
693 5209 991 5264 Athanasio
1017 5209 1179 5279 atque
1210 5209 1495 5263 Ambrosio
1526 5221 1728 5276 suppo-
1823 5203 2056 5258 concilio
2103 5200 2444 5271 Aquileiensi
2494 5202 2753 5271 scriptam
2801 5217 3050 5271 censeat,
3096 5199 3232 5260 nihil
3283 5209 3432 5260 vet‘a-

158 5305 298 5358 suerit
320 5301 459 5358 idem
493 5289 746 5372 Vigiiius.
782 5301 978 5357 Verum
1025 5309 1082 5355 ut
1123 5303 1358 5354 maxime
1388 5307 1537 5354 certa
1582 5311 1727 5356 esset

162 5389 319 5448 ultima
353 5395 450 5448 ista
480 5394 801 5463 suppdsitio,
843 5389 1130 5460 plorimum
1175 5392 1318 5446 inter
1353 5405 1412 5445 se
1451 5388 1538 5444 illa
1568 5385 1723 5445 111πο-

163 5494 282 5548 111111,
305 5485 487 5540 libello
511 5483 743 5554 cuipiam
771 5486 960 5538 recens
981 5484 1296 5538 elucubrato
1318 5484 1522 5537 veteris
1545 5487 1730 5535 aucto-

167 5573 224 5629 ri's
251 5593 437 5632 nomen
467 5578 762 5639 ascribere.
787 5585 842 5631 et
867 5591 962 5644 pro
982 5583 1112 5629 vero
1138 5575 1395 5636 concilio,
1423 5575 1577 5643 cujus
1597 5569 1731 5629 Act‘a

169 5663 254 5733 jam
281 5671 484 5742 pridem
514 5671 566 5724 in
606 5669 795 5741 vulgus
836 5668 1090 5733 0111011111,
1128 5673 1182 5722 et
1212 5664 1577 5721 Ecclesiarum
1611 5681 1732 5720 eru-

1831 5297 1925 5351 bit.
1949 5297 2106 5364 Quod
2141 5305 2275 5352 vero
2312 5289 2384 5352 ad
2418 5300 2702 5369 epistolam
2737 5291 2880 5367 XIV,
2915 5305 3036 5354 cum
3071 5303 3123 5357 in
3163 5318 3224 5356 ea
3254 5295 3432 5357 Theo-

1829 5381 1985 5444 dOsio
2009 5401 2234 5461 propter
2260 5383 2442 5445 datam
2466 5389 2738 5462 superiori
2766 5393 3178 5462 t'eSponsionem
3204 5395 3434 5464 agantur

1832 5485 2044 5554 gratia},
2089 5486 2259 5553 ipsam
2289 5495 2318 5537 a
2347 5485 2580 5539 concilio
2600 5489 2732 5539 ‘ante
2765 5493 2964 5539 annum
2995 5485 3101 5542 582
3137 5492 3437 5542 convocato

1837 5582 1943 5631 non
1977 5577 2139 5632 fuisse
2173 5575 2469 5648 proiectam
2507 5579 2852 5633 manifestum
2885 5589 2989 5634 est.

1919 5669 2084 5744 [Ann.
2115 5667 2269 5742 385.]
2320 5670 2445 5727 XV"
2480 5681 2534 5727 et
2584 5663 2756 5744 χγιι,
2805 5674 2859 5728 111
2911 5674 3107 5746 quibus
3152 5673 3221 5732 de
3269 5677 3444 5730 morte
