3936 6168
495 113 604 172 855

1637 105 1884 167 SANCTI
1924 107 2244 168 AMBROSH
2285 109 2667 169 EPISTOLAS.

3719 108 3822 168 δερ

483 225 660 282 sancti
688 225 958 291 Ascholii,
985 225 1163 295 deque
1191 224 1384 296 Anysii
1429 224 1483 278 in
1528 223 1715 280 sedem
1762 225 1880 295 ejus
1905 225 2100 280 subro—
2127 230 2381 296 Aperat,
2433 227 2620 283 sedata
2674 236 2853 296 esset,
2897 228 3094 284 iterum
3140 229 3381 300 sequenti
3439 227 3820 285 recruduerit.

491 320 713 392 gatione
757 319 967 390 agitur,
1016 332 1126 372 non
1169 317 1399 372 alterius
1446 318 1574 372 anni
1620 332 1782 388 quam
1830 317 1935 374 585
1981 333 2104 374 esse

492 412 770 468 videntur.
804 407 1100 465 Ascholius
1147 410 1291 465 enim
1339 408 1603 465 Romana:
1633 408 1846 480 synodo
1872 425 1962 465 an.
1995 410 2102 465 582

495 504 790 561 celebratae
816 502 1162 567 interfuerat,
1191 503 1352 573 eique
1398 503 1654 574 Anysius,
1689 503 1921 558 Damaso
1950 503 2104 573 cujus

497 612 650 654 mors
680 611 825 652 anno
855 596 960 652 584
993 597 1234 668 ponitur,
1271 596 1449 652 adhuc
1477 597 1805 668 superstite,
1834 597 1946 668 jam
1981 612 2105 652 suc-

498 689 748 747 cedebat.
811 687 1081 756 Quocirca
1127 690 1254 745 dum
1301 700 1357 744 et
1401 689 1851 745 Thessalonicam
1902 688 2107 745 rediret

493 781 805 844 Ascholius.
840 791 896 836 et
924 781 1275 837 Ambrosium
1325 781 1395 839 de
1443 783 1597 839 obitu
1647 783 1767 854 ejus
1812 782 2102 838 certiorem

501 874 736 946 Anysius
765 874 990 941 faceret,
1027 885 1336 945 postremos
1362 877 1490 932 anni
1520 875 1626 931 582
1648 891 1888 944 menses,
1911 890 1974 931 ac
1997 860 2102 946 pri-

498 983 620 1024 mos
650 969 755 1024 585
784 969 1006 1024 interim
1035 969 1316 1025 efﬂuxisse
1345 984 1632 1025 necessum
1661 969 1781 1024 fuit.

572 1057 741 1130 [Ann.
775 1059 930 1130 58H
984 1058 1159 1114 XVIIﬂ
1211 1069 1267 1115 et
1312 1059 1508 1115 Χνιιιει
1559 1069 1752 1132 contra
1795 1061 2106 1134 Symmachi

502 1153 850 1209 Relationem
881 1153 1022 1208 data:
1051 1163 1197 1208 sunt.
1247 1153 1450 1209 Earum
1483 1163 1698 1226 tempus
1730 1170 1840 1210 non
1871 1154 2110 1210 difficul-

504 1256 591 1302 ter
617 1247 876 1317 cognosci
901 1255 1097 1318 potest.
1128 1247 1262 1302 Nam
1289 1263 1413 1304 cum
1445 1249 1834 1320 Symmachus,
1867 1248 2110 1306 Valenti-

505 1340 672 1394 niano
697 1339 799 1395 sub
846 1341 1038 1394 matris
1082 1341 1360 1397 haeretica:
1401 1342 1568 1398 tutela
1619 1343 1797 1398 adhuc
1833 1343 2029 1412 posito,
2057 1353 2112 1398 et

505 1432 768 1488 Gratiano
798 1431 1019 1488 Maximi
1050 1434 1240 1490 fraude
1270 1450 1332 1490 ac
1355 1435 1568 1491 scelere
1597 1439 1894 1504 exstincto,
1918 1451 2111 1507 perop-

505 1534 800 1596 portunam
848 1525 1177 1581 revocandis
1210 1526 1524 1582 fictitiorum
1563 1530 1845 1584 numinum
1892 1530 2114 1600 religio-

2204 321 2463 374 Autumat
2492 319 2764 375 Baronius
2804 321 3038 390 priorem
3071 319 3231 391 hujus
3268 321 3689 391 persecutionis
3731 337 3823 376 an-

2203 428 2330 467 num
2375 412 2634 468 incidisse
2671 414 2725 467 in
2765 413 2873 470 586
2901 423 3168 484 reparata:
3199 413 3414 480 salutis,
3447 429 3572 483 quo
3603 423 3824 468 sanctus

2203 513 2393 560 noster
2419 504 2658 575 primum
2689 518 2848 560 suum
2883 504 3132 560 libellum
3162 519 3258 560 seu
3281 503 3588 574 epistolam
3614 503 3740 559 XXI
3760 506 3820 560 ad

2203 593 2653 650 Valentinianum
2683 595 2979 651 destinavit
3009 615 3021 649 :
3052 597 3306 668 proxime
3344 605 3544 652 autem
3580 599 3821 667 sequenti

2206 704 2351 744 anno
2383 688 2705 745 Sermonem
2734 689 2804 746 de
2831 690 3082 745 Basilicis
3116 690 3358 746 habitum
3383 690 3680 746 dominica
3711 691 3823 746 Pa!-

2205 797 2436 848 marum,
2456 797 2519 837 ac
2542 783 2806 853 postridie
2834 785 3095 855 scriptam
3127 784 3192 839 ad
3212 785 3600 840 Mareellinam
3621 786 3817 856 episto-

2207 875 2335 932 lam.
2365 873 2620 931 Attamen
2651 891 2764 932 rem
2813 890 2970 932 secus
3017 891 3076 932 se
3124 875 3329 933 habere
3373 876 3685 932 obscurum
3719 892 3817 932 non

2207 976 2312 1024 est.
2359 967 2520 1022 Enim
2549 983 2679 1024 vero
2723 983 2833 1039 quo
2876 976 3125 1036 tempore
3189 967 3445 1024 eumdem
3500 967 3821 1024 Sermonem

2209 1059 2635 1130 pronuntiabat,
2664 1060 2890 1116 basilica
2935 1060 3134 1115 multos
3177 1060 3288 1130 jam
3318 1061 3441 1116 dies
3487 1075 3519 1116 a
3567 1061 3822 1116 militibus

2209 1152 2432 1207 obsessa
2460 1159 2602 1217 erat,
2627 1159 2682 1207 et
2711 1149 3054 1216 Ambrosius,
3091 1168 3160 1208 ne
3189 1164 3506 1222 raperetur,
3533 1151 3647 1207 illic
3675 1167 3703 1206 a
3734 1168 3824 1223 po-

2211 1246 2338 1315 pqu
2388 1245 2481 1300 diu
2535 1255 2810 1317 noctuque
2855 1247 3272 1315 asservabatur;
3317 1263 3444 1303 cum
3496 1249 3820 1304 econtrario

2213 1338 2552 1409 intelligatur
2601 1355 2665 1394 ex
2713 1340 2944 1410 epistola
2985 1339 3056 1395 ad
3107 1340 3488 1396 Mareellinam
3543 1342 3719 1412 ipsum
3760 1341 3820 1394 ad

2214 1431 2360 1487 mdes
2385 1433 2636 1502 proprias
2683 1432 2784 1487 hac
2814 1433 2930 1503 ipsa
2978 1432 3249 1488 dominica
3298 1432 3552 1490 cubitum
3578 1434 3816 1500 rediisse,

2216 1537 2491 1598 paratum,
2521 1528 2567 1582 si
2589 1527 2902 1599 juberetur,
2927 1528 2980 1582 in
3013 1528 3263 1583 exsilium
3288 1529 3599 1600 proficisci.
3623 1528 3820 1583 Exinde

509 1618 672 1673 nibus
699 1618 1044 1674 occasionem
1096 1619 1487 1687 existimasset,
1521 1621 1701 1676 eidem
1731 1621 2112 1677 Valentiniano
2141 1615 2189 1674 B
2217 1623 2378 1677 etiam
2409 1636 2706 1692 cognoscas
2746 1621 3000 1678 eumdem
3049 1633 3300 1680 sanctum
3334 1623 3480 1679 feria
3511 1640 3596 1691 vi,
3629 1632 3685 1679 et
3709 1623 3819 1678 sab-

509 1709 853 1765 Relationem
901 1710 1098 1765 obtulit
1125 1726 1302 1766 suam.
1337 1711 1478 1766 Huic
1510 1713 1603 1768 ubi
1653 1713 1886 1783 primum
1938 1713 2113 1781 licuit,

513 1802 796 1872 respondit
825 1802 1147 1860 Ambrosius
1168 1846 1182 1870 ,
1216 1805 1474 1859 nimirum
1515 1806 1634 1876 ipso
1663 1821 1808 1862 anno
1835 1806 1940 1863 584
1961 1849 1974 1873 ,
2009 1821 2119 1876 quo

515 1906 569 1952 et
594 1895 712 1966 ipse
741 1912 771 1951 a
797 1897 968 1966 prima
995 1913 1090 1953 sua
1118 1899 1185 1953 ad
1211 1899 1504 1954 Maximum
1531 1911 1821 1971 tyrannum
1851 1901 2120 1972 legatione

515 1992 571 2046 in
603 1989 816 2046 Italiam
849 1991 1052 2058 rediit,
1086 2001 1144 2048 et
1169 1992 1528 2064 Symmachus
1553 1992 1715 2049 Urbis
1739 1993 2119 2065 praefecturam

517 2084 952 2141 administrabat.
980 2085 1247 2142 Caeterum
1269 2087 1323 2141 in
1349 2087 1451 2142 hoc
1471 2088 1771 2142 certamine
1793 2098 1977 2143 orator
1997 2102 2122 2159 pro-

521 2177 680 2233 fanus
730 2179 1032 2235 christiano
1065 2195 1242 2249 usque
1287 2179 1426 2235 adeo
1464 2180 1690 2236 inferior
1734 2180 1871 2247 fuit,
1918 2190 1978 2234 ut
2025 2195 2127 2235 nec

518 2283 630 2324 arae
657 2267 934 2340 Victoriae,
968 2286 1071 2327 nec
1098 2271 1331 2326 aliarum
1361 2274 1801 2327 ceremoniarum
1827 2272 2130 2328 restitutio-

518 2379 646 2419 nem
692 2363 990 2421 obtineret.
1025 2364 1186 2421 Unde
1231 2365 1376 2430 haud
1409 2365 1632 2436 illepide
1676 2365 1879 2422 cecinit
1925 2366 1994 2422 de
2024 2365 2126 2420 hoc

519 2466 722 2514 eventu
752 2458 1034 2515 Ennodius
1059 2475 1073 2512 :

741 2551 952 2602 Dicendi
978 2552 1182 2614 palmam
1207 2551 1422 2602 Victoria
1443 2553 1573 2614 tollit
1594 2554 1750 2603 amico
1774 2568 1787 2603 :

747 2614 943 2663 Transit
966 2613 1026 2662 ad
1049 2615 1382 2675 Ambrosium,
1408 2613 1517 2676 plus
1537 2613 1672 2664 favet
1693 2617 1764 2663 ira
1786 2615 1924 2665 Deae.

604 2739 772 2808 [Ann.
799 2736 952 2810 585.]
982 2735 1137 2791 XIXtl
1171 2735 1368 2806 Vigilio
1397 2737 1464 2791 ad
1492 2736 1875 2792 Tridentinum
1905 2737 2133 2809 episco-

527 2839 720 2903 patum
772 2838 900 2886 ante
944 2845 1149 2900 paucos
1189 2845 1407 2885 menses
1453 2839 1644 2886 evecto
1674 2845 1863 2886 eorum
1913 2847 2034 2902 quae
2064 2833 2130 2888 ad

528 2921 839 2992 episcopale
883 2937 1082 2976 munus
1125 2923 1431 2992 pertinent,
1463 2931 1734 2994 praecepta
1768 2925 1952 2980 tradit.
1985 2925 2134 2997 Vigi-

2220 1716 2346 1772 bato
2369 1717 2615 1787 proxime
2635 1717 2906 1786 superiori
2930 1731 3138 1772 summa
3168 1733 3293 1772 cum
3321 1717 3582 1774 libertate
3597 1718 3751 1772 domo
3771 1716 3819 1770 in

2224 1809 2524 1865 Ecclesiam
2544 1818 2706 1880 atque
2723 1825 2790 1865 ex
2810 1809 3050 1865 Ecclesia
3070 1809 3296 1865 domum
3312 1811 3564 1865 itavisse.
3585 1807 3821 1864 Addebis

2223 1901 2476 1972 plurima,
2506 1916 2628 1972 quae
2659 1904 2714 1956 in
2753 1901 3022 1958 Sermone
3047 1893 3457 1969 memorantur,
3506 1904 3565 1958 in
3598 1903 3683 1957 illa
3713 1903 3817 1972 epi-

2223 1995 2360 2052 stola
2388 1995 2609 2051 reticeri
2637 2013 2650 2049 :
2681 1996 2861 2067 qualia
2883 2005 3013 2052 sunt
3041 1996 3387 2068 promulgata
3407 1996 3499 2052 lex
3521 2008 3621 2067 pro
3639 1994 3819 2050 Arimi-

2225 2093 2378 2146 nensi
2402 2090 2659 2156 concilio,
2683 2089 2860 2159 jussio
2887 2089 3145 2146 veniendi
3166 2090 3231 2143 ad
3253 2085 3618 2151 Comitatum,
3639 2098 3817 2142 etcum

2227 2185 2278 2242 ei
2305 2194 2525 2241 sanctus
2553 2184 2757 2240 Praesul
2787 2200 2893 2239 non
2929 2185 3235 2256 paruisset,
3276 2182 3590 2238 excedendi
3636 2178 3819 2236 Medio~

2228 2280 2376 2346 lano,
2411 2278 2595 2349 hymni
2641 2277 2878 2348 denique
2907 2278 2975 2333 ab
3019 2291 3086 2332 eo
3114 2277 3429 2346 compositi.
3477 2274 3662 2345 Neque
3700 2287 3817 2326 sane

2228 2372 2429 2442 opponi
2477 2378 2660 2442 potest
2687 2368 2869 2429 omnia
2914 2369 3004 2424 illa
3049 2369 3228 2424 sorori
3268 2368 3337 2423 ab
3383 2382 3458 2423 eo
3487 2367 3613 2421 aliis
3642 2364 3818 2419 litteris

2229 2477 2353 2520 esse
2380 2462 2715 2534 signiﬁcata;
2740 2476 2866 2517 nam
2897 2462 3110 2517 etiamsi
3139 2476 3210 2516 ex
3241 2459 3439 2534 eodem
3470 2458 3700 2514 Baronio
3724 2471 3815 2510 non

2231 2558 2476 2629 ejusdem
2501 2559 2624 2612 anni
2657 2557 2766 2612 sint
2797 2555 3027 2626 epistola
3057 2553 3178 2620 XX,
3204 2564 3259 2609 et
3289 2563 3598 2609 memorata
3621 2551 3812 2613 concio,

2233 2651 2288 2706 in
2320 2661 2550 2722 utraque
2599 2659 2778 2705 tamen
2827 2649 3096 2703 acerrime
3147 2648 3200 2702 in
3250 2643 3646 2702 exsecrandam
3684 2641 3812 2695 illam
3882 2633 3884 2635 ’

2233 2745 2410 2815 legem
2441 2742 2742 2799 invehitur.
2777 2741 3064 2796 Postremo
3112 2755 3236 2796 cum
3267 2738 3564 2810 epistolam
3605 2733 3742 2789 illam
3770 2739 3814 2784 et

2233 2837 2556 2893 concionem
2607 2835 2944 2907 synchronas
2991 2817 3117 2890 esse
3164 2832 3454 2888 ambarum
3503 2829 3810 2884 demonstret

2235 2929 2594 3000 comparatio,
2643 2943 2709 2982 ex
2761 2941 2827 2982 eo
2874 2926 2993 2995 ipso
3035 2924 3178 2997 quod
3224 2938 3317 2980 eas
3361 2920 3638 2994 separavit
3689 2915 3807 2971 idem

523 3015 635 3069 lius
653 3028 826 3068 annos
846 3014 938 3081 ‘20,
965 3024 1022 3068 ut
1045 3014 1218 3082 ipsius
1242 3022 1515 3069 testantur
1537 3018 1693 3082 Acta,
1716 3017 1928 3084 praefuit
1952 3018 2129 3076 eidem
2159 3003 2203 3066 (ἶ
2235 3020 2561 3086 Cardinalis,
2591 3036 2752 3092 quam
2781 3033 2969 3090 parum
2997 3018 3153 3074 firma
3182 3017 3300 3088 ejus
3323 3016 3518 3088 opinio
3546 3015 3612 3070 sit
3632 3053 3646 3077 ,
3673 3009 3805 3066 intel-

528 3107 791 3165 Ecclesiae
828 3129 840 3160 :
886 3109 1006 3176 ejus
1046 3122 1186 3163 vero
1233 3109 1553 3179 martyrium
1603 3111 1898 3179 contigisse
1936 3111 2134 3168 dicitur

527 3202 632 3258 sub
660 3199 948 3256 consulatu
978 3201 1281 3265 Stiliconis,
1313 3216 1474 3271 quem
1505 3217 1651 3257 anno
1674 3201 1782 3258 400
1805 3211 1861 3258 et
1882 3204 1988 3260 405
2011 3220 2130 3260 eam

526 3295 848 3365 dignitatem
871 3293 1110 3364 gessisse
1131 3294 1520 3364 comperimus.
1554 3294 1741 3365 Itaque
1765 3297 2130 3366 pontificatum

529 3401 687 3441 suum
719 3399 827 3440 non
859 3385 1038 3456 potuit
1077 3385 1182 3440 nisi
1208 3402 1353 3441 anno
1393 3387 1499 3444 580
1527 3389 1610 3442 vel
1642 3388 1748 3443 585
1777 3387 1914 3444 inire
1959 3405 2130 3446 novus

527 3476 768 3548 praesul;
798 3476 942 3532 unde
972 3493 1096 3534 cum
1126 3493 1272 3533 anno
1301 3479 1426 3544 580,
1462 3495 1571 3549 quo
1602 3490 1656 3535 et
1685 3481 1936 3550 sequenti
1966 3483 2128 3536 etiam

526 3571 936 3628 Abundantium
961 3573 1108 3628 illius
1135 3572 1482 3629 decessorem
1513 3575 1566 3628 in
1594 3573 1732 3628 vivis
1759 3575 1935 3644 egisse
1966 3574 2133 3646 Aqui-

525 3668 750 3725 leiensis
771 3667 996 3723 concilii
1022 3667 1159 3723 Acta
1193 3675 1484 3735 testantur,
1507 3667 1559 3723 id
1582 3682 1691 3723 non
1709 3669 2004 3739 contigisse
2028 3684 2134 3723 ma-

523 3761 787 3818 nifestum
811 3761 902 3829 sit,
937 3761 1264 3832 relinquitur
1292 3769 1353 3816 ut
1375 3761 1672 3833 contigerit
1693 3775 1838 3817 anno
1860 3762 1987 3818 585.
2012 3761 2131 3817 Non

523 3865 711 3910 tamen
747 3867 936 3909 sumus
967 3853 1139 3910 nescii
1163 3853 1531 3909 Mabillonium
1557 3863 1805 3909 nostrum
1833 3854 1884 3907 in
1908 3852 2130 3924 Prwfat.

525 3946 709 4003 seculi
763 3946 932 4012 quinti
984 3944 1329 4012 Benedictim',
1390 3946 1528 4001 Acta
1585 3945 1832 4016 quadam
1885 3947 2129 4015 ejusdem

526 4038 714 4110 Vigilii
743 4039 841 4094 abs
877 4053 937 4094 se
980 4049 1274 4109 conspecta
1305 4046 1564 4094 testatum
1592 4053 1714 4094 esse
1739 4081 1754 4106 ,
1787 4039 1986 4109 quibus
2031 4040 2131 4110 ipsi

525 4147 638 4188 non
665 4133 793 4188 anni
836 4132 907 4189 20
933 4133 1312 4203 episcopatus,
1345 4132 1440 4186 sed
1477 4140 1687 4186 tantum
1721 4131 1791 4186 l2
1829 4132 2135 4188 attribuan-

523 4236 632 4281 tur.
661 4224 864 4280 Verum
885 4241 954 4280 ne
977 4225 1130 4281 hisce
1153 4225 1305 4281 Actis
1328 4225 1724 4294 posterioribus
1749 4224 1911 4280 fidem
1937 4225 2134 4282 habea-

526 4332 673 4384 mus,
701 4317 835 4373 illud
861 4316 1162 4382 dissuadet,
1193 4317 1338 4388 quod
1363 4317 1415 4372 in
1440 4317 1543 4372 hac
1573 4317 1860 4389 hypothesi
1885 4318 2128 4388 ejusdem

2234 3115 2434 3186 ligitur.

2304 3207 2411 3264 Sed
2442 3221 2541 3262 nec
2566 3205 2786 3262 levioris
2813 3206 3017 3277 negotii
3035 3214 3120 3262 est
3143 3204 3516 3276 persecutioni
3545 3197 3803 3273 posteriori

2232 3319 2432 3359 annum
2461 3304 2529 3358 ab
2558 3303 2838 3360 incarnato
2864 3302 2978 3358 Deo
3007 3302 3112 3358 587
3145 3300 3447 3356 ascribere.
3488 3286 3618 3354 Nam
3664 3291 3806 3364 potis

2232 3395 2428 3450 simum
2459 3394 2604 3449 circa
2638 3393 2911 3464 paschalia
2943 3392 3383 3448 debacchabatur
3432 3393 3535 3447 ista
3574 3382 3802 3458 procella.

2232 3500 2463 3556 cumque
2505 3493 2694 3554 postea
2739 3483 3138 3552 deferbuisset,
3172 3483 3380 3554 legatus
3429 3483 3497 3536 ad
3544 3477 3803 3535 Maximum

2234 3578 2433 3634 missus
2461 3585 2546 3633 est
2575 3576 2918 3641 Ambrosius,
2950 3577 3107 3646 cujus
3149 3574 3481 3644 legationem
3525 3571 3678 3626 etiam
3717 3562 3800 3618 alia

2233 3670 2430 3741 legatio
2458 3668 2657 3726 deinde
2686 3675 2872 3724 secuta
2901 3677 3008 3734 est,
3039 3682 3103 3723 ac
3142 3667 3362 3722 demum
3394 3664 3590 3736 irrupit
3629 3662 3678 3716 in
3714 3657 3799 3710 Ita-

2231 3765 2359 3820 liam
2389 3779 2513 3819 cum
2547 3764 2790 3819 exercitu
2825 3762 2969 3818 idem
3003 3770 3286 3834 tyrannus,
3309 3760 3461 3830 quod
3489 3763 3678 3813 factum
3699 3763 3798 3807 esse

2234 3871 2419 3912 mense
2465 3857 2709 3927 Augusto
2755 3854 3004 3910 nonnulli
3051 3853 3288 3909 tradunt.
3319 3852 3413 3907 His
3445 3859 3619 3906 autem
3647 3841 3795 3899 omni-

2233 3949 2334 4004 bus
2376 3958 2482 4003 tam
2523 3949 2775 4019 exiguum
2814 3946 3079 4018 temporis
3108 3945 3340 4016 spatium
3371 3945 3510 4000 satis
3541 3940 3693 3996 fuisse
3727 3932 3793 3984 vix

2232 4043 2517 4110 quisquam
2549 4038 2755 4094 credat.
2784 4037 2865 4093 Ad
2898 4037 3014 4092 hac
3042 4037 3398 4108 Augustinus.
3426 4044 3486 4091 ut
3515 4028 3793 4105 peritiorem

2232 4132 2457 4186 calculis
2478 4130 2754 4197 definitur,
2785 4144 2930 4184 anno
2955 4130 3060 4186 587
3090 4144 3185 4199 per
3208 4129 3339 4184 festa
3375 4122 3644 4184 Paschalis
3665 4115 3788 4189 geni-

2232 4229 2359 4283 talis
2406 4243 2562 4299 aqua:
2610 4235 2955 4282 sacramento
3004 4235 3356 4296 regeneratus
3403 4233 3527 4278 est:
3557 4230 3666 4290 qua:
3704 4222 3789 4265 n0"

2234 4323 2354 4392 ipso
2395 4331 2474 4377 tot
2521 4330 2900 4390 tantarumque
2937 4318 3215 4374 turbarum
3247 4331 3412 4383 anno,
3447 4313 3541 4371 sed
3582 4305 3788 4383 proxime

523 4410 711 4484 Vigilii
741 4411 1092 4483 pontificatus
1117 4383 1244 4466 iniri
1271 4411 1555 4467 debuisset
1583 4383 1726 4466 anno
1755 4412 1860 4466 588
1889 4383 1970 4467 vel
1998 4414 2127 4476 595,
2156 4383 2210 4442 D
2235 4383 2422 4471 secuto
2449 4412 2648 4468 factum
2676 4427 2799 4468 esse
2813 4383 2974 4466 idem
3010 4418 3254 4466 testatur.

521 4504 866 4576 proindeque
895 4504 1172 4559 alterutro
1201 4502 1480 4574 posterior
1505 4511 1654 4558 esset
1695 4502 1812 4558 haec
1859 4505 2085 4572 epistola
2113 4521 2126 4568 ;

523 4614 685 4670 quam
733 4608 918 4654 tamen
962 4595 1257 4667 antequa‘m
1305 4594 1603 4650 Theodosii
1646 4595 1766 4665 lege
1812 4594 2128 4652 Judmorum

525 4705 650 4745 cum
695 4689 1021 4746 Christianis
1067 4688 1323 4758 coniugia
1373 4686 1817 4758 prohiberentur,
1869 4688 1970 4743 hoc
2023 4701 2128 4755 ρει,

524 4792 652 4838 ante
695 4797 897 4837 annum
929 4781 1036 4838 588
1063 4781 1321 4850 scriptam
1351 4780 1719 4850 agnoscimus.
1753 4779 1966 4834 Etenim
2005 4796 2126 4836 cum

522 4873 580 4928 in
610 4888 676 4929 ea
709 4873 1056 4943 potissimum
1086 4881 1279 4944 agatur
1307 4871 1376 4926 de
1402 4870 1718 4941 hujusmodi
1743 4872 2123 4939 matrimoniis,

523 4964 850 5021 Ambrosius
875 4966 964 5021 cui
995 4965 1184 5020 eadem
1218 4965 1305 5020 lex
1334 4966 1516 5037 ign0ta
1549 4981 1672 5022 esse
1701 4981 1808 5020 non
1841 4967 2130 5036 potuisset,

519 5057 672 5113 illius
716 5059 794 5112 uti
826 5057 1151 5114 auctoritate
1182 5056 1350 5113 dubio
1397 5058 1586 5128 procul
1615 5058 1718 5112 hac
1746 5058 1799 5113 in
1831 5073 1992 5114 causa
2023 5075 2129 5116 non

490 5172 495 5177 '
523 5161 822 5204 οιηιειεεθι.

596 5239 768 5313 [Αηη.
797 5241 902 5297 585
945 5251 1002 5298 et
1049 5240 1200 5314 586.]
1232 5240 1363 5296 XX“
1394 5251 1450 5297 et
1497 5241 1653 5296 XXI“l
1683 5257 1807 5298 cum
1859 5244 2129 5301 Sermone

521 5335 632 5390 illis
668 5334 929 5405 adjuncto
953 5351 983 5391 e
1001 5335 1292 5392 vexatione
1307 5349 1470 5405 quam
1493 5350 1522 5387 a
1545 5333 1758 5390 Justina
1783 5337 2128 5406 imperatrice

519 5427 754 5498 aliisque
767 5425 989 5483 Arianis
1007 5443 1200 5499 passus
1217 5436 1299 5482 est
1321 5426 1669 5494 Ambrosius,
1693 5435 1874 5482 ortum
1898 5428 2124 5485 duxere.

513 5520 582 5576 ln
625 5521 882 5578 confesso
921 5533 1008 5578 est
1037 5532 1284 5578 sanctum
1319 5521 1617 5577 Praesulem
1647 5521 1726 5576 sic
1760 5520 1931 5576 fuisse
1957 5523 2129 5592 agita-

483 5605 639 5706 .'tum
671 5615 772 5671 hac
803 5604 1158 5685 tempestate,
1191 5623 1249 5670 ut
1273 5629 1397 5670 cum
1420 5601 1612 5672 eodem
1644 5628 1788 5668 anno
1815 5598 1923 5684 quo
1958 5615 2126 5672 incoe-

2307 4505 2413 4562 Sed
2465 4505 2758 4561 Baronium
2806 4513 2970 4574 atque
3012 4502 3149 4557 alios
3189 4501 3241 4556 in
3287 4513 3530 4556 errorem
3567 4488 3682 4550 illud
3722 4483 3786 4537 in-

2233 4599 2416 4664 duxit,
2469 4597 2610 4668 quod
2658 4597 2831 4668 legem
2880 4610 3024 4650 anno
3073 4594 3176 4650 586
3227 4592 3421 4665 synodi
3470 4576 3782 4646 Ariminensis

2231 4690 2406 4760 gratia
2439 4689 2598 4744 latam
2618 4687 2865 4744 arbitrati
2895 4694 3024 4741 sunt
3053 4686 3280 4741 vexandi
3311 4683 3610 4740 Catholicos
3628 4680 3778 4760 ansattt

2233 4754 2471 4838 dedisse.
2515 4780 2774 4836 Novimus
2815 4794 3032 4850 quoque
3060 4794 3089 4832 a
3118 4778 3454 4843 Mabillonio,
3482 4789 3545 4831 ex
3575 4782 3632 4824 eo
3663 4754 3778 4832 quod

2234 4873 2581 4945 Evangelium
2611 4873 2681 4928 de
2711 4873 2957 4942 ingressu
3003 4869 3207 4926 Christi
3237 4868 3650 4938 Hierosolymam
3675 4850 3776 4907 olim

2233 4967 2286 5021 in
2313 4966 2495 5021 multis
2527 4964 2783 5021 Ecclesiis
2824 4965 2997 5034 prima
3039 4963 3317 5019 Adventus
3341 4957 3597 5016 dominica
3621 4945 3774 5004 recita-

2231 5068 2406 5126 retur,
2445 5069 2497 5116 et
2527 5061 2692 5115 etiam
2739 5072 2881 5113 nunc
2928 5057 3217 5113 Mediolani
3263 5071 3383 5111 mos
3427 5055 3558 5110 idem
3587 5043 3770 5117 perstet.

2233 5153 2335 5209 hoc
2363 5153 2665 5218 observari,
2695 5152 2950 5207 nimirum
2991 5151 3169 5206 eidem
3200 5165 3344 5205 anno
3372 5151 3445 5205 ita
3477 5141 3618 5202 tribui
3647 5141 3766 5205 posse

2231 5245 2366 5301 duas
2392 5245 2512 5300 illas
2538 5245 2799 5314 epistolas
2824 5253 2986 5314 atque
3011 5243 3357 5307 Sermonem,
3389 5251 3448 5296 ut
3486 5249 3592 5308 qua
3616 5226 3672 5283 ad
3697 5235 3764 5274 δυ’

2231 5354 2410 5395 rorem
2437 5347 2544 5403 est,
2575 5339 2626 5392 in
2656 5337 2923 5393 Pascbate
2947 5337 3160 5392 dicatur
3183 5336 3402 5405 scripta,
3427 5333 3478 5388 in
3508 5323 3759 5395 sequentem

2231 5445 2362 5487 vero
2393 5430 2696 5485 Adventum
2729 5430 2832 5483 alia
2861 5439 2914 5485 et
2945 5436 3275 5484 memoratus
3303 5426 3493 5482 Sermo
3520 5413 3758 5486 rejiciatur.

2231 5521 2432 5577 Verum
2470 5529 2528 5599 ut
2557 5520 2814 5575 sileamus
2871 5529 2999 5599 tunc
3043 5518 3307 5599 temporis
3364 5531 3468 5572 non
3517 5527 3545 5565 e
3575 5506 3757 5599 consuete

2230 5598 2439 5684 tudine,
2467 5597 2561 5672 sed
2608 5628 2735 5671 casu
2765 5597 3000 5685 quodam
3032 5597 3230 5671 lectum
3262 5617 3384 5667 esse
3411 5603 3532 5664 illud
3559 5597 3752 5658 [κεῦθεν
