3936 6168
105 218 198 275 857

419 213 603 275 ORDO
638 213 1131 274 EPISTOLARUM
1169 215 1320 274 SEC.
1363 214 1749 276 TEMPORUM
1787 214 2146 274 RATIONEM
2192 215 2579 276 DISTRIBUT.
2622 216 3037 278 ASSERITUR.

3265 219 3373 278 838

98 339 238 408 lium,
267 340 388 394 anui
421 338 525 394 duo
553 338 919 410 persecutioni
951 339 1295 410 assignantur
1323 339 1391 394 ab
1434 338 1667 396 Ambro—
1692 341 1744 402 Α
1770 354 1944 396 annus
1965 339 2092 404 586,
2117 339 2607 413 agnoscendusque
2639 341 2824 412 lapsus
2851 343 2906 400 in
2933 359 3066 403 voce
3094 345 3360 403 biennium

96 435 189 499 sio,
220 432 464 503 quodque
489 447 551 487 ex
581 431 700 503 lege
739 433 937 500 saepius
964 432 1247 488 decantata
1277 441 1466 489 contra
1498 433 1667 489 Baro-

95 526 228 581 nium
253 526 522 597 objicitur,
565 534 620 582 et
661 527 720 580 in-
749 525 889 582 hanc
915 526 1226 597 opinionem
1269 527 1472 598 pariter
1500 526 1663 582 valet.

156 617 505 686 Quamobrem
551 617 952 688 agnoscendum
1008 626 1089 672 est
1135 617 1347 674 duobus
1393 617 1666 673 distinctis

93 711 232 765 annis
253 725 281 764 a
306 709 510 765 nefaria
531 708 737 765 Justina
765 709 1011 763 saevitum
1038 723 1180 765 esse.
1205 709 1312 765 Sed
1337 708 1469 764 nihil
1497 717 1659 775 vetat,

95 804 241 858 immo
281 816 410 860 vero
446 813 636 860 cuncta
677 802 1023 872 persuadent,
1053 811 1109 856 ut
1133 801 1378 858 eamdem
1412 817 1664 872 persecu-

93 896 294 964 tionem,
322 910 443 967 qute
473 895 524 951 in
552 893 668 950 sola
712 894 1079 965 imperatricis
1109 894 1424 964 impotentia
1457 893 1660 949 fontem

93 984 276 1052 habuit,
299 986 411 1057 jam
443 1001 474 1040 a
504 985 655 1042 festis
681 984 1120 1040 Resurrectionis
1164 986 1290 1040 anui
1338 985 1443 1041 58’s
1484 994 1657 1040 ortam

88 1079 367 1134 credamus.
400 1079 549 1134 llanc
577 1088 797 1135 sanctus
827 1079 1030 1134 Prtesul
1058 1079 1111 1133 in
1143 1080 1263 1149 ipso
1301 1077 1454 1133 initio
1481 1077 1656 1132 sorori

88 1189 182 1228 suae
219 1172 557 1244 signiﬁcavit.
607 1173 819 1229 Justina
864 1189 996 1230 vero
1039 1188 1163 1229 cum
1209 1174 1453 1228 caruisse
1506 1172 1654 1228 illam

87 1264 256 1320 effectu
283 1269 508 1322 moleste
537 1265 862 1332 ferrel,odio
883 1266 1046 1322 solito
1073 1267 1447 1334 exstimulata,
1479 1267 1652 1337 legem

88 1357 130 1412 in
175 1359 532 1415 Ariminensis
583 1361 799 1415 concilii
849 1363 1078 1431 gratiam
1133 1362 1358 1418 ineunte
1407 1362 1655 1431 sequenti

85 1467 204 1507 anno
233 1452 355 1508 ferri
384 1455 616 1509 curavit.
649 1455 782 1511 Cum
816 1471 916 1511 nec
946 1457 1108 1512 etiam
1140 1457 1276 1512 satis
1307 1457 1406 1512 bac
1435 1456 1517 1511 via
1551 1456 1650 1526 ipsi

84 1547 397 1617 procederet,
433 1560 549 1604 tum
598 1550 874 1605 conveniri
923 1550 1093 1606 voluit
1136 1551 1478 1606 Ambrosium
1527 1567 1650 1606 nos-

83 1648 221 1706 trum,
249 1649 304 1694 ut
327 1656 447 1695 cum
491 1642 764 1697 Auxentio
806 1651 1080 1697 certamen
1123 1641 1288 1698 iniret
1327 1643 1379 1698 in
1425 1642 1642 1713 palatio.

1772 447 1932 503 quam
1978 431 2110 488 inde
2155 432 2347 488 factam
2399 433 2528 489 licet
2567 433 2862 505 conjicere,
2890 437 3034 508 quod
3079 454 3110 494 e
3149 455 3379 498 numero

1769 527 2081 596 septenario
2125 526 2211 582 his
2255 527 2398 582 notis
2442 528 2644 598 scripto
2674 544 2746 584 vn
2776 529 2986 600 primus
3033 534 3317 590 character
3343 550 3377 588 v

1767 618 1998 674 detritus
2027 620 2121 688 sit,
2153 629 2207 676 et
2254 622 2623 677 remanserint
2673 632 2882 678 tantum
2929 635 3221 696 sequentes
3267 627 3376 682 duo

1768 711 2010 779 numeri,
2055 727 2092 767 ιι
2141 713 2414 769 videlicet.
2469 714 2689 770 Erroris
2737 715 3000 786 originem
3049 717 3160 772 alio
3206 717 3377 774 refert

1767 801 1960 859 Frauc.
2009 803 2228 872 Balbus,
2262 813 2321 860 ut
2349 805 2624 861 videbitur
2653 808 2874 879 proprio
2906 807 3048 874 loco,
3081 809 3170 866 ubi
3205 810 3369 867 etiam

1764 894 1832 950 de
1859 895 1968 950 alio
1995 896 2230 966 quodam
2257 898 2413 968 cyclo
2445 899 2686 969 paschali
2715 899 3005 956 dicendum
3036 903 3164 956 erit.

1837 989 2004 1062 [Ann.
2035 989 2188 1064 587.]
2228 989 2430 1047 Χχινιι
2455 993 2654 1062 scripta
2685 1002 2771 1048 est
2807 995 2860 1048 in
2891 994 3064 1050 reditu
3114 996 3369 1052 secunda:

1761 1081 2048 1152 legationis
2071 1082 2141 1137 ab
2167 1085 2461 1139 Ambrosio
2483 1085 2549 1140 ad
2575 1085 2870 1140 Maximum
2898 1097 3188 1156 susceptae,
3213 1089 3368 1159 cujus

1759 1173 2028 1229 rationem
2072 1182 2238 1245 atque
2281 1175 2526 1232 ordinem
2573 1176 2953 1234 Valentiniano
2989 1179 3194 1249 juniori
3242 1195 3365 1236 nar-

1758 1275 1862 1322 rat.
1895 1266 2178 1323 Prolectus
2223 1278 2343 1323 erat
2386 1280 2608 1325 sanctus
2634 1268 2879 1326 Antistes
2913 1272 3078 1342 paulo
3119 1282 3240 1342 post
3279 1289 3366 1328 εο-

1756 1357 1912 1413 datas
1933 1400 1950 1426 ,
1979 1373 2116 1429 quas
2143 1359 2355 1414 Justina
2396 1362 2448 1415 in
2481 1361 2734 1417 eumdem
2787 1363 3092 1419 concitarat
3136 1366 3321 1420 turbas
3350 1383 3363 1421 :

1754 1449 2075 1507 redeuntem
2099 1466 2233 1506 vero
2264 1451 2316 1506 in
2339 1451 2554 1507 Italiam
2581 1451 2723 1509 idem
2756 1463 3017 1525 tyrannus
3050 1469 3172 1511 cum
3202 1471 3363 1512 exer-

1753 1545 1863 1599 citu
1897 1560 2037 1613 pone
2064 1556 2284 1600 secutus
2314 1555 2397 1600 est
2438 1547 2542 1602 587
2573 1548 2764 1602 salutis
2790 1563 2952 1604 anno.
3245 1563 3248 1566 '

1822 1637 2003 1693 ΧΧνη
2026 1638 2220 1695 Studio
2249 1640 2542 1710 respondet
2564 1682 2578 1707 ,
2607 1656 2674 1696 au
2703 1641 2939 1712 aliquem
2969 1644 3186 1714 capitali
3232 1658 3357 1699 sen-
3435 1698 3442 1706 ,

83 1735 138 1789 At
162 1744 435 1803 respuenle
467 1735 611 1790 hanc
657 1735 1025 1791 conditionem
1066 1745 1258 1792 sancto
1304 1737 1557 1804 Doctorc,
1593 1739 1644 1792 in
1679 1734 1726 1792 B
1752 1711 1920 1784 tientia
1947 1729 2208 1786 damnare
2238 1732 2461 1796 liceret,
2505 1732 2825 1803 ambigenti.
2856 1732 3135 1789 Dubitatio
3177 1736 3360 1790 omnis

82 1836 290 1895 apertam
331 1827 436 1882 vim
480 1835 643 1898 atque
686 1827 958 1884 insaniam
1002 1829 1216 1885 tandem
1243 1832 1423 1900 erupit
1451 1831 1539 1886 illa
1572 1833 1645 1885 fe-

84 1917 222 1972 mina.
250 1916 430 1988 ltaque
455 1933 581 1973 cum
610 1919 704 1974 ille
731 1921 782 1974 in
807 1921 1032 1976 basilica
1062 1921 1422 1988 obsideretur,
1452 1923 1518 1976 ad
1554 1938 1645 1991 po-

83 2007 235 2076 pulum
276 2009 646 2078 pronuntiavit
685 2009 887 2065 dictum
931 2010 1270 2067 Sermonem.
1305 2011 1458 2068 llunc
1482 2028 1646 2082 porro

83 2112 133 2153 ea
166 2114 218 2155 re
257 2099 577 2157 distractum
631 2101 905 2157 noluimus
947 2102 1016 2157 ab
1061 2102 1211 2160 hisce
1233 2104 1499 2174 epistolis,
1535 2115 1644 2160 tum

81 2192 198 2262 quod
235 2209 296 2250 ex
323 2211 384 2251 ea
423 2197 811 2268 conjunctione
849 2197 1090 2253 historia:
1117 2199 1289 2254 series
1329 2197 1536 2254 facilius
1567 2201 1647 2254 in-

85 2285 334 2356 telligatur,
375 2298 486 2344 tum
539 2291 684 2360 quod
729 2289 978 2346 eumdem
1031 2289 1356 2346 Marcellinae
1401 2292 1469 2345 ab
1517 2292 1644 2345 Am-

84 2374 234 2447 brosio
258 2378 476 2436 missum
506 2381 679 2436 fuisse
709 2397 814 2437 nou
843 2381 1173 2446 dubitemus,
1203 2381 1269 2436 ad
1300 2397 1462 2451 quam
1490 2382 1641 2436 simi-

83 2465 182 2522 liter
203 2469 332 2526 idem
359 2471 496 2530 duos
519 2473 660 2528 alios
685 2475 936 2545 sequenti
963 2475 1190 2545 epistola
1215 2474 1456 2530 inclusos
1478 2473 1642 2530 desti-

85 2562 226 2616 navit.

138 2652 295 2726 [Aut].
346 2659 516 2732 586.]
563 2658 735 2716 XXII“
773 2669 882 2716 tota
909 2670 991 2717 est
1023 2661 1076 2716 in
1113 2662 1341 2718 texeuda
1373 2662 1642 2718 inventio-

83 2744 168 2810 nis,
192 2761 248 2802 ac
290 2751 666 2808 translationis
709 2767 1000 2823 corporum
1042 2752 1286 2808 Gervasii
1322 2764 1378 2810 et
1409 2754 1639 2809 Protasii

83 2835 270 2896 fratrum
315 2853 618 2916 martyrum
664 2845 1049 2916 descriptione.
1082 2847 1326 2902 Alterum
1355 2864 1385 2904 e
1417 2848 1638 2904 Sermo-

83 2931 227 2999 nibus,
255 2952 387 3007 quos
427 2939 535 2995 hac
581 2941 809 3010 epistola
856 2941 1122 2996 contineri
1174 2958 1334 3013 supra
1381 2943 1637 3009 diximus,

83 3024 242 3095 injuria
280 3030 500 3089 Romani
536 3033 780 3090 editores
818 3034 1140 3106 expulerant
1174 3051 1204 3092 e
1247 3036 1365 3092 loco
1397 3037 1635 3106 proprio,

83 3113 121 3168 in
143 3133 282 3187 quem
310 3138 339 3177 a
367 3125 526 3180 nobis
555 3124 870 3194 postliminii
897 3125 1020 3196 jure
1049 3126 1334 3181 restitutus
1363 3134 1464 3181 est.
1501 3124 1633 3179 Cum
1662 3113 1707 3175 C

82 3220 211 3272 porro
248 3212 398 3270 finem
442 3217 698 3272 attulerit
743 3218 1109 3286 pcrsecutioni
1133 3218 1322 3274 eadem
1372 3218 1634 3283 inventio,

81 3295 190 3354 hanc
232 3306 506 3374 epistolam
558 3321 702 3361 auuo
745 3307 850 3362 587
895 3323 923 3362 a
970 3308 1234 3376 Barouio,
1278 3323 1306 3362 a
1341 3308 1497 3364 nobis
1538 3323 1636 3363 au-

79 3395 164 3443 tem
203 3394 297 3449 586
336 3397 703 3469 adjudicatur.
754 3399 957 3454 Horum
1003 3415 1295 3472 corporum
1331 3403 1639 3458 translatio-

79 3491 174 3534 netu
199 3483 484 3543 Romanum
521 3489 976 3561 Martyrologium
1023 3508 1117 3546 xm
1173 3492 1282 3548 kal.
1325 3493 1493 3564 julias
1545 3511 1635 3550 re-

79 3577 272 3642 nuntiat,
294 3581 516 3650 quodie
544 3579 762 3635 habitus
787 3583 951 3636 etiam
979 3583 1049 3637 ab
1077 3583 1381 3654 Augustino
1409 3586 1459 3639 in
1487 3600 1637 3640 eam-

78 3663 175 3720 dem
214 3685 319 3728 rem
361 3673 561 3732 Sermo
608 3685 886 3744 superest;
941 3675 1086 3731 unde
1133 3678 1234 3732 sibi
1287 3679 1340 3733 in
1391 3679 1633 3732 animum

79 3755 362 3819 induxerunt
385 3767 559 3839 aliqui
601 3766 705 3822 hoc
736 3767 854 3837 ipso
880 3767 969 3822 die
993 3782 1144 3823 sacra
1177 3769 1266 3823 illa
1300 3771 1521 3840 pignora
1568 3770 1636 3824 ab

79 3848 324 3912 Ambrosio
354 3861 618 3916 translata
664 3875 807 3915 esse.
857 3860 1256 3916 Verumtamem
1304 3879 1334 3916 e
1380 3877 1635 3930 persecu-

78 3940 210 4000 tionis
235 3948 354 4015 ﬁne,
381 3966 546 4022 quem
578 3951 652 4006 illi
684 3951 786 4022 ipsi
817 3951 969 4007 festis
995 3953 1342 4024 paschalibus
1372 3954 1631 4008 tributum

77 4037 250 4109 volunt,
272 4047 398 4100 satis
417 4045 683 4102 docemur
709 4046 956 4116 ejusdem
987 4046 1362 4101 translationis
1390 4046 1632 4101 celebra-

76 4129 239 4189 tionem
269 4149 484 4209 propter
519 4140 807 4210 paschales
835 4140 1209 4196 solemuitates
1237 4140 1289 4192 in
1321 4138 1465 4194 aliud
1495 4147 1631 4204 tem-

77 4236 155 4290 pus
179 4243 288 4286 esse
317 4234 598 4303 rejectam.

130 4314 303 4376 XXIII“
351 4324 676 4395 quibusdam
718 4324 1020 4394 episcopis,
1063 4323 1152 4393 qui
1191 4338 1357 4394 super
1397 4322 1631 4378 Pascha-

76 4407 128 4461 tis
164 4429 224 4468 vn
265 4416 368 4471 kal.
415 4421 590 4474 maias
630 4434 774 4473 anno
823 4418 927 4473 587
980 4416 1268 4473 incidentis
1312 4416 1632 4472 difficultate

78 4501 377 4565 Ambrosium
407 4511 822 4577 consuluerant,
853 4512 1166 4581 reSpoudet.
1201 4511 1336 4566 Huic
1365 4525 1565 4565 annum
1597 4526 1625 4563 a
1654 4492 1708 4550 D

78 4588 258 4654 Christo
285 4614 406 4656 nato
430 4605 530 4660 581
569 4603 690 4658 ideo
718 4605 961 4673 assignat
991 4602 1312 4670 Bucherius,
1344 4602 1484 4673 quod
1513 4610 1630 4655 ante

77 4679 290 4745 biennium
319 4693 538 4750 Pascha:
558 4693 885 4750 dominicam
913 4709 975 4749 ιι
1001 4693 1109 4748 kal.
1140 4694 1269 4749 maii
1297 4695 1624 4750 celebratam

78 4771 148 4828 illa
173 4789 400 4854 testatur,
429 4802 538 4858 quo
565 4788 655 4844 die
682 4787 824 4842 idem
852 4787 955 4843 hoc
979 4786 1177 4842 festum
1206 4801 1348 4842 anno
1373 4788 1478 4843 579
1503 4803 1628 4844 eve-

78 4865 195 4926 nisse
230 4874 278 4929 iu
313 4879 561 4934 confesso
605 4889 707 4936 est.
743 4879 943 4935 Verum
975 4878 1245 4934 Bucherio
1275 4880 1404 4934 illud
1453 4882 1626 4935 recla-

77 4967 182 5025 mat,
209 4967 342 5033 quod
371 4984 472 5025 nec
500 4971 821 5026 Ambrosius
847 4971 917 5026 de
945 4970 1211 5029 Paschate
1239 4983 1366 5029 ante
1397 4989 1494 5030 sex
1526 4990 1624 5027 an-

77 5059 154 5102 nos
178 5068 274 5110 non
318 5061 556 5118 redituro
577 5063 825 5118 dicturus
870 5061 1004 5131 fuit,
1052 5066 1193 5134 quod
1233 5067 1468 5135 futurum
1513 5076 1626 5121 erat

76 5146 269 5204 Proxime
289 5167 307 5204 :
331 5168 430 5210 nec
456 5155 490 5208 ii
516 5171 544 5211 a
570 5157 768 5226 quibus
793 5156 886 5212 ille
912 5158 1318 5225 consulebatur,
1350 5167 1461 5213 tam
1490 5173 1625 5228 prm-

75 5246 246 5297 matura
269 5247 626 5309 sollicitudine
647 5253 966 5309 laboraturi.
989 5254 1104 5310 Huc
1125 5255 1266 5312 adde
1291 5257 1345 5311 in
1370 5257 1622 5326 epistola,

74 5337 204 5390 (luam
245 5349 380 5393 anno
427 5342 525 5398 581
578 5347 838 5413 scriptam
873 5345 1037 5402 fuisse
1067 5346 1212 5402 idem
1256 5348 1474 5412 asserit,
1509 5347 1627 5403 [nec

76 5423 209 5478 Verba
233 5435 532 5500 temporibus
559 5439 720 5510 paulo
739 5441 1112 5509 superioribus,
1137 5457 1258 5512 qua:
1282 5441 1352 5497 de
1379 5443 1497 5497 solo
1521 5442 1628 5498 580

72 5521 190 5607 finito
211 5535 412 5588 possent
439 5529 689 5602 intelligi,
720 5533 900 5604 inepte
926 5543 1216 5599 sonatura;
1250 5549 1372 5590 cum
1403 5536 1628 5606 pulchre

73 5603 402 5706 l:ttbyipothesi
432 5632 616 5678 nostra
646 5632 751 5678 tam
783 5603 850 5679 de
879 5624 973 5679 illo
1003 5641 1169 5693 anno,
1203 5641 1368 5696 quam
1406 5603 1475 5681 de
1521 5628 1626 5683 585

70 5700 380 5766 a‘ceipiantur.
435 5711 818 5786 Assignandus
871 5731 1004 5787 ergo
1060 5727 1144 5773 est
1199 5717 1323 5772 huic
1380 5719 1624 5789 epistolae

1748 1823 1801 1877 iu
1834 1839 1900 1879 eo
1941 1825 2280 1889 vertebatur,
2326 1824 2469 1896 quod
2502 1826 2830 1880 clericorum
2874 1827 3118 1882 nonnulli
3171 1837 3360 1893 erant,

1748 1931 1776 1968 a
1823 1917 2019 1986 quibus
2069 1919 2456 1972 communione
2509 1918 2862 1988 privabantur
2907 1920 2982 1989 ii,
3029 1921 3118 1992 qui
3162 1921 3357 1978 ultimo

1748 2009 2022 2079 supplicio
2052 2009 2414 2065 animadverti
2442 2010 2494 2064 in
2523 2026 2679 2066 reum
2706 2012 3016 2082 quempiam
3036 2013 3354 2083 jussissent.

1748 2102 2011 2172 Agnoscit
2055 2116 2220 2172 porro
2268 2110 2492 2156 sanctus
2521 2102 2847 2158 Ambrosius
2885 2103 3149 2173 majorem
3195 2121 3259 2161 ex
3292 2120 3359 2160 eo

1749 2195 2048 2248 accessisse
2075 2192 2484 2258 difficultatem,
2513 2193 2657 2263 quod
2698 2193 2843 2248 inter
2873 2195 3163 2264 episcopos
3191 2198 3354 2252 etiam

1749 2301 1856 2341 non
1899 2285 2161 2352 deerant,
2207 2287 2301 2356 qui
2354 2300 2573 2340 reorum
2621 2286 2950 2356 supplicium
2993 2287 3138 2356 apud
3181 2303 3354 2344 sarcu-

1747 2380 1890 2435 lares
1913 2380 2128 2449 judices
2157 2389 2638 2449 prosequerentur.
2668 2378 2800 2434 Cum
2829 2386 3010 2433 autem
3041 2378 3352 2436 ltbacianos

1748 2473 2114 2538 Priscilliani,
2145 2473 2236 2544 qui
2295 2487 2441 2527 anno
2489 2472 2596 2528 585
2643 2471 2824 2527 securi
2874 2487 3168 2541 percussus
3214 2473 3350 2540 fuit,

1745 2567 2015 2637 supplicio
2058 2565 2331 2620 afllciendi
2373 2575 2630 2620 auctores
2669 2563 3073 2633 designavcrit,
3120 2579 3222 2621 nec
3267 2575 3346 2619 ta-

1747 2674 1870 2714 men
1917 2657 2307 2729 signiﬁcaverit
2347 2671 2445 2712 eos
2475 2656 2543 2712 ab
2591 2656 3021 2711 orthodoxorum
3069 2660 3348 2712 consortio

1744 2750 1921 2806 adhuc
1965 2749 2246 2820 expulsos,
2278 2748 2421 2820 quod
2453 2764 2559 2803 non
2609 2749 2779 2802 multo
2810 2757 2934 2818 post
2976 2749 3191 2805 Maximi
3218 2765 3348 2820 sup-

1747 2846 1967 2916 plicium
2012 2859 2156 2900 anno
2200 2845 2306 2900 588
2356 2843 2671 2908 interempti
2727 2843 2945 2898 tandem
2979 2843 3180 2898 factum
3228 2854 3342 2907 est;

1745 2939 2060 2996 necessario
2101 2938 2229 2995 hinc
2266 2937 2500 2993 afﬁcitur
2533 2937 2820 3008 epistolam
2851 2937 2994 2994 hanc
3035 2938 3216 2993 medio
3261 2939 3344 2994 iu—

1746 3038 1975 3095 tervallo
2011 3033 2331 3093 eorumdem
2364 3049 2628 3088 annormn
2665 3033 2771 3089 585
2799 3042 2852 3088 et
2883 3031 2990 3088 588
3033 3031 3203 3089 fuisse
3247 3031 3344 3088 da-

1743 3139 1873 3187 tam.

1813 3221 2018 3279 XXVIII
2055 3221 2356 3292 superioris
2380 3220 2723 3277 continuatio
2759 3230 2878 3287 est,
2911 3219 2965 3274 iu
3022 3235 3127 3289 qua
3160 3218 3343 3274 Domi-

1741 3315 1922 3371 nicum
1961 3315 2030 3370 de
2081 3314 2327 3369 adultera
2375 3314 2602 3369 muliere
2646 3313 2945 3384 judirium,
2991 3313 3137 3384 quod
3180 3329 3341 3384 supra

1740 3416 1948 3462 tantum
1982 3407 2338 3470 delibaverat,
2371 3407 2594 3462 uberius
2615 3397 2894 3476 expendit.
2923 3405 3054 3462 Inde
3085 3415 3171 3462 est
3197 3408 3342 3476 quod

1739 3511 1968 3572 utraque
2003 3509 2053 3555 et
2105 3499 2296 3555 eodem
2340 3508 2618 3568 tempore,
2662 3509 2717 3552 et
2755 3499 2821 3552 ad
2865 3500 3116 3554 eumdem
3164 3499 3342 3555 homi-

1740 3609 1863 3648 nem
1887 3633 1902 3656 ,
1930 3593 2056 3648 licet
2089 3591 2466 3661 inscriptionis
2505 3589 2752 3661 quzedam
2784 3591 3016 3644 varietas
3047 3590 3148 3654 sit,
3179 3592 3342 3645 missa

1738 3686 2004 3740 noscitur.

1807 3779 2037 3835 XXVIIal
2067 3793 2254 3833 earum
2307 3778 2551 3830 omnium
2583 3791 2703 3847 qum
2730 3775 3107 3831 inscribuntur
3134 3776 3200 3830 ad
3238 3776 3347 3831 Ire-

1737 3888 1949 3938 nmum,
1979 3870 2154 3940 prima
2188 3869 2273 3922 vel
2304 3869 2494 3921 saltem
2526 3885 2555 3923 e
2590 3869 2782 3936 primis
2809 3881 2935 3922 esse
2960 3882 3028 3922 eo
3049 3869 3336 3938 probatur,

1735 3965 1876 4036 quod
1907 3965 2056 4020 hisce
2096 3963 2278 4018 verbis
2313 3965 2366 4018 in
2412 3944 2473 4018 e'a
2516 3964 2754 4034 l0quitur
2785 3964 3104 4019 Ambrosius
3144 3983 3159 4021 :
3213 3964 3335 4022 Non

1735 4060 2000 4113 erubescas
2029 4066 2226 4129 patrem
2251 4057 2592 4129 interrogare.
2617 4059 2828 4111 Annum
2853 4071 2985 4109 vero
3011 4072 3120 4127 quo
3136 4060 3339 4129 scripta

1736 4150 1872 4217 fuit,
1906 4151 2035 4205 hinc
2059 4149 2326 4215 eruimus,
2359 4150 2501 4219 quod
2530 4164 2650 4219 qua}
2680 4149 2948 4204 indicatur
2987 4164 3084 4219 pro
3121 4151 3342 4206 Christo

1735 4257 1947 4310 passus,
1976 4259 2040 4298 ea
2070 4243 2294 4313 intelligi
2326 4241 2669 4298 commodius
2702 4258 2810 4296 non
2843 4257 3005 4312 posse
3026 4243 3336 4306 videantur.

1731 4353 1896 4408 quam
1949 4338 2018 4393 de
2065 4337 2292 4393 Iustina:
2334 4336 2739 4408 persecutione.
2790 4336 3133 4406 Quapropter
3186 4335 3335 4390 illam

1732 4441 1825 4486 aut
1874 4431 1998 4486 huic
2047 4446 2191 4486 anno
2237 4430 2342 4486 587
2386 4441 2481 4485 aut
2527 4429 2799 4498 superiori
2847 4430 2954 4484 586
2995 4428 3337 4484 tribuendam

1733 4524 2132 4579 existimamus.
2188 4523 2254 4578 Et.
2296 4539 2428 4579 sane
2471 4533 2616 4577 tanta
2667 4533 2752 4578 est
2797 4537 2986 4577 eorum
3027 4538 3148 4592 qua:
3179 4523 3231 4576 in
3275 4536 3336 4576 ea

1732 4625 2037 4672 tractantur
2079 4631 2204 4672 cum
2250 4626 2571 4688 argumento
2617 4615 2864 4686 epistola:
2911 4614 2978 4669 ad
3030 4613 3338 4685 Simplicia-

1733 4725 1860 4764 nuru
1903 4709 2159 4766 secunda:
2187 4711 2422 4764 affinitas
2451 4720 2616 4779 atque
2659 4709 2984 4773 consensio,
3026 4717 3083 4762 ut
3111 4707 3336 4763 alterius

1730 4812 1946 4859 :etatem
2007 4805 2176 4858 altera
2229 4801 2632 4873 quodammodo
2686 4801 3033 4858 demonstret
3084 4817 3146 4857 ac
3204 4818 3335 4858 con-

1733 4896 1931 4951 ﬁrmet.

1802 4987 2048 5042 XXVIIIa
2094 4989 2229 5041 satis
2270 4987 2542 5041 concinne
2603 4987 2848 5042 cohmret
2888 4997 3052 5058 atque
3099 4995 3335 5045 connec-

1730 5079 1860 5134 titur
1888 5093 2011 5134 cum
2053 5079 2358 5148 superiore.
2401 5078 2647 5149 Namque
2695 5079 2784 5134 ubi
2829 5095 2991 5150 supra
3024 5083 3332 5152 expositum

1730 5181 1999 5242 estquam
2029 5171 2316 5243 fugiendus
2344 5173 2504 5227 nobis
2544 5173 2616 5227 sit
2649 5173 3023 5243 improborum
3055 5176 3338 5232 convictus

1727 5273 1783 5320 et
1823 5265 2090 5331 societas,
2134 5264 2221 5318 hic
2273 5264 2534 5320 Irenaeum
2583 5265 2648 5320 ad
2695 5249 3071 5321 sublimiorem
3103 5268 3330 5339 gradtnu

1731 5367 2035 5428 promovet,
2067 5372 2190 5413 eum
2223 5367 2279 5412 ut
2311 5369 2438 5428 pote
2470 5359 2872 5415 Ecclesiasticaa
2902 5361 3108 5416 militiae
3131 5363 3335 5434 ascrip-

1732 5459 1878 5513 tum,
1920 5452 2136 5507 caeteris
2164 5452 2484 5510 christiauis
2525 5455 2649 5508 vitae
2690 5453 3054 5510 sanctimonia
3106 5459 3334 5526 pratcel-

1730 5544 1847 5599 lere
1876 5544 2078 5601 debere
2112 5545 2468 5615 patefaciens.
2529 5546 2664 5602 Hinc
2697 5548 2972 5618 intelligas
3001 5551 3335 5622 eadem'epi-

1729 5637 1870 5692 stola
1900 5638 2188 5709 superiore
2215 5638 2355 5696 hanc
2387 5654 2493 5695 non
2519 5654 2642 5697 esse
2678 5642 2779 5696 nisi
2810 5655 2980 5711 parvo
3011 5644 3191 5713 Spatio
3215 5659 3340 5714 pos»

1725 5729 2007 5786 teridrem.
