  <div class='ocr_page' id='page_1' title='image "/cluster/home/n/w/nwhite01/storage/ocr_20150623/16/uva.x000826550/439.png"; bbox 0 0 3954 6164; ppageno 0'>
   <div class='ocr_carea' id='block_1_1' title="bbox 485 211 601 272">
    <p class='ocr_par' dir='ltr' id='par_1_1' title="bbox 485 211 601 272">
     <span class='ocr_line' id='line_1_1' title="bbox 485 211 601 272; baseline 0 0"><span class='ocrx_word' id='word_1_1' title='bbox 485 211 601 272; x_wconf 78' lang='lat'><strong>863</strong></span> 
     </span>
    </p>
   </div>
   <div class='ocr_carea' id='block_1_2' title="bbox 1631 203 2666 266">
    <p class='ocr_par' dir='ltr' id='par_1_2' title="bbox 1631 203 2666 266">
     <span class='ocr_line' id='line_1_2' title="bbox 1631 203 2666 266; baseline -0.005 -1"><span class='ocrx_word' id='word_1_2' title='bbox 1631 205 1881 266; x_wconf 81' lang='lat' dir='ltr'><strong>SANC‘I&#39;l</strong></span> <span class='ocrx_word' id='word_1_3' title='bbox 1917 203 2239 264; x_wconf 78' lang='lat' dir='ltr'><strong>AllBBOSll</strong></span> <span class='ocrx_word' id='word_1_4' title='bbox 2283 205 2666 266; x_wconf 70' lang='grc' dir='ltr'><strong>εριετοιιε.</strong></span> 
     </span>
    </p>
   </div>
   <div class='ocr_carea' id='block_1_3' title="bbox 3689 209 3802 266">
    <p class='ocr_par' dir='ltr' id='par_1_3' title="bbox 3689 209 3802 266">
     <span class='ocr_line' id='line_1_3' title="bbox 3689 209 3802 266; baseline 0.009 -1"><span class='ocrx_word' id='word_1_5' title='bbox 3689 209 3802 266; x_wconf 71' lang='grc'><strong>864</strong></span> 
     </span>
    </p>
   </div>
   <div class='ocr_carea' id='block_1_4' title="bbox 488 323 3801 403">
    <p class='ocr_par' dir='ltr' id='par_1_4' title="bbox 488 323 3801 403">
     <span class='ocr_line' id='line_1_4' title="bbox 488 323 3801 403; baseline -0.002 -15"><span class='ocrx_word' id='word_1_6' title='bbox 488 335 866 398; x_wconf 90' lang='lat' dir='ltr'><strong>examinetnr,</strong></span> <span class='ocrx_word' id='word_1_7' title='bbox 895 344 1118 403; x_wconf 78' lang='lat' dir='ltr'><strong>Operam</strong></span> <span class='ocrx_word' id='word_1_8' title='bbox 1156 342 1218 384; x_wconf 90' lang='lat' dir='ltr'><strong>se</strong></span> <span class='ocrx_word' id='word_1_9' title='bbox 1248 327 1502 383; x_wconf 90' lang='lat' dir='ltr'><strong>daturum</strong></span> <span class='ocrx_word' id='word_1_10' title='bbox 1530 324 1960 398; x_wconf 82' lang='lat' dir='ltr'><strong>frequentiorem</strong></span> <span class='ocrx_word' id='word_1_11' title='bbox 1993 323 2102 379; x_wconf 92' lang='lat' dir='ltr'><strong>illic</strong></span> <span class='ocrx_word' id='word_1_12' title='bbox 2127 324 2182 382; x_wconf 82' lang='grc' dir='ltr'><strong>Α</strong></span> <span class='ocrx_word' id='word_1_13' title='bbox 2206 337 2320 378; x_wconf 89' lang='lat' dir='ltr'><strong>sam</strong></span> <span class='ocrx_word' id='word_1_14' title='bbox 2346 324 2675 381; x_wconf 87' lang='lat' dir='ltr'><strong>destinasset</strong></span> <span class='ocrx_word' id='word_1_15' title='bbox 2696 326 2764 382; x_wconf 90' lang='lat' dir='ltr'><strong>ad</strong></span> <span class='ocrx_word' id='word_1_16' title='bbox 2791 325 3162 393; x_wconf 80' lang='lat' dir='ltr'><strong>Ambrosium,</strong></span> <span class='ocrx_word' id='word_1_17' title='bbox 3203 340 3235 380; x_wconf 90' lang='lat' dir='ltr'><strong>a</strong></span> <span class='ocrx_word' id='word_1_18' title='bbox 3265 323 3398 380; x_wconf 85' lang='lat' dir='ltr'><strong>Viro</strong></span> <span class='ocrx_word' id='word_1_19' title='bbox 3438 332 3622 380; x_wconf 86' lang='lat' dir='ltr'><strong>sancto</strong></span> <span class='ocrx_word' id='word_1_20' title='bbox 3680 327 3801 396; x_wconf 77' lang='lat' dir='ltr'><strong>epi-</strong></span> 
     </span>
    </p>
   </div>
   <div class='ocr_carea' id='block_1_5' title="bbox 492 418 2101 488">
    <p class='ocr_par' dir='ltr' id='par_1_5' title="bbox 492 418 2101 488">
     <span class='ocr_line' id='line_1_5' title="bbox 492 418 2101 488; baseline -0.007 -6"><span class='ocrx_word' id='word_1_21' title='bbox 492 433 734 482; x_wconf 87' lang='lat' dir='ltr'><strong>testelur</strong></span> <span class='ocrx_word' id='word_1_22' title='bbox 774 422 1095 480; x_wconf 87' lang='lat' dir='ltr'><strong>Ambrosius</strong></span> <span class='ocrx_word' id='word_1_23' title='bbox 1140 429 1349 487; x_wconf 78' lang='lat' dir='ltr'><strong>noster,</strong></span> <span class='ocrx_word' id='word_1_24' title='bbox 1404 419 1457 474; x_wconf 91' lang='lat' dir='ltr'><strong>in</strong></span> <span class='ocrx_word' id='word_1_25' title='bbox 1504 419 1607 474; x_wconf 87' lang='lat' dir='ltr'><strong>hac</strong></span> <span class='ocrx_word' id='word_1_26' title='bbox 1645 418 1920 488; x_wconf 88' lang='lat' dir='ltr'><strong>epistola,</strong></span> <span class='ocrx_word' id='word_1_27' title='bbox 1980 432 2101 486; x_wconf 71' lang='lat' dir='ltr'><strong>qua:</strong></span> 
     </span>
    </p>
   </div>
   <div class='ocr_carea' id='block_1_6' title="bbox 491 511 2104 586">
    <p class='ocr_par' dir='ltr' id='par_1_6' title="bbox 491 511 2104 586">
     <span class='ocr_line' id='line_1_6' title="bbox 491 511 2104 586; baseline -0.006 -11"><span class='ocrx_word' id='word_1_28' title='bbox 491 519 550 576; x_wconf 90' lang='lat' dir='ltr'><strong>in</strong></span> <span class='ocrx_word' id='word_1_29' title='bbox 581 517 870 574; x_wconf 72' lang='lat' dir='ltr'><strong>sententiis</strong></span> <span class='ocrx_word' id='word_1_30' title='bbox 917 516 1114 572; x_wconf 78' lang='lat' dir='ltr'><strong>divinis</strong></span> <span class='ocrx_word' id='word_1_31' title='bbox 1162 529 1299 586; x_wconf 90' lang='lat' dir='ltr'><strong>pene</strong></span> <span class='ocrx_word' id='word_1_32' title='bbox 1338 521 1450 569; x_wconf 90' lang='lat' dir='ltr'><strong>tota</strong></span> <span class='ocrx_word' id='word_1_33' title='bbox 1494 523 1615 578; x_wconf 89' lang='lat' dir='ltr'><strong>est,</strong></span> <span class='ocrx_word' id='word_1_34' title='bbox 1661 511 1822 568; x_wconf 85' lang='lat' dir='ltr'><strong>ﬁdem</strong></span> <span class='ocrx_word' id='word_1_35' title='bbox 1856 511 2104 582; x_wconf 88' lang='lat' dir='ltr'><strong>profecto</strong></span> 
     </span>
    </p>
   </div>
   <div class='ocr_carea' id='block_1_7' title="bbox 496 605 2101 680">
    <p class='ocr_par' dir='ltr' id='par_1_7' title="bbox 496 605 2101 680">
     <span class='ocr_line' id='line_1_7' title="bbox 496 605 2101 680; baseline -0.005 -14"><span class='ocrx_word' id='word_1_36' title='bbox 496 610 699 666; x_wconf 82' lang='lat' dir='ltr'><strong>liberat</strong></span> <span class='ocrx_word' id='word_1_37' title='bbox 727 625 911 675; x_wconf 91' lang='lat' dir='ltr'><strong>suam;</strong></span> <span class='ocrx_word' id='word_1_38' title='bbox 943 609 1280 680; x_wconf 87' lang='lat' dir='ltr'><strong>proindeque</strong></span> <span class='ocrx_word' id='word_1_39' title='bbox 1319 607 1390 662; x_wconf 90' lang='lat' dir='ltr'><strong>ab</strong></span> <span class='ocrx_word' id='word_1_40' title='bbox 1419 607 1545 662; x_wconf 90' lang='lat' dir='ltr'><strong>aliis</strong></span> <span class='ocrx_word' id='word_1_41' title='bbox 1574 621 1694 662; x_wconf 86' lang='lat' dir='ltr'><strong>eam</strong></span> <span class='ocrx_word' id='word_1_42' title='bbox 1722 605 1966 661; x_wconf 82' lang='lat' dir='ltr'><strong>abstrahi</strong></span> <span class='ocrx_word' id='word_1_43' title='bbox 1996 619 2101 658; x_wconf 90' lang='lat' dir='ltr'><strong>non</strong></span> 
     </span>
    </p>
   </div>
   <div class='ocr_carea' id='block_1_8' title="bbox 494 702 1217 774">
    <p class='ocr_par' dir='ltr' id='par_1_8' title="bbox 494 702 1217 774">
     <span class='ocr_line' id='line_1_8' title="bbox 494 702 1217 774; baseline -0.006 -16"><span class='ocrx_word' id='word_1_44' title='bbox 494 709 752 774; x_wconf 89' lang='lat' dir='ltr'><strong>oportere</strong></span> <span class='ocrx_word' id='word_1_45' title='bbox 779 702 1000 772; x_wconf 77' lang='lat' dir='ltr'><strong>negabit</strong></span> <span class='ocrx_word' id='word_1_46' title='bbox 1031 715 1217 757; x_wconf 92' lang='lat' dir='ltr'><strong>nemo.</strong></span> 
     </span>
    </p>
   </div>
   <div class='ocr_carea' id='block_1_9' title="bbox 569 793 2104 865">
    <p class='ocr_par' dir='ltr' id='par_1_9' title="bbox 569 793 2104 865">
     <span class='ocr_line' id='line_1_9' title="bbox 569 793 2104 865; baseline -0.001 -15"><span class='ocrx_word' id='word_1_47' title='bbox 569 793 641 850; x_wconf 77' lang='grc' dir='ltr'>ι·</span> <span class='ocrx_word' id='word_1_48' title='bbox 667 794 968 850; x_wconf 88' lang='lat' dir='ltr'><strong>Chromatii</strong></span> <span class='ocrx_word' id='word_1_49' title='bbox 1009 796 1265 864; x_wconf 87' lang='lat' dir='ltr'><strong>precibus</strong></span> <span class='ocrx_word' id='word_1_50' title='bbox 1307 809 1571 851; x_wconf 90' lang='lat' dir='ltr'><strong>concessa</strong></span> <span class='ocrx_word' id='word_1_51' title='bbox 1621 805 1705 851; x_wconf 89' lang='lat' dir='ltr'><strong>est</strong></span> <span class='ocrx_word' id='word_1_52' title='bbox 1735 793 2104 865; x_wconf 82' lang='lat' dir='ltr'><strong>Aquileiensis</strong></span> 
     </span>
    </p>
   </div>
   <div class='ocr_carea' id='block_1_10' title="bbox 497 887 2106 959">
    <p class='ocr_par' dir='ltr' id='par_1_10' title="bbox 497 887 2106 959">
     <span class='ocr_line' id='line_1_10' title="bbox 497 887 2106 959; baseline -0.002 -14"><span class='ocrx_word' id='word_1_53' title='bbox 497 888 781 958; x_wconf 83' lang='lat' dir='ltr'><strong>episcopi,</strong></span> <span class='ocrx_word' id='word_1_54' title='bbox 825 889 914 959; x_wconf 89' lang='lat' dir='ltr'><strong>qui</strong></span> <span class='ocrx_word' id='word_1_55' title='bbox 948 889 1332 954; x_wconf 87' lang='lat' dir='ltr'><strong>Ambrosium,</strong></span> <span class='ocrx_word' id='word_1_56' title='bbox 1367 899 1424 942; x_wconf 92' lang='lat' dir='ltr'><strong>ut</strong></span> <span class='ocrx_word' id='word_1_57' title='bbox 1464 888 1568 943; x_wconf 89' lang='lat' dir='ltr'><strong>sibi</strong></span> <span class='ocrx_word' id='word_1_58' title='bbox 1615 887 1820 958; x_wconf 90' lang='lat' dir='ltr'><strong>aliquid</strong></span> <span class='ocrx_word' id='word_1_59' title='bbox 1861 901 1892 942; x_wconf 94' lang='lat' dir='ltr'><strong>e</strong></span> <span class='ocrx_word' id='word_1_60' title='bbox 1935 887 2106 941; x_wconf 89' lang='lat' dir='ltr'><strong>sacris</strong></span> 
     </span>
    </p>
   </div>
   <div class='ocr_carea' id='block_1_11' title="bbox 498 980 2108 1051">
    <p class='ocr_par' dir='ltr' id='par_1_11' title="bbox 498 980 2108 1051">
     <span class='ocr_line' id='line_1_11' title="bbox 498 980 2108 1051; baseline -0.004 -13"><span class='ocrx_word' id='word_1_61' title='bbox 498 981 779 1038; x_wconf 85' lang='lat' dir='ltr'><strong>codicibus</strong></span> <span class='ocrx_word' id='word_1_62' title='bbox 821 982 1120 1051; x_wconf 69' lang='lat' dir='ltr'><strong>fepistolari</strong></span> <span class='ocrx_word' id='word_1_63' title='bbox 1164 980 1539 1036; x_wconf 78' lang='lat' dir='ltr'><strong>familiaritate</strong></span> <span class='ocrx_word' id='word_1_64' title='bbox 1599 980 1932 1050; x_wconf 83' lang='lat' dir='ltr'><strong>disputatum</strong></span> <span class='ocrx_word' id='word_1_65' title='bbox 1983 980 2108 1032; x_wconf 86' lang='lat' dir='ltr'><strong>mil-</strong></span> 
     </span>
    </p>
   </div>
   <div class='ocr_carea' id='block_1_12' title="bbox 496 1071 2107 1144">
    <p class='ocr_par' dir='ltr' id='par_1_12' title="bbox 496 1071 2107 1144">
     <span class='ocr_line' id='line_1_12' title="bbox 496 1071 2107 1144; baseline -0.002 -15"><span class='ocrx_word' id='word_1_66' title='bbox 496 1082 641 1131; x_wconf 85' lang='lat' dir='ltr'><strong>teret</strong></span> <span class='ocrx_word' id='word_1_67' title='bbox 660 1117 672 1137; x_wconf 87' lang='lat'><strong>,</strong></span> <span class='ocrx_word' id='word_1_68' title='bbox 702 1073 1111 1129; x_wconf 86' lang='lat' dir='ltr'><strong>obsecraverat.</strong></span> <span class='ocrx_word' id='word_1_69' title='bbox 1157 1073 1287 1144; x_wconf 80' lang='lat' dir='ltr'><strong>Ejus</strong></span> <span class='ocrx_word' id='word_1_70' title='bbox 1334 1072 1538 1142; x_wconf 83' lang='lat' dir='ltr'><strong>aptatis</strong></span> <span class='ocrx_word' id='word_1_71' title='bbox 1567 1082 1628 1127; x_wconf 90' lang='lat' dir='ltr'><strong>ut</strong></span> <span class='ocrx_word' id='word_1_72' title='bbox 1653 1071 1888 1128; x_wconf 89' lang='lat' dir='ltr'><strong>Sanctus</strong></span> <span class='ocrx_word' id='word_1_73' title='bbox 1917 1081 2107 1126; x_wconf 91' lang='lat' dir='ltr'><strong>noster</strong></span> 
     </span>
    </p>
   </div>
   <div class='ocr_carea' id='block_1_13' title="bbox 501 1165 2102 1237">
    <p class='ocr_par' dir='ltr' id='par_1_13' title="bbox 501 1165 2102 1237">
     <span class='ocr_line' id='line_1_13' title="bbox 501 1165 2102 1237; baseline -0.005 -15"><span class='ocrx_word' id='word_1_74' title='bbox 501 1165 867 1233; x_wconf 71' lang='lat' dir='ltr'><strong>satisfaceret,</strong></span> <span class='ocrx_word' id='word_1_75' title='bbox 891 1182 923 1222; x_wconf 92' lang='lat' dir='ltr'><strong>e</strong></span> <span class='ocrx_word' id='word_1_76' title='bbox 948 1165 1232 1237; x_wconf 86' lang='lat' dir='ltr'><strong>prophetia</strong></span> <span class='ocrx_word' id='word_1_77' title='bbox 1264 1165 1486 1220; x_wconf 87' lang='lat' dir='ltr'><strong>Balaam</strong></span> <span class='ocrx_word' id='word_1_78' title='bbox 1512 1165 1678 1236; x_wconf 91' lang='lat' dir='ltr'><strong>elegit</strong></span> <span class='ocrx_word' id='word_1_79' title='bbox 1704 1173 2102 1235; x_wconf 80' lang='lat' dir='ltr'><strong>argumentum.</strong></span> 
     </span>
    </p>
   </div>
   <div class='ocr_carea' id='block_1_14' title="bbox 501 1257 2109 1330">
    <p class='ocr_par' dir='ltr' id='par_1_14' title="bbox 501 1257 2109 1330">
     <span class='ocr_line' id='line_1_14' title="bbox 501 1257 2109 1330; baseline -0.001 -16"><span class='ocrx_word' id='word_1_80' title='bbox 501 1259 802 1330; x_wconf 84' lang='lat' dir='ltr'><strong>Propterea</strong></span> <span class='ocrx_word' id='word_1_81' title='bbox 830 1275 960 1315; x_wconf 84' lang='lat' dir='ltr'><strong>vero</strong></span> <span class='ocrx_word' id='word_1_82' title='bbox 1013 1261 1156 1314; x_wconf 91' lang='lat' dir='ltr'><strong>hanc</strong></span> <span class='ocrx_word' id='word_1_83' title='bbox 1201 1259 1489 1328; x_wconf 87' lang='lat' dir='ltr'><strong>epistolam</strong></span> <span class='ocrx_word' id='word_1_84' title='bbox 1532 1259 1875 1328; x_wconf 86' lang='lat' dir='ltr'><strong>superiorum</strong></span> <span class='ocrx_word' id='word_1_85' title='bbox 1927 1257 2109 1312; x_wconf 89' lang='lat' dir='ltr'><strong>ordini</strong></span> 
     </span>
    </p>
   </div>
   <div class='ocr_carea' id='block_1_15' title="bbox 499 1350 2107 1422">
    <p class='ocr_par' dir='ltr' id='par_1_15' title="bbox 499 1350 2107 1422">
     <span class='ocr_line' id='line_1_15' title="bbox 499 1350 2107 1422; baseline -0.001 -18"><span class='ocrx_word' id='word_1_86' title='bbox 499 1352 924 1418; x_wconf 89' lang='lat' dir='ltr'><strong>accensuimus,</strong></span> <span class='ocrx_word' id='word_1_87' title='bbox 975 1352 1120 1422; x_wconf 91' lang='lat' dir='ltr'><strong>quod</strong></span> <span class='ocrx_word' id='word_1_88' title='bbox 1165 1352 1219 1405; x_wconf 93' lang='lat' dir='ltr'><strong>in</strong></span> <span class='ocrx_word' id='word_1_89' title='bbox 1269 1365 1334 1406; x_wconf 90' lang='lat' dir='ltr'><strong>ea</strong></span> <span class='ocrx_word' id='word_1_90' title='bbox 1383 1365 1598 1420; x_wconf 90' lang='lat' dir='ltr'><strong>quoque</strong></span> <span class='ocrx_word' id='word_1_91' title='bbox 1648 1364 1762 1404; x_wconf 74' lang='lat' dir='ltr'><strong>sua:</strong></span> <span class='ocrx_word' id='word_1_92' title='bbox 1809 1350 2107 1403; x_wconf 84' lang='lat' dir='ltr'><strong>senectutis</strong></span> 
     </span>
    </p>
   </div>
   <div class='ocr_carea' id='block_1_16' title="bbox 503 1437 1119 1512">
    <p class='ocr_par' dir='ltr' id='par_1_16' title="bbox 503 1437 1119 1512">
     <span class='ocr_line' id='line_1_16' title="bbox 503 1437 1119 1512; baseline 0.003 -16"><span class='ocrx_word' id='word_1_93' title='bbox 503 1443 838 1498; x_wconf 88' lang='lat' dir='ltr'><strong>mentionem</strong></span> <span class='ocrx_word' id='word_1_94' title='bbox 873 1437 1119 1512; x_wconf 53' lang='lat' dir='ltr'><strong>injiciat.’</strong></span> 
     </span>
    </p>
   </div>
   <div class='ocr_carea' id='block_1_17' title="bbox 573 1535 2108 1608">
    <p class='ocr_par' dir='ltr' id='par_1_17' title="bbox 573 1535 2108 1608">
     <span class='ocr_line' id='line_1_17' title="bbox 573 1535 2108 1608; baseline -0.001 -17"><span class='ocrx_word' id='word_1_95' title='bbox 573 1535 740 1608; x_wconf 70' lang='grc' dir='ltr'>[Λιιιι.</span> <span class='ocrx_word' id='word_1_96' title='bbox 780 1535 933 1608; x_wconf 81' lang='grc'><strong>590.]</strong></span> <span class='ocrx_word' id='word_1_97' title='bbox 973 1536 1068 1591; x_wconf 87' lang='lat' dir='ltr'><strong>Ll&quot;</strong></span> <span class='ocrx_word' id='word_1_98' title='bbox 1098 1535 1412 1592; x_wconf 88' lang='lat' dir='ltr'><strong>Theodosio</strong></span> <span class='ocrx_word' id='word_1_99' title='bbox 1484 1537 1799 1607; x_wconf 87' lang='lat' dir='ltr'><strong>imperatori</strong></span> <span class='ocrx_word' id='word_1_100' title='bbox 1847 1537 2108 1591; x_wconf 81' lang='lat' dir='ltr'><strong>Mediola-</strong></span> 
     </span>
    </p>
   </div>
   <div class='ocr_carea' id='block_1_18' title="bbox 500 1628 2105 1700">
    <p class='ocr_par' dir='ltr' id='par_1_18' title="bbox 500 1628 2105 1700">
     <span class='ocr_line' id='line_1_18' title="bbox 500 1628 2105 1700; baseline -0.001 -15"><span class='ocrx_word' id='word_1_101' title='bbox 500 1645 630 1685; x_wconf 90' lang='lat' dir='ltr'><strong>num</strong></span> <span class='ocrx_word' id='word_1_102' title='bbox 681 1639 969 1700; x_wconf 88' lang='lat' dir='ltr'><strong>postquam</strong></span> <span class='ocrx_word' id='word_1_103' title='bbox 1013 1628 1418 1684; x_wconf 70' lang='lat' dir='ltr'><strong>Thessalonicae</strong></span> <span class='ocrx_word' id='word_1_104' title='bbox 1473 1638 1687 1699; x_wconf 78' lang='lat' dir='ltr'><strong>strages</strong></span> <span class='ocrx_word' id='word_1_105' title='bbox 1737 1628 1882 1685; x_wconf 89' lang='lat' dir='ltr'><strong>edita</strong></span> <span class='ocrx_word' id='word_1_106' title='bbox 1926 1638 2105 1694; x_wconf 90' lang='lat' dir='ltr'><strong>esset,</strong></span> 
     </span>
    </p>
   </div>
   <div class='ocr_carea' id='block_1_19' title="bbox 2206 417 3808 489">
    <p class='ocr_par' dir='ltr' id='par_1_19' title="bbox 2206 417 3808 489">
     <span class='ocr_line' id='line_1_19' title="bbox 2206 417 3808 489; baseline 0.001 -18"><span class='ocrx_word' id='word_1_107' title='bbox 2206 417 2511 483; x_wconf 89' lang='lat' dir='ltr'><strong>stolam,de</strong></span> <span class='ocrx_word' id='word_1_108' title='bbox 2533 434 2636 489; x_wconf 89' lang='lat' dir='ltr'><strong>qua</strong></span> <span class='ocrx_word' id='word_1_109' title='bbox 2669 419 2762 474; x_wconf 90' lang='lat' dir='ltr'><strong>hic</strong></span> <span class='ocrx_word' id='word_1_110' title='bbox 2787 421 2984 488; x_wconf 88' lang='lat' dir='ltr'><strong>agitur,</strong></span> <span class='ocrx_word' id='word_1_111' title='bbox 3013 419 3222 473; x_wconf 85' lang='lat' dir='ltr'><strong>elicuit.</strong></span> <span class='ocrx_word' id='word_1_112' title='bbox 3257 417 3574 488; x_wconf 85' lang='lat' dir='ltr'><strong>Quisigitur</strong></span> <span class='ocrx_word' id='word_1_113' title='bbox 3599 426 3693 473; x_wconf 87' lang='lat' dir='ltr'><strong>eat</strong></span> <span class='ocrx_word' id='word_1_114' title='bbox 3723 419 3808 472; x_wconf 84' lang='lat' dir='ltr'><strong>iu-</strong></span> 
     </span>
    </p>
   </div>
   <div class='ocr_carea' id='block_1_20' title="bbox 2207 512 3806 584">
    <p class='ocr_par' dir='ltr' id='par_1_20' title="bbox 2207 512 3806 584">
     <span class='ocr_line' id='line_1_20' title="bbox 2207 512 3806 584; baseline 0 -19"><span class='ocrx_word' id='word_1_115' title='bbox 2207 512 2357 567; x_wconf 87' lang='lat' dir='ltr'><strong>licias</strong></span> <span class='ocrx_word' id='word_1_116' title='bbox 2411 514 2504 568; x_wconf 82' lang='lat' dir='ltr'><strong>vix</strong></span> <span class='ocrx_word' id='word_1_117' title='bbox 2550 514 2698 568; x_wconf 93' lang='lat' dir='ltr'><strong>illam</strong></span> <span class='ocrx_word' id='word_1_118' title='bbox 2744 523 2871 570; x_wconf 85' lang='lat' dir='ltr'><strong>ante</strong></span> <span class='ocrx_word' id='word_1_119' title='bbox 2914 514 3040 568; x_wconf 89' lang='lat' dir='ltr'><strong>anni</strong></span> <span class='ocrx_word' id='word_1_120' title='bbox 3088 512 3194 568; x_wconf 73' lang='lat'><strong>59?.</strong></span> <span class='ocrx_word' id='word_1_121' title='bbox 3246 512 3460 568; x_wconf 87' lang='lat' dir='ltr'><strong>exitum</strong></span> <span class='ocrx_word' id='word_1_122' title='bbox 3506 512 3667 567; x_wconf 86' lang='lat' dir='ltr'><strong>scribi</strong></span> <span class='ocrx_word' id='word_1_123' title='bbox 3709 528 3806 584; x_wconf 88' lang='lat' dir='ltr'><strong>po-</strong></span> 
     </span>
    </p>
   </div>
   <div class='ocr_carea' id='block_1_21' title="bbox 2207 605 2419 661">
    <p class='ocr_par' dir='ltr' id='par_1_21' title="bbox 2207 605 2419 661">
     <span class='ocr_line' id='line_1_21' title="bbox 2207 605 2419 661; baseline -0.005 -1"><span class='ocrx_word' id='word_1_124' title='bbox 2207 605 2419 661; x_wconf 83' lang='lat' dir='ltr'><strong>tuisse?</strong></span> 
     </span>
    </p>
   </div>
   <div class='ocr_carea' id='block_1_22' title="bbox 2275 699 3805 771">
    <p class='ocr_par' dir='ltr' id='par_1_22' title="bbox 2275 699 3805 771">
     <span class='ocr_line' id='line_1_22' title="bbox 2275 699 3805 771; baseline -0.001 -16"><span class='ocrx_word' id='word_1_125' title='bbox 2275 700 2559 771; x_wconf 83' lang='lat' dir='ltr'><strong>Superiori</strong></span> <span class='ocrx_word' id='word_1_126' title='bbox 2614 702 2869 770; x_wconf 61' lang='lat' dir='ltr'><strong>epistolae</strong></span> <span class='ocrx_word' id='word_1_127' title='bbox 2917 703 3079 757; x_wconf 88' lang='lat' dir='ltr'><strong>aliam</strong></span> <span class='ocrx_word' id='word_1_128' title='bbox 3126 701 3466 770; x_wconf 83' lang='lat' dir='ltr'><strong>subjecimus</strong></span> <span class='ocrx_word' id='word_1_129' title='bbox 3511 700 3565 755; x_wconf 92' lang='lat' dir='ltr'><strong>in</strong></span> <span class='ocrx_word' id='word_1_130' title='bbox 3603 699 3805 754; x_wconf 86' lang='lat' dir='ltr'><strong>Bouosi</strong></span> 
     </span>
    </p>
   </div>
   <div class='ocr_carea' id='block_1_23' title="bbox 2208 794 3809 866">
    <p class='ocr_par' dir='ltr' id='par_1_23' title="bbox 2208 794 3809 866">
     <span class='ocr_line' id='line_1_23' title="bbox 2208 794 3809 866; baseline 0.001 -18"><span class='ocrx_word' id='word_1_131' title='bbox 2208 796 2482 850; x_wconf 66' lang='lat' dir='ltr'><strong>haereseos</strong></span> <span class='ocrx_word' id='word_1_132' title='bbox 2512 796 2773 866; x_wconf 82' lang='lat' dir='ltr'><strong>postulati</strong></span> <span class='ocrx_word' id='word_1_133' title='bbox 2819 810 2982 851; x_wconf 87' lang='lat' dir='ltr'><strong>causa</strong></span> <span class='ocrx_word' id='word_1_134' title='bbox 3025 806 3358 851; x_wconf 72' lang='lat' dir='ltr'><strong>versantem.</strong></span> <span class='ocrx_word' id='word_1_135' title='bbox 3393 794 3515 850; x_wconf 82' lang='lat' dir='ltr'><strong>Jam</strong></span> <span class='ocrx_word' id='word_1_136' title='bbox 3559 804 3666 849; x_wconf 87' lang='lat' dir='ltr'><strong>tota</strong></span> <span class='ocrx_word' id='word_1_137' title='bbox 3719 809 3809 849; x_wconf 88' lang='lat' dir='ltr'><strong>res</strong></span> 
     </span>
    </p>
   </div>
   <div class='ocr_carea' id='block_1_24' title="bbox 2208 886 3804 958">
    <p class='ocr_par' dir='ltr' id='par_1_24' title="bbox 2208 886 3804 958">
     <span class='ocr_line' id='line_1_24' title="bbox 2208 886 3804 958; baseline 0.001 -19"><span class='ocrx_word' id='word_1_138' title='bbox 2208 886 2260 940; x_wconf 94' lang='lat' dir='ltr'><strong>in</strong></span> <span class='ocrx_word' id='word_1_139' title='bbox 2290 887 2552 956; x_wconf 89' lang='lat' dir='ltr'><strong>Capuano</strong></span> <span class='ocrx_word' id='word_1_140' title='bbox 2579 904 2864 952; x_wconf 84' lang='lat' dir='ltr'><strong>consessu,</strong></span> <span class='ocrx_word' id='word_1_141' title='bbox 2895 889 2966 943; x_wconf 92' lang='lat' dir='ltr'><strong>de</strong></span> <span class='ocrx_word' id='word_1_142' title='bbox 2991 904 3100 958; x_wconf 88' lang='lat' dir='ltr'><strong>quo</strong></span> <span class='ocrx_word' id='word_1_143' title='bbox 3140 888 3393 958; x_wconf 81' lang='lat' dir='ltr'><strong>proxime</strong></span> <span class='ocrx_word' id='word_1_144' title='bbox 3422 895 3552 942; x_wconf 86' lang='lat' dir='ltr'><strong>ante</strong></span> <span class='ocrx_word' id='word_1_145' title='bbox 3581 887 3804 942; x_wconf 88' lang='lat' dir='ltr'><strong>diceba-</strong></span> 
     </span>
    </p>
   </div>
   <div class='ocr_carea' id='block_1_25' title="bbox 2209 963 3810 1052">
    <p class='ocr_par' dir='ltr' id='par_1_25' title="bbox 2209 963 3810 1052">
     <span class='ocr_line' id='line_1_25' title="bbox 2209 963 3810 1052; baseline -0.001 -18"><span class='ocrx_word' id='word_1_146' title='bbox 2209 996 2352 1045; x_wconf 88' lang='lat' dir='ltr'><strong>mus,</strong></span> <span class='ocrx_word' id='word_1_147' title='bbox 2387 991 2612 1037; x_wconf 87' lang='lat' dir='ltr'><strong>tractata</strong></span> <span class='ocrx_word' id='word_1_148' title='bbox 2648 983 2851 1045; x_wconf 84' lang='lat' dir='ltr'><strong>luerat;</strong></span> <span class='ocrx_word' id='word_1_149' title='bbox 2899 983 3128 1052; x_wconf 88' lang='lat' dir='ltr'><strong>ejusque</strong></span> <span class='ocrx_word' id='word_1_150' title='bbox 3156 981 3399 1051; x_wconf 82' lang='lat' dir='ltr'><strong>cognitio</strong></span> <span class='ocrx_word' id='word_1_151' title='bbox 3429 965 3623 1035; x_wconf 81' lang='lat' dir='ltr'><strong>vicinis</strong></span> <span class='ocrx_word' id='word_1_152' title='bbox 3653 963 3810 1033; x_wconf 87' lang='lat' dir='ltr'><strong>istius</strong></span> 
     </span>
    </p>
   </div>
   <div class='ocr_carea' id='block_1_26' title="bbox 2208 1072 3807 1146">
    <p class='ocr_par' dir='ltr' id='par_1_26' title="bbox 2208 1072 3807 1146">
     <span class='ocr_line' id='line_1_26' title="bbox 2208 1072 3807 1146; baseline -0.002 -19"><span class='ocrx_word' id='word_1_153' title='bbox 2208 1072 2452 1129; x_wconf 69' lang='lat' dir='ltr'><strong>haeretici</strong></span> <span class='ocrx_word' id='word_1_154' title='bbox 2475 1074 2751 1146; x_wconf 87' lang='lat' dir='ltr'><strong>episcopis</strong></span> <span class='ocrx_word' id='word_1_155' title='bbox 2774 1074 2840 1128; x_wconf 92' lang='lat' dir='ltr'><strong>ad</strong></span> <span class='ocrx_word' id='word_1_156' title='bbox 2870 1075 3136 1128; x_wconf 88' lang='lat' dir='ltr'><strong>maturius</strong></span> <span class='ocrx_word' id='word_1_157' title='bbox 3162 1081 3218 1128; x_wconf 89' lang='lat' dir='ltr'><strong>et</strong></span> <span class='ocrx_word' id='word_1_158' title='bbox 3246 1073 3555 1128; x_wconf 79' lang='lat' dir='ltr'><strong>accuratius</strong></span> <span class='ocrx_word' id='word_1_159' title='bbox 3579 1085 3807 1124; x_wconf 88' lang='lat' dir='ltr'><strong>examen</strong></span> 
     </span>
    </p>
   </div>
   <div class='ocr_carea' id='block_1_27' title="bbox 2209 1164 3813 1221">
    <p class='ocr_par' dir='ltr' id='par_1_27' title="bbox 2209 1164 3813 1221">
     <span class='ocr_line' id='line_1_27' title="bbox 2209 1164 3813 1221; baseline -0.002 -1"><span class='ocrx_word' id='word_1_160' title='bbox 2209 1165 2558 1221; x_wconf 88' lang='lat' dir='ltr'><strong>demandata.</strong></span> <span class='ocrx_word' id='word_1_161' title='bbox 2591 1167 2724 1221; x_wconf 90' lang='lat' dir='ltr'><strong>Cum</strong></span> <span class='ocrx_word' id='word_1_162' title='bbox 2756 1181 2888 1221; x_wconf 87' lang='lat' dir='ltr'><strong>vero</strong></span> <span class='ocrx_word' id='word_1_163' title='bbox 2911 1167 3077 1220; x_wconf 89' lang='lat' dir='ltr'><strong>iidem</strong></span> <span class='ocrx_word' id='word_1_164' title='bbox 3109 1167 3385 1220; x_wconf 88' lang='lat' dir='ltr'><strong>antistites</strong></span> <span class='ocrx_word' id='word_1_165' title='bbox 3405 1164 3813 1220; x_wconf 88' lang='lat' dir='ltr'><strong>consuluissent</strong></span> 
     </span>
    </p>
   </div>
   <div class='ocr_carea' id='block_1_28' title="bbox 2209 1251 3813 1327">
    <p class='ocr_par' dir='ltr' id='par_1_28' title="bbox 2209 1251 3813 1327">
     <span class='ocr_line' id='line_1_28' title="bbox 2209 1251 3813 1327; baseline -0.001 -17"><span class='ocrx_word' id='word_1_166' title='bbox 2209 1267 2492 1312; x_wconf 89' lang='lat' dir='ltr'><strong>auctorem</strong></span> <span class='ocrx_word' id='word_1_167' title='bbox 2525 1257 2689 1327; x_wconf 90' lang='lat' dir='ltr'><strong>hujus</strong></span> <span class='ocrx_word' id='word_1_168' title='bbox 2731 1257 3012 1327; x_wconf 53' lang='lat' dir='ltr'><strong>epistolas,</strong></span> <span class='ocrx_word' id='word_1_169' title='bbox 3057 1273 3121 1312; x_wconf 92' lang='lat' dir='ltr'><strong>ac</strong></span> <span class='ocrx_word' id='word_1_170' title='bbox 3148 1256 3198 1311; x_wconf 91' lang='lat' dir='ltr'><strong>ei</strong></span> <span class='ocrx_word' id='word_1_171' title='bbox 3223 1255 3496 1326; x_wconf 88' lang='lat' dir='ltr'><strong>judicium</strong></span> <span class='ocrx_word' id='word_1_172' title='bbox 3539 1253 3639 1308; x_wconf 91' lang='lat' dir='ltr'><strong>hoc</strong></span> <span class='ocrx_word' id='word_1_173' title='bbox 3663 1251 3813 1308; x_wconf 90' lang='lat' dir='ltr'><strong>vide-</strong></span> 
     </span>
    </p>
   </div>
   <div class='ocr_carea' id='block_1_29' title="bbox 2210 1347 3814 1420">
    <p class='ocr_par' dir='ltr' id='par_1_29' title="bbox 2210 1347 3814 1420">
     <span class='ocr_line' id='line_1_29' title="bbox 2210 1347 3814 1420; baseline -0.002 -16"><span class='ocrx_word' id='word_1_174' title='bbox 2210 1361 2403 1405; x_wconf 86' lang='lat' dir='ltr'><strong>rentur</strong></span> <span class='ocrx_word' id='word_1_175' title='bbox 2443 1353 2795 1420; x_wconf 88' lang='lat' dir='ltr'><strong>permittere;</strong></span> <span class='ocrx_word' id='word_1_176' title='bbox 2843 1350 2933 1404; x_wconf 83' lang='lat' dir='ltr'><strong>ltic</strong></span> <span class='ocrx_word' id='word_1_177' title='bbox 2979 1365 3086 1404; x_wconf 89' lang='lat' dir='ltr'><strong>non</strong></span> <span class='ocrx_word' id='word_1_178' title='bbox 3135 1349 3264 1413; x_wconf 90' lang='lat' dir='ltr'><strong>sibi,</strong></span> <span class='ocrx_word' id='word_1_179' title='bbox 3306 1348 3403 1404; x_wconf 89' lang='lat' dir='ltr'><strong>sed</strong></span> <span class='ocrx_word' id='word_1_180' title='bbox 3437 1347 3572 1416; x_wconf 87' lang='lat' dir='ltr'><strong>ipsis</strong></span> <span class='ocrx_word' id='word_1_181' title='bbox 3603 1355 3660 1400; x_wconf 90' lang='lat' dir='ltr'><strong>ut</strong></span> <span class='ocrx_word' id='word_1_182' title='bbox 3688 1355 3814 1417; x_wconf 89' lang='lat' dir='ltr'><strong>pote</strong></span> 
     </span>
    </p>
   </div>
   <div class='ocr_carea' id='block_1_30' title="bbox 2209 1440 3816 1512">
    <p class='ocr_par' dir='ltr' id='par_1_30' title="bbox 2209 1440 3816 1512">
     <span class='ocr_line' id='line_1_30' title="bbox 2209 1440 3816 1512; baseline -0.001 -16"><span class='ocrx_word' id='word_1_183' title='bbox 2209 1444 2410 1512; x_wconf 87' lang='lat' dir='ltr'><strong>quibus</strong></span> <span class='ocrx_word' id='word_1_184' title='bbox 2431 1444 2780 1497; x_wconf 89' lang='lat' dir='ltr'><strong>commissum</strong></span> <span class='ocrx_word' id='word_1_185' title='bbox 2807 1451 2934 1496; x_wconf 90' lang='lat' dir='ltr'><strong>erat</strong></span> <span class='ocrx_word' id='word_1_186' title='bbox 2958 1457 2986 1496; x_wconf 91' lang='lat' dir='ltr'><strong>a</strong></span> <span class='ocrx_word' id='word_1_187' title='bbox 3010 1441 3265 1505; x_wconf 88' lang='lat' dir='ltr'><strong>concilio,</strong></span> <span class='ocrx_word' id='word_1_188' title='bbox 3304 1440 3358 1496; x_wconf 90' lang='lat' dir='ltr'><strong>id</strong></span> <span class='ocrx_word' id='word_1_189' title='bbox 3381 1449 3697 1509; x_wconf 89' lang='lat' dir='ltr'><strong>competere</strong></span> <span class='ocrx_word' id='word_1_190' title='bbox 3729 1455 3816 1494; x_wconf 89' lang='lat' dir='ltr'><strong>rc-</strong></span> 
     </span>
    </p>
   </div>
   <div class='ocr_carea' id='block_1_31' title="bbox 2211 1533 3810 1604">
    <p class='ocr_par' dir='ltr' id='par_1_31' title="bbox 2211 1533 3810 1604">
     <span class='ocr_line' id='line_1_31' title="bbox 2211 1533 3810 1604; baseline -0.001 -14"><span class='ocrx_word' id='word_1_191' title='bbox 2211 1551 2472 1604; x_wconf 83' lang='lat' dir='ltr'><strong>sponsum</strong></span> <span class='ocrx_word' id='word_1_192' title='bbox 2490 1536 2641 1591; x_wconf 91' lang='lat' dir='ltr'><strong>dedit</strong></span> <span class='ocrx_word' id='word_1_193' title='bbox 2666 1551 2761 1590; x_wconf 89' lang='lat' dir='ltr'><strong>:ac</strong></span> <span class='ocrx_word' id='word_1_194' title='bbox 2786 1535 2955 1589; x_wconf 88' lang='lat' dir='ltr'><strong>simul</strong></span> <span class='ocrx_word' id='word_1_195' title='bbox 2977 1536 3146 1591; x_wconf 88' lang='lat' dir='ltr'><strong>etiam</strong></span> <span class='ocrx_word' id='word_1_196' title='bbox 3173 1548 3419 1590; x_wconf 90' lang='lat' dir='ltr'><strong>errorem</strong></span> <span class='ocrx_word' id='word_1_197' title='bbox 3445 1533 3810 1589; x_wconf 88' lang='lat' dir='ltr'><strong>Bouosianum</strong></span> 
     </span>
    </p>
   </div>
   <div class='ocr_carea' id='block_1_32' title="bbox 2212 1630 3813 1702">
    <p class='ocr_par' dir='ltr' id='par_1_32' title="bbox 2212 1630 3813 1702">
     <span class='ocr_line' id='line_1_32' title="bbox 2212 1630 3813 1702; baseline 0 -18"><span class='ocrx_word' id='word_1_198' title='bbox 2212 1631 2353 1684; x_wconf 91' lang='lat' dir='ltr'><strong>circa</strong></span> <span class='ocrx_word' id='word_1_199' title='bbox 2387 1641 2708 1702; x_wconf 90' lang='lat' dir='ltr'><strong>perpetuam</strong></span> <span class='ocrx_word' id='word_1_200' title='bbox 2741 1631 2991 1700; x_wconf 76' lang='lat' dir='ltr'><strong>Dciparte</strong></span> <span class='ocrx_word' id='word_1_201' title='bbox 3017 1632 3384 1702; x_wconf 74' lang='lat' dir='ltr'><strong>virginitatem</strong></span> <span class='ocrx_word' id='word_1_202' title='bbox 3417 1630 3599 1686; x_wconf 89' lang='lat' dir='ltr'><strong>valide</strong></span> <span class='ocrx_word' id='word_1_203' title='bbox 3625 1631 3813 1686; x_wconf 80' lang='lat' dir='ltr'><strong>conlu-</strong></span> 
     </span>
    </p>
   </div>
   <div class='ocr_carea' id='block_1_33' title="bbox 504 1719 3812 1795">
    <p class='ocr_par' dir='ltr' id='par_1_33' title="bbox 504 1719 3812 1795">
     <span class='ocr_line' id='line_1_33' title="bbox 504 1719 3812 1795; baseline 0.002 -22"><span class='ocrx_word' id='word_1_204' title='bbox 504 1719 745 1776; x_wconf 83' lang='lat' dir='ltr'><strong>venienti</strong></span> <span class='ocrx_word' id='word_1_205' title='bbox 796 1721 867 1774; x_wconf 89' lang='lat' dir='ltr'><strong>ob</strong></span> <span class='ocrx_word' id='word_1_206' title='bbox 923 1721 974 1776; x_wconf 93' lang='lat' dir='ltr'><strong>id</strong></span> <span class='ocrx_word' id='word_1_207' title='bbox 1022 1722 1185 1776; x_wconf 90' lang='lat' dir='ltr'><strong>missa</strong></span> <span class='ocrx_word' id='word_1_208' title='bbox 1232 1731 1350 1788; x_wconf 89' lang='lat' dir='ltr'><strong>est,</strong></span> <span class='ocrx_word' id='word_1_209' title='bbox 1404 1734 1464 1777; x_wconf 90' lang='lat' dir='ltr'><strong>ut</strong></span> <span class='ocrx_word' id='word_1_210' title='bbox 1489 1723 1811 1778; x_wconf 86' lang='lat' dir='ltr'><strong>Ambrosius</strong></span> <span class='ocrx_word' id='word_1_211' title='bbox 1858 1738 1954 1778; x_wconf 92' lang='lat' dir='ltr'><strong>cur</strong></span> <span class='ocrx_word' id='word_1_212' title='bbox 2002 1739 2109 1778; x_wconf 91' lang='lat' dir='ltr'><strong>non</strong></span> <span class='ocrx_word' id='word_1_213' title='bbox 2142 1719 2189 1778; x_wconf 90' lang='lat' dir='ltr'><strong>B</strong></span> <span class='ocrx_word' id='word_1_214' title='bbox 2218 1727 2368 1778; x_wconf 90' lang='lat' dir='ltr'><strong>tavit.</strong></span> <span class='ocrx_word' id='word_1_215' title='bbox 2397 1725 2490 1779; x_wconf 90' lang='lat' dir='ltr'><strong>Illa</strong></span> <span class='ocrx_word' id='word_1_216' title='bbox 2520 1725 2738 1795; x_wconf 90' lang='lat' dir='ltr'><strong>quidem</strong></span> <span class='ocrx_word' id='word_1_217' title='bbox 2763 1725 2983 1795; x_wconf 89' lang='lat' dir='ltr'><strong>planum</strong></span> <span class='ocrx_word' id='word_1_218' title='bbox 3018 1726 3222 1780; x_wconf 90' lang='lat' dir='ltr'><strong>faciunt</strong></span> <span class='ocrx_word' id='word_1_219' title='bbox 3249 1725 3389 1779; x_wconf 87' lang='lat' dir='ltr'><strong>hanc</strong></span> <span class='ocrx_word' id='word_1_220' title='bbox 3418 1723 3708 1793; x_wconf 89' lang='lat' dir='ltr'><strong>epistolam</strong></span> <span class='ocrx_word' id='word_1_221' title='bbox 3725 1738 3812 1778; x_wconf 88' lang='lat' dir='ltr'><strong>su-</strong></span> 
     </span>
    </p>
   </div>
   <div class='ocr_carea' id='block_1_34' title="bbox 499 1813 2107 1886">
    <p class='ocr_par' dir='ltr' id='par_1_34' title="bbox 499 1813 2107 1886">
     <span class='ocr_line' id='line_1_34' title="bbox 499 1813 2107 1886; baseline 0.001 -17"><span class='ocrx_word' id='word_1_222' title='bbox 499 1822 879 1884; x_wconf 80' lang='lat' dir='ltr'><strong>exspectasset</strong></span> <span class='ocrx_word' id='word_1_223' title='bbox 900 1813 1019 1883; x_wconf 90' lang='lat' dir='ltr'><strong>ejus</strong></span> <span class='ocrx_word' id='word_1_224' title='bbox 1047 1813 1364 1880; x_wconf 90' lang='lat' dir='ltr'><strong>adventum,</strong></span> <span class='ocrx_word' id='word_1_225' title='bbox 1391 1829 1586 1870; x_wconf 86' lang='lat' dir='ltr'><strong>causas</strong></span> <span class='ocrx_word' id='word_1_226' title='bbox 1610 1824 1957 1886; x_wconf 90' lang='lat' dir='ltr'><strong>proponeret.</strong></span> <span class='ocrx_word' id='word_1_227' title='bbox 1991 1814 2107 1870; x_wconf 70' lang='lat' dir='ltr'><strong>Cae-</strong></span> 
     </span>
    </p>
   </div>
   <div class='ocr_carea' id='block_1_35' title="bbox 504 1908 2110 1982">
    <p class='ocr_par' dir='ltr' id='par_1_35' title="bbox 504 1908 2110 1982">
     <span class='ocr_line' id='line_1_35' title="bbox 504 1908 2110 1982; baseline 0.002 -20"><span class='ocrx_word' id='word_1_228' title='bbox 504 1908 630 1964; x_wconf 91' lang='lat' dir='ltr'><strong>dem</strong></span> <span class='ocrx_word' id='word_1_229' title='bbox 671 1918 852 1964; x_wconf 88' lang='lat' dir='ltr'><strong>autem</strong></span> <span class='ocrx_word' id='word_1_230' title='bbox 897 1910 1041 1964; x_wconf 86' lang='lat' dir='ltr'><strong>illam</strong></span> <span class='ocrx_word' id='word_1_231' title='bbox 1070 1923 1215 1965; x_wconf 89' lang='lat' dir='ltr'><strong>anno</strong></span> <span class='ocrx_word' id='word_1_232' title='bbox 1242 1909 1349 1966; x_wconf 78' lang='lat'><strong>590</strong></span> <span class='ocrx_word' id='word_1_233' title='bbox 1391 1921 1658 1982; x_wconf 86' lang='lat' dir='ltr'><strong>patratam</strong></span> <span class='ocrx_word' id='word_1_234' title='bbox 1698 1910 1864 1967; x_wconf 88' lang='lat' dir='ltr'><strong>fuisse</strong></span> <span class='ocrx_word' id='word_1_235' title='bbox 1895 1913 1948 1966; x_wconf 92' lang='lat' dir='ltr'><strong>in</strong></span> <span class='ocrx_word' id='word_1_236' title='bbox 1977 1925 2110 1966; x_wconf 89' lang='lat' dir='ltr'><strong>con-</strong></span> 
     </span>
    </p>
   </div>
   <div class='ocr_carea' id='block_1_36' title="bbox 504 2002 782 2060">
    <p class='ocr_par' dir='ltr' id='par_1_36' title="bbox 504 2002 782 2060">
     <span class='ocr_line' id='line_1_36' title="bbox 504 2002 782 2060; baseline 0 -2"><span class='ocrx_word' id='word_1_237' title='bbox 504 2002 652 2060; x_wconf 89' lang='lat' dir='ltr'><strong>fesso</strong></span> <span class='ocrx_word' id='word_1_238' title='bbox 679 2013 782 2059; x_wconf 89' lang='lat' dir='ltr'><strong>est.</strong></span> 
     </span>
    </p>
   </div>
   <div class='ocr_carea' id='block_1_37' title="bbox 579 2097 2110 2171">
    <p class='ocr_par' dir='ltr' id='par_1_37' title="bbox 579 2097 2110 2171">
     <span class='ocr_line' id='line_1_37' title="bbox 579 2097 2110 2171; baseline 0.003 -19"><span class='ocrx_word' id='word_1_239' title='bbox 579 2097 743 2170; x_wconf 72' lang='lat' dir='ltr'><strong>[\nn.</strong></span> <span class='ocrx_word' id='word_1_240' title='bbox 771 2097 922 2170; x_wconf 74' lang='lat'><strong>392.]</strong></span> <span class='ocrx_word' id='word_1_241' title='bbox 952 2098 1070 2154; x_wconf 74' lang='lat' dir='ltr'><strong>l.lla</strong></span> <span class='ocrx_word' id='word_1_242' title='bbox 1091 2114 1158 2156; x_wconf 90' lang='lat' dir='ltr'><strong>eo</strong></span> <span class='ocrx_word' id='word_1_243' title='bbox 1181 2108 1427 2170; x_wconf 90' lang='lat' dir='ltr'><strong>tempore</strong></span> <span class='ocrx_word' id='word_1_244' title='bbox 1456 2100 1636 2156; x_wconf 88' lang='lat' dir='ltr'><strong>datam</strong></span> <span class='ocrx_word' id='word_1_245' title='bbox 1661 2116 1722 2157; x_wconf 90' lang='lat' dir='ltr'><strong>se</strong></span> <span class='ocrx_word' id='word_1_246' title='bbox 1749 2101 1969 2171; x_wconf 88' lang='lat' dir='ltr'><strong>prodit,</strong></span> <span class='ocrx_word' id='word_1_247' title='bbox 2001 2115 2110 2171; x_wconf 90' lang='lat' dir='ltr'><strong>quo</strong></span> 
     </span>
    </p>
   </div>
   <div class='ocr_carea' id='block_1_38' title="bbox 505 2191 2110 2265">
    <p class='ocr_par' dir='ltr' id='par_1_38' title="bbox 505 2191 2110 2265">
     <span class='ocr_line' id='line_1_38' title="bbox 505 2191 2110 2265; baseline 0.001 -18"><span class='ocrx_word' id='word_1_248' title='bbox 505 2191 738 2248; x_wconf 81' lang='lat' dir='ltr'><strong>Rufinus</strong></span> <span class='ocrx_word' id='word_1_249' title='bbox 767 2207 834 2249; x_wconf 90' lang='lat' dir='ltr'><strong>ex</strong></span> <span class='ocrx_word' id='word_1_250' title='bbox 873 2193 1132 2265; x_wconf 75' lang='lat' dir='ltr'><strong>Magistro</strong></span> <span class='ocrx_word' id='word_1_251' title='bbox 1157 2192 1475 2250; x_wconf 79' lang='lat' dir='ltr'><strong>Ofﬁciornm</strong></span> <span class='ocrx_word' id='word_1_252' title='bbox 1513 2194 1706 2250; x_wconf 91' lang='lat' dir='ltr'><strong>consul</strong></span> <span class='ocrx_word' id='word_1_253' title='bbox 1736 2204 1794 2250; x_wconf 87' lang='lat' dir='ltr'><strong>et</strong></span> <span class='ocrx_word' id='word_1_254' title='bbox 1819 2193 2110 2265; x_wconf 67' lang='lat' dir='ltr'><strong>praefectus</strong></span> 
     </span>
    </p>
   </div>
   <div class='ocr_carea' id='block_1_39' title="bbox 509 2289 2111 2360">
    <p class='ocr_par' dir='ltr' id='par_1_39' title="bbox 509 2289 2111 2360">
     <span class='ocr_line' id='line_1_39' title="bbox 509 2289 2111 2360; baseline 0 -16"><span class='ocrx_word' id='word_1_255' title='bbox 509 2291 767 2360; x_wconf 74' lang='lat' dir='ltr'><strong>praetorio</strong></span> <span class='ocrx_word' id='word_1_256' title='bbox 783 2301 1002 2346; x_wconf 90' lang='lat' dir='ltr'><strong>creatus</strong></span> <span class='ocrx_word' id='word_1_257' title='bbox 1017 2289 1134 2344; x_wconf 93' lang='lat' dir='ltr'><strong>fuit.</strong></span> <span class='ocrx_word' id='word_1_258' title='bbox 1153 2290 1290 2346; x_wconf 88' lang='lat' dir='ltr'><strong>Cum</strong></span> <span class='ocrx_word' id='word_1_259' title='bbox 1309 2299 1486 2346; x_wconf 90' lang='lat' dir='ltr'><strong>autem</strong></span> <span class='ocrx_word' id='word_1_260' title='bbox 1505 2306 1628 2347; x_wconf 89' lang='lat' dir='ltr'><strong>eum</strong></span> <span class='ocrx_word' id='word_1_261' title='bbox 1645 2306 1789 2347; x_wconf 92' lang='lat' dir='ltr'><strong>anno</strong></span> <span class='ocrx_word' id='word_1_262' title='bbox 1800 2291 1908 2346; x_wconf 75' lang='lat'><strong>592</strong></span> <span class='ocrx_word' id='word_1_263' title='bbox 1925 2291 1992 2346; x_wconf 87' lang='lat' dir='ltr'><strong>ad</strong></span> <span class='ocrx_word' id='word_1_264' title='bbox 2016 2291 2111 2345; x_wconf 87' lang='lat' dir='ltr'><strong>has</strong></span> 
     </span>
    </p>
   </div>
   <div class='ocr_carea' id='block_1_40' title="bbox 506 2377 2111 2454">
    <p class='ocr_par' dir='ltr' id='par_1_40' title="bbox 506 2377 2111 2454">
     <span class='ocr_line' id='line_1_40' title="bbox 506 2377 2111 2454; baseline 0.001 -20"><span class='ocrx_word' id='word_1_265' title='bbox 506 2377 802 2451; x_wconf 74' lang='lat' dir='ltr'><strong>dignitates</strong></span> <span class='ocrx_word' id='word_1_266' title='bbox 827 2381 1054 2452; x_wconf 87' lang='lat' dir='ltr'><strong>gradum</strong></span> <span class='ocrx_word' id='word_1_267' title='bbox 1082 2382 1278 2438; x_wconf 88' lang='lat' dir='ltr'><strong>fecisse</strong></span> <span class='ocrx_word' id='word_1_268' title='bbox 1307 2397 1413 2437; x_wconf 93' lang='lat' dir='ltr'><strong>non</strong></span> <span class='ocrx_word' id='word_1_269' title='bbox 1440 2385 1770 2454; x_wconf 75' lang='lat' dir='ltr'><strong>ambigatur,</strong></span> <span class='ocrx_word' id='word_1_270' title='bbox 1804 2382 1946 2438; x_wconf 92' lang='lat' dir='ltr'><strong>hanc</strong></span> <span class='ocrx_word' id='word_1_271' title='bbox 1997 2383 2111 2451; x_wconf 89' lang='lat' dir='ltr'><strong>epi-</strong></span> 
     </span>
    </p>
   </div>
   <div class='ocr_carea' id='block_1_41' title="bbox 509 2472 2066 2551">
    <p class='ocr_par' dir='ltr' id='par_1_41' title="bbox 509 2472 2066 2551">
     <span class='ocr_line' id='line_1_41' title="bbox 509 2472 2066 2551; baseline 0.001 -24"><span class='ocrx_word' id='word_1_272' title='bbox 509 2473 708 2528; x_wconf 81' lang='lat' dir='ltr'><strong>stolam</strong></span> <span class='ocrx_word' id='word_1_273' title='bbox 735 2475 930 2530; x_wconf 91' lang='lat' dir='ltr'><strong>eodem</strong></span> <span class='ocrx_word' id='word_1_274' title='bbox 955 2489 1101 2529; x_wconf 93' lang='lat' dir='ltr'><strong>anno</strong></span> <span class='ocrx_word' id='word_1_275' title='bbox 1130 2474 1196 2529; x_wconf 93' lang='lat' dir='ltr'><strong>ad</strong></span> <span class='ocrx_word' id='word_1_276' title='bbox 1226 2474 1504 2530; x_wconf 88' lang='lat' dir='ltr'><strong>Titianum</strong></span> <span class='ocrx_word' id='word_1_277' title='bbox 1533 2479 1799 2545; x_wconf 90' lang='lat' dir='ltr'><strong>perlatam</strong></span> <span class='ocrx_word' id='word_1_278' title='bbox 1827 2472 2066 2551; x_wconf 72' lang='lat' dir='ltr'><strong>censtat.</strong></span> 
     </span>
    </p>
   </div>
   <div class='ocr_carea' id='block_1_42' title="bbox 581 2566 2116 2623">
    <p class='ocr_par' dir='ltr' id='par_1_42' title="bbox 581 2566 2116 2623">
     <span class='ocr_line' id='line_1_42' title="bbox 581 2566 2116 2623; baseline -0.001 -1"><span class='ocrx_word' id='word_1_279' title='bbox 581 2566 723 2622; x_wconf 72' lang='lat' dir='ltr'><strong>Llll&#39;l</strong></span> <span class='ocrx_word' id='word_1_280' title='bbox 753 2567 1098 2622; x_wconf 88' lang='lat' dir='ltr'><strong>immaturam</strong></span> <span class='ocrx_word' id='word_1_281' title='bbox 1150 2582 1214 2622; x_wconf 90' lang='lat' dir='ltr'><strong>ac</strong></span> <span class='ocrx_word' id='word_1_282' title='bbox 1262 2567 1473 2623; x_wconf 92' lang='lat' dir='ltr'><strong>tristem</strong></span> <span class='ocrx_word' id='word_1_283' title='bbox 1502 2567 1872 2622; x_wconf 84' lang='lat' dir='ltr'><strong>Valentiniani</strong></span> <span class='ocrx_word' id='word_1_284' title='bbox 1943 2568 2116 2621; x_wconf 89' lang='lat' dir='ltr'><strong>mino-</strong></span> 
     </span>
    </p>
   </div>
   <div class='ocr_carea' id='block_1_43' title="bbox 517 2661 2114 2732">
    <p class='ocr_par' dir='ltr' id='par_1_43' title="bbox 517 2661 2114 2732">
     <span class='ocr_line' id='line_1_43' title="bbox 517 2661 2114 2732; baseline -0.002 -15"><span class='ocrx_word' id='word_1_285' title='bbox 517 2663 595 2717; x_wconf 85' lang='lat' dir='ltr'><strong>ris</strong></span> <span class='ocrx_word' id='word_1_286' title='bbox 622 2671 857 2716; x_wconf 88' lang='lat' dir='ltr'><strong>mortem</strong></span> <span class='ocrx_word' id='word_1_287' title='bbox 889 2672 1136 2716; x_wconf 90' lang='lat' dir='ltr'><strong>amanter</strong></span> <span class='ocrx_word' id='word_1_288' title='bbox 1161 2662 1330 2732; x_wconf 82' lang='lat' dir='ltr'><strong>luget,</strong></span> <span class='ocrx_word' id='word_1_289' title='bbox 1361 2662 1429 2717; x_wconf 90' lang='lat' dir='ltr'><strong>de</strong></span> <span class='ocrx_word' id='word_1_290' title='bbox 1457 2661 1614 2730; x_wconf 89' lang='lat' dir='ltr'><strong>cujus</strong></span> <span class='ocrx_word' id='word_1_291' title='bbox 1643 2662 1804 2716; x_wconf 87' lang='lat' dir='ltr'><strong>etiam</strong></span> <span class='ocrx_word' id='word_1_292' title='bbox 1837 2661 2114 2730; x_wconf 89' lang='lat' dir='ltr'><strong>sepultura</strong></span> 
     </span>
    </p>
   </div>
   <div class='ocr_carea' id='block_1_44' title="bbox 513 2752 2113 2823">
    <p class='ocr_par' dir='ltr' id='par_1_44' title="bbox 513 2752 2113 2823">
     <span class='ocr_line' id='line_1_44' title="bbox 513 2752 2113 2823; baseline -0.001 -18"><span class='ocrx_word' id='word_1_293' title='bbox 513 2752 866 2807; x_wconf 89' lang='lat' dir='ltr'><strong>accelerauda</strong></span> <span class='ocrx_word' id='word_1_294' title='bbox 901 2753 1214 2823; x_wconf 87' lang='lat' dir='ltr'><strong>interpellat</strong></span> <span class='ocrx_word' id='word_1_295' title='bbox 1242 2753 1634 2808; x_wconf 88' lang='lat' dir='ltr'><strong>Theodosium.</strong></span> <span class='ocrx_word' id='word_1_296' title='bbox 1667 2752 1891 2805; x_wconf 81' lang='lat' dir='ltr'><strong>Certum</strong></span> <span class='ocrx_word' id='word_1_297' title='bbox 1933 2761 2113 2805; x_wconf 91' lang='lat' dir='ltr'><strong>autem</strong></span> 
     </span>
    </p>
   </div>
   <div class='ocr_carea' id='block_1_45' title="bbox 515 2842 2117 2900">
    <p class='ocr_par' dir='ltr' id='par_1_45' title="bbox 515 2842 2117 2900">
     <span class='ocr_line' id='line_1_45' title="bbox 515 2842 2117 2900; baseline -0.002 -2"><span class='ocrx_word' id='word_1_298' title='bbox 515 2853 601 2898; x_wconf 89' lang='lat' dir='ltr'><strong>est</strong></span> <span class='ocrx_word' id='word_1_299' title='bbox 641 2858 787 2897; x_wconf 91' lang='lat' dir='ltr'><strong>anno</strong></span> <span class='ocrx_word' id='word_1_300' title='bbox 814 2842 920 2898; x_wconf 71' lang='lat'><strong>592</strong></span> <span class='ocrx_word' id='word_1_301' title='bbox 960 2845 1212 2900; x_wconf 89' lang='lat' dir='ltr'><strong>eumdem</strong></span> <span class='ocrx_word' id='word_1_302' title='bbox 1259 2845 1408 2898; x_wconf 89' lang='lat' dir='ltr'><strong>illum</strong></span> <span class='ocrx_word' id='word_1_303' title='bbox 1457 2844 1892 2899; x_wconf 67' lang='lat' dir='ltr'><strong>Valentinianum</strong></span> <span class='ocrx_word' id='word_1_304' title='bbox 1939 2843 2117 2897; x_wconf 90' lang='lat' dir='ltr'><strong>idibus</strong></span> 
     </span>
    </p>
   </div>
   <div class='ocr_carea' id='block_1_46' title="bbox 515 2935 2116 3005">
    <p class='ocr_par' dir='ltr' id='par_1_46' title="bbox 515 2935 2116 3005">
     <span class='ocr_line' id='line_1_46' title="bbox 515 2935 2116 3005; baseline 0 -15"><span class='ocrx_word' id='word_1_305' title='bbox 515 2937 642 2990; x_wconf 87' lang='lat' dir='ltr'><strong>maii</strong></span> <span class='ocrx_word' id='word_1_306' title='bbox 671 2935 1000 2990; x_wconf 85' lang='lat' dir='ltr'><strong>exstinctum</strong></span> <span class='ocrx_word' id='word_1_307' title='bbox 1028 2951 1149 2992; x_wconf 89' lang='lat' dir='ltr'><strong>esse</strong></span> <span class='ocrx_word' id='word_1_308' title='bbox 1174 2953 1198 3000; x_wconf 67' lang='grc' dir='ltr'><em>ς</em></span> <span class='ocrx_word' id='word_1_309' title='bbox 1224 2937 1365 2990; x_wconf 91' lang='lat' dir='ltr'><strong>unde</strong></span> <span class='ocrx_word' id='word_1_310' title='bbox 1405 2937 1546 2991; x_wconf 90' lang='lat' dir='ltr'><strong>hanc</strong></span> <span class='ocrx_word' id='word_1_311' title='bbox 1575 2937 1863 3005; x_wconf 88' lang='lat' dir='ltr'><strong>epistolam</strong></span> <span class='ocrx_word' id='word_1_312' title='bbox 1905 2953 2012 2991; x_wconf 91' lang='lat' dir='ltr'><strong>non</strong></span> <span class='ocrx_word' id='word_1_313' title='bbox 2042 2937 2116 2990; x_wconf 92' lang='lat' dir='ltr'><strong>ita</strong></span> 
     </span>
    </p>
   </div>
   <div class='ocr_carea' id='block_1_47' title="bbox 520 3027 1702 3099">
    <p class='ocr_par' dir='ltr' id='par_1_47' title="bbox 520 3027 1702 3099">
     <span class='ocr_line' id='line_1_47' title="bbox 520 3027 1702 3099; baseline 0 -18"><span class='ocrx_word' id='word_1_314' title='bbox 520 3027 690 3081; x_wconf 91' lang='lat' dir='ltr'><strong>multo</strong></span> <span class='ocrx_word' id='word_1_315' title='bbox 718 3036 841 3096; x_wconf 90' lang='lat' dir='ltr'><strong>post</strong></span> <span class='ocrx_word' id='word_1_316' title='bbox 868 3029 1090 3082; x_wconf 89' lang='lat' dir='ltr'><strong>missam</strong></span> <span class='ocrx_word' id='word_1_317' title='bbox 1123 3027 1293 3081; x_wconf 87' lang='lat' dir='ltr'><strong>fuisse</strong></span> <span class='ocrx_word' id='word_1_318' title='bbox 1325 3029 1702 3099; x_wconf 78' lang='lat' dir='ltr'><strong>intelligimus.</strong></span> 
     </span>
    </p>
   </div>
   <div class='ocr_carea' id='block_1_48' title="bbox 2211 1815 3812 1888">
    <p class='ocr_par' dir='ltr' id='par_1_48' title="bbox 2211 1815 3812 1888">
     <span class='ocr_line' id='line_1_48' title="bbox 2211 1815 3812 1888; baseline -0.001 -17"><span class='ocrx_word' id='word_1_319' title='bbox 2211 1818 2410 1888; x_wconf 89' lang='lat' dir='ltr'><strong>periori</strong></span> <span class='ocrx_word' id='word_1_320' title='bbox 2436 1819 2802 1888; x_wconf 87' lang='lat' dir='ltr'><strong>synchronam</strong></span> <span class='ocrx_word' id='word_1_321' title='bbox 2825 1831 2972 1884; x_wconf 90' lang='lat' dir='ltr'><strong>esse,</strong></span> <span class='ocrx_word' id='word_1_322' title='bbox 2990 1817 3134 1872; x_wconf 88' lang='lat' dir='ltr'><strong>etab</strong></span> <span class='ocrx_word' id='word_1_323' title='bbox 3154 1816 3348 1871; x_wconf 90' lang='lat' dir='ltr'><strong>eadem</strong></span> <span class='ocrx_word' id='word_1_324' title='bbox 3374 1831 3482 1870; x_wconf 90' lang='lat' dir='ltr'><strong>non</strong></span> <span class='ocrx_word' id='word_1_325' title='bbox 3509 1815 3687 1870; x_wconf 91' lang='lat' dir='ltr'><strong>solum</strong></span> <span class='ocrx_word' id='word_1_326' title='bbox 3712 1815 3812 1870; x_wconf 91' lang='lat' dir='ltr'><strong>hoc</strong></span> 
     </span>
    </p>
   </div>
   <div class='ocr_carea' id='block_1_49' title="bbox 2214 1909 3808 1981">
    <p class='ocr_par' dir='ltr' id='par_1_49' title="bbox 2214 1909 3808 1981">
     <span class='ocr_line' id='line_1_49' title="bbox 2214 1909 3808 1981; baseline -0.003 -14"><span class='ocrx_word' id='word_1_327' title='bbox 2214 1915 2456 1977; x_wconf 89' lang='lat' dir='ltr'><strong>nomine,</strong></span> <span class='ocrx_word' id='word_1_328' title='bbox 2483 1911 2578 1968; x_wconf 90' lang='lat' dir='ltr'><strong>sed</strong></span> <span class='ocrx_word' id='word_1_329' title='bbox 2608 1911 2772 1967; x_wconf 90' lang='lat' dir='ltr'><strong>etiam</strong></span> <span class='ocrx_word' id='word_1_330' title='bbox 2804 1912 2948 1981; x_wconf 90' lang='lat' dir='ltr'><strong>quod</strong></span> <span class='ocrx_word' id='word_1_331' title='bbox 2990 1911 3265 1980; x_wconf 77' lang='lat' dir='ltr'><strong>Capuana:</strong></span> <span class='ocrx_word' id='word_1_332' title='bbox 3302 1909 3501 1981; x_wconf 85' lang='lat' dir='ltr'><strong>synodi</strong></span> <span class='ocrx_word' id='word_1_333' title='bbox 3534 1919 3808 1980; x_wconf 89' lang='lat' dir='ltr'><strong>tamquam</strong></span> 
     </span>
    </p>
   </div>
   <div class='ocr_carea' id='block_1_50' title="bbox 2214 2007 3808 2078">
    <p class='ocr_par' dir='ltr' id='par_1_50' title="bbox 2214 2007 3808 2078">
     <span class='ocr_line' id='line_1_50' title="bbox 2214 2007 3808 2078; baseline -0.001 -16"><span class='ocrx_word' id='word_1_334' title='bbox 2214 2023 2340 2078; x_wconf 90' lang='lat' dir='ltr'><strong>pars</strong></span> <span class='ocrx_word' id='word_1_335' title='bbox 2367 2009 2537 2063; x_wconf 90' lang='lat' dir='ltr'><strong>altera</strong></span> <span class='ocrx_word' id='word_1_336' title='bbox 2576 2007 2668 2071; x_wconf 85' lang='lat' dir='ltr'><strong>sit,</strong></span> <span class='ocrx_word' id='word_1_337' title='bbox 2716 2008 2768 2062; x_wconf 93' lang='lat' dir='ltr'><strong>in</strong></span> <span class='ocrx_word' id='word_1_338' title='bbox 2815 2008 3060 2063; x_wconf 88' lang='lat' dir='ltr'><strong>editione</strong></span> <span class='ocrx_word' id='word_1_339' title='bbox 3090 2007 3333 2062; x_wconf 78' lang='lat' dir='ltr'><strong>Romana</strong></span> <span class='ocrx_word' id='word_1_340' title='bbox 3380 2007 3527 2062; x_wconf 89' lang='lat' dir='ltr'><strong>male</strong></span> <span class='ocrx_word' id='word_1_341' title='bbox 3564 2007 3808 2062; x_wconf 86' lang='lat' dir='ltr'><strong>abstrac-</strong></span> 
     </span>
    </p>
   </div>
   <div class='ocr_carea' id='block_1_51' title="bbox 2213 2097 3806 2168">
    <p class='ocr_par' dir='ltr' id='par_1_51' title="bbox 2213 2097 3806 2168">
     <span class='ocr_line' id='line_1_51' title="bbox 2213 2097 3806 2168; baseline -0.003 -11"><span class='ocrx_word' id='word_1_342' title='bbox 2213 2113 2344 2157; x_wconf 90' lang='lat' dir='ltr'><strong>tam.</strong></span> <span class='ocrx_word' id='word_1_343' title='bbox 2379 2101 2514 2156; x_wconf 92' lang='lat' dir='ltr'><strong>lllud</strong></span> <span class='ocrx_word' id='word_1_344' title='bbox 2547 2116 2678 2156; x_wconf 90' lang='lat' dir='ltr'><strong>vero</strong></span> <span class='ocrx_word' id='word_1_345' title='bbox 2719 2099 3022 2168; x_wconf 79' lang='lat' dir='ltr'><strong>dilﬁcilius,</strong></span> <span class='ocrx_word' id='word_1_346' title='bbox 3063 2102 3281 2155; x_wconf 88' lang='lat' dir='ltr'><strong>cuinam</strong></span> <span class='ocrx_word' id='word_1_347' title='bbox 3321 2099 3536 2154; x_wconf 91' lang='lat' dir='ltr'><strong>auctori</strong></span> <span class='ocrx_word' id='word_1_348' title='bbox 3571 2099 3689 2154; x_wconf 70' lang='lat' dir='ltr'><strong>hmc</strong></span> <span class='ocrx_word' id='word_1_349' title='bbox 3719 2097 3806 2153; x_wconf 89' lang='lat' dir='ltr'><strong>de-</strong></span> 
     </span>
    </p>
   </div>
   <div class='ocr_carea' id='block_1_52' title="bbox 2214 2193 3813 2264">
    <p class='ocr_par' dir='ltr' id='par_1_52' title="bbox 2214 2193 3813 2264">
     <span class='ocr_line' id='line_1_52' title="bbox 2214 2193 3813 2264; baseline -0.003 -14"><span class='ocrx_word' id='word_1_350' title='bbox 2214 2196 2424 2260; x_wconf 88' lang='lat' dir='ltr'><strong>beatur,</strong></span> <span class='ocrx_word' id='word_1_351' title='bbox 2460 2193 2785 2264; x_wconf 80' lang='lat' dir='ltr'><strong>patefacere.</strong></span> <span class='ocrx_word' id='word_1_352' title='bbox 2814 2193 2952 2249; x_wconf 92' lang='lat' dir='ltr'><strong>Sunt</strong></span> <span class='ocrx_word' id='word_1_353' title='bbox 2993 2194 3232 2248; x_wconf 91' lang='lat' dir='ltr'><strong>rationes</strong></span> <span class='ocrx_word' id='word_1_354' title='bbox 3268 2193 3322 2247; x_wconf 94' lang='lat' dir='ltr'><strong>in</strong></span> <span class='ocrx_word' id='word_1_355' title='bbox 3365 2203 3661 2263; x_wconf 89' lang='lat' dir='ltr'><strong>utramque</strong></span> <span class='ocrx_word' id='word_1_356' title='bbox 3693 2206 3813 2262; x_wconf 62' lang='lat' dir='ltr'><strong>par-</strong></span> 
     </span>
    </p>
   </div>
   <div class='ocr_carea' id='block_1_53' title="bbox 2217 2284 3814 2356">
    <p class='ocr_par' dir='ltr' id='par_1_53' title="bbox 2217 2284 3814 2356">
     <span class='ocr_line' id='line_1_53' title="bbox 2217 2284 3814 2356; baseline -0.003 -14"><span class='ocrx_word' id='word_1_357' title='bbox 2217 2297 2322 2344; x_wconf 91' lang='lat' dir='ltr'><strong>tem</strong></span> <span class='ocrx_word' id='word_1_358' title='bbox 2367 2285 2789 2356; x_wconf 86' lang='lat' dir='ltr'><strong>haudquaquam</strong></span> <span class='ocrx_word' id='word_1_359' title='bbox 2831 2285 3006 2348; x_wconf 87' lang='lat' dir='ltr'><strong>leves,</strong></span> <span class='ocrx_word' id='word_1_360' title='bbox 3051 2301 3187 2356; x_wconf 90' lang='lat' dir='ltr'><strong>quas</strong></span> <span class='ocrx_word' id='word_1_361' title='bbox 3222 2284 3346 2341; x_wconf 90' lang='lat' dir='ltr'><strong>loco</strong></span> <span class='ocrx_word' id='word_1_362' title='bbox 3378 2285 3609 2356; x_wconf 89' lang='lat' dir='ltr'><strong>proprio</strong></span> <span class='ocrx_word' id='word_1_363' title='bbox 3653 2298 3814 2340; x_wconf 85' lang='lat' dir='ltr'><strong>exeu-</strong></span> 
     </span>
    </p>
   </div>
   <div class='ocr_carea' id='block_1_54' title="bbox 2217 2383 2440 2438">
    <p class='ocr_par' dir='ltr' id='par_1_54' title="bbox 2217 2383 2440 2438">
     <span class='ocr_line' id='line_1_54' title="bbox 2217 2383 2440 2438; baseline -0.009 -1"><span class='ocrx_word' id='word_1_364' title='bbox 2217 2383 2440 2438; x_wconf 90' lang='lat' dir='ltr'><strong>tiemus.</strong></span> 
     </span>
    </p>
   </div>
   <div class='ocr_carea' id='block_1_55' title="bbox 2289 2471 3815 2546">
    <p class='ocr_par' dir='ltr' id='par_1_55' title="bbox 2289 2471 3815 2546">
     <span class='ocr_line' id='line_1_55' title="bbox 2289 2471 3815 2546; baseline -0.001 -16"><span class='ocrx_word' id='word_1_365' title='bbox 2289 2476 2455 2546; x_wconf 74' lang='lat' dir='ltr'><strong>[Ann.</strong></span> <span class='ocrx_word' id='word_1_366' title='bbox 2485 2473 2636 2546; x_wconf 80' lang='lat'><strong>595.]</strong></span> <span class='ocrx_word' id='word_1_367' title='bbox 2672 2472 2837 2529; x_wconf 69' lang='grc' dir='ltr'><strong>ΙΝΙΙίι</strong></span> <span class='ocrx_word' id='word_1_368' title='bbox 2871 2473 3114 2543; x_wconf 77' lang='lat' dir='ltr'><strong>Eugenio</strong></span> <span class='ocrx_word' id='word_1_369' title='bbox 3146 2481 3415 2544; x_wconf 89' lang='lat' dir='ltr'><strong>tyranno,</strong></span> <span class='ocrx_word' id='word_1_370' title='bbox 3455 2486 3554 2529; x_wconf 90' lang='lat' dir='ltr'><strong>cur</strong></span> <span class='ocrx_word' id='word_1_371' title='bbox 3589 2487 3663 2528; x_wconf 90' lang='lat' dir='ltr'><strong>eo</strong></span> <span class='ocrx_word' id='word_1_372' title='bbox 3715 2471 3815 2528; x_wconf 71' lang='lat' dir='ltr'><strong>Ile-</strong></span> 
     </span>
    </p>
   </div>
   <div class='ocr_carea' id='block_1_56' title="bbox 2216 2566 3810 2634">
    <p class='ocr_par' dir='ltr' id='par_1_56' title="bbox 2216 2566 3810 2634">
     <span class='ocr_line' id='line_1_56' title="bbox 2216 2566 3810 2634; baseline -0.001 -13"><span class='ocrx_word' id='word_1_373' title='bbox 2216 2566 2491 2622; x_wconf 91' lang='lat' dir='ltr'><strong>diolannm</strong></span> <span class='ocrx_word' id='word_1_374' title='bbox 2539 2566 2866 2634; x_wconf 87' lang='lat' dir='ltr'><strong>accedente,</strong></span> <span class='ocrx_word' id='word_1_375' title='bbox 2917 2566 3237 2622; x_wconf 78' lang='lat' dir='ltr'><strong>Ambrosius</strong></span> <span class='ocrx_word' id='word_1_376' title='bbox 3287 2566 3416 2622; x_wconf 89' lang='lat' dir='ltr'><strong>hinc</strong></span> <span class='ocrx_word' id='word_1_377' title='bbox 3463 2567 3810 2628; x_wconf 86' lang='lat' dir='ltr'><strong>recessisset.</strong></span> 
     </span>
    </p>
   </div>
   <div class='ocr_carea' id='block_1_57' title="bbox 2217 2658 3819 2732">
    <p class='ocr_par' dir='ltr' id='par_1_57' title="bbox 2217 2658 3819 2732">
     <span class='ocr_line' id='line_1_57' title="bbox 2217 2658 3819 2732; baseline -0.001 -17"><span class='ocrx_word' id='word_1_378' title='bbox 2217 2675 2410 2715; x_wconf 90' lang='lat' dir='ltr'><strong>causas</strong></span> <span class='ocrx_word' id='word_1_379' title='bbox 2435 2662 2630 2730; x_wconf 90' lang='lat' dir='ltr'><strong>aperit.</strong></span> <span class='ocrx_word' id='word_1_380' title='bbox 2667 2658 2767 2714; x_wconf 80' lang='lat' dir='ltr'><strong>Est</strong></span> <span class='ocrx_word' id='word_1_381' title='bbox 2791 2669 2976 2715; x_wconf 88' lang='lat' dir='ltr'><strong>autem</strong></span> <span class='ocrx_word' id='word_1_382' title='bbox 3013 2675 3272 2730; x_wconf 90' lang='lat' dir='ltr'><strong>perquam</strong></span> <span class='ocrx_word' id='word_1_383' title='bbox 3300 2659 3606 2716; x_wconf 87' lang='lat' dir='ltr'><strong>verisimile</strong></span> <span class='ocrx_word' id='word_1_384' title='bbox 3642 2670 3819 2732; x_wconf 86' lang='lat' dir='ltr'><strong>tyran-</strong></span> 
     </span>
    </p>
   </div>
   <div class='ocr_carea' id='block_1_58' title="bbox 2218 2750 3819 2821">
    <p class='ocr_par' dir='ltr' id='par_1_58' title="bbox 2218 2750 3819 2821">
     <span class='ocr_line' id='line_1_58' title="bbox 2218 2750 3819 2821; baseline -0.002 -15"><span class='ocrx_word' id='word_1_385' title='bbox 2218 2767 2344 2806; x_wconf 92' lang='lat' dir='ltr'><strong>num</strong></span> <span class='ocrx_word' id='word_1_386' title='bbox 2399 2752 2549 2806; x_wconf 92' lang='lat' dir='ltr'><strong>illum</strong></span> <span class='ocrx_word' id='word_1_387' title='bbox 2603 2767 2709 2807; x_wconf 88' lang='lat' dir='ltr'><strong>non</strong></span> <span class='ocrx_word' id='word_1_388' title='bbox 2753 2751 2934 2806; x_wconf 88' lang='lat' dir='ltr'><strong>statim</strong></span> <span class='ocrx_word' id='word_1_389' title='bbox 2968 2761 3174 2821; x_wconf 89' lang='lat' dir='ltr'><strong>atque,</strong></span> <span class='ocrx_word' id='word_1_390' title='bbox 3213 2750 3602 2807; x_wconf 86' lang='lat' dir='ltr'><strong>Valentiniano</strong></span> <span class='ocrx_word' id='word_1_391' title='bbox 3649 2751 3819 2807; x_wconf 68' lang='lat' dir='ltr'><strong>idiltus</strong></span> 
     </span>
    </p>
   </div>
   <div class='ocr_carea' id='block_1_59' title="bbox 2218 2843 3818 2916">
    <p class='ocr_par' dir='ltr' id='par_1_59' title="bbox 2218 2843 3818 2916">
     <span class='ocr_line' id='line_1_59' title="bbox 2218 2843 3818 2916; baseline 0.001 -18"><span class='ocrx_word' id='word_1_392' title='bbox 2218 2844 2345 2898; x_wconf 90' lang='lat' dir='ltr'><strong>maii</strong></span> <span class='ocrx_word' id='word_1_393' title='bbox 2373 2859 2402 2898; x_wconf 92' lang='lat' dir='ltr'><strong>e</strong></span> <span class='ocrx_word' id='word_1_394' title='bbox 2437 2843 2574 2900; x_wconf 85' lang='lat' dir='ltr'><strong>vivis</strong></span> <span class='ocrx_word' id='word_1_395' title='bbox 2601 2845 2841 2908; x_wconf 90' lang='lat' dir='ltr'><strong>sublato,</strong></span> <span class='ocrx_word' id='word_1_396' title='bbox 2871 2844 2924 2898; x_wconf 93' lang='lat' dir='ltr'><strong>in</strong></span> <span class='ocrx_word' id='word_1_397' title='bbox 2971 2844 3167 2898; x_wconf 86' lang='lat' dir='ltr'><strong>solium</strong></span> <span class='ocrx_word' id='word_1_398' title='bbox 3196 2844 3266 2900; x_wconf 90' lang='lat' dir='ltr'><strong>ab</strong></span> <span class='ocrx_word' id='word_1_399' title='bbox 3303 2844 3613 2916; x_wconf 83' lang='lat' dir='ltr'><strong>Arbogaste</strong></span> <span class='ocrx_word' id='word_1_400' title='bbox 3650 2845 3818 2902; x_wconf 93' lang='lat' dir='ltr'><strong>collo-</strong></span> 
     </span>
    </p>
   </div>
   <div class='ocr_carea' id='block_1_60' title="bbox 2218 2937 3823 3010">
    <p class='ocr_par' dir='ltr' id='par_1_60' title="bbox 2218 2937 3823 3010">
     <span class='ocr_line' id='line_1_60' title="bbox 2218 2937 3823 3010; baseline 0 -19"><span class='ocrx_word' id='word_1_401' title='bbox 2218 2947 2374 2992; x_wconf 90' lang='lat' dir='ltr'><strong>catus</strong></span> <span class='ocrx_word' id='word_1_402' title='bbox 2398 2948 2503 3004; x_wconf 90' lang='lat' dir='ltr'><strong>est,</strong></span> <span class='ocrx_word' id='word_1_403' title='bbox 2530 2940 2581 2993; x_wconf 91' lang='lat' dir='ltr'><strong>in</strong></span> <span class='ocrx_word' id='word_1_404' title='bbox 2623 2940 2832 2994; x_wconf 87' lang='lat' dir='ltr'><strong>Italiam</strong></span> <span class='ocrx_word' id='word_1_405' title='bbox 2872 2939 3137 3008; x_wconf 88' lang='lat' dir='ltr'><strong>impetum</strong></span> <span class='ocrx_word' id='word_1_406' title='bbox 3168 2937 3391 3003; x_wconf 89' lang='lat' dir='ltr'><strong>fecisse,</strong></span> <span class='ocrx_word' id='word_1_407' title='bbox 3421 2948 3478 2993; x_wconf 91' lang='lat' dir='ltr'><strong>at</strong></span> <span class='ocrx_word' id='word_1_408' title='bbox 3505 2937 3672 3010; x_wconf 89' lang='lat' dir='ltr'><strong>prius</strong></span> <span class='ocrx_word' id='word_1_409' title='bbox 3697 2940 3823 2994; x_wconf 86' lang='lat' dir='ltr'><strong>alias</strong></span> 
     </span>
    </p>
   </div>
   <div class='ocr_carea' id='block_1_61' title="bbox 2218 3029 3817 3102">
    <p class='ocr_par' dir='ltr' id='par_1_61' title="bbox 2218 3029 3817 3102">
     <span class='ocr_line' id='line_1_61' title="bbox 2218 3029 3817 3102; baseline 0.001 -19"><span class='ocrx_word' id='word_1_410' title='bbox 2218 3030 2477 3100; x_wconf 86' lang='lat' dir='ltr'><strong>quasdam</strong></span> <span class='ocrx_word' id='word_1_411' title='bbox 2505 3031 2784 3086; x_wconf 88' lang='lat' dir='ltr'><strong>absolutas</strong></span> <span class='ocrx_word' id='word_1_412' title='bbox 2814 3029 2881 3084; x_wconf 90' lang='lat' dir='ltr'><strong>ab</strong></span> <span class='ocrx_word' id='word_1_413' title='bbox 2911 3044 2979 3085; x_wconf 90' lang='lat' dir='ltr'><strong>eo</strong></span> <span class='ocrx_word' id='word_1_414' title='bbox 3023 3045 3146 3086; x_wconf 89' lang='lat' dir='ltr'><strong>esse</strong></span> <span class='ocrx_word' id='word_1_415' title='bbox 3173 3029 3578 3100; x_wconf 90' lang='lat' dir='ltr'><strong>expeditiones.</strong></span> <span class='ocrx_word' id='word_1_416' title='bbox 3616 3030 3682 3086; x_wconf 82' lang='lat' dir='ltr'><strong>Id</strong></span> <span class='ocrx_word' id='word_1_417' title='bbox 3707 3031 3817 3102; x_wconf 86' lang='lat' dir='ltr'><strong>qui-</strong></span> 
     </span>
    </p>
   </div>
   <div class='ocr_carea' id='block_1_62' title="bbox 589 3101 3821 3194">
    <p class='ocr_par' dir='ltr' id='par_1_62' title="bbox 589 3101 3821 3194">
     <span class='ocr_line' id='line_1_62' title="bbox 589 3101 3821 3194; baseline 0 -19"><span class='ocrx_word' id='word_1_418' title='bbox 589 3120 734 3175; x_wconf 73' lang='grc' dir='ltr'><strong>ων·</strong></span> <span class='ocrx_word' id='word_1_419' title='bbox 758 3130 813 3176; x_wconf 90' lang='lat' dir='ltr'><strong>et</strong></span> <span class='ocrx_word' id='word_1_420' title='bbox 845 3120 967 3175; x_wconf 72' lang='grc' dir='ltr'><strong>[Νι</strong></span> <span class='ocrx_word' id='word_1_421' title='bbox 997 3119 1253 3182; x_wconf 87' lang='lat' dir='ltr'><strong>Eusebio.</strong></span> <span class='ocrx_word' id='word_1_422' title='bbox 1283 3123 1374 3191; x_wconf 92' lang='lat' dir='ltr'><strong>qui</strong></span> <span class='ocrx_word' id='word_1_423' title='bbox 1417 3131 1586 3194; x_wconf 89' lang='lat' dir='ltr'><strong>caput</strong></span> <span class='ocrx_word' id='word_1_424' title='bbox 1638 3133 1755 3178; x_wconf 91' lang='lat' dir='ltr'><strong>erat</strong></span> <span class='ocrx_word' id='word_1_425' title='bbox 1793 3124 1995 3180; x_wconf 90' lang='lat' dir='ltr'><strong>nobilis</strong></span> <span class='ocrx_word' id='word_1_426' title='bbox 2040 3125 2114 3178; x_wconf 86' lang='lat' dir='ltr'><strong>fa-</strong></span> <span class='ocrx_word' id='word_1_427' title='bbox 2146 3101 2192 3163; x_wconf 62' lang='grc' dir='ltr'>(ἶ</span> <span class='ocrx_word' id='word_1_428' title='bbox 2223 3123 2347 3180; x_wconf 91' lang='lat' dir='ltr'><strong>dem</strong></span> <span class='ocrx_word' id='word_1_429' title='bbox 2389 3133 2500 3178; x_wconf 90' lang='lat' dir='ltr'><strong>tum</strong></span> <span class='ocrx_word' id='word_1_430' title='bbox 2532 3139 2563 3179; x_wconf 92' lang='lat' dir='ltr'><strong>e</strong></span> <span class='ocrx_word' id='word_1_431' title='bbox 2602 3124 2832 3179; x_wconf 90' lang='lat' dir='ltr'><strong>Paulino</strong></span> <span class='ocrx_word' id='word_1_432' title='bbox 2887 3123 2940 3178; x_wconf 90' lang='lat' dir='ltr'><strong>in</strong></span> <span class='ocrx_word' id='word_1_433' title='bbox 2995 3123 3254 3177; x_wconf 77' lang='lat' dir='ltr'><strong>Ambrosii</strong></span> <span class='ocrx_word' id='word_1_434' title='bbox 3314 3122 3458 3188; x_wconf 79' lang='lat' dir='ltr'><strong>Vita,</strong></span> <span class='ocrx_word' id='word_1_435' title='bbox 3517 3131 3578 3179; x_wconf 89' lang='lat' dir='ltr'><strong>et</strong></span> <span class='ocrx_word' id='word_1_436' title='bbox 3623 3101 3821 3180; x_wconf 80' lang='lat' dir='ltr'><strong>Severo</strong></span> 
     </span>
    </p>
   </div>
   <div class='ocr_carea' id='block_1_63' title="bbox 520 3211 2118 3284">
    <p class='ocr_par' dir='ltr' id='par_1_63' title="bbox 520 3211 2118 3284">
     <span class='ocr_line' id='line_1_63' title="bbox 520 3211 2118 3284; baseline 0.003 -17"><span class='ocrx_word' id='word_1_437' title='bbox 520 3212 685 3268; x_wconf 75' lang='lat' dir='ltr'><strong>milite</strong></span> <span class='ocrx_word' id='word_1_438' title='bbox 717 3211 1095 3275; x_wconf 84' lang='lat' dir='ltr'><strong>Bononiensis.</strong></span> <span class='ocrx_word' id='word_1_439' title='bbox 1127 3211 1414 3266; x_wconf 71' lang='lat' dir='ltr'><strong>destinatae</strong></span> <span class='ocrx_word' id='word_1_440' title='bbox 1441 3224 1588 3268; x_wconf 90' lang='lat' dir='ltr'><strong>sunt.</strong></span> <span class='ocrx_word' id='word_1_441' title='bbox 1620 3215 1813 3284; x_wconf 78' lang='lat' dir='ltr'><strong>Agitur</strong></span> <span class='ocrx_word' id='word_1_442' title='bbox 1844 3217 1898 3269; x_wconf 90' lang='lat' dir='ltr'><strong>in</strong></span> <span class='ocrx_word' id='word_1_443' title='bbox 1929 3230 2118 3271; x_wconf 90' lang='lat' dir='ltr'><strong>earum</strong></span> 
     </span>
    </p>
   </div>
   <div class='ocr_carea' id='block_1_64' title="bbox 523 3302 2122 3378">
    <p class='ocr_par' dir='ltr' id='par_1_64' title="bbox 523 3302 2122 3378">
     <span class='ocr_line' id='line_1_64' title="bbox 523 3302 2122 3378; baseline 0.004 -21"><span class='ocrx_word' id='word_1_444' title='bbox 523 3305 693 3359; x_wconf 87' lang='lat' dir='ltr'><strong>altera</strong></span> <span class='ocrx_word' id='word_1_445' title='bbox 725 3304 795 3359; x_wconf 84' lang='lat' dir='ltr'><strong>de</strong></span> <span class='ocrx_word' id='word_1_446' title='bbox 835 3302 1071 3374; x_wconf 90' lang='lat' dir='ltr'><strong>quodam</strong></span> <span class='ocrx_word' id='word_1_447' title='bbox 1120 3304 1458 3374; x_wconf 87' lang='lat' dir='ltr'><strong>apparitore,</strong></span> <span class='ocrx_word' id='word_1_448' title='bbox 1485 3307 1661 3378; x_wconf 91' lang='lat' dir='ltr'><strong>deque</strong></span> <span class='ocrx_word' id='word_1_449' title='bbox 1707 3309 1840 3363; x_wconf 92' lang='lat' dir='ltr'><strong>tussi</strong></span> <span class='ocrx_word' id='word_1_450' title='bbox 1875 3307 2122 3363; x_wconf 89' lang='lat' dir='ltr'><strong>Faustini</strong></span> 
     </span>
    </p>
   </div>
   <div class='ocr_carea' id='block_1_65' title="bbox 519 3395 2123 3469">
    <p class='ocr_par' dir='ltr' id='par_1_65' title="bbox 519 3395 2123 3469">
     <span class='ocr_line' id='line_1_65' title="bbox 519 3395 2123 3469; baseline 0.004 -18"><span class='ocrx_word' id='word_1_451' title='bbox 519 3397 673 3468; x_wconf 90' lang='lat' dir='ltr'><strong>pueri</strong></span> <span class='ocrx_word' id='word_1_452' title='bbox 710 3414 722 3450; x_wconf 90' lang='lat'><strong>:</strong></span> <span class='ocrx_word' id='word_1_453' title='bbox 751 3406 807 3451; x_wconf 88' lang='lat' dir='ltr'><strong>at</strong></span> <span class='ocrx_word' id='word_1_454' title='bbox 845 3396 900 3451; x_wconf 92' lang='lat' dir='ltr'><strong>in</strong></span> <span class='ocrx_word' id='word_1_455' title='bbox 943 3395 1113 3452; x_wconf 89' lang='lat' dir='ltr'><strong>altera</strong></span> <span class='ocrx_word' id='word_1_456' title='bbox 1146 3398 1400 3454; x_wconf 90' lang='lat' dir='ltr'><strong>eumdem</strong></span> <span class='ocrx_word' id='word_1_457' title='bbox 1432 3414 1658 3469; x_wconf 91' lang='lat' dir='ltr'><strong>puerum</strong></span> <span class='ocrx_word' id='word_1_458' title='bbox 1704 3415 1828 3455; x_wconf 91' lang='lat' dir='ltr'><strong>eum</strong></span> <span class='ocrx_word' id='word_1_459' title='bbox 1860 3401 2123 3457; x_wconf 88' lang='lat' dir='ltr'><strong>Faustino</strong></span> 
     </span>
    </p>
   </div>
   <div class='ocr_carea' id='block_1_66' title="bbox 520 3489 2123 3563">
    <p class='ocr_par' dir='ltr' id='par_1_66' title="bbox 520 3489 2123 3563">
     <span class='ocr_line' id='line_1_66' title="bbox 520 3489 2123 3563; baseline 0.002 -17"><span class='ocrx_word' id='word_1_460' title='bbox 520 3490 692 3561; x_wconf 85' lang='lat' dir='ltr'><strong>ipsius</strong></span> <span class='ocrx_word' id='word_1_461' title='bbox 725 3499 876 3561; x_wconf 89' lang='lat' dir='ltr'><strong>patre</strong></span> <span class='ocrx_word' id='word_1_462' title='bbox 905 3489 972 3545; x_wconf 87' lang='lat' dir='ltr'><strong>ad</strong></span> <span class='ocrx_word' id='word_1_463' title='bbox 997 3505 1120 3546; x_wconf 91' lang='lat' dir='ltr'><strong>eum</strong></span> <span class='ocrx_word' id='word_1_464' title='bbox 1152 3490 1453 3548; x_wconf 88' lang='lat' dir='ltr'><strong>Bononiam</strong></span> <span class='ocrx_word' id='word_1_465' title='bbox 1483 3493 1812 3563; x_wconf 89' lang='lat' dir='ltr'><strong>profectum,</strong></span> <span class='ocrx_word' id='word_1_466' title='bbox 1833 3494 2123 3551; x_wconf 83' lang='lat' dir='ltr'><strong>Mediolani</strong></span> 
     </span>
    </p>
   </div>
   <div class='ocr_carea' id='block_1_67' title="bbox 526 3587 2122 3660">
    <p class='ocr_par' dir='ltr' id='par_1_67' title="bbox 526 3587 2122 3660">
     <span class='ocr_line' id='line_1_67' title="bbox 526 3587 2122 3660; baseline 0.004 -22"><span class='ocrx_word' id='word_1_467' title='bbox 526 3592 710 3640; x_wconf 85' lang='lat' dir='ltr'><strong>autem</strong></span> <span class='ocrx_word' id='word_1_468' title='bbox 742 3598 927 3639; x_wconf 86' lang='lat' dir='ltr'><strong>secum</strong></span> <span class='ocrx_word' id='word_1_469' title='bbox 953 3587 1287 3642; x_wconf 88' lang='lat' dir='ltr'><strong>remansisse</strong></span> <span class='ocrx_word' id='word_1_470' title='bbox 1318 3587 1672 3643; x_wconf 85' lang='lat' dir='ltr'><strong>Ambrosium</strong></span> <span class='ocrx_word' id='word_1_471' title='bbox 1699 3598 1861 3660; x_wconf 91' lang='lat' dir='ltr'><strong>atque</strong></span> <span class='ocrx_word' id='word_1_472' title='bbox 1888 3590 2122 3644; x_wconf 84' lang='lat' dir='ltr'><strong>Ambro-</strong></span> 
     </span>
    </p>
   </div>
   <div class='ocr_carea' id='block_1_68' title="bbox 524 3678 2128 3737">
    <p class='ocr_par' dir='ltr' id='par_1_68' title="bbox 524 3678 2128 3737">
     <span class='ocr_line' id='line_1_68' title="bbox 524 3678 2128 3737; baseline 0.001 -4"><span class='ocrx_word' id='word_1_473' title='bbox 524 3679 661 3734; x_wconf 90' lang='lat' dir='ltr'><strong>siam</strong></span> <span class='ocrx_word' id='word_1_474' title='bbox 675 3678 813 3734; x_wconf 91' lang='lat' dir='ltr'><strong>scite</strong></span> <span class='ocrx_word' id='word_1_475' title='bbox 835 3679 1250 3734; x_wconf 90' lang='lat' dir='ltr'><strong>nuntiatnoster</strong></span> <span class='ocrx_word' id='word_1_476' title='bbox 1276 3680 1619 3736; x_wconf 88' lang='lat' dir='ltr'><strong>Ambrosius.</strong></span> <span class='ocrx_word' id='word_1_477' title='bbox 1648 3680 1820 3737; x_wconf 90' lang='lat' dir='ltr'><strong>Porro</strong></span> <span class='ocrx_word' id='word_1_478' title='bbox 1836 3697 1958 3737; x_wconf 93' lang='lat' dir='ltr'><strong>cum</strong></span> <span class='ocrx_word' id='word_1_479' title='bbox 1978 3697 2128 3737; x_wconf 89' lang='lat' dir='ltr'><strong>eam-</strong></span> 
     </span>
    </p>
   </div>
   <div class='ocr_carea' id='block_1_69' title="bbox 521 3773 2121 3845">
    <p class='ocr_par' dir='ltr' id='par_1_69' title="bbox 521 3773 2121 3845">
     <span class='ocr_line' id='line_1_69' title="bbox 521 3773 2121 3845; baseline -0.001 -15"><span class='ocrx_word' id='word_1_480' title='bbox 521 3775 647 3830; x_wconf 90' lang='lat' dir='ltr'><strong>dem</strong></span> <span class='ocrx_word' id='word_1_481' title='bbox 686 3773 829 3829; x_wconf 90' lang='lat' dir='ltr'><strong>hanc</strong></span> <span class='ocrx_word' id='word_1_482' title='bbox 877 3773 1218 3829; x_wconf 85' lang='lat' dir='ltr'><strong>Ambrosiam</strong></span> <span class='ocrx_word' id='word_1_483' title='bbox 1263 3791 1369 3829; x_wconf 92' lang='lat' dir='ltr'><strong>non</strong></span> <span class='ocrx_word' id='word_1_484' title='bbox 1412 3775 1485 3829; x_wconf 88' lang='lat' dir='ltr'><strong>ob</strong></span> <span class='ocrx_word' id='word_1_485' title='bbox 1521 3774 1668 3829; x_wconf 89' lang='lat' dir='ltr'><strong>aliud</strong></span> <span class='ocrx_word' id='word_1_486' title='bbox 1706 3775 1994 3845; x_wconf 71' lang='lat' dir='ltr'><strong>apiritalem</strong></span> <span class='ocrx_word' id='word_1_487' title='bbox 2039 3792 2121 3828; x_wconf 51' lang='lat' dir='ltr'><strong>co-</strong></span> 
     </span>
    </p>
   </div>
   <div class='ocr_carea' id='block_1_70' title="bbox 517 3864 2124 3938">
    <p class='ocr_par' dir='ltr' id='par_1_70' title="bbox 517 3864 2124 3938">
     <span class='ocr_line' id='line_1_70' title="bbox 517 3864 2124 3938; baseline 0.001 -17"><span class='ocrx_word' id='word_1_488' title='bbox 517 3867 745 3921; x_wconf 83' lang='lat' dir='ltr'><strong>lumbam</strong></span> <span class='ocrx_word' id='word_1_489' title='bbox 763 3875 942 3930; x_wconf 85' lang='lat' dir='ltr'><strong>vocet,</strong></span> <span class='ocrx_word' id='word_1_490' title='bbox 974 3864 1076 3920; x_wconf 91' lang='lat' dir='ltr'><strong>nisi</strong></span> <span class='ocrx_word' id='word_1_491' title='bbox 1107 3865 1231 3936; x_wconf 90' lang='lat' dir='ltr'><strong>quia</strong></span> <span class='ocrx_word' id='word_1_492' title='bbox 1256 3865 1428 3936; x_wconf 91' lang='lat' dir='ltr'><strong>ipsam</strong></span> <span class='ocrx_word' id='word_1_493' title='bbox 1453 3867 1706 3938; x_wconf 79' lang='lat' dir='ltr'><strong>virginali</strong></span> <span class='ocrx_word' id='word_1_494' title='bbox 1726 3867 1866 3931; x_wconf 91' lang='lat' dir='ltr'><strong>velo,</strong></span> <span class='ocrx_word' id='word_1_495' title='bbox 1895 3866 2039 3921; x_wconf 90' lang='lat' dir='ltr'><strong>sicut</strong></span> <span class='ocrx_word' id='word_1_496' title='bbox 2059 3868 2124 3922; x_wconf 90' lang='lat' dir='ltr'><strong>ad</strong></span> 
     </span>
    </p>
   </div>
   <div class='ocr_carea' id='block_1_71' title="bbox 519 3957 2124 4031">
    <p class='ocr_par' dir='ltr' id='par_1_71' title="bbox 519 3957 2124 4031">
     <span class='ocr_line' id='line_1_71' title="bbox 519 3957 2124 4031; baseline 0.002 -19"><span class='ocrx_word' id='word_1_497' title='bbox 519 3959 615 4012; x_wconf 90' lang='lat' dir='ltr'><strong>lih.</strong></span> <span class='ocrx_word' id='word_1_498' title='bbox 658 3959 722 4011; x_wconf 78' lang='lat' dir='ltr'><strong>de</strong></span> <span class='ocrx_word' id='word_1_499' title='bbox 749 3957 923 4012; x_wconf 80' lang='lat' dir='ltr'><strong>lmtit.</strong></span> <span class='ocrx_word' id='word_1_500' title='bbox 963 3957 1106 4031; x_wconf 82' lang='lat' dir='ltr'><strong>Virg.</strong></span> <span class='ocrx_word' id='word_1_501' title='bbox 1152 3969 1466 4015; x_wconf 90' lang='lat' dir='ltr'><strong>annotatum</strong></span> <span class='ocrx_word' id='word_1_502' title='bbox 1500 3971 1609 4026; x_wconf 89' lang='lat' dir='ltr'><strong>est,</strong></span> <span class='ocrx_word' id='word_1_503' title='bbox 1656 3971 2124 4018; x_wconf 88' lang='lat' dir='ltr'><strong>consecraverat:</strong></span> 
     </span>
    </p>
   </div>
   <div class='ocr_carea' id='block_1_72' title="bbox 525 4049 2123 4121">
    <p class='ocr_par' dir='ltr' id='par_1_72' title="bbox 525 4049 2123 4121">
     <span class='ocr_line' id='line_1_72' title="bbox 525 4049 2123 4121; baseline 0.003 -15"><span class='ocrx_word' id='word_1_504' title='bbox 525 4051 656 4106; x_wconf 90' lang='lat' dir='ltr'><strong>hinc</strong></span> <span class='ocrx_word' id='word_1_505' title='bbox 682 4049 958 4120; x_wconf 81' lang='lat' dir='ltr'><strong>colligitur</strong></span> <span class='ocrx_word' id='word_1_506' title='bbox 985 4054 1164 4107; x_wconf 83' lang='lat' dir='ltr'><strong>eidem</strong></span> <span class='ocrx_word' id='word_1_507' title='bbox 1195 4053 1357 4117; x_wconf 89' lang='lat' dir='ltr'><strong>libro,</strong></span> <span class='ocrx_word' id='word_1_508' title='bbox 1390 4055 1476 4108; x_wconf 93' lang='lat' dir='ltr'><strong>cui</strong></span> <span class='ocrx_word' id='word_1_509' title='bbox 1526 4070 1626 4110; x_wconf 89' lang='lat' dir='ltr'><strong>nos</strong></span> <span class='ocrx_word' id='word_1_510' title='bbox 1666 4070 1868 4110; x_wconf 91' lang='lat' dir='ltr'><strong>annum</strong></span> <span class='ocrx_word' id='word_1_511' title='bbox 1902 4055 2009 4121; x_wconf 70' lang='lat'><strong>592</strong></span> <span class='ocrx_word' id='word_1_512' title='bbox 2041 4064 2123 4110; x_wconf 89' lang='lat' dir='ltr'><strong>at-</strong></span> 
     </span>
    </p>
   </div>
   <div class='ocr_carea' id='block_1_73' title="bbox 527 4141 1791 4216">
    <p class='ocr_par' dir='ltr' id='par_1_73' title="bbox 527 4141 1791 4216">
     <span class='ocr_line' id='line_1_73' title="bbox 527 4141 1791 4216; baseline 0.004 -20"><span class='ocrx_word' id='word_1_513' title='bbox 527 4141 840 4206; x_wconf 90' lang='lat' dir='ltr'><strong>tribuimus,</strong></span> <span class='ocrx_word' id='word_1_514' title='bbox 875 4144 1211 4212; x_wconf 88' lang='lat' dir='ltr'><strong>posteriores</strong></span> <span class='ocrx_word' id='word_1_515' title='bbox 1238 4159 1362 4201; x_wconf 88' lang='lat' dir='ltr'><strong>esse</strong></span> <span class='ocrx_word' id='word_1_516' title='bbox 1384 4143 1484 4200; x_wconf 90' lang='lat' dir='ltr'><strong>has</strong></span> <span class='ocrx_word' id='word_1_517' title='bbox 1511 4147 1791 4216; x_wconf 89' lang='lat' dir='ltr'><strong>epistolas.</strong></span> 
     </span>
    </p>
   </div>
   <div class='ocr_carea' id='block_1_74' title="bbox 596 4231 2122 4312">
    <p class='ocr_par' dir='ltr' id='par_1_74' title="bbox 596 4231 2122 4312">
     <span class='ocr_line' id='line_1_74' title="bbox 596 4231 2122 4312; baseline 0.005 -24"><span class='ocrx_word' id='word_1_518' title='bbox 596 4231 740 4288; x_wconf 72' lang='lat' dir='ltr'><strong>LVIal</strong></span> <span class='ocrx_word' id='word_1_519' title='bbox 773 4231 1066 4303; x_wconf 81' lang='lat' dir='ltr'><strong>Theophili</strong></span> <span class='ocrx_word' id='word_1_520' title='bbox 1093 4235 1451 4291; x_wconf 85' lang='lat' dir='ltr'><strong>Alexandrini</strong></span> <span class='ocrx_word' id='word_1_521' title='bbox 1498 4239 1799 4308; x_wconf 87' lang='lat' dir='ltr'><strong>respondet</strong></span> <span class='ocrx_word' id='word_1_522' title='bbox 1847 4242 2122 4312; x_wconf 65' lang='lat' dir='ltr'><strong>epistolae.</strong></span> 
     </span>
    </p>
   </div>
   <div class='ocr_carea' id='block_1_75' title="bbox 528 4325 2121 4402">
    <p class='ocr_par' dir='ltr' id='par_1_75' title="bbox 528 4325 2121 4402">
     <span class='ocr_line' id='line_1_75' title="bbox 528 4325 2121 4402; baseline 0.006 -22"><span class='ocrx_word' id='word_1_523' title='bbox 528 4325 756 4380; x_wconf 77' lang='lat' dir='ltr'><strong>Materia</strong></span> <span class='ocrx_word' id='word_1_524' title='bbox 793 4325 1068 4382; x_wconf 84' lang='lat' dir='ltr'><strong>scribendi</strong></span> <span class='ocrx_word' id='word_1_525' title='bbox 1103 4325 1279 4383; x_wconf 90' lang='lat' dir='ltr'><strong>fuerat</strong></span> <span class='ocrx_word' id='word_1_526' title='bbox 1312 4327 1714 4386; x_wconf 85' lang='lat' dir='ltr'><strong>Antiochenum</strong></span> <span class='ocrx_word' id='word_1_527' title='bbox 1758 4333 2018 4402; x_wconf 88' lang='lat' dir='ltr'><strong>schisma,</strong></span> <span class='ocrx_word' id='word_1_528' title='bbox 2052 4336 2121 4391; x_wconf 89' lang='lat' dir='ltr'><strong>de</strong></span> 
     </span>
    </p>
   </div>
   <div class='ocr_carea' id='block_1_76' title="bbox 526 4419 2123 4492">
    <p class='ocr_par' dir='ltr' id='par_1_76' title="bbox 526 4419 2123 4492">
     <span class='ocr_line' id='line_1_76' title="bbox 526 4419 2123 4492; baseline 0.008 -20"><span class='ocrx_word' id='word_1_529' title='bbox 526 4434 635 4489; x_wconf 92' lang='lat' dir='ltr'><strong>quo</strong></span> <span class='ocrx_word' id='word_1_530' title='bbox 660 4419 814 4490; x_wconf 90' lang='lat' dir='ltr'><strong>plura</strong></span> <span class='ocrx_word' id='word_1_531' title='bbox 837 4419 904 4474; x_wconf 91' lang='lat' dir='ltr'><strong>ad</strong></span> <span class='ocrx_word' id='word_1_532' title='bbox 933 4420 1207 4476; x_wconf 81' lang='lat' dir='ltr'><strong>Ambrosii</strong></span> <span class='ocrx_word' id='word_1_533' title='bbox 1229 4423 1518 4492; x_wconf 88' lang='lat' dir='ltr'><strong>epistolam</strong></span> <span class='ocrx_word' id='word_1_534' title='bbox 1543 4424 1773 4480; x_wconf 90' lang='lat' dir='ltr'><strong>dicenda</strong></span> <span class='ocrx_word' id='word_1_535' title='bbox 1801 4439 1982 4483; x_wconf 91' lang='lat' dir='ltr'><strong>erunt.</strong></span> <span class='ocrx_word' id='word_1_536' title='bbox 2015 4429 2123 4485; x_wconf 89' lang='lat' dir='ltr'><strong>0b-</strong></span> 
     </span>
    </p>
   </div>
   <div class='ocr_carea' id='block_1_77' title="bbox 2225 3215 3817 3287">
    <p class='ocr_par' dir='ltr' id='par_1_77' title="bbox 2225 3215 3817 3287">
     <span class='ocr_line' id='line_1_77' title="bbox 2225 3215 3817 3287; baseline -0.002 -15"><span class='ocrx_word' id='word_1_537' title='bbox 2225 3217 2536 3274; x_wconf 87' lang='lat' dir='ltr'><strong>Alexandro</strong></span> <span class='ocrx_word' id='word_1_538' title='bbox 2557 3216 2700 3287; x_wconf 91' lang='lat' dir='ltr'><strong>apud</strong></span> <span class='ocrx_word' id='word_1_539' title='bbox 2721 3216 3043 3287; x_wconf 86' lang='lat' dir='ltr'><strong>Gregorium</strong></span> <span class='ocrx_word' id='word_1_540' title='bbox 3066 3215 3444 3271; x_wconf 89' lang='lat' dir='ltr'><strong>Turonensem</strong></span> <span class='ocrx_word' id='word_1_541' title='bbox 3475 3215 3620 3272; x_wconf 76' lang='lat' dir='ltr'><strong>Hist.</strong></span> <span class='ocrx_word' id='word_1_542' title='bbox 3655 3217 3749 3272; x_wconf 89' lang='lat' dir='ltr'><strong>lib.</strong></span> <span class='ocrx_word' id='word_1_543' title='bbox 3765 3231 3817 3279; x_wconf 89' lang='lat' dir='ltr'><strong>tt,</strong></span> 
     </span>
    </p>
   </div>
   <div class='ocr_carea' id='block_1_78' title="bbox 2223 3308 3821 3380">
    <p class='ocr_par' dir='ltr' id='par_1_78' title="bbox 2223 3308 3821 3380">
     <span class='ocr_line' id='line_1_78' title="bbox 2223 3308 3821 3380; baseline -0.001 -15"><span class='ocrx_word' id='word_1_544' title='bbox 2223 3327 2274 3366; x_wconf 93' lang='lat' dir='ltr'><strong>c.</strong></span> <span class='ocrx_word' id='word_1_545' title='bbox 2303 3310 2357 3375; x_wconf 93' lang='lat'><strong>9,</strong></span> <span class='ocrx_word' id='word_1_546' title='bbox 2393 3310 2771 3380; x_wconf 89' lang='lat' dir='ltr'><strong>intelligimus,</strong></span> <span class='ocrx_word' id='word_1_547' title='bbox 2800 3320 2912 3364; x_wconf 93' lang='lat' dir='ltr'><strong>tum</strong></span> <span class='ocrx_word' id='word_1_548' title='bbox 2935 3325 3002 3364; x_wconf 93' lang='lat' dir='ltr'><strong>ex</strong></span> <span class='ocrx_word' id='word_1_549' title='bbox 3026 3308 3127 3364; x_wconf 91' lang='lat' dir='ltr'><strong>hac</strong></span> <span class='ocrx_word' id='word_1_550' title='bbox 3149 3310 3265 3380; x_wconf 88' lang='lat' dir='ltr'><strong>ipsa</strong></span> <span class='ocrx_word' id='word_1_551' title='bbox 3295 3309 3556 3379; x_wconf 84' lang='lat' dir='ltr'><strong>epistola,</strong></span> <span class='ocrx_word' id='word_1_552' title='bbox 3587 3311 3682 3365; x_wconf 86' lang='lat' dir='ltr'><strong>uhi</strong></span> <span class='ocrx_word' id='word_1_553' title='bbox 3704 3308 3821 3364; x_wconf 83' lang='lat' dir='ltr'><strong>Am-</strong></span> 
     </span>
    </p>
   </div>
   <div class='ocr_carea' id='block_1_79' title="bbox 2225 3401 3822 3473">
    <p class='ocr_par' dir='ltr' id='par_1_79' title="bbox 2225 3401 3822 3473">
     <span class='ocr_line' id='line_1_79' title="bbox 2225 3401 3822 3473; baseline -0.002 -16"><span class='ocrx_word' id='word_1_554' title='bbox 2225 3403 2447 3457; x_wconf 91' lang='lat' dir='ltr'><strong>brosius</strong></span> <span class='ocrx_word' id='word_1_555' title='bbox 2473 3402 2728 3457; x_wconf 88' lang='lat' dir='ltr'><strong>eumdem</strong></span> <span class='ocrx_word' id='word_1_556' title='bbox 2760 3402 3063 3472; x_wconf 83' lang='lat' dir='ltr'><strong>Eugenium</strong></span> <span class='ocrx_word' id='word_1_557' title='bbox 3110 3403 3163 3455; x_wconf 85' lang='lat' dir='ltr'><strong>in</strong></span> <span class='ocrx_word' id='word_1_558' title='bbox 3193 3401 3495 3472; x_wconf 76' lang='lat' dir='ltr'><strong>primordiis</strong></span> <span class='ocrx_word' id='word_1_559' title='bbox 3525 3402 3740 3473; x_wconf 85' lang='lat' dir='ltr'><strong>imperii</strong></span> <span class='ocrx_word' id='word_1_560' title='bbox 3762 3401 3822 3454; x_wconf 88' lang='lat' dir='ltr'><strong>ad</strong></span> 
     </span>
    </p>
   </div>
   <div class='ocr_carea' id='block_1_80' title="bbox 2225 3495 3821 3566">
    <p class='ocr_par' dir='ltr' id='par_1_80' title="bbox 2225 3495 3821 3566">
     <span class='ocr_line' id='line_1_80' title="bbox 2225 3495 3821 3566; baseline -0.002 -16"><span class='ocrx_word' id='word_1_561' title='bbox 2225 3510 2284 3550; x_wconf 90' lang='lat' dir='ltr'><strong>se</strong></span> <span class='ocrx_word' id='word_1_562' title='bbox 2306 3495 2617 3563; x_wconf 88' lang='lat' dir='ltr'><strong>scripsisse,</strong></span> <span class='ocrx_word' id='word_1_563' title='bbox 2649 3511 2713 3550; x_wconf 91' lang='lat' dir='ltr'><strong>ac</strong></span> <span class='ocrx_word' id='word_1_564' title='bbox 2735 3510 2796 3551; x_wconf 91' lang='lat' dir='ltr'><strong>se</strong></span> <span class='ocrx_word' id='word_1_565' title='bbox 2827 3504 3036 3566; x_wconf 90' lang='lat' dir='ltr'><strong>postea,</strong></span> <span class='ocrx_word' id='word_1_566' title='bbox 3068 3496 3114 3550; x_wconf 91' lang='lat' dir='ltr'><strong>si</strong></span> <span class='ocrx_word' id='word_1_567' title='bbox 3143 3495 3361 3566; x_wconf 89' lang='lat' dir='ltr'><strong>quando</strong></span> <span class='ocrx_word' id='word_1_568' title='bbox 3381 3497 3711 3552; x_wconf 87' lang='lat' dir='ltr'><strong>emersisset</strong></span> <span class='ocrx_word' id='word_1_569' title='bbox 3735 3495 3821 3548; x_wconf 83' lang='lat' dir='ltr'><strong>ali-</strong></span> 
     </span>
    </p>
   </div>
   <div class='ocr_carea' id='block_1_81' title="bbox 2227 3589 3819 3660">
    <p class='ocr_par' dir='ltr' id='par_1_81' title="bbox 2227 3589 3819 3660">
     <span class='ocr_line' id='line_1_81' title="bbox 2227 3589 3819 3660; baseline -0.002 -16"><span class='ocrx_word' id='word_1_570' title='bbox 2227 3605 2330 3660; x_wconf 88' lang='lat' dir='ltr'><strong>qua</strong></span> <span class='ocrx_word' id='word_1_571' title='bbox 2363 3591 2686 3657; x_wconf 85' lang='lat' dir='ltr'><strong>necessitas,</strong></span> <span class='ocrx_word' id='word_1_572' title='bbox 2716 3590 2781 3645; x_wconf 90' lang='lat' dir='ltr'><strong>ad</strong></span> <span class='ocrx_word' id='word_1_573' title='bbox 2808 3605 2932 3646; x_wconf 90' lang='lat' dir='ltr'><strong>eum</strong></span> <span class='ocrx_word' id='word_1_574' title='bbox 2962 3605 3181 3660; x_wconf 89' lang='lat' dir='ltr'><strong>quoque</strong></span> <span class='ocrx_word' id='word_1_575' title='bbox 3210 3590 3426 3645; x_wconf 85' lang='lat' dir='ltr'><strong>litteras</strong></span> <span class='ocrx_word' id='word_1_576' title='bbox 3464 3589 3695 3646; x_wconf 85' lang='lat' dir='ltr'><strong>dedisse</strong></span> <span class='ocrx_word' id='word_1_577' title='bbox 3721 3598 3819 3644; x_wconf 87' lang='lat' dir='ltr'><strong>tes-</strong></span> 
     </span>
    </p>
   </div>
   <div class='ocr_carea' id='block_1_82' title="bbox 2229 3681 3820 3753">
    <p class='ocr_par' dir='ltr' id='par_1_82' title="bbox 2229 3681 3820 3753">
     <span class='ocr_line' id='line_1_82' title="bbox 2229 3681 3820 3753; baseline -0.004 -16"><span class='ocrx_word' id='word_1_578' title='bbox 2229 3682 2484 3738; x_wconf 83' lang='lat' dir='ltr'><strong>tificatur.</strong></span> <span class='ocrx_word' id='word_1_579' title='bbox 2535 3683 2630 3737; x_wconf 82' lang='lat' dir='ltr'><strong>llis</strong></span> <span class='ocrx_word' id='word_1_580' title='bbox 2674 3698 2805 3752; x_wconf 87' lang='lat' dir='ltr'><strong>ergo</strong></span> <span class='ocrx_word' id='word_1_581' title='bbox 2845 3681 2992 3736; x_wconf 92' lang='lat' dir='ltr'><strong>ducti</strong></span> <span class='ocrx_word' id='word_1_582' title='bbox 3027 3697 3146 3737; x_wconf 88' lang='lat' dir='ltr'><strong>eam</strong></span> <span class='ocrx_word' id='word_1_583' title='bbox 3198 3681 3414 3753; x_wconf 91' lang='lat' dir='ltr'><strong>tyranni</strong></span> <span class='ocrx_word' id='word_1_584' title='bbox 3464 3682 3820 3752; x_wconf 87' lang='lat' dir='ltr'><strong>irruptionem</strong></span> 
     </span>
    </p>
   </div>
   <div class='ocr_carea' id='block_1_83' title="bbox 2230 3770 3822 3842">
    <p class='ocr_par' dir='ltr' id='par_1_83' title="bbox 2230 3770 3822 3842">
     <span class='ocr_line' id='line_1_83' title="bbox 2230 3770 3822 3842; baseline -0.003 -15"><span class='ocrx_word' id='word_1_585' title='bbox 2230 3789 2337 3827; x_wconf 90' lang='lat' dir='ltr'><strong>non</strong></span> <span class='ocrx_word' id='word_1_586' title='bbox 2382 3773 2486 3827; x_wconf 92' lang='lat' dir='ltr'><strong>nisi</strong></span> <span class='ocrx_word' id='word_1_587' title='bbox 2528 3782 2761 3828; x_wconf 88' lang='lat' dir='ltr'><strong>exeunte</strong></span> <span class='ocrx_word' id='word_1_588' title='bbox 2801 3788 2945 3827; x_wconf 92' lang='lat' dir='ltr'><strong>anno</strong></span> <span class='ocrx_word' id='word_1_589' title='bbox 2972 3771 3080 3826; x_wconf 75' lang='grc'><strong>592</strong></span> <span class='ocrx_word' id='word_1_590' title='bbox 3107 3771 3194 3827; x_wconf 86' lang='lat' dir='ltr'><strong>vel</strong></span> <span class='ocrx_word' id='word_1_591' title='bbox 3240 3772 3422 3842; x_wconf 89' lang='lat' dir='ltr'><strong>potius</strong></span> <span class='ocrx_word' id='word_1_592' title='bbox 3472 3773 3702 3828; x_wconf 90' lang='lat' dir='ltr'><strong>ineunte</strong></span> <span class='ocrx_word' id='word_1_593' title='bbox 3728 3770 3822 3826; x_wconf 78' lang='lat'><strong>395</strong></span> 
     </span>
    </p>
   </div>
   <div class='ocr_carea' id='block_1_84' title="bbox 2231 3864 3818 3937">
    <p class='ocr_par' dir='ltr' id='par_1_84' title="bbox 2231 3864 3818 3937">
     <span class='ocr_line' id='line_1_84' title="bbox 2231 3864 3818 3937; baseline -0.002 -17"><span class='ocrx_word' id='word_1_594' title='bbox 2231 3865 2430 3920; x_wconf 88' lang='lat' dir='ltr'><strong>factam</strong></span> <span class='ocrx_word' id='word_1_595' title='bbox 2453 3875 2740 3937; x_wconf 83' lang='lat' dir='ltr'><strong>putamus;</strong></span> <span class='ocrx_word' id='word_1_596' title='bbox 2774 3874 2939 3935; x_wconf 84' lang='lat' dir='ltr'><strong>atque</strong></span> <span class='ocrx_word' id='word_1_597' title='bbox 2967 3865 3106 3920; x_wconf 87' lang='lat' dir='ltr'><strong>adeo</strong></span> <span class='ocrx_word' id='word_1_598' title='bbox 3139 3865 3278 3920; x_wconf 87' lang='lat' dir='ltr'><strong>hanc</strong></span> <span class='ocrx_word' id='word_1_599' title='bbox 3323 3865 3618 3935; x_wconf 85' lang='lat' dir='ltr'><strong>epistolam</strong></span> <span class='ocrx_word' id='word_1_600' title='bbox 3654 3864 3818 3922; x_wconf 87' lang='lat' dir='ltr'><strong>eidem</strong></span> 
     </span>
    </p>
   </div>
   <div class='ocr_carea' id='block_1_85' title="bbox 2231 3959 2921 4030">
    <p class='ocr_par' dir='ltr' id='par_1_85' title="bbox 2231 3959 2921 4030">
     <span class='ocr_line' id='line_1_85' title="bbox 2231 3959 2921 4030; baseline -0.004 -16"><span class='ocrx_word' id='word_1_601' title='bbox 2231 3963 2462 4030; x_wconf 91' lang='lat' dir='ltr'><strong>tempori</strong></span> <span class='ocrx_word' id='word_1_602' title='bbox 2493 3959 2921 4015; x_wconf 86' lang='lat' dir='ltr'><strong>attribuendam.</strong></span> 
     </span>
    </p>
   </div>
   <div class='ocr_carea' id='block_1_86' title="bbox 2302 4052 3824 4122">
    <p class='ocr_par' dir='ltr' id='par_1_86' title="bbox 2302 4052 3824 4122">
     <span class='ocr_line' id='line_1_86' title="bbox 2302 4052 3824 4122; baseline -0.002 -14"><span class='ocrx_word' id='word_1_603' title='bbox 2302 4052 2498 4108; x_wconf 66' lang='lat' dir='ltr'><strong>LVllltl</strong></span> <span class='ocrx_word' id='word_1_604' title='bbox 2532 4054 2583 4106; x_wconf 92' lang='lat' dir='ltr'><strong>in</strong></span> <span class='ocrx_word' id='word_1_605' title='bbox 2616 4060 2940 4122; x_wconf 87' lang='lat' dir='ltr'><strong>argumento</strong></span> <span class='ocrx_word' id='word_1_606' title='bbox 2967 4061 3220 4107; x_wconf 88' lang='lat' dir='ltr'><strong>versatur</strong></span> <span class='ocrx_word' id='word_1_607' title='bbox 3253 4053 3413 4122; x_wconf 91' lang='lat' dir='ltr'><strong>plane</strong></span> <span class='ocrx_word' id='word_1_608' title='bbox 3437 4052 3670 4110; x_wconf 90' lang='lat' dir='ltr'><strong>celebri.</strong></span> <span class='ocrx_word' id='word_1_609' title='bbox 3695 4052 3824 4109; x_wconf 86' lang='lat' dir='ltr'><strong>Nihil</strong></span> 
     </span>
    </p>
   </div>
   <div class='ocr_carea' id='block_1_87' title="bbox 2229 4145 3825 4218">
    <p class='ocr_par' dir='ltr' id='par_1_87' title="bbox 2229 4145 3825 4218">
     <span class='ocr_line' id='line_1_87' title="bbox 2229 4145 3825 4218; baseline 0.001 -19"><span class='ocrx_word' id='word_1_610' title='bbox 2229 4147 2376 4200; x_wconf 90' lang='lat' dir='ltr'><strong>enim</strong></span> <span class='ocrx_word' id='word_1_611' title='bbox 2407 4161 2471 4200; x_wconf 90' lang='lat' dir='ltr'><strong>ea</strong></span> <span class='ocrx_word' id='word_1_612' title='bbox 2502 4154 2824 4214; x_wconf 88' lang='lat' dir='ltr'><strong>tempestate</strong></span> <span class='ocrx_word' id='word_1_613' title='bbox 2849 4145 3059 4200; x_wconf 89' lang='lat' dir='ltr'><strong>Paulini</strong></span> <span class='ocrx_word' id='word_1_614' title='bbox 3089 4145 3249 4200; x_wconf 89' lang='lat' dir='ltr'><strong>avitis</strong></span> <span class='ocrx_word' id='word_1_615' title='bbox 3270 4155 3439 4216; x_wconf 89' lang='lat' dir='ltr'><strong>atque</strong></span> <span class='ocrx_word' id='word_1_616' title='bbox 3469 4148 3707 4218; x_wconf 91' lang='lat' dir='ltr'><strong>propriis</strong></span> <span class='ocrx_word' id='word_1_617' title='bbox 3734 4146 3825 4202; x_wconf 87' lang='lat' dir='ltr'><strong>ho-</strong></span> 
     </span>
    </p>
   </div>
   <div class='ocr_carea' id='block_1_88' title="bbox 2232 4235 3820 4294">
    <p class='ocr_par' dir='ltr' id='par_1_88' title="bbox 2232 4235 3820 4294">
     <span class='ocr_line' id='line_1_88' title="bbox 2232 4235 3820 4294; baseline -0.004 0"><span class='ocrx_word' id='word_1_618' title='bbox 2232 4238 2458 4294; x_wconf 89' lang='lat' dir='ltr'><strong>noribus</strong></span> <span class='ocrx_word' id='word_1_619' title='bbox 2485 4237 2807 4293; x_wconf 91' lang='lat' dir='ltr'><strong>nobilissimi</strong></span> <span class='ocrx_word' id='word_1_620' title='bbox 2837 4235 3180 4290; x_wconf 88' lang='lat' dir='ltr'><strong>abdicatione</strong></span> <span class='ocrx_word' id='word_1_621' title='bbox 3202 4250 3266 4291; x_wconf 90' lang='lat' dir='ltr'><strong>ac</strong></span> <span class='ocrx_word' id='word_1_622' title='bbox 3293 4250 3519 4292; x_wconf 89' lang='lat' dir='ltr'><strong>secessu</strong></span> <span class='ocrx_word' id='word_1_623' title='bbox 3547 4238 3820 4294; x_wconf 89' lang='lat' dir='ltr'><strong>illustrius.</strong></span> 
     </span>
    </p>
   </div>
   <div class='ocr_carea' id='block_1_89' title="bbox 2229 4315 3822 4400">
    <p class='ocr_par' dir='ltr' id='par_1_89' title="bbox 2229 4315 3822 4400">
     <span class='ocr_line' id='line_1_89' title="bbox 2229 4315 3822 4400; baseline -0.003 -13"><span class='ocrx_word' id='word_1_624' title='bbox 2229 4330 2348 4387; x_wconf 93' lang='lat' dir='ltr'><strong>Non</strong></span> <span class='ocrx_word' id='word_1_625' title='bbox 2380 4342 2559 4386; x_wconf 90' lang='lat' dir='ltr'><strong>tamen</strong></span> <span class='ocrx_word' id='word_1_626' title='bbox 2601 4330 2798 4399; x_wconf 89' lang='lat' dir='ltr'><strong>scripta</strong></span> <span class='ocrx_word' id='word_1_627' title='bbox 2845 4336 2932 4384; x_wconf 89' lang='lat' dir='ltr'><strong>est</strong></span> <span class='ocrx_word' id='word_1_628' title='bbox 2961 4328 3080 4384; x_wconf 69' lang='lat' dir='ltr'><strong>hrec</strong></span> <span class='ocrx_word' id='word_1_629' title='bbox 3119 4330 3372 4399; x_wconf 90' lang='lat' dir='ltr'><strong>epistola,</strong></span> <span class='ocrx_word' id='word_1_630' title='bbox 3414 4315 3702 4400; x_wconf 78' lang='lat' dir='ltr'><strong>postquam</strong></span> <span class='ocrx_word' id='word_1_631' title='bbox 3740 4329 3822 4383; x_wconf 91' lang='lat' dir='ltr'><strong>ille</strong></span> 
     </span>
    </p>
   </div>
   <div class='ocr_carea' id='block_1_90' title="bbox 2230 4419 3822 4494">
    <p class='ocr_par' dir='ltr' id='par_1_90' title="bbox 2230 4419 3822 4494">
     <span class='ocr_line' id='line_1_90' title="bbox 2230 4419 3822 4494; baseline -0.005 -15"><span class='ocrx_word' id='word_1_632' title='bbox 2230 4422 2420 4479; x_wconf 87' lang='lat' dir='ltr'><strong>Nolam</strong></span> <span class='ocrx_word' id='word_1_633' title='bbox 2444 4423 2556 4494; x_wconf 90' lang='lat' dir='ltr'><strong>jam</strong></span> <span class='ocrx_word' id='word_1_634' title='bbox 2579 4431 2908 4484; x_wconf 87' lang='lat' dir='ltr'><strong>recesserat,</strong></span> <span class='ocrx_word' id='word_1_635' title='bbox 2942 4419 2994 4475; x_wconf 90' lang='lat' dir='ltr'><strong>id</strong></span> <span class='ocrx_word' id='word_1_636' title='bbox 3027 4429 3131 4484; x_wconf 88' lang='lat' dir='ltr'><strong>est,</strong></span> <span class='ocrx_word' id='word_1_637' title='bbox 3159 4434 3303 4475; x_wconf 90' lang='lat' dir='ltr'><strong>anno</strong></span> <span class='ocrx_word' id='word_1_638' title='bbox 3333 4419 3463 4485; x_wconf 72' lang='grc'><strong>594,</strong></span> <span class='ocrx_word' id='word_1_639' title='bbox 3498 4432 3556 4476; x_wconf 85' lang='grc' dir='ltr'><strong>ιιι</strong></span> <span class='ocrx_word' id='word_1_640' title='bbox 3587 4424 3822 4492; x_wconf 79' lang='lat' dir='ltr'><strong>Opinatus</strong></span> 
     </span>
    </p>
   </div>
   <div class='ocr_carea' id='block_1_91' title="bbox 527 4488 3823 4591">
    <p class='ocr_par' dir='ltr' id='par_1_91' title="bbox 527 4488 3823 4591">
     <span class='ocr_line' id='line_1_91' title="bbox 527 4488 3823 4591; baseline 0 -27"><span class='ocrx_word' id='word_1_641' title='bbox 527 4488 854 4565; x_wconf 79' lang='lat' dir='ltr'><strong>servandum</strong></span> <span class='ocrx_word' id='word_1_642' title='bbox 899 4511 1116 4566; x_wconf 89' lang='lat' dir='ltr'><strong>interim</strong></span> <span class='ocrx_word' id='word_1_643' title='bbox 1169 4512 1222 4566; x_wconf 93' lang='lat' dir='ltr'><strong>in</strong></span> <span class='ocrx_word' id='word_1_644' title='bbox 1264 4488 1462 4569; x_wconf 82' lang='lat' dir='ltr'><strong>eadem</strong></span> <span class='ocrx_word' id='word_1_645' title='bbox 1514 4517 1724 4586; x_wconf 85' lang='lat' dir='ltr'><strong>culpari</strong></span> <span class='ocrx_word' id='word_1_646' title='bbox 1774 4517 2123 4591; x_wconf 72' lang='lat' dir='ltr'><strong>Flavianum,</strong></span> <span class='ocrx_word' id='word_1_647' title='bbox 2151 4488 2204 4547; x_wconf 76' lang='grc' dir='ltr'><strong>Ῐ)</strong></span> <span class='ocrx_word' id='word_1_648' title='bbox 2230 4488 2759 4573; x_wconf 40' lang='lat' dir='ltr'><strong>videtur&#39;Baronius.</strong></span> <span class='ocrx_word' id='word_1_649' title='bbox 2788 4515 2922 4571; x_wconf 88' lang='lat' dir='ltr'><strong>Nam</strong></span> <span class='ocrx_word' id='word_1_650' title='bbox 2956 4525 3319 4586; x_wconf 78' lang='lat' dir='ltr'><strong>praeterquam</strong></span> <span class='ocrx_word' id='word_1_651' title='bbox 3357 4514 3506 4586; x_wconf 91' lang='lat' dir='ltr'><strong>quod</strong></span> <span class='ocrx_word' id='word_1_652' title='bbox 3534 4532 3604 4572; x_wconf 88' lang='lat' dir='ltr'><strong>ex</strong></span> <span class='ocrx_word' id='word_1_653' title='bbox 3629 4488 3823 4587; x_wconf 80' lang='lat' dir='ltr'><strong>episto-</strong></span> 
     </span>
    </p>
   </div>
   <div class='ocr_carea' id='block_1_92' title="bbox 526 4599 2128 4677">
    <p class='ocr_par' dir='ltr' id='par_1_92' title="bbox 526 4599 2128 4677">
     <span class='ocr_line' id='line_1_92' title="bbox 526 4599 2128 4677; baseline 0.011 -24"><span class='ocrx_word' id='word_1_654' title='bbox 526 4599 670 4670; x_wconf 91' lang='lat' dir='ltr'><strong>quod</strong></span> <span class='ocrx_word' id='word_1_655' title='bbox 703 4615 762 4656; x_wconf 89' lang='lat' dir='ltr'><strong>se</strong></span> <span class='ocrx_word' id='word_1_656' title='bbox 791 4601 1056 4656; x_wconf 89' lang='lat' dir='ltr'><strong>adversus</strong></span> <span class='ocrx_word' id='word_1_657' title='bbox 1081 4601 1354 4674; x_wconf 75' lang='lat' dir='ltr'><strong>Capuanrn</strong></span> <span class='ocrx_word' id='word_1_658' title='bbox 1390 4607 1582 4677; x_wconf 88' lang='lat' dir='ltr'><strong>synodi</strong></span> <span class='ocrx_word' id='word_1_659' title='bbox 1611 4611 1996 4668; x_wconf 88' lang='lat' dir='ltr'><strong>auctoritatem</strong></span> <span class='ocrx_word' id='word_1_660' title='bbox 2040 4630 2128 4670; x_wconf 88' lang='lat' dir='ltr'><strong>re-</strong></span> 
     </span>
    </p>
   </div>
   <div class='ocr_carea' id='block_1_93' title="bbox 528 4693 2126 4767">
    <p class='ocr_par' dir='ltr' id='par_1_93' title="bbox 528 4693 2126 4767">
     <span class='ocr_line' id='line_1_93' title="bbox 528 4693 2126 4767; baseline 0.011 -21"><span class='ocrx_word' id='word_1_661' title='bbox 528 4693 753 4762; x_wconf 90' lang='lat' dir='ltr'><strong>scriptis</strong></span> <span class='ocrx_word' id='word_1_662' title='bbox 778 4709 807 4748; x_wconf 89' lang='lat' dir='ltr'><strong>a</strong></span> <span class='ocrx_word' id='word_1_663' title='bbox 838 4693 1170 4764; x_wconf 88' lang='lat' dir='ltr'><strong>Theodosio,</strong></span> <span class='ocrx_word' id='word_1_664' title='bbox 1205 4697 1298 4767; x_wconf 92' lang='lat' dir='ltr'><strong>qui</strong></span> <span class='ocrx_word' id='word_1_665' title='bbox 1326 4709 1455 4754; x_wconf 90' lang='lat' dir='ltr'><strong>tunc</strong></span> <span class='ocrx_word' id='word_1_666' title='bbox 1484 4699 1536 4754; x_wconf 93' lang='lat' dir='ltr'><strong>in</strong></span> <span class='ocrx_word' id='word_1_667' title='bbox 1563 4699 1844 4759; x_wconf 89' lang='lat' dir='ltr'><strong>Orientem</strong></span> <span class='ocrx_word' id='word_1_668' title='bbox 1871 4721 2126 4763; x_wconf 88' lang='lat' dir='ltr'><strong>reversus</strong></span> 
     </span>
    </p>
   </div>
   <div class='ocr_carea' id='block_1_94' title="bbox 524 4786 2128 4871">
    <p class='ocr_par' dir='ltr' id='par_1_94' title="bbox 524 4786 2128 4871">
     <span class='ocr_line' id='line_1_94' title="bbox 524 4786 2128 4871; baseline 0.011 -33"><span class='ocrx_word' id='word_1_669' title='bbox 524 4796 664 4850; x_wconf 89' lang='lat' dir='ltr'><strong>erat,</strong></span> <span class='ocrx_word' id='word_1_670' title='bbox 686 4786 990 4858; x_wconf 88' lang='lat' dir='ltr'><strong>impetratis</strong></span> <span class='ocrx_word' id='word_1_671' title='bbox 1010 4790 1446 4853; x_wconf 81' lang='lat' dir='ltr'><strong>communiisset.</strong></span> <span class='ocrx_word' id='word_1_672' title='bbox 1473 4793 1680 4849; x_wconf 83' lang='lat' dir='ltr'><strong>Exacto</strong></span> <span class='ocrx_word' id='word_1_673' title='bbox 1704 4799 1757 4850; x_wconf 91' lang='lat' dir='ltr'><strong>iu</strong></span> <span class='ocrx_word' id='word_1_674' title='bbox 1783 4796 1934 4853; x_wconf 88' lang='lat' dir='ltr'><strong>Italia</strong></span> <span class='ocrx_word' id='word_1_675' title='bbox 1957 4816 2128 4871; x_wconf 90' lang='lat' dir='ltr'><strong>prope</strong></span> 
     </span>
    </p>
   </div>
   <div class='ocr_carea' id='block_1_95' title="bbox 533 4878 2129 4950">
    <p class='ocr_par' dir='ltr' id='par_1_95' title="bbox 533 4878 2129 4950">
     <span class='ocr_line' id='line_1_95' title="bbox 533 4878 2129 4950; baseline 0.009 -16"><span class='ocrx_word' id='word_1_676' title='bbox 533 4878 812 4946; x_wconf 90' lang='lat' dir='ltr'><strong>triennio,</strong></span> <span class='ocrx_word' id='word_1_677' title='bbox 872 4879 1173 4950; x_wconf 90' lang='lat' dir='ltr'><strong>imperator</strong></span> <span class='ocrx_word' id='word_1_678' title='bbox 1234 4898 1340 4939; x_wconf 92' lang='lat' dir='ltr'><strong>non</strong></span> <span class='ocrx_word' id='word_1_679' title='bbox 1395 4885 1497 4941; x_wconf 94' lang='lat' dir='ltr'><strong>nisi</strong></span> <span class='ocrx_word' id='word_1_680' title='bbox 1545 4903 1597 4942; x_wconf 90' lang='lat' dir='ltr'><strong>vt</strong></span> <span class='ocrx_word' id='word_1_681' title='bbox 1643 4887 1754 4943; x_wconf 88' lang='lat' dir='ltr'><strong>kal.</strong></span> <span class='ocrx_word' id='word_1_682' title='bbox 1819 4891 2129 4949; x_wconf 88' lang='lat' dir='ltr'><strong>decembris</strong></span> 
     </span>
    </p>
   </div>
   <div class='ocr_carea' id='block_1_96' title="bbox 528 4973 2124 5057">
    <p class='ocr_par' dir='ltr' id='par_1_96' title="bbox 528 4973 2124 5057">
     <span class='ocr_line' id='line_1_96' title="bbox 528 4973 2124 5057; baseline 0.012 -31"><span class='ocrx_word' id='word_1_683' title='bbox 528 4974 658 5027; x_wconf 89' lang='lat' dir='ltr'><strong>anni</strong></span> <span class='ocrx_word' id='word_1_684' title='bbox 712 4973 812 5030; x_wconf 76' lang='lat'><strong>39!</strong></span> <span class='ocrx_word' id='word_1_685' title='bbox 863 4973 1103 5030; x_wconf 89' lang='lat' dir='ltr'><strong>redierat</strong></span> <span class='ocrx_word' id='word_1_686' title='bbox 1163 4977 1735 5050; x_wconf 88' lang='lat' dir='ltr'><strong>Constantinopolim;</strong></span> <span class='ocrx_word' id='word_1_687' title='bbox 1779 4986 2124 5057; x_wconf 87' lang='lat' dir='ltr'><strong>proindeque</strong></span> 
     </span>
    </p>
   </div>
   <div class='ocr_carea' id='block_1_97' title="bbox 527 5067 2126 5145">
    <p class='ocr_par' dir='ltr' id='par_1_97' title="bbox 527 5067 2126 5145">
     <span class='ocr_line' id='line_1_97' title="bbox 527 5067 2126 5145; baseline 0.009 -25"><span class='ocrx_word' id='word_1_688' title='bbox 527 5067 796 5138; x_wconf 87' lang='lat' dir='ltr'><strong>synodum</strong></span> <span class='ocrx_word' id='word_1_689' title='bbox 849 5069 996 5123; x_wconf 88' lang='lat' dir='ltr'><strong>illam</strong></span> <span class='ocrx_word' id='word_1_690' title='bbox 1047 5071 1184 5125; x_wconf 90' lang='lat' dir='ltr'><strong>intra</strong></span> <span class='ocrx_word' id='word_1_691' title='bbox 1217 5087 1341 5127; x_wconf 90' lang='lat' dir='ltr'><strong>eum</strong></span> <span class='ocrx_word' id='word_1_692' title='bbox 1379 5072 1523 5129; x_wconf 89' lang='lat' dir='ltr'><strong>diem</strong></span> <span class='ocrx_word' id='word_1_693' title='bbox 1575 5086 1742 5145; x_wconf 90' lang='lat' dir='ltr'><strong>atque</strong></span> <span class='ocrx_word' id='word_1_694' title='bbox 1786 5077 1908 5134; x_wconf 81' lang='lat' dir='ltr'><strong>irtus</strong></span> <span class='ocrx_word' id='word_1_695' title='bbox 1954 5082 2126 5136; x_wconf 89' lang='lat' dir='ltr'><strong>maias</strong></span> 
     </span>
    </p>
   </div>
   <div class='ocr_carea' id='block_1_98' title="bbox 528 5161 2123 5235">
    <p class='ocr_par' dir='ltr' id='par_1_98' title="bbox 528 5161 2123 5235">
     <span class='ocr_line' id='line_1_98' title="bbox 528 5161 2123 5235; baseline 0.008 -21"><span class='ocrx_word' id='word_1_696' title='bbox 528 5161 656 5216; x_wconf 86' lang='lat' dir='ltr'><strong>anni</strong></span> <span class='ocrx_word' id='word_1_697' title='bbox 694 5165 996 5233; x_wconf 78' lang='lat' dir='ltr'><strong>sequentis,</strong></span> <span class='ocrx_word' id='word_1_698' title='bbox 1042 5178 1152 5235; x_wconf 93' lang='lat' dir='ltr'><strong>quo</strong></span> <span class='ocrx_word' id='word_1_699' title='bbox 1193 5165 1283 5221; x_wconf 90' lang='lat' dir='ltr'><strong>die</strong></span> <span class='ocrx_word' id='word_1_700' title='bbox 1321 5177 1574 5222; x_wconf 84' lang='lat' dir='ltr'><strong>necatum</strong></span> <span class='ocrx_word' id='word_1_701' title='bbox 1614 5168 1852 5225; x_wconf 86' lang='lat' dir='ltr'><strong>diximus</strong></span> <span class='ocrx_word' id='word_1_702' title='bbox 1885 5171 2123 5228; x_wconf 82' lang='lat' dir='ltr'><strong>Valenti-</strong></span> 
     </span>
    </p>
   </div>
   <div class='ocr_carea' id='block_1_99' title="bbox 529 5253 2122 5330">
    <p class='ocr_par' dir='ltr' id='par_1_99' title="bbox 529 5253 2122 5330">
     <span class='ocr_line' id='line_1_99' title="bbox 529 5253 2122 5330; baseline 0.007 -21"><span class='ocrx_word' id='word_1_703' title='bbox 529 5254 780 5322; x_wconf 86' lang='lat' dir='ltr'><strong>nianum,</strong></span> <span class='ocrx_word' id='word_1_704' title='bbox 812 5253 1050 5310; x_wconf 88' lang='lat' dir='ltr'><strong>habitam</strong></span> <span class='ocrx_word' id='word_1_705' title='bbox 1095 5255 1265 5312; x_wconf 87' lang='lat' dir='ltr'><strong>fuisse</strong></span> <span class='ocrx_word' id='word_1_706' title='bbox 1315 5273 1538 5313; x_wconf 90' lang='lat' dir='ltr'><strong>necesse</strong></span> <span class='ocrx_word' id='word_1_707' title='bbox 1585 5269 1690 5315; x_wconf 89' lang='lat' dir='ltr'><strong>est.</strong></span> <span class='ocrx_word' id='word_1_708' title='bbox 1738 5261 1871 5316; x_wconf 90' lang='lat' dir='ltr'><strong>Nam</strong></span> <span class='ocrx_word' id='word_1_709' title='bbox 1905 5273 2030 5330; x_wconf 87' lang='lat' dir='ltr'><strong>post</strong></span> <span class='ocrx_word' id='word_1_710' title='bbox 2071 5265 2122 5320; x_wconf 91' lang='lat' dir='ltr'><strong>id</strong></span> 
     </span>
    </p>
   </div>
   <div class='ocr_carea' id='block_1_100' title="bbox 529 5349 2127 5428">
    <p class='ocr_par' dir='ltr' id='par_1_100' title="bbox 529 5349 2127 5428">
     <span class='ocr_line' id='line_1_100' title="bbox 529 5349 2127 5428; baseline 0.007 -25"><span class='ocrx_word' id='word_1_711' title='bbox 529 5349 794 5418; x_wconf 85' lang='lat' dir='ltr'><strong>temporis</strong></span> <span class='ocrx_word' id='word_1_712' title='bbox 818 5359 1122 5406; x_wconf 87' lang='lat' dir='ltr'><strong>conventus</strong></span> <span class='ocrx_word' id='word_1_713' title='bbox 1163 5351 1505 5423; x_wconf 89' lang='lat' dir='ltr'><strong>episcopales</strong></span> <span class='ocrx_word' id='word_1_714' title='bbox 1537 5354 1589 5409; x_wconf 93' lang='lat' dir='ltr'><strong>in</strong></span> <span class='ocrx_word' id='word_1_715' title='bbox 1631 5354 1778 5410; x_wconf 85' lang='lat' dir='ltr'><strong>Italia</strong></span> <span class='ocrx_word' id='word_1_716' title='bbox 1813 5356 2000 5413; x_wconf 88' lang='lat' dir='ltr'><strong>haberi</strong></span> <span class='ocrx_word' id='word_1_717' title='bbox 2032 5373 2127 5428; x_wconf 82' lang='lat' dir='ltr'><strong>per</strong></span> 
     </span>
    </p>
   </div>
   <div class='ocr_carea' id='block_1_101' title="bbox 528 5441 2123 5518">
    <p class='ocr_par' dir='ltr' id='par_1_101' title="bbox 528 5441 2123 5518">
     <span class='ocr_line' id='line_1_101' title="bbox 528 5441 2123 5518; baseline 0.003 -21"><span class='ocrx_word' id='word_1_718' title='bbox 528 5441 765 5497; x_wconf 76' lang='lat' dir='ltr'><strong>excitata</strong></span> <span class='ocrx_word' id='word_1_719' title='bbox 795 5441 863 5497; x_wconf 87' lang='lat' dir='ltr'><strong>ab</strong></span> <span class='ocrx_word' id='word_1_720' title='bbox 891 5441 1134 5512; x_wconf 82' lang='lat' dir='ltr'><strong>Eugenio</strong></span> <span class='ocrx_word' id='word_1_721' title='bbox 1166 5454 1395 5515; x_wconf 85' lang='lat' dir='ltr'><strong>tyranno</strong></span> <span class='ocrx_word' id='word_1_722' title='bbox 1424 5446 1562 5501; x_wconf 85' lang='lat' dir='ltr'><strong>bella</strong></span> <span class='ocrx_word' id='word_1_723' title='bbox 1606 5448 1918 5518; x_wconf 88' lang='lat' dir='ltr'><strong>neutiquam</strong></span> <span class='ocrx_word' id='word_1_724' title='bbox 1951 5450 2123 5505; x_wconf 91' lang='lat' dir='ltr'><strong>licuit.</strong></span> 
     </span>
    </p>
   </div>
   <div class='ocr_carea' id='block_1_102' title="bbox 531 5531 2127 5609">
    <p class='ocr_par' dir='ltr' id='par_1_102' title="bbox 531 5531 2127 5609">
     <span class='ocr_line' id='line_1_102' title="bbox 531 5531 2127 5609; baseline 0.006 -22"><span class='ocrx_word' id='word_1_725' title='bbox 531 5531 711 5589; x_wconf 75' lang='lat' dir='ltr'><strong>Finita</strong></span> <span class='ocrx_word' id='word_1_726' title='bbox 733 5533 968 5606; x_wconf 87' lang='lat' dir='ltr'><strong>synodo,</strong></span> <span class='ocrx_word' id='word_1_727' title='bbox 998 5535 1143 5605; x_wconf 92' lang='lat' dir='ltr'><strong>quod</strong></span> <span class='ocrx_word' id='word_1_728' title='bbox 1177 5537 1233 5592; x_wconf 92' lang='lat' dir='ltr'><strong>in</strong></span> <span class='ocrx_word' id='word_1_729' title='bbox 1271 5552 1333 5592; x_wconf 83' lang='lat' dir='ltr'><strong>ea</strong></span> <span class='ocrx_word' id='word_1_730' title='bbox 1377 5552 1538 5609; x_wconf 90' lang='lat' dir='ltr'><strong>super</strong></span> <span class='ocrx_word' id='word_1_731' title='bbox 1570 5549 1873 5594; x_wconf 86' lang='lat' dir='ltr'><strong>memorato</strong></span> <span class='ocrx_word' id='word_1_732' title='bbox 1903 5541 2127 5597; x_wconf 88' lang='lat' dir='ltr'><strong>dissidio</strong></span> 
     </span>
    </p>
   </div>
   <div class='ocr_carea' id='block_1_103' title="bbox 524 5627 2126 5704">
    <p class='ocr_par' dir='ltr' id='par_1_103' title="bbox 524 5627 2126 5704">
     <span class='ocr_line' id='line_1_103' title="bbox 524 5627 2126 5704; baseline 0.006 -22"><span class='ocrx_word' id='word_1_733' title='bbox 524 5635 789 5682; x_wconf 81' lang='lat' dir='ltr'><strong>statutum</strong></span> <span class='ocrx_word' id='word_1_734' title='bbox 837 5627 1035 5693; x_wconf 88' lang='lat' dir='ltr'><strong>fuerat,</strong></span> <span class='ocrx_word' id='word_1_735' title='bbox 1083 5629 1394 5702; x_wconf 80' lang='lat' dir='ltr'><strong>Theophila</strong></span> <span class='ocrx_word' id='word_1_736' title='bbox 1450 5630 1834 5704; x_wconf 85' lang='lat' dir='ltr'><strong>significarunt</strong></span> <span class='ocrx_word' id='word_1_737' title='bbox 1885 5632 2126 5704; x_wconf 86' lang='lat' dir='ltr'><strong>Capuani</strong></span> 
     </span>
    </p>
   </div>
   <div class='ocr_carea' id='block_1_104' title="bbox 530 5715 2128 5790">
    <p class='ocr_par' dir='ltr' id='par_1_104' title="bbox 530 5715 2128 5790">
     <span class='ocr_line' id='line_1_104' title="bbox 530 5715 2128 5790; baseline 0.009 -21"><span class='ocrx_word' id='word_1_738' title='bbox 530 5715 747 5771; x_wconf 82' lang='lat' dir='ltr'><strong>Patres.</strong></span> <span class='ocrx_word' id='word_1_739' title='bbox 777 5720 846 5772; x_wconf 88' lang='lat' dir='ltr'><strong>At</strong></span> <span class='ocrx_word' id='word_1_740' title='bbox 872 5719 990 5787; x_wconf 87' lang='lat' dir='ltr'><strong>ipse</strong></span> <span class='ocrx_word' id='word_1_741' title='bbox 1018 5733 1141 5775; x_wconf 91' lang='lat' dir='ltr'><strong>cum</strong></span> <span class='ocrx_word' id='word_1_742' title='bbox 1171 5731 1354 5790; x_wconf 84' lang='lat' dir='ltr'><strong>postea</strong></span> <span class='ocrx_word' id='word_1_743' title='bbox 1387 5724 1602 5779; x_wconf 85' lang='lat' dir='ltr'><strong>litteras</strong></span> <span class='ocrx_word' id='word_1_744' title='bbox 1631 5723 1878 5781; x_wconf 88' lang='lat' dir='ltr'><strong>eamdem</strong></span> <span class='ocrx_word' id='word_1_745' title='bbox 1907 5725 1978 5782; x_wconf 84' lang='lat' dir='ltr'><strong>ob</strong></span> <span class='ocrx_word' id='word_1_746' title='bbox 1999 5734 2128 5783; x_wconf 86' lang='lat' dir='ltr'><strong>&#39;cau-</strong></span> 
     </span>
    </p>
   </div>
   <div class='ocr_carea' id='block_1_105' title="bbox 2227 4608 3818 4681">
    <p class='ocr_par' dir='ltr' id='par_1_105' title="bbox 2227 4608 3818 4681">
     <span class='ocr_line' id='line_1_105' title="bbox 2227 4608 3818 4681; baseline -0.004 -15"><span class='ocrx_word' id='word_1_747' title='bbox 2227 4611 2297 4667; x_wconf 91' lang='lat' dir='ltr'><strong>lis</strong></span> <span class='ocrx_word' id='word_1_748' title='bbox 2325 4609 2568 4676; x_wconf 84' lang='lat' dir='ltr'><strong>ejusdem</strong></span> <span class='ocrx_word' id='word_1_749' title='bbox 2592 4608 2808 4665; x_wconf 90' lang='lat' dir='ltr'><strong>Paulini</strong></span> <span class='ocrx_word' id='word_1_750' title='bbox 2853 4608 2920 4663; x_wconf 89' lang='lat' dir='ltr'><strong>ad</strong></span> <span class='ocrx_word' id='word_1_751' title='bbox 2963 4608 3219 4680; x_wconf 86' lang='lat' dir='ltr'><strong>Alypium</strong></span> <span class='ocrx_word' id='word_1_752' title='bbox 3259 4618 3423 4678; x_wconf 88' lang='lat' dir='ltr'><strong>atque</strong></span> <span class='ocrx_word' id='word_1_753' title='bbox 3449 4609 3818 4681; x_wconf 80' lang='lat' dir='ltr'><strong>Augustinum,</strong></span> 
     </span>
    </p>
   </div>
   <div class='ocr_carea' id='block_1_106' title="bbox 2231 4699 3822 4772">
    <p class='ocr_par' dir='ltr' id='par_1_106' title="bbox 2231 4699 3822 4772">
     <span class='ocr_line' id='line_1_106' title="bbox 2231 4699 3822 4772; baseline -0.004 -14"><span class='ocrx_word' id='word_1_754' title='bbox 2231 4719 2330 4758; x_wconf 89' lang='lat' dir='ltr'><strong>nec</strong></span> <span class='ocrx_word' id='word_1_755' title='bbox 2355 4719 2461 4756; x_wconf 92' lang='lat' dir='ltr'><strong>non</strong></span> <span class='ocrx_word' id='word_1_756' title='bbox 2503 4703 2786 4772; x_wconf 87' lang='lat' dir='ltr'><strong>utriusque</strong></span> <span class='ocrx_word' id='word_1_757' title='bbox 2809 4700 2877 4756; x_wconf 88' lang='lat' dir='ltr'><strong>ad</strong></span> <span class='ocrx_word' id='word_1_758' title='bbox 2911 4701 3165 4756; x_wconf 87' lang='lat' dir='ltr'><strong>eumdem</strong></span> <span class='ocrx_word' id='word_1_759' title='bbox 3197 4700 3484 4756; x_wconf 89' lang='lat' dir='ltr'><strong>Paulinum</strong></span> <span class='ocrx_word' id='word_1_760' title='bbox 3520 4702 3664 4756; x_wconf 88' lang='lat' dir='ltr'><strong>haud</strong></span> <span class='ocrx_word' id='word_1_761' title='bbox 3695 4699 3822 4756; x_wconf 88' lang='lat' dir='ltr'><strong>male</strong></span> 
     </span>
    </p>
   </div>
   <div class='ocr_carea' id='block_1_107' title="bbox 2230 4794 3820 4868">
    <p class='ocr_par' dir='ltr' id='par_1_107' title="bbox 2230 4794 3820 4868">
     <span class='ocr_line' id='line_1_107' title="bbox 2230 4794 3820 4868; baseline -0.003 -15"><span class='ocrx_word' id='word_1_762' title='bbox 2230 4797 2506 4868; x_wconf 88' lang='lat' dir='ltr'><strong>colligitur</strong></span> <span class='ocrx_word' id='word_1_763' title='bbox 2550 4797 2730 4866; x_wconf 89' lang='lat' dir='ltr'><strong>ipsum</strong></span> <span class='ocrx_word' id='word_1_764' title='bbox 2767 4795 2836 4850; x_wconf 89' lang='lat' dir='ltr'><strong>ab</strong></span> <span class='ocrx_word' id='word_1_765' title='bbox 2881 4810 3024 4850; x_wconf 91' lang='lat' dir='ltr'><strong>anno</strong></span> <span class='ocrx_word' id='word_1_766' title='bbox 3063 4795 3169 4851; x_wconf 76' lang='lat'><strong>595</strong></span> <span class='ocrx_word' id='word_1_767' title='bbox 3199 4794 3390 4850; x_wconf 87' lang='lat' dir='ltr'><strong>Nolam</strong></span> <span class='ocrx_word' id='word_1_768' title='bbox 3439 4797 3686 4862; x_wconf 87' lang='lat' dir='ltr'><strong>venisse;</strong></span> <span class='ocrx_word' id='word_1_769' title='bbox 3717 4796 3820 4850; x_wconf 78' lang='lat' dir='ltr'><strong>lucc</strong></span> 
     </span>
    </p>
   </div>
   <div class='ocr_carea' id='block_1_108' title="bbox 2230 4887 3821 4961">
    <p class='ocr_par' dir='ltr' id='par_1_108' title="bbox 2230 4887 3821 4961">
     <span class='ocr_line' id='line_1_108' title="bbox 2230 4887 3821 4961; baseline -0.003 -17"><span class='ocrx_word' id='word_1_770' title='bbox 2230 4891 2346 4961; x_wconf 87' lang='lat' dir='ltr'><strong>ipsa</strong></span> <span class='ocrx_word' id='word_1_771' title='bbox 2405 4887 2637 4960; x_wconf 90' lang='lat' dir='ltr'><strong>epistola</strong></span> <span class='ocrx_word' id='word_1_772' title='bbox 2687 4887 2819 4942; x_wconf 91' lang='lat' dir='ltr'><strong>satis</strong></span> <span class='ocrx_word' id='word_1_773' title='bbox 2859 4887 3064 4942; x_wconf 90' lang='lat' dir='ltr'><strong>indicat</strong></span> <span class='ocrx_word' id='word_1_774' title='bbox 3110 4889 3481 4956; x_wconf 84' lang='lat' dir='ltr'><strong>Ambrosium,</strong></span> <span class='ocrx_word' id='word_1_775' title='bbox 3533 4904 3656 4944; x_wconf 92' lang='lat' dir='ltr'><strong>cum</strong></span> <span class='ocrx_word' id='word_1_776' title='bbox 3712 4901 3821 4942; x_wconf 90' lang='lat' dir='ltr'><strong>eam</strong></span> 
     </span>
    </p>
   </div>
   <div class='ocr_carea' id='block_1_109' title="bbox 2230 4978 3821 5050">
    <p class='ocr_par' dir='ltr' id='par_1_109' title="bbox 2230 4978 3821 5050">
     <span class='ocr_line' id='line_1_109' title="bbox 2230 4978 3821 5050; baseline -0.004 -14"><span class='ocrx_word' id='word_1_777' title='bbox 2230 4981 2472 5050; x_wconf 87' lang='lat' dir='ltr'><strong>scripsit,</strong></span> <span class='ocrx_word' id='word_1_778' title='bbox 2523 4979 2668 5035; x_wconf 91' lang='lat' dir='ltr'><strong>illius</strong></span> <span class='ocrx_word' id='word_1_779' title='bbox 2718 4988 3015 5049; x_wconf 90' lang='lat' dir='ltr'><strong>conspectu</strong></span> <span class='ocrx_word' id='word_1_780' title='bbox 3053 4995 3326 5050; x_wconf 87' lang='lat' dir='ltr'><strong>nunquam</strong></span> <span class='ocrx_word' id='word_1_781' title='bbox 3377 4981 3635 5050; x_wconf 92' lang='lat' dir='ltr'><strong>potitum.</strong></span> <span class='ocrx_word' id='word_1_782' title='bbox 3693 4978 3821 5036; x_wconf 81' lang='lat' dir='ltr'><strong>Vidit</strong></span> 
     </span>
    </p>
   </div>
   <div class='ocr_carea' id='block_1_110' title="bbox 2229 5070 3817 5145">
    <p class='ocr_par' dir='ltr' id='par_1_110' title="bbox 2229 5070 3817 5145">
     <span class='ocr_line' id='line_1_110' title="bbox 2229 5070 3817 5145; baseline -0.003 -17"><span class='ocrx_word' id='word_1_783' title='bbox 2229 5082 2411 5128; x_wconf 86' lang='lat' dir='ltr'><strong>autem</strong></span> <span class='ocrx_word' id='word_1_784' title='bbox 2443 5081 2638 5143; x_wconf 86' lang='lat' dir='ltr'><strong>postea</strong></span> <span class='ocrx_word' id='word_1_785' title='bbox 2672 5070 2925 5126; x_wconf 85' lang='lat' dir='ltr'><strong>eumdem</strong></span> <span class='ocrx_word' id='word_1_786' title='bbox 2956 5070 3272 5137; x_wconf 62' lang='lat' dir='ltr'><strong>Florentiae,</strong></span> <span class='ocrx_word' id='word_1_787' title='bbox 3305 5088 3416 5144; x_wconf 89' lang='lat' dir='ltr'><strong>quo</strong></span> <span class='ocrx_word' id='word_1_788' title='bbox 3451 5081 3698 5145; x_wconf 90' lang='lat' dir='ltr'><strong>tempore</strong></span> <span class='ocrx_word' id='word_1_789' title='bbox 3720 5071 3817 5127; x_wconf 77' lang='lat' dir='ltr'><strong>llo-</strong></span> 
     </span>
    </p>
   </div>
   <div class='ocr_carea' id='block_1_111' title="bbox 2232 5163 3815 5236">
    <p class='ocr_par' dir='ltr' id='par_1_111' title="bbox 2232 5163 3815 5236">
     <span class='ocr_line' id='line_1_111' title="bbox 2232 5163 3815 5236; baseline -0.003 -18"><span class='ocrx_word' id='word_1_790' title='bbox 2232 5179 2374 5218; x_wconf 88' lang='lat' dir='ltr'><strong>mam</strong></span> <span class='ocrx_word' id='word_1_791' title='bbox 2408 5164 2510 5220; x_wconf 89' lang='lat' dir='ltr'><strong>iter</strong></span> <span class='ocrx_word' id='word_1_792' title='bbox 2533 5165 2786 5230; x_wconf 88' lang='lat' dir='ltr'><strong>habebat,</strong></span> <span class='ocrx_word' id='word_1_793' title='bbox 2817 5163 2998 5218; x_wconf 89' lang='lat' dir='ltr'><strong>statim</strong></span> <span class='ocrx_word' id='word_1_794' title='bbox 3029 5163 3157 5218; x_wconf 91' lang='lat' dir='ltr'><strong>hinc</strong></span> <span class='ocrx_word' id='word_1_795' title='bbox 3189 5163 3376 5219; x_wconf 88' lang='lat' dir='ltr'><strong>Nolam</strong></span> <span class='ocrx_word' id='word_1_796' title='bbox 3403 5179 3464 5221; x_wconf 90' lang='lat' dir='ltr'><strong>se</strong></span> <span class='ocrx_word' id='word_1_797' title='bbox 3492 5175 3815 5236; x_wconf 87' lang='lat' dir='ltr'><strong>recepturus.</strong></span> 
     </span>
    </p>
   </div>
   <div class='ocr_carea' id='block_1_112' title="bbox 2231 5254 3816 5329">
    <p class='ocr_par' dir='ltr' id='par_1_112' title="bbox 2231 5254 3816 5329">
     <span class='ocr_line' id='line_1_112' title="bbox 2231 5254 3816 5329; baseline -0.003 -18"><span class='ocrx_word' id='word_1_798' title='bbox 2231 5255 2347 5311; x_wconf 83' lang='lat' dir='ltr'><strong>Huc</strong></span> <span class='ocrx_word' id='word_1_799' title='bbox 2387 5259 2550 5310; x_wconf 86' lang='lat' dir='ltr'><strong>etiam</strong></span> <span class='ocrx_word' id='word_1_800' title='bbox 2599 5255 2835 5322; x_wconf 89' lang='lat' dir='ltr'><strong>accedit,</strong></span> <span class='ocrx_word' id='word_1_801' title='bbox 2865 5256 3007 5326; x_wconf 91' lang='lat' dir='ltr'><strong>quod</strong></span> <span class='ocrx_word' id='word_1_802' title='bbox 3050 5254 3242 5326; x_wconf 89' lang='lat' dir='ltr'><strong>primis</strong></span> <span class='ocrx_word' id='word_1_803' title='bbox 3296 5258 3481 5325; x_wconf 90' lang='lat' dir='ltr'><strong>annis,</strong></span> <span class='ocrx_word' id='word_1_804' title='bbox 3534 5274 3675 5329; x_wconf 81' lang='lat' dir='ltr'><strong>quos</strong></span> <span class='ocrx_word' id='word_1_805' title='bbox 3721 5254 3816 5325; x_wconf 76' lang='lat' dir='ltr'><strong>egit</strong></span> 
     </span>
    </p>
   </div>
   <div class='ocr_carea' id='block_1_113' title="bbox 2232 5346 3815 5416">
    <p class='ocr_par' dir='ltr' id='par_1_113' title="bbox 2232 5346 3815 5416">
     <span class='ocr_line' id='line_1_113' title="bbox 2232 5346 3815 5416; baseline -0.002 -12"><span class='ocrx_word' id='word_1_806' title='bbox 2232 5349 2537 5404; x_wconf 85' lang='lat' dir='ltr'><strong>Barcinoue</strong></span> <span class='ocrx_word' id='word_1_807' title='bbox 2563 5348 2705 5402; x_wconf 84' lang='lat' dir='ltr'><strong>idem</strong></span> <span class='ocrx_word' id='word_1_808' title='bbox 2736 5350 3018 5416; x_wconf 85' lang='lat' dir='ltr'><strong>Paulinus,</strong></span> <span class='ocrx_word' id='word_1_809' title='bbox 3047 5363 3154 5404; x_wconf 92' lang='lat' dir='ltr'><strong>non</strong></span> <span class='ocrx_word' id='word_1_810' title='bbox 3185 5365 3376 5406; x_wconf 89' lang='lat' dir='ltr'><strong>omnes</strong></span> <span class='ocrx_word' id='word_1_811' title='bbox 3412 5351 3580 5408; x_wconf 91' lang='lat' dir='ltr'><strong>simul</strong></span> <span class='ocrx_word' id='word_1_812' title='bbox 3610 5365 3726 5407; x_wconf 91' lang='lat' dir='ltr'><strong>suas</strong></span> <span class='ocrx_word' id='word_1_813' title='bbox 3750 5346 3815 5401; x_wconf 83' lang='lat' dir='ltr'><strong>fa-</strong></span> 
     </span>
    </p>
   </div>
   <div class='ocr_carea' id='block_1_114' title="bbox 2229 5441 3813 5512">
    <p class='ocr_par' dir='ltr' id='par_1_114' title="bbox 2229 5441 3813 5512">
     <span class='ocr_line' id='line_1_114' title="bbox 2229 5441 3813 5512; baseline -0.002 -14"><span class='ocrx_word' id='word_1_814' title='bbox 2229 5442 2464 5498; x_wconf 86' lang='lat' dir='ltr'><strong>cultates</strong></span> <span class='ocrx_word' id='word_1_815' title='bbox 2493 5441 2874 5512; x_wconf 89' lang='lat' dir='ltr'><strong>publicaverit,</strong></span> <span class='ocrx_word' id='word_1_816' title='bbox 2905 5441 3336 5511; x_wconf 83' lang='lat' dir='ltr'><strong>vendiderilque,</strong></span> <span class='ocrx_word' id='word_1_817' title='bbox 3377 5442 3473 5498; x_wconf 86' lang='lat' dir='ltr'><strong>sed</strong></span> <span class='ocrx_word' id='word_1_818' title='bbox 3502 5444 3623 5499; x_wconf 88' lang='lat' dir='ltr'><strong>illas</strong></span> <span class='ocrx_word' id='word_1_819' title='bbox 3643 5444 3692 5498; x_wconf 93' lang='lat' dir='ltr'><strong>in</strong></span> <span class='ocrx_word' id='word_1_820' title='bbox 3713 5442 3813 5509; x_wconf 83' lang='lat' dir='ltr'><strong>pln-</strong></span> 
     </span>
    </p>
   </div>
   <div class='ocr_carea' id='block_1_115' title="bbox 2229 5530 3812 5606">
    <p class='ocr_par' dir='ltr' id='par_1_115' title="bbox 2229 5530 3812 5606">
     <span class='ocr_line' id='line_1_115' title="bbox 2229 5530 3812 5606; baseline -0.006 -16"><span class='ocrx_word' id='word_1_821' title='bbox 2229 5549 2318 5590; x_wconf 90' lang='lat' dir='ltr'><strong>res</strong></span> <span class='ocrx_word' id='word_1_822' title='bbox 2359 5541 2542 5603; x_wconf 89' lang='lat' dir='ltr'><strong>partes</strong></span> <span class='ocrx_word' id='word_1_823' title='bbox 2585 5533 2790 5588; x_wconf 90' lang='lat' dir='ltr'><strong>sensim</strong></span> <span class='ocrx_word' id='word_1_824' title='bbox 2827 5533 3162 5589; x_wconf 83' lang='lat' dir='ltr'><strong>distraxerit.</strong></span> <span class='ocrx_word' id='word_1_825' title='bbox 3206 5533 3395 5606; x_wconf 84' lang='lat' dir='ltr'><strong>Itaque</strong></span> <span class='ocrx_word' id='word_1_826' title='bbox 3431 5549 3556 5590; x_wconf 90' lang='lat' dir='ltr'><strong>cum</strong></span> <span class='ocrx_word' id='word_1_827' title='bbox 3600 5530 3812 5591; x_wconf 86' lang='lat' dir='ltr'><strong>venditis</strong></span> 
     </span>
    </p>
   </div>
   <div class='ocr_carea' id='block_1_116' title="bbox 2230 5624 3807 5700">
    <p class='ocr_par' dir='ltr' id='par_1_116' title="bbox 2230 5624 3807 5700">
     <span class='ocr_line' id='line_1_116' title="bbox 2230 5624 3807 5700; baseline -0.005 -14"><span class='ocrx_word' id='word_1_828' title='bbox 2230 5629 2339 5687; x_wconf 89' lang='lat' dir='ltr'><strong>illis</strong></span> <span class='ocrx_word' id='word_1_829' title='bbox 2362 5626 2638 5694; x_wconf 89' lang='lat' dir='ltr'><strong>omnibus,</strong></span> <span class='ocrx_word' id='word_1_830' title='bbox 2661 5627 2949 5684; x_wconf 87' lang='lat' dir='ltr'><strong>Paulinum</strong></span> <span class='ocrx_word' id='word_1_831' title='bbox 2976 5628 3151 5699; x_wconf 91' lang='lat' dir='ltr'><strong>ipsum</strong></span> <span class='ocrx_word' id='word_1_832' title='bbox 3170 5624 3280 5698; x_wconf 88' lang='lat' dir='ltr'><strong>jam</strong></span> <span class='ocrx_word' id='word_1_833' title='bbox 3309 5627 3511 5685; x_wconf 91' lang='lat' dir='ltr'><strong>factum</strong></span> <span class='ocrx_word' id='word_1_834' title='bbox 3539 5635 3807 5700; x_wconf 86' lang='lat' dir='ltr'><strong>pauperem</strong></span> 
     </span>
    </p>
   </div>
   <div class='ocr_carea' id='block_1_117' title="bbox 2232 5717 3801 5793">
    <p class='ocr_par' dir='ltr' id='par_1_117' title="bbox 2232 5717 3801 5793">
     <span class='ocr_line' id='line_1_117' title="bbox 2232 5717 3801 5793; baseline -0.001 -16"><span class='ocrx_word' id='word_1_835' title='bbox 2232 5726 2460 5777; x_wconf 71' lang='lat' dir='ltr'><strong>teStetur</strong></span> <span class='ocrx_word' id='word_1_836' title='bbox 2482 5719 2824 5789; x_wconf 86' lang='lat' dir='ltr'><strong>Ambrosius,</strong></span> <span class='ocrx_word' id='word_1_837' title='bbox 2861 5721 3010 5776; x_wconf 90' lang='lat' dir='ltr'><strong>illum</strong></span> <span class='ocrx_word' id='word_1_838' title='bbox 3036 5718 3086 5775; x_wconf 86' lang='lat' dir='ltr'><strong>in</strong></span> <span class='ocrx_word' id='word_1_839' title='bbox 3119 5723 3401 5793; x_wconf 86' lang='lat' dir='ltr'><strong>procinctu</strong></span> <span class='ocrx_word' id='word_1_840' title='bbox 3424 5722 3492 5777; x_wconf 88' lang='lat' dir='ltr'><strong>ad</strong></span> <span class='ocrx_word' id='word_1_841' title='bbox 3524 5717 3626 5778; x_wconf 88' lang='lat' dir='ltr'><strong>iter</strong></span> <span class='ocrx_word' id='word_1_842' title='bbox 3644 5733 3801 5777; x_wconf 79' lang='lat' dir='ltr'><strong>suum.</strong></span> 
     </span>
    </p>
   </div>
  </div>
