3936 6168
114 252 194 312 877
1223 242 1703 304 EPISTOLARUM
1741 243 2024 304 CLASSIS
2064 244 2103 299 l.
3209 250 3312 311 878

106 367 241 423 dicam
262 382 274 417 :
294 377 408 427 non,
438 361 665 433 inquam,
697 360 829 416 mihi
861 359 1287 426 affectusdefuit,
1320 361 1415 417 sed
1445 360 1609 417 aﬂ‘ec-
1634 372 1684 430 Α
1714 361 1904 430 ιιοιιιίι,
1942 368 1999 414 ιιι
2024 360 2075 415 ei
2105 373 2213 414 non
2245 358 2494 430 objicias,
2523 375 2685 431 quam
2722 361 2774 415 in
2809 369 2861 417 te
2891 362 3068 431 vides,
3101 376 3313 424 creatu-

106 467 188 511 ιιιιιι
208 452 484 510 verecundia
510 451 822 519 retardavit,
855 452 1147 521 quominus
1172 452 1479 509 clementia:
1507 462 1613 508 tua:
1718 453 1876 507 ram?
1910 451 2066 505 .Nihil
2117 451 2396 518 moralins,
2448 451 2585 507 nihil
2619 454 2935 522 expressius
2963 454 3067 512 dici
3101 460 3272 527 potuit
3300 476 3314 524 ;

101 551 433 601 occurram.-
456 543 767 598 Rerertenti
798 553 975 598 tamen
1003 543 1049 598 si
1082 557 1187 599 non
1211 544 1423 599 occurri
1448 545 1615 601 vesti—
1718 552 2024 601 creaturam
2065 546 2213 601 enim
2258 545 2536 601 Christum
2579 546 2783 615 dicere,
2815 562 2916 620 pro
2946 548 3159 618 objecta
3186 566 3318 605 eon-

102 639 183 708 εἰη,
206 636 385 691 οιτοιιιιί
406 637 597 699 animo,
618 638 832 692 occurri
864 648 1011 703 voto,
1045 638 1096 692 in
1121 653 1229 708 quo
1250 638 1457 706 majora
1488 646 1615 695 sunt
1720 636 1957 692 tumelias
1986 646 2090 701 est,
2126 651 2233 692 non
2264 652 2360 706 pro
2389 637 2736 694 confessione
2774 642 3117 695 reverentiae.
3151 641 3315 697 Dein-

100 729 232 783 ol‘ﬁcia
253 727 1260 796 sacerdtuis.0ceurri,dieo?Quando
1280 731 1424 785 enim
1444 730 1612 795 ablui.
1720 730 1788 785 de
1826 730 1955 802 quid
2000 741 2107 786 tam
2165 730 2427 800 insolens,
2486 747 2647 803 quam
2706 731 2755 787 id
2806 749 2931 789 enm
2981 734 3315 799 existimare,

98 832 220 891 quem
244 828 340 874 toto
353 821 607 891 sequebar
630 820 849 887 aifecm,
872 823 958 877 cui
974 836 1137 878 sensu
1162 838 1225 878 ac
1244 825 1516 881 mentibus
1536 826 1618 879 ιιι-ο
1720 823 1861 893 quod
1885 839 1985 879 nos
2013 823 2234 877 sumus?
2260 823 2497 878 Docuisti
2516 825 2677 893 igitur
2700 840 2809 893 me,
2830 841 2857 879 a
2887 841 2994 897 quo
3019 836 3070 881 te
3098 825 3313 882 discere

100 913 349 967 iambum?
376 912 437 967 Et
460 922 607 968 certe
647 914 822 981 major
849 913 1153 970 animorum
1180 916 1466 984 praesentia
1508 927 1612 973 est.
1721 914 2331 985 velleproﬁterisznihil
2356 914 2655 971 taleadhne
2683 915 3085 986 legi,nihiltale
3112 916 3309 971 audivi.

101 1004 577 1074 Tuomqnotidiannm
605 1005 711 1062 iter
735 1005 1007 1077 legebam,
1041 1015 1200 1062 nocte
1230 1022 1295 1062 ac
1319 1007 1480 1063 diein
1514 1008 1619 1063 luis
1795 1010 1849 1066 5.
1890 1008 2062 1076 Quam
2114 1010 2259 1080 pium
2316 1020 2496 1064 autem
2547 1006 2706 1075 illud,
2760 1024 2919 1079 quam
2965 1008 3318 1073 admirabile,

101 1097 606 1152 astriseoraetsensu
634 1099 863 1165 locatus,
878 1098 1185 1156 orationum
1214 1100 1457 1157 excubiis
1483 1116 1621 1173 prae-
1723 1103 1866 1173 quod
1896 1104 1946 1157 in
1976 1102 2085 1157 Deo
2113 1118 2217 1157 non
2253 1103 2462 1158 vereris
2502 1102 2788 1157 invidiam!
2826 1103 2901 1158 De
2942 1103 3099 1158 Patre
3141 1119 3322 1159 remu—

102 1187 758 1247 tendebamzetsiinvalidus
785 1192 1006 1259 merito,
1037 1193 1133 1248 sed
1163 1192 1615 1248 alieetuscdulus.
1724 1195 2059 1250 iterationem
2097 1210 2193 1263 pro
2228 1194 2351 1249 Filii
2396 1208 2584 1249 amore
2633 1195 2939 1261 prtesumis,
2972 1205 3025 1250 et
3057 1195 3327 1250 laudando

1725 1286 1948 1354 Filium,
1974 1304 2082 1341 non
2097 1288 2147 1341 ei
2178 1297 2231 1343 te
2259 1302 2417 1356 posse
2440 1285 2860 1356 aliquidadtlere
2889 1288 3160 1356 profiteris
3184 1306 3196 1341 :
3228 1287 3325 1343 sed

1727 1378 1868 1434 velle
1895 1387 1951 1432 ut
1975 1377 2140 1433 etiam
2172 1377 2318 1432 Patri
2353 1388 2405 1432 te
2448 1377 2571 1432 Filii
2623 1376 3012 1447 praedicatione
3042 1392 3328 1433 commen-

1725 1471 1843 1527 des.
1868 1471 2025 1539 Quod
2056 1471 2243 1538 utique
2264 1471 2414 1525 solus
2441 1476 2494 1525 te
2515 1470 2701 1526 docuit
2728 1470 2840 1534 ille,
2884 1472 2974 1539 qui
3005 1471 3144 1527 dixit
3175 1489 3188 1525 :
3220 1471 3325 1539 Qui

150 1279 278 1352 153
309 1282 357 1336 2.
401 1282 461 1339 Et
484 1283 602 1339 hee
628 1282 847 1352 quidem
876 1298 1001 1340 cum
1043 1298 1141 1355 pro
1175 1294 1261 1340 tua
1312 1285 1491 1340 salute
1527 1286 1619 1340 tle-

100 1371 360 1440 ituehatlus.
385 1390 480 1447 pro
502 1378 661 1433 nobis
690 1377 1042 1433 faciebamus.
1076 1376 1219 1433 Nihil
1245 1378 1331 1433 hic
1357 1378 1624 1435 adulatio-

102 1463 161 1518 ois
188 1474 276 1533 est,
311 1483 458 1537 quam
486 1477 541 1524 tu
573 1482 683 1525 non
723 1469 977 1542 requiris,
1025 1485 1127 1541 ego
1166 1470 1405 1525 alienam
1438 1480 1623 1527 nostro

100 1556 200 1612 (loco
223 1558 381 1615 officio
410 1578 425 1616 :
453 1561 548 1618 sed
598 1562 891 1632 plurimum
930 1561 1146 1633 gratiae,
1190 1577 1350 1633 quam
1401 1561 1621 1617 dedisti.
1727 1581 1807 1619 me
1836 1564 2028 1634 diligit,
2059 1565 2306 1635 diligetur
2334 1581 2367 1618 ιι
2392 1562 2682 1618 Patremeo
2708 1562 2890 1636 (loco.
2920 1576 3033 1629 xtv,
3064 1564 3182 1636 21).

101 1650 182 1708 Scit
201 1652 301 1723 ipse
337 1658 499 1712 nostri
528 1657 770 1721 arbiter.
817 1671 977 1729 quem
1028 1656 1249 1725 fateris,
1295 1667 1349 1713 et
1378 1657 1433 1712 in
1463 1674 1623 1730 quem
1799 1658 1855 1713 6.
1896 1657 2171 1714 Addidisti
2206 1657 2274 1713 ad
2317 1657 2431 1712 haec
2453 1698 2471 1724 ,
2506 1657 2633 1728 quia
2664 1665 2722 1711 tu
2756 1656 3008 1713 inﬁrmus
3032 1665 3089 1713 et
3126 1657 3333 1729 fragilis

101 1749 160 1815 pie
179 1750 363 1817 credis,
390 1752 539 1809 reﬁci
572 1754 782 1810 viscera
813 1769 931 1809 mea
976 1762 1067 1808 tua
1100 1753 1237 1819 ﬁde,
1286 1765 1372 1810 tua
1417 1756 1623 1823 salute,
1656 1764 1706 1826 Β
1733 1768 1838 1808 non
1870 1762 1925 1808 te
1964 1752 2130 1808 talem
2186 1751 2526 1808 laudatorem
2580 1751 2831 1821 putabas,
2890 1760 2969 1807 ut.
2999 1752 3337 1807 divinitatem

101 1848 162 1894 tua
190 1842 337 1913 gloria
369 1860 382 1897 :
412 1860 608 1918 meque
645 1861 755 1903 non
794 1847 974 1903 solum
1004 1845 1034 1886 1)
1074 1845 1257 1903 officio
1284 1849 1501 1921 publico
1531 1848 1632 1905 de-
1733 1847 1917 1902 verbis
1946 1860 2147 1917 augeas
2177 1863 2190 1900 :
2218 1846 2314 1902 sed
2335 1852 2597 1916 quantum
2627 1844 2805 1915 possis
2846 1844 3143 1914 praedices,
3168 1843 3339 1917 754

98 1930 199 1989 bitas
233 1937 449 2004 pendere
496 1954 721 2011 preces,
780 1938 876 1996 sed
931 1939 1097 1995 etiam
1154 1956 1340 1997 amore
1396 1943 1628 2012 privato.

100 2026 380 2088 ‘lleddldisti
398 2034 544 2090 enim
561 2035 691 2089 mihi
720 2034 961 2105 quietem
986 2032 1271 2104 Ecclesim,
1304 2035 1631 2105 perfidorum

1735 1955 1843 1996 non
1872 1950 2135 2012 quantum
2170 1947 2256 1996 est
2284 1940 2398 2009 ipsa
2423 1939 2701 1994 divinitas.
2758 1939 2885 1994 Haec
2936 1938 3224 1995 infirmitas
3276 1941 3328 1995 in

1734 2031 1956 2089 Christo
1984 2033 2178 2089 fortior
2204 2042 2309 2097 est,
2341 2033 2484 2088 sicut
2523 2040 2578 2086 et
2629 2031 2923 2101 Apostolus
2970 2030 3107 2086 disit
3143 2050 3156 2085 :
3200 2031 3333 2086 Cum

97 2140 184 2191 ora,
208 2140 349 2201 atque
379 2132 586 2189 utinam
636 2141 693 2189 et
735 2131 923 2195 corda,
971 2130 1213 2187 clausisti
1242 2149 1255 2184 :
1308 2130 1498 2187 ethoc
1527 2146 1633 2185 non
1735 2127 1996 2196 inﬁmor,
2020 2135 2142 2179 tunc
2171 2134 2351 2195 potens
2386 2139 2501 2179 sum
2527 2124 2598 2196 (ll
2629 2123 2749 2178 Cor.
2776 2139 2882 2191 xu,
2915 2124 3029 2195 10).
3076 2125 3202 2180 Hmc
3241 2124 3345 2179 hu-

99 2219 261 2277 minore
283 2222 418 2292 lidei,
449 2240 614 2297 quam
649 2224 932 2293 potestatis
964 2224 1291 2279 auctoritate
1324 2223 1527 2279 iecisti.

146 2314 189 2368 ὅ.
223 2314 338 2371 Nam
363 2318 488 2389 quid
512 2323 587 2372 de
622 2318 820 2373 litteris
850 2316 1160 2373 recentibus
1187 2316 1417 2386 loquar?
1446 2316 1635 2387 Scrip-

96 2406 184 2460 sisti
200 2414 282 2465 tua
310 2420 466 2466 totam
498 2410 791 2482 epistolam
820 2426 1015 2476 manu;
1050 2420 1108 2465 ut
1136 2409 1240 2480 ipsi
1269 2409 1449 2478 apices
1479 2408 1638 2463 fidem

97 2504 205 2555 tuam
240 2502 603 2576 pietatemque
660 2503 1033 2575 loquerentur.
1092 2503 1184 2560 Sic
1225 2501 1499 2557 Abraham
1544 2517 1640 2559 sua

96 2605 220 2649 manu
254 2598 509 2668 quondam
544 2597 778 2653 vitulum
829 2584 1034 2653 occidit
1079 2596 1231 2667 (Gen.
1281 2612 1441 2663 svnt,
1473 2593 1551 2667 7),
1583 2605 1645 2651 ut

95 2681 348 2757 hospitibus
374 2691 729 2762 epulantibus
758 2691 1096 2746 ministraret
1123 2709 1135 2743 :
1171 2706 1273 2745 nec
1317 2691 1367 2743 in
1396 2689 1645 2745 ministe-

96 2774 157 2831 rio
192 2778 424 2853 religioso
467 2783 705 2840 aliorum
753 2781 1065 2853 adjumenta
1107 2781 1379 2854 quaesivit.
1423 2780 1528 2838 Sed
1557 2781 1647 2836 ille

95 2867 288 2936 privatus
315 2883 405 2931 aut
430 2876 669 2933 Domino
713 2882 769 2931 et
797 2874 1024 2946 angelis,
1058 2882 1153 2929 aut
1197 2873 1424 2929 Domino
1459 2873 1509 2928 in
1553 2888 1649 2928 an-

95 2962 199 3029 gelis
238 2965 554 3025 deferebat:
608 2979 690 3032 tu,
736 2965 1062 3036 Imperator,
1111 2966 1426 3037 dignatione
1483 2965 1647 3037 regali

96 3051 287 3114 honoras
314 3059 559 3116 inﬁmum
591 3059 950 3115 sacerdotem.
985 3057 1093 3113 Sed
1125 3056 1357 3112 Domino
1380 3053 1648 3121 defertur,

96 3158 186 3201 cum
209 3151 439 3208 servulus
468 3151 812 3217 honoratur;
842 3151 958 3220 ipse
991 3149 1136 3205 enim
1169 3149 1311 3203 dixit
1338 3168 1350 3202 :
1379 3148 1532 3213 Quod
1561 3149 1649 3202 uni

95 3234 240 3294 harum
251 3244 576 3299 minimarum
591 3244 807 3316 fecistis,
826 3244 951 3296 milii
971 3242 1162 3313 fecistis
1177 3240 1526 3315 (Mdtth.xxv,
1538 3240 1646 3312 i0).

145 3333 191 3386 4-
228 3338 290 3392 At
317 3352 413 3410 ego
464 3338 834 3395 humilitatem
885 3335 1259 3391 tantummodo
1309 3333 1546 3405 praedico
1592 3333 1647 3390 in

93 3421 374 3494 imperatore
403 3430 726 3495 sublimem,
766 3443 830 3484 ac
862 3444 970 3483 non
1016 3427 1251 3499 amplius
1280 3427 1440 3482 fidem
1484 3441 1646 3495 quam

92 3526 192 3569 vere
217 3521 421 3578 conscia
465 3519 653 3578 meriti
700 3520 774 3575 tui
824 3529 1009 3575 mente
1056 3520 1263 3586 dixisti,
1299 3535 1457 3590 quam
1489 3518 1651 3578 docet

1737 2220 1940 2275 milites
1965 2218 2207 2274 excludit
2244 2217 2618 2288 fragilitatem.

1812 2314 1865 2367 7.
1889 2310 1917 2349 ά
1953 2312 2175 2366 Veniam
2207 2313 2390 2382 plane,
2415 2319 2472 2367 et
2494 2311 2789 2379 festinabo,
2828 2320 2885 2366 ιιι
2911 2308 3105 2384 juhes;
3132 2323 3189 2368 ut
3222 2313 3338 2369 haec

1748 2419 1991 2476 prtescus
2033 2403 2287 2467 audiam,
2332 2412 2393 2460 ut
2435 2403 2555 2459 hare
2602 2419 2850 2475 prtesens
2879 2406 3086 2474 legam,
3129 2421 3252 2461 cum
3281 2421 3348 2462 ex

1746 2511 1838 2555 tuo
1875 2515 1974 2556 ore
2003 2498 2322 2569 procellunt.
2361 2498 2479 2554 Misi
2520 2507 2706 2555 autem
2746 2498 2881 2556 duos
2921 2500 3174 2567 libellos,
3214 2516 3352 2571 quo-

1744 2608 1864 2647 rum
1890 2591 2041 2662 jam,
2073 2591 2197 2661 quia
2231 2600 2337 2646 tua:
2371 2591 2678 2646 clementiae
2705 2600 2833 2647 sunt
2861 2591 3101 2662 probati.
3136 2593 3347 2663 perieu-

1746 2685 1854 2741 lum
1892 2701 1998 2741 non
2035 2685 2265 2740 verebor
2310 2703 2322 2738 :
2356 2685 2425 2745 de
2459 2676 2662 2755 Spiritu
2694 2700 2828 2743 vero
2866 2687 3084 2744 interim
3130 2687 3343 2744 veniam

1751 2778 2036 2848 scriptioni
2063 2786 2211 2850 peto;
2236 2778 2493 2848 quoniam
2516 2793 2677 2849 quem
2699 2779 2939 2849 judicem
2966 2779 3074 2836 mei
3099 2781 3201 2837 sim
3228 2795 3344 2836 ser-

1749 2873 1929 2928 monis
1951 2872 2255 2939 habiturus,
2277 2873 2495 2943 agnovi.

1818 2964 1872 3020 8.
1902 2964 2125 3020 Interim
2151 2974 2330 3018 tamen
2359 2963 2631 3023 sententia
2658 2973 2715 3020 et
2736 2963 2884 3022 ﬁdes
2907 2973 2999 3021 tua
3021 2964 3091 3020 de
3114 2964 3349 3022 Domino

1753 3065 1807 3113 et
1837 3056 2122 3113 Salvatore
2164 3057 2487 3127 deprompta
2518 3057 2589 3113 de
2621 3058 2714 3113 Dei
2755 3057 2931 3126 Filio,
2970 3058 3237 3115 redundat
3280 3060 3347 3116 ad

1750 3149 2107 3204 assertionem
2155 3148 2487 3207 uberrimam
2520 3189 2535 3215 ,
2580 3163 2679 3218 per
2719 3164 2880 3219 quem
2912 3151 3093 3207 sancti
3133 3165 3353 3223 quoque

1752 3240 1986 3312 Spiritus
2025 3241 2289 3299 divinitas
2333 3243 2666 3312 sempiterna
2710 3244 3001 3310 credatur;
3048 3253 3109 3301 ut
3149 3262 3255 3301 non
3299 3248 3350 3303 ei

1750 3335 1996 3405 objicias,
2022 3352 2181 3405 quam
2207 3337 2259 3391 in
2292 3345 2344 3393 te
2373 3337 2527 3394 vides
2548 3348 2881 3407 creaturam,
2907 3354 3008 3397 nec
3030 3340 3207 3397 Deum
3232 3342 3346 3397 Pa-

1758 3436 1893 3483 trem
1929 3427 2138 3484 Domini
2171 3427 2344 3484 nostri
2377 3427 2508 3487 Jesu
2538 3428 2740 3485 Christi
2772 3431 2998 3500 Spiritui
3030 3446 3131 3487 suo
3162 3433 3351 3489 existi-

1755 3536 1871 3576 mes
1902 3520 2170 3577 invidere.
2220 3520 2377 3591 Quod
2414 3523 2562 3581 enim
2595 3530 2865 3579 creatura:
2911 3532 3065 3580 caret
3111 3541 3358 3584 commu-

92 3612 132 3662 te
148 3608 247 3679 ille,
274 3628 428 3685 quem
457 3626 573 3671 non
606 3611 815 3684 negas?
848 3611 982 3681 Quis
1013 3613 1159 3668 enim
1202 3612 1341 3668 alius
1372 3611 1569 3668 docere
1595 3619 1648 3669 te
1674 3602 1720 3666 C
1755 3612 1946 3680 nione,
1975 3612 2222 3670 divinum
2252 3623 2356 3670 est.

93 3761 147 3819 ita
193 3772 532 3827 consuevisse
580 3768 984 3840 quodammodo
1039 3768 1241 3840 indicat
1296 3767 1648 3831 Ambrosius;

91 3850 289 3913 namque,
328 3843 379 3897 in
421 3839 675 3913 epistola:
707 3839 994 3913 principio,
1025 3854 1148 3895 cum
1177 3839 1494 3897 Gratianum
1535 3852 1653 3913 rur-

92 3908 382 3980 suseodem
424 3908 717 3970 vocabulo
745 3908 1177 3980 compellassel,
1218 3913 1482 3964 rationem
1518 3908 1653 3980 ejus

92 3978 241 4053 statim
263 3981 441 4053 adjicit
470 4003 484 4039 :
525 3981 679 4038 Nihil
716 3977 885 4047 enim,
909 3982 1114 4051 inquit,
1153 3980 1335 4053 habeo,
1370 3992 1475 4053 etc.
1510 3977 1654 4034 Sane

91 4052 272 4123 ‘luideut
306 4049 428 4123 jure
469 4057 673 4111 merito
717 4049 1204 4108 christianissimus
1250 4049 1346 4123 ille
1390 4049 1654 4103 salutatus

94 4129 175 4182 est.
200 4121 429 4194 quicum
459 4144 522 4182 se
558 4125 629 4179 ab
658 4125 840 4180 ariauu
889 4136 1070 4194 peste,
1100 4138 1220 4191 quae
1249 4121 1528 4194 Valentem
1565 4134 1653 4194 pa-

93 4189 267 4262 truum,
295 4190 566 4254 Justinam
599 4189 908 4261 novercam,
941 4189 1185 4263 aliosque
1215 4193 1501 4263 principes
1522 4189 1657 4263 infe-

93 4261 532 4330 cerat,intaetum
588 4273 882 4325 servasset.
945 4261 1109 4320 tanto
1138 4263 1335 4318 ardore
1384 4261 1658 4333 ﬂagitabat

95 4344 194 4387 tota
235 4336 333 4393 ﬁde
374 4353 436 4394 se
473 4337 791 4401 informari,
842 4336 997 4405 cujus
1022 4343 1401 4405 propugnator
1432 4348 1657 4405 semper

92 4406 266 4478 exstitit
288 4425 450 4478 quam
480 4409 802 4467 acerrimus.
834 4403 1045 4478 Eodem
1081 4403 1296 4476 quoque
1323 4403 1483 4478 modo
1511 4403 1654 4478 idem

95 4470 376 4535 Ambrosius
407 4480 849 4545 \{alentinianum
868 4476 922 4532 in
952 4470 1433 4545 lemmate-prioris
1458 4474 1655 4532 adver-

94 4555 168 4600 sus
188 4548 565 4620 Symmachum
585 4549 1097 4620 epistolteappellat
1115 4548 1620 4620 christianissimom
1640 4562 1654 4620 ξ

93 4622 141 4684 ιιι
158 4616 397 4679 videlicet
444 4624 561 4684 hoc.
603 4616 694 4675 ille
735 4616 907 4675 titulo
928 4616 1052 4674 eum
1084 4620 1150 4673 ad
1181 4617 1489 4674 chrisﬁanm
1535 4616 1657 4672 lidei

94 4683 435 4748 defensionem
470 4683 647 4748 teneri
688 4690 1039 4748 significaret.

151 4766 173 4793 "
206 4759 313 4818 Hoc
345 4765 595 4835 intelligo
631 4762 699 4817 de
728 4758 970 4835 Gratiani
1012 4760 1190 4835 reditu
1229 4777 1298 4835 es
1334 4759 1554 4835 Oriente
1604 4758 1657 4813 iu

91 4825 437 4903 Germaniam,
470 4825 677 4903 dique
706 4832 831 4887 vide
872 4847 994 4903 quae
1025 4848 1124 4889 nos
1170 4833 1223 4887 iu
1275 4831 1661 4887 Admonitioue

93 4898 148 4951 ad
162 4902 330 4959 libros
350 4898 432 4961 de
448 4898 988 4960 lt‘idc'ohservamus.

1759 3782 1921 3822 sensu
1945 3767 2083 3837 apud
2101 3767 2507 3837 Hieronymum.
2540 3768 2886 3823 Ambrosium
2913 3776 3156 3827 nostrum
3186 3774 3354 3831 alios-

1760 3853 1865 3906 que
1904 3850 2156 3910 auctores
2203 3837 2605 3910 erclesiastieos
2651 3839 2907 3910 frequens
2949 3844 3221 3910 occurrit;
3257 3846 3354 3903 sed

1760 3908 2061 3984 proatuplo
2091 3908 2490 3984 ιιιιιιιιειιιιιιιιξοΣ
2518 3908 2607 3963 ubi
2635 3908 2867 3984 consilia
2891 3908 3353 3984 etjndicia,'eon-

1762 3978 1922 4040 \‘ivia,
1950 3976 2063 4031 lttdi
2088 3985 2145 4031 et
2168 3978 2365 4060 similia
2402 3978 2626 4060 ﬂebant,
2658 3992 2709 4033 ut
2752 3995 2783 4034 ιι
2809 3976 3077 4060 Cicerone
3116 3976 3351 4060 aliisque

1762 4058 2143 4125 usurpataest.
2178 4047 2289 4102 Hoc
2330 4048 2753 4125 intelligasunon
2785 4053 2974 4125 solum
3020 4070 3086 4108 cx
3115 4073 3182 4110 eo
3210 4047 3353 4125 quod

1761 4118 1881 4173 foro
1910 4118 2196 4187 conjuncta
2222 4128 2302 4173 est
2331 4118 2400 4173 ah
2425 4118 2688 4185 Attsonio,
2706 4121 2798 4176 sed
2822 4125 2984 4177 etiam
3002 4126 3125 4188 quia
3152 4118 3351 4186 ibidem

1760 4189 1829 4247 de
1873 4198 2101 4265 utroque
2126 4190 2277 4258 juxta
2300 4192 2515 4265 dicitur
2544 4233 2559 4256 ,
2592 4194 2713 4246 olim
2743 4194 2955 4264 negotiis
2986 4193 3157 4265 plena.
3199 4201 3354 4265 Quod

1762 4271 1946 4337 autem
1980 4260 2196 4337 additur
2226 4262 2491 4337 publicam
2537 4260 2883 4337 securitatem
2913 4266 2966 4320 in
2986 4260 3178 4323 'salute
3210 4260 3347 4337 prin-

1760 4330 2305 4410 cipiiesseupositam
2324 4351 2338 4398 ;
2373 4334 2436 4410 id-
2474 4335 2698 4410 pulchre
2730 4337 2982 4410 convenit
3021 4352 3142 4396 eum
3193 4330 3357 4410 supe-

1763 4402 1996 4484 rioribus
2038 4403 2143 4460 illis
2187 4402 2563 4461 Ambrosianis
2594 4424 2606 4460 :
2638 4404 2706 4460 Et
2744 4411 2852 4462 Irwc
2880 4409 3085 4478 quidem
3112 4427 3231 4465 cum
3260 4402 3355 4484 pro

1764 4485 1850 4529 tua
1878 4475 2046 4529 salute
2059 4516 2073 4540 ,
2110 4485 2216 4529 etc.

1839 4557 1860 4585 ο
1892 4545 2220 4624 Vexationes
2256 4546 2469 4624 aliquas
2504 4547 2595 4624 hic
2622 4548 2868 4624 indicari,
2911 4565 3046 4621 quas
3086 4553 3206 4623 ipso
3241 4556 3355 4624 epi-

1763 4625 2037 4689 scopatus
2061 4618 2213 4689 initio
2243 4621 2310 4671 ah
2339 4616 2591 4674 Auxenlii
2638 4616 2943 4677 fautoribus
2962 4616 3150 4689 passus
3193 4616 3357 4681 lue-rit

1763 4694 1982 4760 sanctus
2014 4688 2242 4751 Prmsul,
2271 4704 2379 4743 non
2411 4691 2754 4760 ambigimus.
2796 4690 2864 4746 Et
2891 4688 3039 4748 certe
3068 4692 3206 4748 lilrro
3233 4711 3247 4748 ι
3286 4695 3356 4752 de

1766 4759 1970 4827 Spiritu
1998 4768 2197 4831 sancto
2217 4773 2351 4831 cap:
2372 4760 2424 4827 i,
2461 4759 2696 4816 basilicaz
2717 4764 2999 4831 cujusdam
3031 4765 3232 4819 mentio
3260 4781 3356 4821 ex-

1765 4840 1893 4895 stat,
1934 4844 2093 4903 quam
2121 4830 2291 4903 prius,
2315 4828 2552 4903 Δ,ιιιειιιιιςιξ
2596 4828 2799 4899 procul
2827 4828 2993 4888 dubio
3021 4834 3271 4903 precibus
3299 4845 3356 4892 et

1768 4898 2153 4978 auctoritate,a
2177 4898 2434 4978 Gratiano
2456 4898 2871 4978 sequestratam,
2904 4898 3187 4959 catholicis
3207 4916 3358 4978 post-

146 4968 173 5009 δ
209 4971 282 5029 Es
312 4975 418 5055 hoc
468 4977 592 5032 loco
624 4975 861 5055 publicas
891 4989 1081 5055 preces
1117 4987 1216 5044 pro
1244 4970 1665 5055 imperatoribus
1767 4969 1995 5055 euidenti
2021 4970 2388 5055 restituitLSed
2404 4986 2467 5026 ea
2491 4968 3189 5055 huicepistoltenposteriora
3207 4968 3353 5055 sunt.

93 5036 136 5093 in
176 5048 574 5114 expeditionem
625 5036 905 5117 profectis”
930 5036 1503 5117 episcoporuni'jussu
1546 5039 1663 5117 fieri

91 5112 422 5186 memoriast;
462 5132 581 5172 non
608 5112 728 5173 sine
755 5130 914 5172 causa
956 5112 1139 5186 colligi
1171 5123 1368 5186 potest.
1401 5112 1663 5186 Baronius

88 5185 284 5249 quidem
315 5188 384 5243 ad
412 5204 547 5243 ann.
568 5187 697 5245 319.
729 5187 1074 5242 Ambrosium
1090 5182 1212 5240 ἰιοίι
1240 5184 1419 5241 stilum
1460 5182 1627 5237 fuisse
1647 5223 1662 5248 ,

91 5253 169 5329 qui
188 5255 426 5329 Gratiani
460 5275 617 5314 arma
639 5258 866 5329 publicis
884 5257 1224 5329 orationibus
1250 5257 1359 5329 [leo
1388 5269 1667 5329 commen—

92 5323 302 5393 daverit,
335 5329 467 5385 hinc
512 5323 879 5385 demonstrari
922 5328 1024 5382 sibi
1070 5325 1377 5397 persuadet,
1416 5325 1575 5397 quod
1617 5326 1669 5379 in

89 5400 316 5453 oratione
338 5401 572 5456 Ausonii
594 5399 663 5455 de
683 5415 782 5455 suo
812 5394 1096 5454 consulatu
1125 5413 1268 5452 anno
1296 5394 1462 5451 citato
1493 5395 1669 5451 eidem

1839 5037 1867 5077 ἀ
1907 5040 2080 5111 Roget
2122 5041 2315 5111 aliquis
2346 5054 2472 5095 num
2520 5037 2715 5097 revera
2758 5043 2825 5097 ad
2859 5037 3175 5101 Gratianum
3218 5047 3351 5102 Am-

1693 5089 1745 5150 D
1773 5089 2079 5166 mnsam
2099 5089 2730 5169 senatus;{5.31:5
2758 5089 2840 5168 "ait
2864 5089 3360 5181 35'5‘.3‘.‘.‘."1~;59:";ic

1772 5182 1973 5255 factum
2004 5191 2171 5251 putat.
2201 5181 2389 5255 Neque
2419 5199 2547 5239 vero
2572 5185 2703 5240 illud
2732 5188 2944 5255 penitus
2967 5202 2996 5240 a
3018 5188 3125 5242 title
3152 5188 3363 5245 videtur

1775 5254 2045 5328 alienum;
2076 5252 2655 5328 cumAntibrosiustam
2677 5252 2878 5312 diserte
2910 5258 3047 5313 hanc
3074 5260 3364 5328 profeetio-

1776 5339 1899 5379 nem
1917 5325 1988 5378 sit
2006 5323 2536 5395 pollicitus,eumque
2552 5326 2839 5383 Gratianus
2870 5336 2975 5383 tam
2999 5323 3236 5384 ofﬁciosa
3267 5331 3366 5384 htt-

1781 5395 2038 5450 manitate
2054 5397 2815 5471 a_nteverterlt.Verumtamen
2849 5409 3133 5471 negantem
3158 5402 3367 5471 opinio-

94 5462 399 5543 imperatori
445 5470 628 5543 oblata
680 5470 759 5526 sic
800 5472 1040 5543 legamus
1071 5466 1332 5543 aliorum
1373 5478 1420 5522 et
1467 5468 1678 5543 basilica
1780 5480 1902 5522 nem
1935 5468 2313 5543 existimamus
2353 5468 2796 5543 probabiliorem,
2824 5462 2948 5543 ιιιιιῖ
2980 5462 3209 5543 propter"
3235 5471 3364 5534 alia,

92 5533 204 5592 dini
230 5542 453 5620 negauit
483 5542 661 5620 piem,
690 5533 994 5620 nuncfvotis
1021 5542 1246 5620 votisque
1271 5556 1363 5611 pro
1389 5548 1480 5594 tua
1514 5539 1678 5620 solute

94 5616 363 5681 {incepti};
396 5628 525 5667 nam
547 5613 609 5668 de
636 5629 731 5668 sua
759 5614 843 5667 cui
870 5628 995 5678 non,
1020 5621 1067 5665 te
1083 5613 1673 5681 imperantgsecuritar.

95 5672 281 5751 Yeru'm
302 5672 424 5738 -ιιύιι
473 5683 607 5739 satis
637 5682 872 5738 advertit
896 5672 1123 5751 magnus
1156 5672 1463 5737 'Cardinalis
1492 5694 1678 5734 vocem

1783 5547 1893 5592 tum
1935 5539 2082 5610 quod
2108 5538 2285 5610 libros
2331 5541 2399 5593 ab
2426 5554 2495 5594 eo
2538 5541 2838 5610 postulatos
2878 5541 2947 5598 ad
2979 5538 3228 5599 eumdem
3262 5556 3371 5597 non

1784 5608 2074 5698 pertulerit
2103 5609 2239 5679 ipse,
2276 5610 2371 5698 sed
2397 5608 2646 5698 nti-serit;
2678 5620 2788 5698 tum
2820 5614 2984 5694 etiam
3024 5612 3166 5698 quod
3189 5614 3370 5698 im‘pe:

1784 5689 2019 5752 ratooetn
2048 5694 2250 5752 mense
2272 5679 2517 5752 Augusto
2540 5681 2702 5751 hujus
2732 5682 2902 5752 ipsius
2931 5679 3058 5740 anni
3086 5679 3373 5742 Mediolani

93 5745 293 5807 basilica
350 5769 464 5810 non
505 5768 602 5823 pro
630 5754 745 5811 aede
774 5767 930 5810 sacra
986 5745 1071 5807 hic
1113 5752 1341 5823 positam
1389 5765 1531 5818 esse,
1576 5764 1685 5819 quo
1787 5749 2040 5807 reducem
2080 5750 2247 5806 fuisse
2274 5745 2689 5821 comperiantus.
