3936 6168
585 228 692 286 879

1923 223 2169 281 SANCTI
2211 220 2531 281 AMBROSII
3760 223 3842 279 880

661 341 717 397 9.
744 339 800 397 Si
829 338 1094 396 Dominus
1119 337 1346 405 faverit,
1383 336 1511 394 huic
1543 339 1708 394 etiam
1743 336 2048 395 clementiae
2080 348 2185 393 tuac
2214 340 2268 398 Α
2289 351 2408 393 cem
2431 350 2604 391 suam.
2637 335 2738 390 Est
2757 341 2813 390 et
2839 333 3036 391 ﬂuvius
3063 331 3409 405 quidecurrit
3436 333 3491 389 in
3514 339 3722 389 sanctos
3740 348 3842 388 suos

590 431 922 489 satisfaciam
947 429 1233 498 voluntati;
1256 440 1309 485 ιιι
1329 429 1485 500 cujus
1508 429 1767 502 accepisti
1788 430 2041 501 gratiam,
2061 445 2185 484 eum

590 525 751 596 plane
782 524 835 578 in
863 523 954 579 Dei
986 521 1155 592 gloria
1185 524 1634 593 praecminentem
1668 538 1768 578 suo
1797 523 2016 577 nomine
2041 524 2188 577 testi-

593 633 710 674 mes
731 616 1128 672 honorandum.

667 710 753 765 10.
788 709 1172 766 Beatissimum
1207 718 1258 765 te
1287 721 1340 766 et
1371 710 1816 767 ﬂorentissimum
1844 711 1990 766 Deus
2016 711 2190 765 omni-

593 811 791 874 potens
819 801 978 856 Pater
1007 800 1221 856 Domini
1258 803 1430 857 nostri
1467 802 1595 858 Jesu
1623 800 1826 858 Christi
1859 802 1996 858 tueri
2029 808 2190 857 aztate

593 895 840 964 prolixa,
873 901 930 949 et
960 908 1184 964 regnum
1229 903 1377 949 tuum
1419 895 1471 950 in
1505 909 1718 953 summa
1747 895 1949 966 gloria,
1978 904 2032 948 et
2059 909 2190 964 pace

591 993 855 1056 perpetua
905 983 1236 1040 conﬁrmare
1282 984 1572 1056 dignetur,
1619 984 1842 1040 domine
1890 984 2190 1055 Imperator

592 1085 854 1148 auguste,
888 1083 914 1111 λ
945 1074 1129 1131 divino
1160 1076 1335 1131 elccte
1356 1075 1600 1147 judicio,
1634 1073 1942 1146 principum
1979 1075 2185 1145 glorio-

593 1183 833 1225 srssrme.

1175 1281 1513 1339 EPISTULA
1553 1281 1617 1336 ll.

595 1395 978 1452 Cousrurwu
1001 1396 1055 1450 in
1083 1396 1384 1467 episcopum
1401 1411 1564 1465 nuper
1584 1395 1800 1450 electum
1822 1405 2011 1461 monet,
2037 1403 2092 1448 ut
2108 1410 2193 1449 ec-

669 1493 876 1548 clesiam
921 1497 971 1547 in
1001 1493 1130 1546 mari
1164 1508 1225 1544 ac
1266 1491 1568 1562 ﬂuminibus
1607 1501 1770 1563 regat,
1802 1492 1928 1562 quid
1975 1499 2192 1560 utroque

667 1585 1004 1658 signiﬁcetur,
1041 1600 1296 1652 promens.
1332 1583 1586 1638 Hortatur
1615 1596 1672 1638 ut
1713 1600 1895 1654 aquas,
1924 1584 2065 1653 queis
2099 1599 2191 1654 po-

668 1677 778 1745 puli
824 1686 1015 1730 mentes
1059 1677 1207 1746 riget,
1236 1676 1496 1747 colligat:
1522 1685 1568 1730 et
1603 1676 1892 1747 cujusmodi
1931 1692 2188 1730 sermones

665 1771 778 1840 ejus
800 1784 929 1834 esse,
976 1783 1163 1838 quasve
1189 1766 1334 1821 illum
1371 1768 1652 1839 prtecipere
1680 1768 1890 1822 virtutes
1926 1777 2184 1836 oporteat,

667 1860 757 1913 ubi
783 1859 982 1924 docuit,
1013 1859 1078 1913 de
1119 1868 1334 1926 statera,
1357 1876 1462 1928 qua
1488 1876 1654 1914 sermo
1701 1860 2044 1929 expendatur,
2078 1869 2189 1912 tra-

668 1959 794 2004 ctat.
825 1949 1151 2004 Humilitatis
1197 1959 1498 2005 ostensurus
1545 1950 1854 2018 utilitatem,
1898 1950 2192 2020 exemplum

665 2041 818 2109 aﬁ'ert
863 2042 996 2097 beati
1023 2041 1257 2109 Ioseph;
1301 2044 1732 2113 praesentiumque
1761 2043 1982 2096 vanitate
2005 2084 2019 2107 ,
2051 2045 2189 2115 ejus-

667 2135 784 2189 dem
810 2132 1006 2206 Ioseph
1035 2151 1095 2189 ac
1120 2132 1291 2189 David
1313 2136 1540 2190 historiis
1567 2137 1939 2200 demonstrata,
1973 2135 2192 2208 papulas

666 2227 736 2281 ad
760 2243 904 2282 ueras
930 2243 1050 2299 apes
1076 2226 1172 2280 sibi
1201 2227 1460 2296 parandas
1485 2227 1784 2282 excitandos
1815 2227 1992 2292 tradit,
2034 2225 2194 2281 Deni-

666 2335 763 2391 que
805 2317 1095 2374 Ecclesiam
1145 2317 1273 2374 Fori
1321 2316 1546 2373 Cornelii
1584 2319 1628 2373 ei
1688 2318 2084 2384 commendans,
2132 2317 2194 2372 de

667 2412 943 2482 prudentia
970 2413 1026 2466 in
1052 2410 1338 2478 haereticos,
1369 2411 1433 2466 de
1449 2411 1660 2481 justitia
1686 2411 1739 2465 in
1776 2412 2001 2478 vicinos,
2036 2410 2195 2480 deque

671 2505 986 2560 humanitate
1008 2503 1063 2557 in
1097 2520 1267 2558 servos
1297 2504 1538 2558 nonnihil
1567 2503 1735 2556 addit.

1003 2615 1032 2653 ι)
1077 2618 1377 2672 Auenosrus
1414 2616 1778 2672 CONSTANTIO.

669 2735 720 2787 1.
749 2730 1046 2801 Suscepisti
1077 2746 1270 2786 muntts
1302 2705 1620 2795 sacerdotii,
1646 2738 1701 2783 et
1727 2730 1781 2783 in
1805 2743 1980 2800 puppe
2009 2729 2195 2785 Eccle-

597 2829 696 2880 sia:
722 2824 920 2880 sedens
947 2864 961 2887 ,
995 2823 1178 2878 navim
1213 2821 1475 2877 adversus
1503 2821 1698 2876 ﬂuctus
1724 2822 2015 2890 gubernas.
2045 2821 2197 2880 Tene

594 2917 805 2972 clavum
839 2913 1000 2978 ﬁdei,
1033 2921 1091 2967 ut
1123 2923 1175 2968 te
1201 2926 1396 2982 graves
1424 2911 1588 2979 hujus
1615 2911 1803 2965 saeculi
1836 2912 2058 2968 turbare
2086 2928 2193 2968 non

595 3005 811 3077 possint
853 3003 1128 3074 procellae.
1172 3002 1318 3057 Mare
1357 3002 1520 3074 755
1573 3001 1792 3071 quidem
1838 3017 2092 3073 magnum
2140 3014 2197 3060 et

2290 431 2430 485 sicut
2455 437 2668 484 torrens
2692 426 2866 500 (Esai.
2899 443 3045 492 LXVI,
3078 424 3191 498 12).
3225 427 3320 481 Est
3342 434 3394 481 et
3421 424 3664 480 ﬂuminis
3703 426 3842 494 impe-

2292 527 2401 586 tus,
2434 519 2524 590 qui
2551 519 2786 574 laetiﬁcat
2837 519 3074 572 animam
3111 517 3385 588 paeiﬁcam
3415 525 3581 589 atque
3621 519 3843 588 tranquil-

2289 613 2397 668 lam
2431 611 2602 685 (Psal.
2629 626 2758 678 ην,
2789 613 2869 680 5).
2919 611 3001 666 Ex
3053 610 3214 680 hujus
3253 609 3496 664 ﬂuminis
3549 610 3844 681 plenitudine

2292 706 2620 776 quicumque
2634 704 2933 775 acceperit,
2963 705 3105 759 sicut
3125 703 3365 759 Joannes
3383 703 3745 774 Evangelisla,
3762 703 3844 758 sic-

2293 808 2353 854 ut
2376 798 2572 853 Petrus
2597 806 2652 853 et
2695 798 2925 863 Paulus,
2957 797 3138 853 elevat
3176 812 3370 853 vocem
3402 812 3599 852 suam:
3642 808 3693 853 et
3731 797 3847 852 sicut

2292 892 2524 962 apostoli
2557 892 2893 962 evangelica:
2928 891 3331 961 praedicationis
3374 904 3566 946 vocem
3618 904 3768 961 usque
3803 890 3845 944 in

2293 991 2437 1038 totos
2470 982 2602 1038 ﬁnes
2630 983 2779 1039 orbis
2805 991 3073 1038 terrarum
3104 997 3308 1038 canoro
3330 981 3661 1038 diﬂ'uderunt
3679 997 3846 1053 praeco.

2293 1075 2414 1141 nio;
2444 1076 2514 1130 ita
2537 1085 2591 1131 et
2619 1076 2721 1131 iste
2751 1076 2940 1146 incipit
2962 1074 3339 1146 evangelizarc
3365 1073 3650 1130 Dominum
3671 1073 3844 1130 Jesum.

2291 1168 2492 1239 Accipe
2522 1184 2653 1240 ergo
2681 1184 2713 1223 a
2739 1168 2982 1234 Christo,
3010 1177 3069 1223 ut
3089 1177 3145 1224 et
3175 1179 3296 1224 tuus
3323 1183 3493 1223 sonus
3525 1177 3695 1224 exeat.

2367 1261 2420 1315 ’5.
2463 1259 2610 1316 Mare
2633 1269 2717 1316 est
2746 1259 3028 1330 Scriptura
3049 1253 3254 1327 divina,
3288 1259 3500 1316 habens
3527 1260 3578 1315 in
3604 1274 3661 1314 se
3685 1274 3848 1316 sensus

2293 1340 2622 1427 profundos,
2672 1362 2728 1410 et
2759 1353 3103 1410 altitudinem
3143 1353 3591 1425 propheticorum
3633 1357 3850 1426 aenigma-

2297 1457 2456 1503 tum:
2509 1447 2562 1502 in
2612 1446 2757 1518 quod
2801 1462 2954 1502 mare
2994 1447 3222 1517 plurima
3268 1447 3598 1503 introierunt
3641 1447 3847 1502 ﬂumina.

2295 1538 2432 1596 Sunt
2462 1553 2590 1609 ergo
2635 1548 2688 1594 et
2721 1537 2875 1594 ﬂuvii
2904 1538 3095 1596 dulces
3122 1547 3284 1610 atque
3315 1539 3623 1610 perspicui,
3653 1549 3765 1595 sunt
3808 1549 3850 1594 et

2301 1642 2324 1671 ο
2345 1631 2524 1688 fontes
2551 1631 2717 1698 nivei,
2739 1631 2828 1700 qui
2844 1631 3042 1686 saliant
3068 1633 3119 1686 in
3145 1633 3308 1687 vitam
3327 1642 3592 1689 mternam
3609 1633 3770 1702 (lacn.
3790 1647 3846 1695 tv,

2219 1728 2267 1787 B
2295 1725 2384 1798 M)
2421 1743 2433 1780 :
2467 1735 2594 1780 sunt
2623 1735 2677 1780 et
2707 1739 2990 1781 sermones
3021 1724 3169 1793 boni,
3195 1725 3334 1780 sicut
3365 1723 3475 1781 favi
3501 1725 3674 1783 mellis
3699 1723 3847 1795 (Pror.

2294 1835 2404 1888 xvi,
2437 1819 2533 1890 21)
2564 1837 2576 1873 :
2609 1828 2852 1890 ctgrata:
2879 1821 3168 1875 sententia:
3192 1862 3206 1887 ,
3249 1837 3370 1891 quae
3403 1823 3614 1878 animos
3655 1821 3852 1876 audien-

2294 1911 2427 1965 tium
2459 1911 2688 1981 spiritali
2712 1911 2945 1982 quodam
2976 1920 3104 1983 potu
3133 1913 3382 1984 irrigcnt,
3417 1923 3474 1971 et
3502 1926 3848 1988 praceptorum

2296 2002 2582 2057 moralium
2608 2004 2877 2058 suavitate
2917 2005 3210 2060 mulceant.
3244 2005 3474 2063 Diversa
3520 2009 3679 2080 igitur
3705 2008 3852 2076 Serip-

2296 2103 2539 2149 turarum
2567 2093 2874 2149 divinarum
2901 2095 3127 2152 ﬂuenta.
3154 2096 3331 2154 Habes
3376 2099 3528 2170 quod
3562 2099 3766 2170 primum
3791 2100 3851 2153 bi-

2294 2187 2417 2252 bas,
2447 2187 2615 2243 habes
2633 2189 2776 2256 quod
2809 2189 3132 2258 secundum,
3163 2190 3332 2247 habes
3354 2193 3505 2263 quod
3537 2204 3848 2264 postremum.

2366 2279 2423 2333 4.
2462 2279 2668 2352 Collige
2695 2295 2890 2350 aquam
2915 2281 3141 2349 Christi,
3174 2282 3323 2339 illam
3349 2300 3480 2354 qua:
3512 2286 3685 2342 laudat
3705 2285 3850 2341 Domi-

2296 2386 2426 2427 num
2458 2371 2632 2444 (Psal.
2661 2389 2880 2441 CXLVIII,
2913 2374 2994 2446 5).
3039 2375 3250 2448 Collige
3290 2393 3491 2448 aquam
3539 2383 3604 2435 de
3645 2359 3849 2450 pluribus

2296 2463 2451 2530 locis,
2477 2480 2634 2534 quam
2657 2464 2941 2520 eﬂ'undunt
2972 2468 3145 2523 nubes
3174 2469 3511 2540 prophetiae
3539 2469 3700 2542 (Eccl.
3715 2470 3846 2540 xt,3).

2296 2555 2636 2627 Quicumque
2656 2557 2868 2628 colligit
2897 2558 2964 2613 de
2997 2560 3274 2617 montibus
3303 2577 3525 2632 aquam,
3557 2573 3706 2634 atque
3727 2561 3782 2616 ad
3805 2574 3850 2616 sc

2297 2648 2485 2714 trahit,
2510 2649 2592 2704 vel
2619 2648 2857 2704 haurite
2889 2649 3128 2707 fontibus
3151 2649 3178 2689 ἀ
3211 2661 3268 2709 et
3301 2654 3424 2724 ipse
3453 2666 3597 2712 rorat
3617 2656 3742 2712 sicut
3772 2670 3849 2709 nu-

2299 2739 2415 2795 bes.
2450 2741 2622 2808 Itnple
2648 2755 2778 2812 ergo
2813 2745 3077 2812 gremium
3102 2745 3302 2801 mentis
3329 2756 3472 2814 tuae;
3514 2757 3571 2803 ut
3611 2757 3739 2803 terra
3781 2756 3845 2800 tua

2298 2830 2602 2898 humcscat,
2632 2841 2686 2887 et
2712 2832 3026 2890 domesticis
3052 2835 3305 2906 irrigetur
3328 2837 3594 2895 fontibus.
3629 2839 3754 2910 Ergo
3777 2836 3845 2907 qui

2297 2923 2464 2979 multa
2491 2923 2619 2994 legit
2648 2934 2703 2980 et
2730 2925 3005 2997 intelligit,
3035 2927 3290 2998 impletur
3320 2947 3334 2984 :
3375 2932 3467 3002 qui
3506 2931 3663 2988 fuerit
3697 2930 3847 2998 imple-

2301 3025 2406 3082 tus,
2463 3016 2602 3072 alios
2655 3019 2822 3089 rigat;
2871 3020 3100 3092 ideoquc
3148 3021 3427 3094 Scriptura
3486 3025 3655 3082 dicit:
3687 3025 3741 3081 Si
3775 3024 3847 3075 im-

597 3097 923 3169 spatiosum,
945 3095 1042 3150 sed
1069 3094 1176 3149 noli
1205 3095 1546 3163 vereri;quia
1571 3094 1684 3163 ipse
1703 3111 1858 3165 super
1879 3098 2042 3150 maria
2073 3101 2194 3168 fun-
2222 3099 2267 3162 C
2298 3108 2450 3180 plettr
2504 3111 2692 3178 fuerint
2745 3112 2901 3167 nubes
2937 3153 2950 3179 ,
3005 3113 3233 3184 pluviam
3297 3117 3354 3170 in
3403 3125 3591 3172 terram
3636 3116 3846 3185 emendem

598 3191 742 3245 davit
767 3204 900 3253 eam,
921 3195 967 3240 et
996 3201 1151 3256 super
1171 3186 1387 3255 flumina
1418 3185 1729 3256 prwparavit
1761 3203 1873 3241 eam
1896 3185 2016 3258 (Ps.
2040 3204 2193 3256 χχιιι,

597 3284 681 3356 2).
703 3284 888 3352 Itaque
914 3296 1022 3337 non
1055 3280 1332 3335 immerito
1365 3280 1506 3336 inter
1529 3291 1606 3337 tot
1628 3281 1814 3338 mundi
1841 3282 1976 3338 l‘reta
2007 3285 2196 3339 Eccle-

597 3378 676 3432 sia
702 3374 921 3430 Domini
943 3382 1219 3445 tamquam
1243 3388 1407 3444 supra
1431 3375 1786 3444 apostolicam
1810 3376 2074 3434 aediﬁcata
2103 3394 2196 3449 pe-

608 3479 746 3524 tram
780 3466 1075 3523 immobilis
1103 3474 1306 3536 manet,
1337 3475 1391 3521 et
1418 3467 1744 3524 inconcusso
1772 3468 2061 3524 adversum
2090 3470 2194 3524 im-

604 3569 766 3631 petus
803 3557 1078 3614 saevientis
1116 3557 1215 3612 sali
1255 3567 1572 3626 perseverat
1612 3558 1923 3614 fundamine
1962 3559 2188 3632 (Matth.

599 3669 721 3716 xvi,
756 3650 866 3721 18).
896 3649 1129 3704 Alluitur
1163 3649 1353 3714 undis,
1387 3665 1496 3704 non
1528 3651 1768 3720 quatitur
1801 3668 1814 3706 :
1847 3660 1900 3707 et
1930 3651 2057 3708 licet
2086 3652 2194 3709 l're-

602 3752 838 3815 quenter
859 3741 1132 3798 elementa
1156 3739 1342 3796 mundi
1366 3740 1528 3810 hujus
1549 3755 1750 3812 magno
1773 3742 1912 3798 illisa
1935 3742 2200 3799 resultent

604 3835 850 3906 fragore;
881 3833 1048 3888 habet
1071 3841 1250 3888 tamen
1279 3847 1388 3903 quo
1419 3833 1731 3890 laborantes
1756 3835 2012 3906 excipiat,
2043 3836 2197 3893 tutis-

601 3927 801 3981 simum
835 3933 1048 3994 portum
1079 3924 1290 3979 salutis.

671 4016 727 4070 2.
772 4015 879 4072 Sed
913 4025 1095 4071 tamen
1126 4015 1229 4071 etsi
1251 4015 1304 4069 in
1339 4015 1476 4070 mari
1506 4016 1752 4082 ﬂuctuat,
1785 4020 1959 4074 currit
2000 4019 2054 4074 in
2097 4018 2202 4074 ﬂu-

612 4106 880 4172 minibus;
927 4115 981 4162 et
1011 4106 1139 4162 vide
1177 4121 1243 4160 nc
1270 4107 1323 4160 in
1355 4107 1462 4162 illis
1504 4107 1818 4164 ﬂuminibus
1861 4111 2070 4182 magis,
2129 4112 2200 4168 de

601 4201 798 4271 quibus
853 4199 1056 4255 dictum
1122 4208 1206 4254 est
1277 4216 1290 4252 :
1349 4199 1688 4255 Elevaucrunt
1747 4203 1968 4270 ﬂumina
2030 4222 2201 4261 vocem

602 4309 749 4348 suam
778 4291 952 4363 (Psal.
983 4306 1112 4359 xcu,
1138 4291 1214 4362 '5).
1276 4290 1416 4346 Sunt
1443 4292 1588 4347 enim
1626 4293 1880 4363 ﬂumina,
1951 4314 2072 4368 quae
2135 4299 2201 4354 de

602 4393 795 4441 ventre
821 4383 940 4454 ejus
965 4383 1154 4449 ﬂuent,
1187 4383 1277 4452 qui
1319 4390 1504 4452 potum
1556 4399 1584 4436 a
1617 4383 1835 4440 Christo
1892 4391 2199 4460 acceperit,

607 4486 664 4533 et
689 4477 758 4532 de
779 4475 984 4544 Spiritu
1015 4473 1112 4529 Dei
1133 4475 1428 4543 sumpserit
1458 4473 1639 4547 (Joan.
1675 4492 1765 4542 vn,
1785 4477 1898 4549 58).
1933 4479 2200 4554 Hmcergo

2306 3199 2522 3274 (Ibid).

2373 3292 2426 3348 5.
2467 3292 2586 3347 Sint
2611 3307 2740 3364 ergo
2764 3309 3048 3352 sermones
3079 3298 3155 3353 tui
3180 3299 3398 3369 proﬂui,
3432 3301 3544 3357 sint
3570 3302 3698 3372 puri,
3725 3308 3768 3355 et
3789 3297 3846 3351 di-

2302 3382 2495 3449 lucidi;
2527 3393 2584 3438 ut
2623 3386 2813 3440 morali
2861 3387 3232 3458 disputatione
3272 3393 3601 3449 suavitatem
3645 3390 3845 3445 infundas

2300 3477 2623 3548 pepulerum
2650 3479 2894 3546 auribus,
2924 3489 2980 3536 et
3005 3483 3178 3552 gratia
3208 3484 3506 3541 verborum
3540 3496 3736 3541 tuorum
3757 3482 3844 3550 ple-

2304 3569 2424 3624 bem
2457 3569 2804 3637 demulceas;
2840 3582 2898 3627 ut
2916 3575 3103 3630 volens
3121 3575 3416 3645 quodueis,
3448 3588 3710 3650 sequatur.
3730 3571 3844 3644 Quod

2302 3661 2347 3715 si
2379 3662 2558 3732 aliqua
2585 3663 2670 3718 vel
2701 3663 2754 3717 in
2783 3665 2984 3735 pepulo
3017 3666 3101 3722 vel
3137 3668 3189 3722 in
3221 3669 3498 3740 aliquibus
3538 3665 3841 3726 contumacia,

2306 3753 2392 3808 vel
2422 3753 2585 3824 culpa
2608 3763 2712 3821 est,
2739 3756 2850 3811 sint
2895 3771 3177 3815 sermones
3219 3760 3294 3815 tui
3325 3760 3653 3832 hujusmodi,
3693 3768 3744 3814 ut
3776 3771 3846 3810 au-

2307 3844 2544 3902 dientem
2578 3848 2893 3912 stimulent.
2939 3862 3308 3923 compungam
3364 3854 3510 3911 male
3557 3852 3796 3910 conscium
3834 3863 3844 3898 :

2306 3936 2579 3993 Sermones
2625 3941 2758 3994 enim
2817 3941 3123 4012 sapientium
3183 3953 3444 4015 tamquam
3489 3945 3675 4001 stimuli
3712 3939 3843 4016 (Eccl.

2305 4029 2530 4100 xu,ll).
2565 4030 2876 4087 Stimulavit
2903 4044 2957 4089 ct
2984 4034 3248 4091 Dominus
3267 4036 3430 4094 Jesus
3472 4039 3710 4099 Saulum,
3749 4046 3842 4088 cum

2307 4129 2455 4177 esset
2491 4133 2825 4192 persecutor.
2886 4126 3056 4194 Quam
3105 4127 3358 4184 salutaris
3411 4129 3572 4186 fuerit
3618 4126 3840 4186 stimulus,

2303 4213 2738 4286 considera,qui
2788 4232 2856 4272 ex
2899 4227 3246 4287 persecutore
3293 4223 3597 4293 apostolum
3628 4215 3842 4284 lecit,di-

2305 4304 2478 4360 cendo
2509 4321 2522 4358 :
2578 4305 2776 4363 Durum
2803 4311 2967 4384 756
2995 4322 3067 4366 est
3087 4313 3210 4380 tibi,
3262 4323 3315 4368 ut
3353 4315 3596 4372 adversus
3628 4310 3841 4368 stimulum

2305 4396 2468 4451 calces
2499 4397 2632 4466 (Act.
2663 4415 2739 4465 ιι,
2769 4403 2844 4471 5).

2377 4489 2430 4543 6.
2470 4488 2609 4546 Sunt
2655 4494 2819 4549 etiam
2867 4511 3153 4555 sermones
3190 4500 3330 4558 sicut
3360 4503 3481 4571 lac,
3521 4516 3647 4574 quos
3688 4491 3841 4553 inludit

609 4567 865 4632 ﬂumina,
892 4580 1014 4621 cum
1041 4563 1350 4620 redundant
1375 4564 1606 4636 spiritali
1638 4568 1808 4637 gratia
1827 4609 1842 4634 ,
1867 4570 2082 4628 elevant
2110 4589 2204 4630 νο·
2230 4569 2286 4630 D
2311 4580 2509 4641 Paulus
2539 4585 2838 4646 Corinthiis
2866 4591 2920 4663 (ι
2949 4592 3070 4649 Cor.
3094 4609 3174 4661 nr,
3205 4596 3294 4664 2);
3325 4598 3419 4669 qui
3449 4563 3586 4655 enim
3613 4593 3842 4651 fortiorem

682 4716 708 4743 ι
755 4705 939 4764 ι)ἱυίηο
978 4704 1131 4758 electe
1153 4701 1388 4774 judicio,
1419 4709 1547 4771 etc.,
1577 4719 1696 4772 quae
1731 4705 1957 4762 deerant
1984 4710 2036 4764 in
2071 4711 2203 4770 edit.

615 4795 647 4834 e
672 4777 794 4832 cod.
831 4775 1049 4832 Mediol.
1085 4773 1331 4829 reStitut't
1363 4783 1511 4828 sunt.
1544 4775 1598 4828 ld
1639 4785 1819 4831 autem
1847 4779 2012 4835 citata
2043 4785 2207 4840 verba

616 4847 947 4919 signiﬁcant,
982 4843 1264 4919 (principes
1302 4845 1578 4919 etiamin
1604 4845 1950 4903 hmreditaria
1992 4866 2210 4910 succes-

615 4915 772 4995 sione
803 4933 913 4995 non
949 4918 1066 4995 sine
1103 4915 1286 4970 divino
1321 4915 1528 4995 judicio
1569 4918 1776 4995 institui
1810 4921 1952 4995 :_sed
1984 4923 2206 4995 insuper

617 4990 870 5046 videntur
902 4988 1144 5043 indicare
1177 4986 1672 5042 extraordinariam
1713 4989 1956 5046 Gratiani
2000 4986 2204 5052 noven-

612 5061 700 5115 nis
731 5059 878 5130 pueri
908 5059 1228 5130 electionem
1255 5098 1270 5122 ,
1301 5072 1422 5126 qua:
1451 5072 1555 5130 qua
1579 5061 1803 5130 ratione
1832 5061 1901 5117 de
1929 5067 2203 5122 communi

613 5128 882 5204 consensu
918 5129 1193 5204 exercitus
1221 5137 1452 5204 a__p:ttre
1494 5128 1874 5188 Valentiniano
1911 5133 2052 5191 facta
2091 5139 2198 5204 sit,

615 5201 875 5258 deseribit
904 5198 1219 5254 Ammianus
1251 5197 1342 5251 lib.
1372 5214 1538 5253 xxv".

685 5271 842 5349 b__Sic
867 5282 974 5349 vet.
1004 5269 1140 5349 edit:
1168 5283 1232 5323 ac
1243 5282 1392 5349 ἐπες.
1434 5279 1678 5349 excepto
1701 5273 1820 5329 solo
1848 5273 2076 5349 Longip.
2110 5279 2199 5335 ubi

609 5343 870 5398 scribitur
898 5340 1197 5394 Ambrosius
1237 5337 1596 5394 Constantino}
1639 5342 1772 5400 Esse
1813 5337 1996 5403 tamen
2023 5337 2198 5404 'etiam

612 5413 741 5467 alibi
773 5427 872 5467 ms.
902 5412 1134 5481 aliquem
1166 5408 1478 5483 subeadem
1513 5410 1614 5466 hac
1642 5413 1997 5483 inscriptione
2029 5435 2098 5474 ex
2133 5437 2200 5476 eo

613 5478 1014 5559 cognoscimus,
1055 5481 1197 5559 quod
1235 5478 1495 5559 Ughellus
1536 5489 1682 5537 tumo
1723 5486 1766 5540 ll
1796 5478 1962 5542 l'talirc
2001 5505 2194 5559 sacrm,

615 5570 668 5624 p.
690 5551 826 5618 7653,
858 5551 1055 5624 ex_hac
1084 5551 1308 5624 epistola
1332 5551 1529 5624 locum
1558 5569 1864 5623 proponens
1891 5599 1906 5622 ,
1937 5575 2056 5613 eam
2097 5551 2194 5616 no;

610 5620 782 5677 iuiuat
809 5624 877 5676 ad
904 5620 1298 5677 Constantinum
1325 5620 1701 5691 imperatorem.
1736 5625 1842 5681 Sed
1865 5620 2084 5686 crassus
2108 5632 2198 5688 hic

611 5707 764 5753 error
787 5701 893 5760 est,
932 5708 1054 5748 cum
1095 5692 1149 5748 id
1190 5692 1450 5762 temporis
1488 5707 1588 5748 nec
1625 5693 2014 5756 Constantinus
2051 5702 2197 5760 ullus

2311 4719 2611 4804 imperator
2643 4739 2767 4804 esse
2802 4729 3055 4804 potuerit,
3086 4741 3138 4786 et
3180 4747 3304 4788 eum
3346 4733 3411 4788 ad
3442 4749 3597 4804 quem
3633 4731 3739 4786 data
3772 4719 3846 4804 ῐᾳὶι

2311 4790 2429 4875 '3‘“?
2471 4796 2721 4875 εΡῘείΟΙΞν
2761 4790 3076 4875 εβίξοοριιιίι
3114 4803 3197 4858 vel
3238 4805 3412 4873 prima
3451 4790 3678 4875 ejusdem
3714 4795 3842 4852 verba

2307 4861 2589 4942 declarent
2613 4861 3146 4942 {Suscepisti-munus
3169 4861 3463 4942 sacerdotii,
3478 4861 3593 4931 'etc.
3622 4871 3721 4926 lloc
3739 4877 3840 4942 ergo

2306 4947 2413 4987 non
2447 4937 2590 5011 male
2625 4939 2778 4993 Ιιοιη.
2811 4937 3046 4998 editores
3085 4937 3586 5011 iudicassent,'cum
3625 4956 3711 5008 pro
3739 4939 3843 5011 l§m°

2306 5013 2464 5089 suate.
2488 5007 2681 5089 eidem.
2710 5012 3057 5089 pratlixerunt
3093 5014 3394 5072 Ambrosius
3426 5007 3693 5089 episcoth
3728 5007 3841 5089 ,⁸⁸⁸³⁸

2306 5079 2497 5157 stantia
2526 5079 2714 5157 fratri;
2743 5083 2846 5138 nisi
2882 5098 3004 5157 eum
3034 5085 3088 5140 in
3111 5097 3432 5154 argumento
3461 5079 3840 5157 epistolazAmf

2309 5146 2542 5274 33:21:11}:
2545 5151 2856 5273 aepiscopum
2887 5146 3213 5227 designatum
3241 5146 3644 5230 signiﬁcassent.
3668 5152 3734 5206 De
3756 5156 3838 5215 quo

2348 5297 2410 5369 ,αξ
2449 5289 2605 5370 itam.
2640 5291 2772 5348 edlt.
2816 5295 2953 5359 sola,
2979 5301 3144 5370 fontes
3170 5299 3289 5353 vivi.
3343 5298 3490 5354 Haud
3531 5284 3831 5370 ἰιιεοφῐηοέὲν

2307 5357 2668 5436 nisialiarum
2701 5372 2756 5417 et
2778 5380 2908 5430 mss,
2942 5355 3273 5436 'p'rievalerct
3315 5383 3622 5426 consensus.
3667 5355 3833 5436 Intelli:

2342 5435 2502 5510 antur
2531 5445 2660 5500 ergo
2688 5437 2856 5502 fontes
2884 5421 3694 5510 niueinonite—nivi'busvicollecti
3715 5471 3729 5494 .

2328 5497 2518 5581 Ϊῗείάίὲ
2549 5494 2642 5581 agit
2669 5494 2818 5581 (ferte
2840 5509 2958 5578 puri
2987 5525 3052 5565 ac
3079 5494 3346 5578 nitidi,iut
3369 5494 3605 5581 proxime
3643 5510 3750 5558 ante
3770 5494 3832 5549 di-

2303 5569 2445 5624 citur
2470 5569 2538 5625 de
2564 5570 2762 5630 ﬂuviis.

2377 5636 2402 5676 ἀ
2443 5639 2589 5698 Edit.
2621 5657 2686 5700 ac
2707 5661 2838 5704 mss.
2865 5649 3091 5721 aliquot,
3117 5661 3164 5708 et
3191 5653 3301 5723 ipse
3326 5653 3488 5725 rigat,
3517 5657 3570 5702 ut
3599 5643 3748 5701 nubes.
