3936 6168
99 272 176 330 881

1215 274 1705 333 EPISTOLARUM
1745 276 2033 339 CLASSIS
2069 282 2109 337 l.

3207 292 3316 347 882

97 391 236 444 cibum
269 389 455 460 epulari
499 404 600 445 non
632 401 831 460 queunt
855 434 869 460 ,
913 407 1078 449 succo
1108 393 1267 451 lactis
1295 393 1492 466 ingenii
1523 397 1606 452 sui
1639 400 1690 458 A
1713 399 1931 458 viduam
1977 414 2237 474 spernat,
2291 408 2709 466 circumscribat
2753 410 3057 482 pupillum,
3099 410 3318 468 fraudet

97 491 302 538 exercent
326 483 607 540 infantiam.

149 577 190 629 7.
222 574 440 646 Alloquia
488 585 576 632 tua
624 579 783 649 plena
834 579 1146 637 intellecms
1188 581 1316 636 sint.
1360 580 1516 638 Unde
1561 591 1616 637 et

95 669 300 724 Salomon
336 669 435 724 ait:
465 671 617 724 Arma
647 673 934 728 intellectus
964 673 1103 728 labia
1129 675 1377 745 sapientis
1419 672 1611 748 (Prov.

92 777 174 825 xlv,
199 762 260 832 5);
288 771 337 817 et
363 761 487 817 alibi
518 780 530 816 :
555 763 716 818 Labia
738 773 825 819 tua
848 773 871 802 α
897 767 1111 837 alligata
1133 768 1233 822 sint
1258 785 1409 823 sensu
1430 768 1611 839 (Prov.

94 869 159 918 xv,
183 855 262 923 5),
292 854 338 908 id
364 864 461 920 est,
495 855 694 927 fulgeat
735 871 1050 914 sermonum
1093 871 1308 916 tuorum
1359 861 1615 917 manifes-

95 945 208 1012 tatio,
233 947 517 1004 intellectus
559 960 828 1019 coruscet,
864 961 918 1006 et
943 951 1240 1023 alloquium
1271 964 1420 1009 tuum
1447 963 1615 1025 atque

94 1047 297 1092 tractatus
317 1039 480 1095 aliena
521 1054 626 1097 non
657 1041 896 1113 indigeat
923 1044 1266 1101 assertione:
1301 1047 1397 1102 scd
1429 1063 1613 1102 sermo

95 1141 182 1184 tuus
208 1131 333 1187 velut
357 1134 519 1190 armis
548 1135 660 1190 suis
690 1151 812 1192 sese
863 1138 980 1208 ipse
1029 1150 1247 1195 tueatur
1270 1182 1284 1206 ,
1319 1155 1418 1196 nec
1445 1141 1613 1196 ullum

92 1222 266 1278 verbum
287 1233 424 1280 tuum
449 1227 500 1282 in
522 1242 719 1284 vanum
741 1239 924 1296 exeat,
949 1240 1001 1286 ει
1029 1232 1147 1287 sine
1168 1247 1331 1289 sensu
1361 1233 1611 1302 prodeat.

94 1315 162 1370 Est
186 1318 309 1372 enim
336 1319 634 1390 alligatura,
668 1337 789 1394 quae
813 1326 1190 1397 constringere
1229 1325 1370 1381 solet
1401 1327 1614 1382 animo-

93 1423 178 1462 rum
214 1411 414 1466 vulnera
440 1429 453 1465 :
481 1427 642 1484 quam
686 1416 732 1471 si
761 1415 884 1486 quis
914 1417 1120 1485 rejicit,
1155 1418 1499 1490 deSperatam
1529 1424 1613 1477 sui

95 1497 229 1566 prodit
269 1500 480 1557 salutem
529 1502 713 1575 (Esai.
745 1521 784 1573 ι,
818 1505 916 1578 6).
964 1505 1032 1563 Et
1067 1507 1191 1564 ideo
1222 1511 1366 1566 circa
1398 1525 1494 1567 eos
1524 1513 1614 1584 qui

1719 495 2031 566 proximum
2059 513 2243 556 suum.
2262 499 2353 556 Va:
2372 503 2516 558 enim
2543 503 2750 576 illi,qui
2771 514 3155 576 congregatam
3183 505 3317 562 dolo

1719 587 1883 644 habet
1923 591 2324 660 substantiam,
2359 604 2416 650 et
2456 596 2510 651 in
2541 598 2808 668 sanguine
2844 599 3082 654 aedificat
3111 599 3308 654 civita-

1720 689 1830 737 tem
1860 682 2035 751 (Hab.
2066 701 2125 750 ιι,
2161 685 2248 756 6),
2285 687 2334 742 id
2368 697 2475 754 est,
2509 689 2668 764 757
2699 692 2937 745 animam
2969 693 3158 745 suam!
3189 690 3319 746 Haec

1719 785 1803 828 est
1826 777 1995 839 enim,
2017 793 2139 847 qua:
2166 779 2470 836 aedificatur
2489 783 2632 836 sicut
2652 783 2846 839 civitas
2869 783 3040 855 (Psal.
3067 799 3215 850 cxxt,
3234 782 3315 850 5).

1719 867 1870 924 lianc
1895 859 2170 925 civilalem
2205 888 2312 927 non
2354 874 2593 930 aedificat
2627 874 2880 943 avaritia,
2913 875 3008 930 sed
3037 874 3271 932 destruit
3301 893 3316 931 :

1719 976 1826 1016 non
1869 961 2100 1018 aedificat
2130 963 2322 1032 libido,
2355 967 2448 1022 sed
2488 969 2670 1023 exurit
2716 977 2879 1037 atque
2917 969 3178 1024 incendit.
3218 968 3317 1025 Vis

1719 1051 1858 1108 bene
1888 1051 2160 1110 aedificare
2209 1055 2531 1113 civitatem?
2563 1059 2752 1113 Melius
2797 1069 2870 1115 est
2913 1063 3156 1132 exiguum
3201 1077 3318 1115 cum

1720 1142 1822 1199 Dei
1847 1147 2046 1213 timore,
2091 1164 2243 1217 quam
2281 1151 2509 1204 thesauri
2563 1153 2738 1225 magni
2767 1153 2879 1206 sine
2909 1153 3091 1207 timore
3119 1151 3314 1224 (Prov.

1721 1253 1810 1303 xv,
1845 1239 1961 1310 16).
1994 1240 2207 1295 Divitiae
2258 1242 2495 1299 hominis
2534 1243 2601 1298 ad
2652 1244 3083 1314 redemptionem
3123 1244 3319 1300 animae

1719 1327 1919 1388 debent
1951 1331 2234 1401 prolicere,
2267 1349 2374 1388 non
2422 1335 2489 1390 ad
2526 1335 2978 1391 destructionem.
3006 1336 3073 1391 Et
3105 1336 3322 1392 thesau-

1721 1438 1814 1478 rus
1839 1423 2144 1495 redemptio
2187 1437 2306 1492 est,
2337 1427 2381 1481 si
2418 1428 2540 1498 quis
2586 1443 2654 1484 eo
2695 1430 2836 1484 bene
2873 1437 3094 1484 utatur:
3129 1438 3185 1484 et
3214 1428 3320 1482 ite-

1721 1531 1838 1570 rum
1871 1515 2096 1587 laqueus
2117 1527 2221 1579 est,
2255 1518 2301 1572 si
2334 1519 2460 1586 quis
2489 1519 2566 1574 uti
2611 1521 2820 1575 nesciat
2845 1519 3046 1590 (Prov.
3076 1535 3194 1585 xm,
3226 1518 3318 1590 8).

92 1593 199 1661 gravi
242 1595 406 1654 ulcere
448 1608 744 1666 vexantur,
800 1611 956 1658 utere
993 1603 1118 1659 oleo
1162 1608 1470 1674 sermonis,
1511 1623 1617 1678 quo
1718 1607 1859 1676 Quid
1889 1609 2033 1664 enim
2079 1609 2283 1665 homini
2327 1611 2554 1681 pecunia
2585 1628 2705 1678 sua,
2743 1614 2846 1667 nisi
2893 1612 3165 1684 quoddam
3211 1613 3322 1666 via-

90 1684 228 1741 loveas
247 1691 429 1746 mentis
450 1692 708 1748 duritiam
739 1710 752 1746 :
782 1709 997 1765 appone
1035 1698 1334 1768 malagma,
1378 1700 1616 1772 adjunge
1687 1755 1694 1762 ,
1723 1702 1887 1757 ticum
1919 1702 2044 1758 est?
2073 1702 2237 1758 Multa
2269 1705 2445 1770 atteri,
2471 1703 2748 1760 moderata
2781 1705 2923 1762 usui.
2955 1703 3202 1758 Viatores
3231 1719 3323 1758 su-

88 1776 362 1848 alligaturam
408 1786 659 1842 salutaris
713 1788 998 1859 praecepti;
1053 1799 1110 1846 ut
1159 1807 1328 1860 vagos
1382 1803 1437 1847 et
1478 1791 1618 1848 ﬂuc-
1649 1789 1694 1848 Β
1722 1809 1842 1849 mus
1869 1794 1993 1848 vita:
2024 1794 2185 1860 hujus
2221 1813 2234 1847 :
2271 1795 2426 1850 multi
2472 1795 2784 1861 ambulant,
2833 1794 2928 1851 sed
2958 1809 3098 1866 opus
3126 1803 3230 1860 est,
3263 1803 3323 1848 ιιι

89 1879 251 1930 litantes
293 1878 425 1933 circa
474 1879 679 1946 fidem,
728 1884 811 1938 vel
859 1883 1164 1954 disciplina:
1211 1886 1614 1944 observantiam

87 1979 361 2039 nequaquam
392 1973 578 2029 soluto
604 1975 788 2030 animo
818 1985 873 2032 et
899 1978 1133 2033 remisso
1174 1979 1359 2050 vigore
1391 1982 1618 2052 patiaris

86 2076 243 2129 perire.

134 2156 174 2209 8.
197 2158 418 2218 Admone
448 2164 617 2235 igitur
642 2165 854 2235 plebem
887 2168 1134 2234 Domini,
1167 2179 1332 2239 atque
1361 2171 1614 2238 obsecra,

85 2254 123 2296 ut
142 2247 345 2307 abundet
367 2253 418 2308 in
439 2256 704 2326 operibus
733 2259 910 2324 bonis,
937 2263 1211 2316 renuntiet
1238 2263 1481 2334 flagitiis,
1509 2278 1615 2318 non

81 2344 286 2400 accendat
312 2347 652 2405 flammarum
686 2352 956 2420 incendia,
984 2370 1090 2410 non
1126 2356 1300 2410 dicam
1341 2357 1394 2411 in
1421 2358 1618 2413 sabba-

82 2437 133 2493 to,
154 2437 230 2504 sed
257 2438 304 2493 in
328 2444 472 2497 omni
497 2452 780 2514 tempore;
809 2462 876 2501 ne
893 2447 1176 2504 comburat
1201 2463 1399 2520 corpus
1420 2465 1578 2505 suum
1599 2469 1611 2505 :

79 2522 308 2585 loruicatio
346 2543 400 2588 et
439 2535 789 2592 immunditia
835 2554 942 2594 non
973 2540 1047 2594 sit
1094 2541 1146 2594 in
1191 2541 1287 2595 Dei
1331 2541 1610 2610 servulis;

77 2617 166 2706 quia
192 2620 514 2682 immaculato
561 2629 834 2685 servimus
861 2630 958 2688 Dei
1005 2631 1143 2687 Filio
1181 2632 1408 2706 (Ephes.
1440 2651 1492 2700 v,
1523 2634 1614 2705 5).

76 2703 247 2767 Noverit
291 2720 660 2790 unusquisque
708 2735 803 2786 sc,
855 2731 910 2778 et
968 2738 1062 2778 vas
1118 2703 1397 2794 possideat
1460 2703 1614 2782 suum

77 2796 252 2864 (lTIres.
283 2822 353 2874 tv,
384 2809 488 2882 4),
518 2826 633 2881 quo
683 2812 910 2868 subacto
954 2814 1189 2886 quodam
1239 2817 1320 2871 sui
1368 2819 1617 2888 corporis

79 2892 184 2960 solo,
211 2896 405 2956 fructus
434 2911 724 2973 exspectet
752 2905 987 2971 debitos,
1018 2921 1120 2962 nec
1149 2906 1332 2976 spinas
1359 2919 1414 2964 et
1445 2910 1618 2965 tribu-

75 2982 131 3037 los
153 2989 192 3041 ei
217 2999 347 3049 terra
374 3010 468 3052 sua
513 2997 788 3067 germinet
821 2997 984 3070 (Gen.
1027 3015 1107 3063 ιιι,
1143 2999 1265 3070 18),
1298 2998 1325 3038 δ
1353 3001 1447 3056 sed
1472 3001 1618 3058 dicat

74 3088 111 3132 et
132 3081 225 3151 ipse
248 3104 259 3139 :
283 3087 441 3145 Terra
465 3091 613 3147 dedit
643 3097 842 3164 fructus
872 3109 994 3148 suos
1020 3092 1194 3164 (Psal.
1226 3110 1445 3161 Lxxxrv,
1479 3097 1614 3165 15);

73 3179 196 3270 atque
223 3177 269 3232 in
297 3178 396 3237 hac
420 3182 654 3238 dumosa
678 3183 954 3254 quondam
985 3184 1299 3253 passionum
1325 3187 1616 3258 fragilitate
1645 3169 1692 3232 (ἶ

71 3265 241 3324 insitiva
261 3272 525 3330 virtutum
564 3274 876 3331 efﬂoreant.

124 3358 168 3410 9.
199 3361 365 3422 Edoce
407 3369 580 3424 etiam
628 3379 791 3440 atque
835 3370 1095 3438 institue,
1136 3381 1192 3427 ut
1225 3372 1424 3428 faciant
1477 3375 1620 3446 quod

70 3445 232 3510 bonum
274 3467 388 3524 est,
434 3470 492 3516 et
545 3462 916 3532 unusquisque
961 3477 1066 3517 non
1121 3463 1446 3520 intermittat
1486 3445 1624 3536 opus

69 3543 304 3606 Probabile
325 3592 338 3616 ,
370 3553 489 3608 sive
523 3567 555 3607 a
588 3553 835 3623 pluribus
867 3554 1138 3623 videatur,
1171 3556 1289 3612 sive
1317 3559 1435 3612 sine
1477 3559 1620 3614 arbi-

69 3641 132 3688 tro
153 3637 239 3705 sit;
263 3641 499 3701 abundat
523 3644 670 3700 enim
695 3644 800 3700 sibi
822 3645 1066 3716 locuples
1092 3648 1245 3704 testis
1261 3651 1622 3705 conscientia.

121 3729 193 3786 10.
232 3733 417 3807 Fugiat
468 3741 644 3794 etiam
676 3748 696 3775 ε
729 3739 868 3794 mala
921 3741 1253 3810 opprobria;
1306 3744 1520 3798 etiamsi
1564 3758 1625 3798 se

64 3821 216 3878 credat
243 3840 349 3884 non
382 3845 552 3900 posse
579 3830 853 3886 convinci.
898 3829 1034 3886 Nam
1062 3835 1162 3888 etsi
1192 3834 1410 3889 clausus
1443 3834 1623 3904 parie-

66 3911 178 3970 tibus
200 3920 282 3985 sit,
322 3931 378 3978 et
403 3931 637 3994 opertus
665 3923 931 3990 tenebris,
962 3927 1082 3980 sine
1113 3935 1286 3992 teste,
1333 3927 1457 3980 sine
1486 3941 1623 3981 con-

62 4006 176 4074 scio;
208 4009 362 4070 habet
389 4025 580 4071 tamen
615 4015 739 4071 facti
772 4017 1060 4084 arbitrum,
1086 4034 1246 4088 quem
1281 4017 1416 4072 nihil
1451 4017 1621 4084 fallat,

64 4096 114 4149 ad
138 4114 278 4169 quem
307 4105 446 4162 facta
478 4108 723 4163 clamant
752 4109 955 4164 omnia.
999 4110 1242 4179 Denique
1288 4110 1544 4165 clamavit
1573 4122 1628 4166 et

63 4203 142 4246 vox
165 4204 436 4270 sanguinis
471 4200 642 4275 (Gen.
679 4219 760 4269 tv,
797 4203 921 4274 10).
953 4202 979 4239 ά
1009 4202 1078 4258 Se
1118 4204 1295 4273 ipsum
1335 4205 1626 4273 unusquis-

62 4298 144 4353 que
169 4301 218 4346 ct
243 4297 484 4351 animum
512 4311 671 4352 suum
700 4312 957 4352 severum
987 4296 1230 4365 judicem
1254 4297 1361 4354 sui.
1395 4296 1626 4352 ultorem

63 4381 268 4455 sceleris,
293 4399 348 4444 et
376 4389 657 4444 vindicem
684 4391 934 4444 criminis
955 4389 1138 4445 habet.
1168 4390 1410 4460 Denique
1434 4390 1632 4445 timens

64 4481 107 4523 et
131 4482 355 4536 tremens
387 4480 690 4538 obcrrabat
717 4480 851 4536 Cain
878 4482 896 4554 (
919 4479 1084 4548 Ibid.,
1110 4481 1176 4536 14
1195 4480 1238 4553 ),
1270 4480 1630 4552 parricidialis

63 4563 289 4628 facinoris
340 4576 506 4631 luens
562 4589 785 4645 pinnas;
844 4586 899 4630 ut
947 4575 994 4630 ei
1042 4576 1284 4632 remedio
1333 4591 1431 4631 sua
1483 4551 1711 4631 morsD

62 4655 224 4728 fuerit,
253 4683 375 4738 quae
419 4683 619 4738 vagum
665 4669 915 4723 exsulem
967 4668 1261 4723 formidato
1311 4683 1407 4739 per
1447 4669 1629 4723 omnia

62 4763 302 4814 momenta
333 4771 552 4816 terrore
597 4760 820 4827 mortis,
869 4775 968 4830 per
998 4767 1233 4815 mortem
1264 4761 1432 4816 exuit.
1461 4759 1632 4816 Nemo

61 4843 198 4910 igitur
224 4853 304 4908 vel
351 4856 540 4920 solus,
575 4853 659 4908 vel
691 4869 814 4908 cum
862 4853 1043 4908 altero
1092 4853 1304 4924 aliquid
1338 4864 1494 4924 turpe
1542 4865 1632 4909 aut

61 4935 335 5010 improbum
368 4945 530 5002 faxit.
568 4947 633 5001 Et
671 4947 716 5002 si
748 4947 872 5017 quis
915 4946 1067 5002 solus
1097 4954 1211 5012 est,
1245 4947 1487 5015 seipsurn
1522 4962 1634 5015 νινε

59 5037 247 5092 caeteris
275 5041 597 5106 erubescat,
631 5055 792 5111 quem
826 5040 1060 5095 maxime
1087 5039 1251 5094 debet
1281 5037 1480 5094 vereri.

120 5126 198 5181 11.
238 5129 349 5186 Nec
387 5133 752 5202 concupiscat
796 5131 1053 5202 plurima,
1102 5131 1227 5202 quia
1273 5139 1328 5186 et
1376 5144 1547 5200 pauca
1589 5131 1638 5184 ei

61 5218 269 5284 plurima
298 5237 463 5291 sunt;
499 5234 794 5296 paupertas
820 5225 967 5281 enim
997 5236 1052 5280 et
1077 5239 1209 5294 opes
1237 5221 1437 5294 inopiae
1467 5232 1522 5278 et
1557 5236 1644 5278 sa-

63 5306 246 5371 tietatis
281 5317 552 5372 vocabula
599 5325 747 5372 sunt.
791 5316 902 5372 Nec
942 5315 1098 5372 dives
1134 5327 1248 5379 est,
1293 5315 1386 5386 qui
1435 5314 1645 5386 indiget

61 5404 264 5476 aliquo-z
296 5426 400 5468 nec
429 5425 661 5481 pauper,
693 5411 785 5481 qui
814 5424 920 5465 non
958 5410 1184 5480 indiget.
1215 5408 1324 5464 Nec
1352 5409 1640 5479 quisquam

126 5576 147 5644 ξ
176 5569 305 5644 Mss.
339 5575 612 5642 nonnulli,
643 5574 860 5644 alligata
884 5572 1206 5644 sintjensui.

123 5637 146 5674 δ
171 5641 298 5717 ἔζεε.
327 5637 608 5717 plerique,
638 5644 728 5698 sed
741 5637 896 5697 ’ὀίεαι
921 5660 940 5697 :
974 5642 1040 5696 Et
1067 5643 1183 5717 ipsa
1213 5649 1372 5709 terra,
1396 5650 1503 5698 etc.

122 5720 142 5785 τί
177 5711 435 5785 [δεξιιηῖιυὶ
469 5711 634 5780 Inss.,
666 5717 808 5769 mala
833 5723 880 5768 et
908 5711 1205 5785 opprobria.

122 5776 143 5814 ⁶¹
176 5783 348 5853 Edit.,
385 5784 514 5841 Sibi
542 5776 712 5855 ipsum
734 5776 1102 5854 unusquisque.

1722 1888 1844 1958 quis
1880 1886 2018 1942 bene
2056 1897 2328 1954 transeat;
2358 1903 2480 1944 cum
2515 1888 2612 1944 illo
2637 1889 2782 1944 enim
2814 1897 2897 1944 est
2929 1889 3194 1943 Dominus
3226 1887 3322 1944 Je-

1722 1993 1834 2045 sus,
1869 1981 1959 2049 qui
1990 1979 2127 2035 bene
2159 1979 2372 2034 transit.
2398 1979 2636 2051 Ideoque
2665 1981 2838 2051 legis:
2869 1980 2931 2036 Si
2960 1991 3192 2035 transeas
3230 1995 3321 2050 per

1722 2089 1930 2139 aquam,
1973 2082 2136 2126 tecum
2179 2089 2331 2138 sunt;
2370 2074 2589 2143 ﬂumina
2634 2083 2681 2126 te
2717 2090 2820 2126 non
2856 2073 3197 2137 concludant,
3229 2089 3322 2128 nec

1722 2164 1854 2237 ignis
1883 2173 2058 2217 exuret
2081 2164 2377 2218 vestimenta
2403 2173 2510 2228 tua,
2544 2165 2588 2218 si
2611 2174 2844 2218 transeas
2865 2164 3040 2233 (Esai.
3066 2180 3214 2229 me,
3236 2162 3319 2236 2).

1718 2257 1822 2326 Qui
1851 2267 2034 2312 autem
2066 2258 2241 2328 ignem
2271 2257 2454 2326 alligat
2485 2259 2537 2312 in
2569 2272 2803 2326 corpore
2831 2272 2952 2321 suo,
2988 2257 3166 2327 ignem
3197 2257 3320 2311 libi-

1721 2347 1884 2415 dinis,
1914 2349 2091 2418 ignem
2123 2346 2426 2402 immodicae
2448 2347 2788 2417 cupiditatis,
2819 2363 2926 2403 non
2955 2348 3172 2414 transit,
3222 2348 3317 2402 sed

1720 2441 1902 2495 exurit
1935 2439 2274 2495 involucrum
2303 2439 2444 2494 istud
2491 2441 2688 2494 animae
2718 2456 2829 2496 suae
2861 2439 3055 2510 (Prov.
3085 2455 3161 2504 vt,
3188 2439 3314 2512 27).

1722 2533 2050 2588 Praeclarior
2071 2541 2154 2589 est
2176 2531 2316 2588 bona
2336 2532 2665 2588 exiStimatio
2679 2545 2841 2604 quam
2869 2533 3099 2606 pecunia
3117 2575 3131 2600 ,
3156 2542 3212 2589 et
3227 2548 3318 2588 su-

1722 2641 1818 2696 per
1843 2643 2034 2683 omnes
2055 2628 2267 2698 argenti
2307 2642 2535 2682 acervos
2579 2627 2721 2682 bona
2763 2636 2847 2683 est
2887 2628 3080 2698 gratia.
3130 2626 3315 2698 (Prov.

1722 2737 1858 2789 xxtt,
1889 2721 1964 2792 1).
2014 2720 2178 2777 Fides
2228 2722 2342 2792 ipsa
2393 2721 2632 2776 abundat
2675 2721 2812 2788 sibi,
2858 2722 2992 2777 satis
3038 2735 3317 2792 superque

1722 2828 1892 2869 censu
1924 2829 2024 2870 suo
2059 2814 2232 2869 dives.
2261 2813 2508 2886 Sapienti
2537 2829 2756 2886 quoque
2783 2814 3194 2881 nihilalienum,
3215 2814 3318 2868 nisi

1724 2905 1868 2976 quod
1898 2906 2084 2961 virtuti
2114 2907 2473 2978 incongruum
2511 2925 2524 2961 :
2565 2922 2913 2978 quocumque
2944 2917 2967 2944 ο
3001 2907 3322 2973 accesserit,

1722 3002 1961 3058 inveniet
1995 3016 2093 3057 sua
2141 3003 2346 3057 omnia.
2387 3001 2560 3058 Totus
2597 3002 2831 3058 mundus
2873 3001 3154 3074 possessio
3199 2999 3320 3072 ejus

1721 3103 1835 3159 est;
1867 3095 2123 3165 quoniam
2158 3104 2271 3150 toto
2300 3109 2366 3151 eo
2395 3096 2549 3166 quasi
2574 3111 2674 3151 suo
2704 3095 2897 3151 utitur.

1801 3186 1888 3242 12.
1931 3186 2069 3254 Quid
2101 3187 2265 3259 igitur
2292 3188 2763 3244 circumscribitur
2785 3187 2987 3243 frater?
3013 3188 3152 3257 Quid
3179 3188 3326 3244 frau-

1726 3282 1884 3338 datur
1913 3283 2324 3338 mercenarius?
2371 3281 2488 3338 Non
2521 3297 2712 3353 magna
2737 3323 2753 3348 ,
2803 3284 2978 3355 inquit
3018 3283 3203 3356 (Prov.
3236 3297 3323 3350 vt,

1726 3373 1863 3446 26),
1907 3373 2057 3430 lucra
2083 3373 2151 3430 de
2191 3375 2447 3430 mercede
2474 3377 2798 3443 meretricis,
2835 3376 2888 3432 id
2927 3385 3047 3441 est,
3094 3375 3321 3432 lubricae

1728 3465 1887 3522 istius
1927 3466 2258 3537 fragilitatis.
2303 3467 2557 3523 Meretrix
2598 3468 2701 3521 ista
2731 3482 2841 3522 non
2889 3465 3175 3537 specialis,
3227 3465 3325 3523 sed

1729 3559 1941 3629 publica
1973 3569 2058 3614 est
2085 3579 2098 3613 :
2133 3576 2239 3615 non
2282 3575 2389 3614 una
2423 3561 2639 3627 mulier,
2669 3559 2762 3615 sed
2791 3575 2924 3631 vaga
2954 3562 3131 3616 omnis
3170 3563 3324 3629 cupi-

1729 3649 1870 3706 ditas
1913 3651 2167 3707 meretrix
2213 3662 2317 3706 est.
2362 3650 2552 3707 Omnis
2584 3649 2840 3722 perﬁdia,
2891 3650 3068 3704 omnis
3108 3649 3325 3705 fallacia

1730 3745 2011 3809 meretrix,
2043 3759 2148 3798 non
2177 3743 2269 3798 illa
2297 3743 2437 3809 sola,
2463 3759 2584 3812 quae
2611 3757 2808 3812 corpus
2837 3741 3109 3810 prostituit
3131 3756 3321 3804 suum;

1729 3834 1825 3889 sed
1853 3836 2033 3889 omnis
2072 3833 2249 3888 anima
2282 3849 2401 3903 qua:
2441 3847 2592 3902 spem
2624 3847 2776 3888 suam
2809 3831 3032 3899 vendit,
3066 3847 3188 3903 quae
3227 3830 3326 3886 de-

1730 3924 1933 3980 formes
1962 3932 2205 3993 qutestus
2229 3933 2285 3979 et
2314 3925 2641 3993 degenerem
2668 3925 2862 3995 stipem
2889 3925 3105 3992 quaerit.
3137 3924 3204 3980 Et
3230 3938 3333 3980 nos

1730 4015 2054 4072 mercenarii
2100 4031 2318 4084 sumus,
2349 4017 2438 4087 qui
2466 4015 2534 4071 ad
2565 4017 2876 4072 mercedem
2907 4016 3240 4084 laboramus,
3270 4028 3328 4073 et

1732 4106 1896 4176 hujus
1941 4106 2125 4178 operis
2173 4107 2343 4161 nostri
2372 4107 2680 4161 mercedem
2730 4121 3015 4176 speramus
3043 4123 3069 4159 a
3096 4107 3328 4162 Domino

1733 4209 1921 4256 nostro
1946 4208 2002 4255 et
2032 4199 2165 4256 Deo.
2198 4199 2257 4255 Si
2287 4199 2410 4271 quis
2437 4215 2767 4270 cognoscere
2793 4199 2908 4254 vult
2933 4214 3328 4271 quammerce-

1734 4291 1872 4346 narii
1903 4306 2114 4358 sumus,
2143 4290 2329 4346 audiat
2356 4290 2624 4346 dicentem
2653 4308 2666 4344 :
2698 4291 2918 4358 Quantis
2955 4290 3170 4362 panibus
3193 4307 3328 4345 mer-

1735 4385 1928 4439 cenarii
1955 4385 2120 4452 patris
2140 4385 2239 4438 mei
2267 4382 2570 4438 abundant?
2596 4400 2689 4455 ego
2715 4393 2890 4440 autem
2911 4383 2995 4438 hic
3015 4388 3153 4456 fame
3174 4398 3327 4456 pereo

1738 4474 1892 4546 (Luc.
1927 4491 2019 4543 xv,
2058 4475 2175 4546 17);
2210 4483 2266 4530 et
2295 4476 2431 4530 infra
2462 4493 2476 4531 :
2509 4473 2618 4530 Fac
2646 4492 2750 4542 me,
2782 4475 2978 4546 inquit,
3009 4476 3142 4530 sicut
3171 4490 3330 4528 unum

1738 4569 2170 4624 mercenariorum
2216 4579 2420 4624 tuorum
2449 4568 2653 4641 (lbid.,
2705 4568 2826 4639 19).
2873 4568 3077 4624 Omnes
3123 4581 3331 4622 merce-

1739 4662 1896 4727 narii,
1922 4677 2114 4718 omnes
2139 4663 2373 4731 operarii
2401 4680 2415 4717 :
2445 4661 2537 4732 qui
2569 4671 2750 4716 tamen
2783 4660 3020 4716 fructum
3051 4669 3332 4731 exspectat

1738 4752 1964 4819 laboris,
1989 4752 2297 4808 consideret
2327 4752 2470 4822 quod
2505 4753 2548 4805 is
2574 4751 2664 4822 qui
2697 4751 2864 4805 alium
2911 4750 3162 4806 mercede
3190 4750 3334 4806 frau-

1739 4847 1951 4901 daverit
1979 4845 2182 4911 debita,
2213 4853 2269 4899 et
2303 4843 2426 4914 ipse
2466 4842 2805 4898 fraudabitur
2842 4857 2962 4897 sua.
3009 4842 3334 4898 Feneratum

1742 4939 1883 4994 istud
1912 4937 2156 5002 offendit,
2188 4946 2244 4992 et
2273 4944 2460 5007 postea
2492 4933 2850 4989 cumulatiore
2879 4949 3132 4990 mensura
3159 4933 3344 4989 exsol-

1741 5042 1847 5088 vet.
1907 5030 2050 5101 Ergo
2093 5029 2183 5099 qui
2227 5041 2334 5082 non
2385 5025 2500 5081 vult
2531 5027 2782 5081 amittere
2839 5025 2983 5096 quod
3023 5035 3111 5082 est
3147 5039 3342 5096 perpe-

1743 5135 1917 5189 tuum,
1949 5138 2059 5178 non
2080 5120 2276 5191 eripiat
2304 5118 2421 5182 alii,
2446 5117 2590 5189 quod
2622 5117 2920 5188 temporale
2940 5127 3046 5174 est.

1817 5217 1906 5272 15.
1948 5215 2118 5271 Nemo
2159 5214 2320 5267 etiam
2365 5213 2419 5266 in
2458 5211 2584 5266 dolo
2616 5210 2871 5282 loquatur
2917 5210 2985 5264 ad
3035 5209 3336 5280 proximum

1746 5326 1925 5367 suum.
1959 5309 2212 5379 Laqueus
2237 5314 2322 5362 est
2366 5305 2420 5361 in
2466 5304 2622 5361 labiis
2647 5306 2878 5369 nostris,
2906 5311 2963 5359 et
2999 5317 3148 5373 saepe
3176 5317 3343 5358 unus-

1744 5405 1976 5475 quisque
2001 5399 2348 5457 sermonibus
2379 5399 2493 5456 suis
2536 5413 2643 5455 non
2672 5396 3012 5468 explicatur,
3039 5398 3133 5452 sed
3162 5395 3344 5451 invol-

1821 5576 1845 5604 θ
1888 5566 2016 5622 Mss.
2050 5579 2158 5620 non
2189 5565 2346 5635 pauci
2376 5573 2430 5618 et
2455 5578 2578 5619 cum
2603 5562 2690 5617 bis
2717 5577 2908 5619 omnes
2939 5563 3096 5625 edit.,
3117 5577 3349 5635 accesse-

1753 5638 1843 5704 rit,
1868 5654 1966 5692 sua
1997 5632 2335 5709 omniaESed
2364 5635 2588 5709 verbum
2629 5635 2850 5690 inveniet
2893 5635 2947 5690 in
2989 5632 3236 5709 pluribus
3281 5645 3346 5686 ac

1759 5710 2064 5778 potioribus
2094 5722 2223 5764 mss.
2259 5706 2504 5762 invenire
2532 5715 2633 5761 est.
