3936 6168
603 247 710 300 885

1941 251 2186 312 8ΑΝΟΤΙ
2227 252 2550 310 Αδιθιιοδιι

3778 256 3867 311 381

601 361 745 416 vitur
790 359 986 432 (Prov.
1036 375 1118 423 vt,
1145 359 1232 430 2).
1281 359 1458 414 Fovea
1499 361 1606 416 alta
1648 371 1732 417 est
1782 377 1842 417 os
1890 363 2183 419 malevoli:
2215 368 2269 434 Α
2364 367 2449 424 17.
2496 366 2639 424 Bona
2673 368 2836 422 etiam
2867 369 2982 440 puri
3015 369 3282 424 sermonis
3309 369 3620 434 sinceritas,
3649 369 3855 426 etloeu-

599 449 803 520 grande
831 448 1161 504 innocentiae
1191 449 1580 520 pratcipitium,
1617 451 1712 507 sed
1744 453 1919 524 majus
1957 453 2195 509 malevo-

600 544 779 597 lentia:
809 537 993 613 (Prov.
1026 553 1155 606 χχιι,
1191 541 1301 612 11).
1336 541 1603 598 lnnocens
1639 543 1766 598 dum
1800 545 1975 600 credit
2014 543 2194 612 facile,

599 637 705 690 cito
735 633 934 688 labitur
964 631 1161 704 (Prov.
1197 633 1463 706 xiv,15);
1512 634 1608 690 sed
1649 645 1826 690 tamen
1871 636 1974 691 iste
2018 637 2199 707 lapsus

601 724 874 795 resurgit:
913 725 1215 778 maledicus
1259 731 1443 779 autem
1481 725 1596 781 suis
1640 727 1848 782 artibus
1891 729 2198 799 praecipita-

601 829 710 886 tur,
743 811 885 873 unde
914 833 1206 888 numquam
1239 819 1453 873 exsiliat
1482 828 1646 888 atque
1675 819 1888 874 evadat.
1925 821 2202 876 Ponderet

602 927 732 983 ergo
759 912 1134 981 unusquisque
1181 926 1463 966 sermones
1508 927 1664 978 suos,
1715 930 1823 968 non
1855 931 1977 969 cum
2008 914 2200 970 fraude

600 1013 655 1059 et
677 1003 840 1058 dolo:
863 1002 1072 1057 Statera
1093 1002 1261 1074 fallax
1283 1004 1634 1074 improbabilia
1656 1005 1798 1074 apud
1821 1003 1989 1060 Deum
2013 1004 2197 1076 (Prov.

599 1111 675 1158 ιι,
703 1093 726 1149 1
750 1095 802 1166 ):
832 1109 938 1148 non
970 1095 1116 1148 illam
1146 1105 1404 1150 stateram
1451 1097 1594 1163 dico,
1626 1105 1651 1132 α
1681 1113 1802 1168 quae
1833 1114 2073 1153 mercem
2107 1117 2202 1170 ap-

605 1190 794 1262 pendit
839 1189 1070 1243 alieuam
1104 1188 1194 1259 (et
1239 1189 1289 1242 in
1338 1189 1534 1244 vilibus
1587 1191 1803 1260 quident
1864 1191 2028 1247 rebus
2071 1206 2202 1248 caro

602 1287 816 1335 constat
842 1279 1073 1351 fallacia)
1093 1277 1258 1352 758
1275 1279 1368 1335 sed
1389 1290 1591 1336 statera
1609 1283 1900 1337 verborum
1923 1284 2036 1354 ipsa
2059 1284 2202 1355 apud

604 1375 771 1429 Deum
807 1381 891 1428 est
918 1375 1288 1440 exsecrabilis,
1313 1391 1435 1444 qua:
1465 1377 1753 1444 praetendit
1782 1377 1994 1446 pondus
2023 1378 2204 1449 gravi-

609 1469 736 1522 tatis
785 1468 1012 1534 sobrize,
1057 1477 1111 1522 et
1155 1467 1431 1522 subnectit
1482 1470 1748 1524 versutias
1797 1469 2200 1526 fraudulentite.

606 1562 718 1615 lloc
765 1559 998 1614 maxime
1039 1557 1374 1613 condemnat
1406 1560 1582 1626 Deus,
1632 1561 1678 1614 si
1730 1560 1966 1632 decipiat
2009 1562 2204 1632 aliquis

605 1655 910 1724 proximum
945 1666 1102 1706 suum
1133 1652 1528 1721 promissorum
1561 1650 1933 1722 benignitate,
1982 1665 2035 1706 et
2078 1653 2204 1707 sub-

2302 457 2416 527 ples
2443 457 2586 525 apud
2617 459 2808 521 Deum,
2838 462 2998 513 etiam
3025 462 3070 513 si
3098 460 3241 514 inter
3265 461 3485 530 laqueos
3519 461 3780 526 ambulet;
3799 471 3864 516 ta-

2302 565 2428 606 men
2459 552 2584 623 quia
2617 552 2706 607 alii
2752 553 2924 607 nescit
2949 552 3178 609 insidias
3207 564 3301 608 aut
3329 554 3544 610 vincula
3601 554 3864 618 innectere,

2304 659 2410 699 non
2441 644 2714 714 alligatur.

2377 735 2463 791 18.
2509 736 2640 790 Illud
2669 752 2885 808 quoque
2910 737 3264 807 przecipuum.
3291 739 3334 792 si
3361 739 3691 807 persuadeas
3716 749 3768 796 ut
3793 756 3871 796 no-

2305 827 2814 893 verinthnmiliari,
2857 829 3031 884 sciant
3055 843 3242 884 verunt
3286 828 3612 885 humilitatis
3632 831 3868 897 colorem,

2307 931 2553 977 naturam
2579 925 2847 979 noverint.
2879 923 3032 978 Multi
3064 922 3271 979 habent
3297 923 3618 979 humilitatis
3643 927 3866 994 speciem,

2307 1016 2558 1070 virtutem
2592 1031 2696 1070 non
2726 1015 2927 1072 habent
2959 1032 2971 1069 :
3007 1015 3158 1070 inulti
3191 1031 3310 1072 eam
3364 1018 3498 1072 foris
3538 1017 3868 1086 praetendunt,

2305 1118 2354 1163 et
2391 1108 2531 1162 intus
2557 1109 2907 1180 inipugnaut:
2943 1107 3009 1163 ad
3039 1107 3217 1162 fucum
3253 1108 3580 1178 prazl'erunt,
3611 1109 3676 1164 ad
3703 1111 3869 1165 verita-

2307 1206 2414 1254 tem
2443 1199 2711 1268 abjurant,
2743 1199 2809 1254 ad
2860 1200 3085 1271 gratiam
3120 1209 3322 1269 negant
3355 1199 3492 1254 :Est
3515 1200 3658 1256 enim
3695 1201 3778 1270 qui
3801 1217 3870 1253 ne-

2306 1294 2471 1362 quiter
2495 1291 2738 1347 humiliat
2774 1310 2847 1357 se,
2901 1304 2948 1347 et
2992 1294 3240 1349 interiora
3280 1296 3394 1368 ejus
3441 1295 3595 1362 plena
3643 1303 3754 1348 sunt
3787 1294 3873 1350 doli

2309 1380 2481 1454 (Eccl.
2511 1399 2622 1449 tux,
2647 1383 2762 1455 25).
2794 1384 2861 1439 Ει
2890 1395 2971 1439 est
3011 1386 3102 1455 qui
3133 1400 3192 1442 se
3237 1385 3470 1442 nimium
3528 1386 3778 1444 submittit
3818 1387 3873 1440 ab

2311 1473 2615 1530 humilitate
2647 1476 2834 1530 multa.
2862 1475 2980 1532 Non
3026 1489 3104 1531 est
3159 1492 3293 1548 ergo
3332 1477 3612 1534 humilitas
3648 1477 3741 1532 nisi
3779 1476 3874 1532 sine

2309 1566 2453 1634 ineo,
2481 1569 2598 1622 sine
2629 1568 2834 1624 fraude.
2868 1568 2989 1644 Ipsa
3045 1579 3130 1626 est
3161 1585 3288 1626 vera
3314 1612 3330 1636 ,
3374 1586 3499 1641 quat
3555 1573 3710 1629 habet
3748 1572 3868 1640 piam

2312 1663 2509 1717 mentis
2533 1661 2900 1717 sinceritatem
2923 1661 3104 1734 (Rom.
3142 1677 3197 1729 v,
3227 1663 3341 1734 19).
3366 1663 3559 1734 Magna
3579 1664 3739 1720 virtus
3759 1663 3870 1732 ejus.

604 1745 726 1799 dull!
778 1742 1068 1813 iniquitate
1134 1741 1513 1796 deicneratum
1562 1743 1839 1812 Opprimat
1863 1784 1878 1809 ,
1919 1742 2054 1796 nihil
2099 1743 2203 1798 sibi
2235 1748 2284 1808 Β
2313 1755 2554 1824 Denique
2569 1769 2665 1824 per
2690 1754 3111 1810 inobedicnliam
3325 1756 3489 1812 unius
3509 1755 3736 1812 hominis
3753 1771 3873 1810 mors

605 1836 918 1908 profuturus
966 1834 1184 1890 astutiae
1219 1851 1330 1888 sua:
1353 1835 1581 1888 artibus.
1614 1834 1754 1901 Quid
1807 1835 1948 1888 enim
1983 1835 2206 1906 prodest

603 1912 830 1994 homini,
863 1930 905 1983 si
933 1928 1096 1984 totius
1129 1922 1316 1983 mundi
1348 1929 1527 1998 capiat
1555 1943 1708 1998 epes,
1744 1931 1984 1983 animam
2023 1939 2204 1984 autetn

600 2038 752 2076 suam
799 2022 918 2076 vita:
956 2031 1175 2075 aeternae
1208 2019 1495 2076 defraudet
1528 2021 1806 2090 stipendio
1835 2020 2062 2088 (Matth.
2093 2036 2203 2087 xw,

603 2114 751 2184 es)?

679 2197 767 2260 14.
809 2193 927 2261 Alia
955 2205 1060 2274 piis
1089 2205 1359 2260 mentibus
1393 2203 1790 2260 consideranda
1819 2213 2018 2259 statera
2044 2245 2059 2271 ,
2101 2217 2208 2273 qua

611 2298 952 2369 singulorum
985 2299 1122 2352 facta
1159 2298 1516 2365 trutinantur,
1555 2297 1740 2368 inqua
1785 2298 2103 2368 plerumque
2140 2295 2209 2352 ad

603 2400 870 2471 jUdiCiﬂlll
906 2407 1123 2469 peccata
1153 2397 1522 2469 propendunl,
1551 2406 1646 2451 aut
1671 2396 1811 2452 bene
1840 2406 1993 2466 gesta
2018 2409 2210 2464 pecca-

611 2497 680 2550 tis
711 2493 1149 2566 pr:eponderant.
1187 2491 1277 2546 Vae
1309 2491 1475 2557 mihi,
1524 2493 1567 2546 si
1621 2490 1933 2562 praecedant
1980 2485 2208 2560 ﬂagitia,

612 2597 666 2642 et
705 2586 772 2641 ad
806 2587 995 2640 mortis
1030 2584 1399 2656 pra'judicium
1430 2583 1611 2639 Iethali
1655 2595 1879 2654 vergant
1931 2582 2208 2653 pondere!

613 2679 978 2734 Tolerabilius
1005 2679 1048 2732 si
1081 2678 1483 2746 subsequantur
1507 2677 1688 2730 omnia
1714 2686 1889 2730 tamen
1925 2674 2209 2730 manifesta

614 2774 842 2827 Domino
880 2791 891 2825 :
926 2780 980 2826 et
1000 2781 1124 2827 ante
1146 2770 1410 2842 judicium
1443 2787 1456 2823 :
1484 2784 1582 2822 nec
1600 2769 1738 2821 bona
1770 2774 1992 2835 possunt
2019 2767 2209 2832 latere,

618 2883 717 2921 nec
746 2881 808 2920 ea
841 2882 960 2937 qute
985 2867 1136 2937 plena
1163 2873 1288 2920 sunt
1314 2862 1652 2927 olfensionis,
1684 2860 1940 2916 abscondi
1971 2861 2022 2930 (Ι
2071 2858 2206 2916 Tim.

617 2974 667 3022 v,
702 2958 816 3029 2-1).

690 3055 778 3108 lii.
823 3053 992 3120 Quam
1027 3051 1218 3107 beatus
1259 3051 1348 3122 qui
1397 3049 1632 3103 radicem
1663 3047 1915 3102 vitiorum
1963 3063 2213 3104 resecare

2312 1845 2584 1908 introivit,
2635 1854 2691 1900 et
2741 1861 2837 1916 per
2885 1846 3251 1902 obedientiam
3305 1848 3469 1903 unius
3523 1847 3725 1902 Domini
3765 1843 3874 1901 lestt

2311 1937 2512 1992 Christi
2545 1937 2683 1992 facta
2712 1949 2795 1994 est
2817 1940 3193 1996 universorum
3226 1940 3562 2012 redemptio.

2386 2029 2472 2084 19.
2513 2028 2681 2084 Scivit
2729 2030 3002 2084 humiliari
3058 2041 3278 2084 sanctus
3325 2031 3575 2102 Ioseph,
3624 2035 3707 2103 qui
3753 2048 3855 2090 cum

2314 2135 2458 2179 esset
2480 2140 2510 2178 a
2551 2123 2812 2178 fratribus
2842 2126 2896 2178 in
2934 2124 3261 2180 servitutem
3293 2125 3550 2182 venditus
3572 2168 3588 2192 ,
3625 2127 3702 2182 vel
3739 2142 3764 2181 a
3793 2142 3865 2182 ue-

2311 2216 2668 2288 gotiatoribus
2693 2225 2978 2286 coemptos
3008 2214 3166 2287 (Gen.
3200 2232 3410 2285 xxxvii,
3438 2217 3558 2290 28),
3593 2218 3868 2274 humiliatus

2314 2313 2367 2366 in
2402 2310 2782 2381 compedibus,
2831 2322 2886 2365 ut
2923 2311 3209 2380 Scriptura
3247 2313 3380 2368 dicit
3419 2313 3596 2387 (Paul.
3633 2329 3737 2378 CIV,
3774 2312 3867 2381 l8).

2317 2406 2569 2460 virtutem
2601 2403 2922 2459 humilitatis
2945 2404 3156 2470 didicit,
3185 2406 3568 2464 inﬁrmitatem
3594 2407 3871 2477 repudiavit.

2317 2497 2502 2568 Itaque
2530 2495 2683 2570 (Gen.
2713 2513 2906 2565 xxxvi,
2934 2499 2956 2552 l
2985 2508 3030 2552 et
3059 2499 3196 2568 aeq.)
3226 2510 3446 2569 emptus
3473 2502 3524 2556 in
3557 2499 3757 2572 Egypti
3777 2513 3871 2569 par-

2317 2590 2460 2644 tibus
2489 2606 2516 2642 a
2551 2605 2710 2644 servo
2739 2590 2909 2659 regio,
2937 2604 3239 2660 coquoruut
3282 2594 3612 2662 przeposito,
3653 2608 3750 2647 non
3775 2605 3869 2659 pro-

2317 2684 2482 2752 sapia
2513 2682 2714 2738 nobilis
2743 2684 3076 2738 conscientia
3095 2725 3109 2748 ,
3137 2686 3290 2753 quasi
3332 2700 3561 2756 germen
3590 2683 3865 2742 Abrabanii-

2320 2785 2536 2842 tarum,
2578 2775 2901 2846 dedignatus
2954 2776 3213 2848 obsequia
3268 2778 3601 2844 vernacula,
3652 2775 3866 2832 fastidivit

2317 2868 2646 2938 degenerem
2692 2868 3064 2922 conditionem
3095 2885 3106 2920 :
3141 2868 3237 2922 sed
3282 2875 3461 2939 magis
3500 2884 3725 2940 gnavum
3755 2884 3804 2922 se
3826 2875 3865 2920 et

2321 2961 2531 3015 fidelem
2559 2959 2713 3015 herili
2745 2960 2971 3028 imperio
2994 2960 3248 3031 praebuit,
3281 2963 3391 3016 alto
3425 2962 3706 3018 intendens
3728 2958 3864 3014 consi-

2320 3057 2392 3110 lio
2433 3055 2565 3108 nihil
2608 3055 2879 3110 interesse
2919 3055 2970 3108 in
3003 3069 3111 3126 quo
3155 3065 3298 3110 statu
3325 3057 3453 3127 quis
3485 3054 3790 3126 probabilem
3822 3065 3864 3105 se

619 3146 854 3216 potuerit
877 3144 1193 3198 avaritiam!
1220 3143 1267 3196 ls
1294 3142 1535 3212 profecto
1554 3148 1810 3195 stateram
1836 3141 1973 3196 hanc
1998 3158 2101 3196 non
2135 3157 2215 3196 re-
2247 3146 2292 3207 C
2326 3156 2644 3217 pra-staret:
2677 3144 2773 3200 sed
2821 3145 2972 3199 illum
3026 3160 3148 3199 esse
3199 3146 3361 3202 linem
3425 3147 3718 3208 bonorum,
3747 3156 3790 3197 ut
3827 3143 3863 3193 in

617 3237 946 3294 formidahit.
981 3237 1218 3291 Avaritia
1251 3235 1394 3291 enim
1427 3234 1741 3304 plerumque
1772 3248 1963 3287 sensus
1997 3233 2217 3289 hebetat

619 3334 911 3398 humanos,
937 3337 991 3384 et
1014 3330 1273 3397 pervertit
1317 3329 1603 3398 opiniones
1641 3327 1694 3394 (l
1728 3324 1863 3380 Tim.
1899 3313 1970 3391 vt,
2001 3325 2123 3395 l0);
2160 3334 2218 3381 ut

615 3437 878 3496 qua-stum
913 3425 1168 3492 pietatem
1205 3433 1416 3494 putent,
1459 3433 1512 3476 et
1549 3421 1830 3491 pecuniam
1882 3420 2034 3488 quasi
2075 3436 2216 3473 incr-

613 3515 802 3572 ccdem
831 3515 1149 3585 prudentiae.
1181 3499 1386 3569 blerces
1417 3523 1599 3568 autem
1635 3528 1825 3584 magna
1860 3513 2078 3586 pietatis
2107 3520 2210 3578 est,

620 3619 935 3678 etquaestus
967 3607 1299 3672 sobrietatis,
1331 3607 1535 3662 habere
1563 3607 1703 3678 quod
1757 3608 1876 3661 osui
1917 3615 2001 3662 est
2057 3607 2210 3660 satis.

619 3701 756 3771 Quid
785 3701 927 3757 enitn
960 3704 1010 3755 in
1043 3701 1143 3755 hoc
1175 3699 1377 3754 ntundo
1409 3708 1637 3768 prosunt
1675 3699 1979 3753 divitiarum
2021 3715 2216 3768 super-

620 3795 756 3860 flua;
787 3809 912 3850 cum
943 3797 995 3850 in
1025 3793 1091 3848 iis
1120 3804 1172 3849 et
1219 3795 1368 3848 nulla
1415 3793 1726 3862 adjumenta
1759 3793 2013 3849 nascendi
2073 3795 2214 3859 sint,

623 3905 721 3943 nec
752 3888 1134 3958 impedimenta
1167 3886 1475 3941 moriendi?
1503 3886 1633 3941 Nam
1658 3898 1711 3942 et
1737 3889 1852 3942 sine
1876 3889 2218 3956 integumen-

622 3991 676 4032 to
713 3980 766 4033 in
797 3979 898 4034 hoc
925 3979 1126 4034 mundo
1158 3982 1464 4044 nascimur,
1499 3991 1552 4034 et
1592 3981 1710 4035 sine
1741 3980 1938 4034 viatico
1985 3979 2219 4033 discedi-

627 4086 768 4138 mus,
799 4070 916 4126 sine
945 4071 1262 4126 hmreditate
1294 4074 1609 4143 sepelimur.

700 4162 786 4217 16.
827 4162 1033 4219 Pendet
1056 4164 1283 4234 singulis
1309 4174 1619 4227 nostrorum
1649 4175 1846 4219 statera
1873 4166 2214 4232 meriturum,

622 4267 785 4328 atque
811 4258 1017 4335 exiguis
1045 4259 1125 4312 vel
1153 4257 1280 4314 boni
1310 4259 1640 4329 operis,;vel
1691 4258 1980 4329 degeneris
2031 4258 2218 4329 flagitii

622 4351 912 4407 momentis
941 4349 1045 4404 huc
1066 4359 1228 4424 atque
1258 4351 1388 4406 illuc
1415 4367 1560 4422 saepe
1587 4351 1883 4406 inclinatur
1933 4369 1946 4404 :
2002 4353 2046 4406 si
2079 4353 2217 4408 mala

623 4453 876 4516 vergant,
913 4442 1017 4498 heu
1043 4443 1158 4498 me!
1199 4443 1246 4497 si
1275 4446 1414 4497 booa
1436 4483 1452 4512 ,
1499 4454 1699 4512 pra:sto
1719 4454 1801 4499 est
1832 4443 2008 4499 venia.
2046 4443 2218 4500 Nemo

2321 3257 2663 3310 quocumqtte
2687 3249 2828 3294 statu
2861 3239 3255 3308 probarentur;
3280 3239 3532 3312 illudque
3563 3239 3859 3310 praecipuum,

2322 3336 2366 3390 si
2399 3334 2566 3404 magis
2591 3348 2768 3387 mores
2797 3332 3244 3386 commendarent
3279 3341 3512 3394 statum.
3547 3346 3696 3402 quam
3730 3337 3859 3383 status

2323 3443 2524 3481 mores.
2566 3425 2773 3480 i;tenim
2809 3440 2916 3494 quo
2946 3433 3119 3480 status
3161 3424 3389 3479 inferior
3413 3466 3428 3491 ,
3463 3440 3530 3480 eo
3572 3426 3728 3478 virtus
3763 3416 3858 3471 ruti-

2324 3517 2559 3573 nentior.
2591 3517 2780 3572 Talem
2815 3519 2994 3586 itaque
3033 3531 3092 3571 se
3132 3516 3463 3580 exhibebat,
3491 3526 3594 3572 tam
3631 3511 3857 3570 sedulum.

2325 3621 2379 3665 ut
2409 3611 2459 3667 ei
2502 3609 2756 3664 dominus
2791 3624 2922 3664 suus
2976 3618 3142 3663 totatn
3182 3609 3409 3664 domum
3449 3611 3600 3664 Suam
3639 3603 3857 3661 credercl.

2323 3702 2422 3774 ipsi
2451 3703 2630 3756 omnia
2664 3701 3049 3755 committeret.

2393 3795 2483 3851 ΞΟ.
2531 3794 2682 3851 Unde
2730 3793 2923 3867 (lbid.,
2953 3797 2984 3849 '7
3016 3803 3062 3849 et
3093 3794 3228 3866 seq.)
3269 3803 3326 3856 et
3370 3811 3516 3850 uxor
3559 3795 3670 3864 ejus
3710 3787 3857 3843 oculos

2323 3887 2581 3958 injecitin
2610 3902 2756 3950 eum,
2799 3895 2954 3956 capta
3000 3884 3188 3940 formae
3224 3897 3550 3952 venustate;
3591 3879 3854 3950 nihilenim

2322 3981 2388 4035 ad
2427 3996 2564 4045 nos,
2594 3981 2637 4036 si
2683 3981 3046 4050 petulantibus
3081 3980 3254 4035 oculis
3296 3990 3394 4036 aut
3436 3990 3570 4037 tetas
3609 3977 3853 4048 expetitur.

2324 4084 2414 4128 aut
2439 4072 2798 4144 pulchritudo.
2830 4072 2934 4128 Ars
2968 4072 3131 4137 desit,
3163 4072 3369 4130 nullum
3399 4083 3486 4131 est
3514 4073 3705 4129 crimen
3729 4069 3854 4123 deco-

2323 4167 2441 4222 ris:
2474 4165 2726 4221 illecehra
2779 4165 3048 4230 facessat,
3098 4165 3360 4222 inoﬂ'eusa
3413 4175 3499 4221 est
3547 4164 3768 4236 species,
3816 4164 3856 4210 el

2323 4257 2510 4310 ferinae
2538 4258 2728 4328 gratia.
2761 4255 2948 4328 Itaque
2976 4257 3182 4327 percita
3213 4268 3378 4328 atque
3407 4258 3570 4312 animi
3595 4256 3758 4310 furens
3792 4251 3853 4302 it-

2324 4349 2572 4418 terpellat
2615 4351 2896 4420 juvenem,
2939 4361 2995 4404 et
3035 4359 3266 4420 cogente
3305 4349 3566 4418 libidine,
3613 4349 3736 4402 victa
3765 4353 3854 4412 pas-

2322 4441 2534 4496 sionum
2573 4442 2806 4497 stimulis
2837 4442 3044 4496 crimen
3083 4443 3302 4497 fatetur.
3347 4441 3546 4497 Verum
3578 4440 3661 4494 ille
3688 4435 3853 4506 altjural

621 4539 764 4592 enim
797 4554 824 4590 a
853 4543 1075 4606 peccato
1103 4535 1360 4588 innnunis
1391 4552 1405 4589 :
1434 4535 1527 4589 sed
1553 4535 1642 4590 ubi
1678 4536 2022 4606 prependunt
2049 4537 2213 4602 bona,
2244 4534 2295 4596 D
2322 4531 2601 4604 ﬂagitium,
2638 4531 2663 4570 δ
2686 4533 2875 4588 dicens
2907 4548 3006 4588 nec
3038 4534 3282 4588 moribus
3317 4534 3660 4590 Hebraeorum
3696 4538 3853 4584 convc-

621 4632 900 4686 elevantur
926 4637 1168 4700 peccata,
1223 4627 1636 4693 obumbrantur,
1695 4636 1968 4699 teguntur.
1995 4629 2140 4700 Ergo
2162 4631 2215 4685 itt

621 4726 707 4778 die
729 4724 915 4794 jutlicii
950 4730 1043 4777 aut
1068 4729 1249 4776 nostra
1281 4719 1687 4791 opitulabuntur
1719 4722 1876 4776 nobis
1898 4738 2085 4793 opera,
2119 4736 2215 4779 aut

622 4817 739 4884 ipsa
764 4830 862 4868 nos
892 4814 944 4868 itt
972 4811 1293 4882 profundunt
1319 4854 1332 4876 ,
1383 4823 1654 4882 tamquam
1689 4814 1876 4868 molari
1923 4814 2215 4884 depressos

620 4909 829 4982 lapide,
872 4919 1136 4977 mergent.
1185 4904 1376 4961 Gravis
1416 4915 1499 4960 est
1533 4906 1713 4972 enim,
1759 4918 1972 4978 utpote
2014 4909 2216 4965 talento

620 5001 876 5073 plumbeo
897 4999 1154 5065 sull'ulta,
1209 4997 1492 5068 iniquitas;
1537 4997 1894 5052 intolerabilis
1943 5000 2168 5053 avaritia
2197 5042 2212 5067 ,

620 5104 781 5164 atque
808 5095 985 5148 omnis
1007 5093 1283 5163 superbia,
1309 5100 1448 5146 tetra
1477 5091 1550 5146 fra
1563 5092 1835 5148 udulcntia
1855 5093 2041 5165 (Zuch.
2058 5110 2110 5160 ν,
2133 5093 2210 5166 7).

622 5186 685 5238 Et
715 5185 836 5240 ideo
866 5186 1084 5240 hortare
1139 5185 1353 5256 plebem
1408 5185 1617 5238 Domini
1671 5183 1893 5256 sperare
1940 5187 2112 5256 magis
2161 5189 2212 5241 in

623 5277 870 5343 Domino,
901 5277 1178 5332 abundare
1212 5278 1264 5331 in
1294 5276 1495 5330 divitiis
1526 5277 1908 5344 simplicitatis,
1938 5279 1989 5333 in
2019 5279 2213 5348 quibus

615 5369 855 5426 ambulet
897 5370 1012 5426 sine
1067 5370 1298 5448 laqueo,
1355 5368 1476 5446 sine
1532 5371 1920 5440 impedimento
1969 5371 2037 5442 (ll
2089 5369 2212 5426 Cor.

615 5476 731 5529 vnt,
764 5461 843 5532 2).

667 5595 712 5680 ’ί
751 5605 864 5680 vet.
892 5604 1025 5661 edit.
1054 5623 1176 5663 cum
1207 5616 1360 5678 parte
1385 5620 1543 5672 mss.,
1565 5622 1680 5676 quce
1708 5604 2024 5668 mercedem;
2047 5603 2206 5660 Rom.

615 5675 872 5744 cu_m_:_ilia
905 5688 1076 5743 parte,
1107 5675 1222 5744 quoi
1253 5695 1490 5738 mercem.

680 5740 703 5776 ι’
747 5741 853 5796 llac
881 5740 949 5798 de
991 5740 1243 5802 re'adisis
1281 5749 1564 5807 Philonem
1608 5747 1700 5806 lib.
1755 5751 1820 5806 de
1864 5746 2067 5822 Josepb
2113 5749 2193 5804 ul-

2323 4626 2459 4690 nire,
2489 4640 2587 4680 nec
2617 4625 2847 4692 legibus,
2877 4632 2933 4680 ut
2961 4627 3196 4681 alienum
3222 4626 3428 4682 violent
3451 4627 3673 4688 thoruui,
3700 4618 3850 4690 quibus

2321 4733 2450 4771 cura
2479 4727 2564 4772 est
2604 4716 2782 4771 tuendi
2819 4717 3072 4786 pudoris;
3101 4729 3158 4770 ut
3188 4717 3386 4790 integri
3423 4719 3713 4790 nuptiarum
3742 4711 3849 4762 inte-

2321 4807 2430 4878 gris
2471 4810 2748 4864 socientur
2789 4809 3120 4878 virginibus,
3171 4824 3270 4864 nec
3319 4810 3414 4864 ulli
3462 4805 3757 4864 conveniant
3790 4797 3848 4851 le-

2324 4905 2506 4969 tninae,
2531 4918 2652 4973 qua:
2682 4902 2900 4971 legitimi
2931 4917 3056 4956 usus
3097 4902 3239 4958 tltori
3272 4904 3480 4958 nesciat
3512 4919 3524 4956 :
3559 4897 3848 4968 religionem-

2321 5014 2426 5068 que
2456 4998 2558 5052 sibi
2589 5015 2733 5066 esse,
2762 5009 2783 5036 ο
2810 5014 2877 5054 ne
2909 4998 3093 5056 ebrius
3118 5000 3295 5070 turpis
3336 4991 3761 5067 intemperantia,
3789 4985 3846 5035 iu-

2318 5104 2505 5165 gratus
2529 5094 2716 5150 herilis
2743 5094 3120 5164 indulgentiae;
3141 5095 3227 5148 cui
3253 5094 3569 5165 obsequium
3583 5087 3793 5148 deberet.
3809 5074 3842 5127 εί

2317 5202 2535 5257 gravent
2570 5185 2797 5242 inferret
2822 5187 3236 5244 contumeliam.

2390 5278 2479 5331 2|.
2521 5277 2794 5348 Numquid
2826 5277 3186 5334 erubescebat
3234 5277 3383 5334 illum
3429 5275 3582 5332 vilem
3619 5263 3839 5324 dominum

2319 5377 2498 5422 tamen
2524 5369 2707 5424 dicere
2727 5411 2741 5434 ,
2775 5381 2826 5425 et
2856 5386 2916 5426 se
2947 5384 3166 5424 servum
3200 5368 3393 5426 fateri?
3425 5365 3556 5438 Quin
3586 5363 3722 5420 etiam
3746 5359 3836 5451 cum

2316 5463 2547 5518 ambiret
2577 5465 2796 5532 mulier,
2826 5461 3144 5520 obsecraret
3174 5463 3337 5519 etiam
3369 5470 3512 5518 metu
3557 5449 3829 5528 proditionis.

2321 5604 2472 5676 timur
2489 5603 2619 5658 edit.
2655 5602 3000 5671 Parisiensis,
3036 5619 3157 5676 pag.
3188 5603 3313 5660 553.
3394 5673 3405 5676 _
3569 5669 3608 5676 ,ι
3641 5658 3670 5676 Ι,
3707 5655 3716 5676 _,

2395 5685 2416 5712 ε
2460 5675 2711 5730 Nonnulli
2745 5691 2903 5748 mss.,
2935 5668 2996 5732 ne
3037 5668 3305 5744 Helymus,
3339 5673 3508 5751 minus
3533 5668 3770 5734 concinne.
