3936 6168
105 212 257 273 885.

1277 208 1765 272 Ειδιδτοιιιιυιι
1801 209 2085 277 οωεειε
2126 212 2166 268 1.

3251 219 3356 278 886

100 326 175 379 vel
216 320 409 383 amoris
446 321 529 376 sui
578 321 846 395 lacrymas
877 320 1134 379 funderet
1178 322 1243 381 ad
1295 319 1653 393 extorquendi
1685 326 1735 384 Α
1830 319 1925 376 24.
1967 320 2307 391 Astipulatur
2332 323 2495 382 etiam
2528 325 2927 387 momentarias
2949 329 3243 393 mevices
3271 347 3360 389 re-

100 419 470 485 necessitatem,
496 430 593 497 nec
623 413 1003 475 misericordia
1031 414 1203 475 ﬂexus
1229 414 1295 471 ad
1317 414 1503 486 ﬂagitii
1527 429 1659 471 con-

99 524 308 574 sensum,
339 523 441 569 nec
463 516 683 569 coactus
721 518 893 574 metu,
920 516 976 563 et
1006 507 1257 581 precibus
1287 508 1509 573 restitit,
1558 521 1658 565 nec

98 603 235 660 minis
250 603 429 669 cessit,
456 616 778 675 praeponens
805 601 1044 675 prmmiis
1067 599 1429 672 periculosam
1460 600 1658 661 hones-

97 705 256 761 tatem,
279 709 434 767 quam
472 704 683 767 turpem
724 695 1226 759 remunerationem
1267 703 1418 749 casto
1440 692 1655 764 pudori.

97 790 268 844 lterum
298 803 513 860 quoque
539 785 690 860 (Gen.
725 803 915 853 xxxtx,
950 787 1006 843 Η
1042 797 1087 842 et
1103 785 1236 857 seq.)
1260 785 1458 841 mulier
1489 786 1659 857 majo-

98 884 224 938 ribus
268 883 460 937 adorsa
488 880 866 945 tentameutis,
906 896 1029 937 cum
1066 879 1422 935 inﬂexibilem
1466 879 1659 934 adver-

100 986 245 1045 teret,
285 975 444 1031 etiam
492 984 515 1011 ιι
563 974 808 1035 secunda
846 975 966 1031 vice
997 972 1369 1040 immobilem,
1403 974 1657 1044 passione

98 1069 237 1127 effera
291 1077 344 1127 et
394 1068 730 1142 impudentia
787 1068 938 1125 vires
986 1067 1362 1134 ministrante,
1398 1066 1655 1137 juvenem

97 1160 401 1233 aggreditur,
456 1170 607 1216 veste
659 1160 1000 1230 apprehensa
1047 1159 1114 1213 ad
1164 1158 1343 1215 cubile
1400 1158 1654 1225 trahens,

95 1256 396 1324 complexum
430 1254 667 1310 oﬂ‘erens
698 1269 713 1307 :
744 1261 799 1308 et
819 1267 958 1327 pene
983 1260 1228 1327 ceperat,
1263 1251 1369 1305 nisi
1412 1250 1657 1306 exuisset

94 1351 265 1425 loseph
291 1360 522 1417 vestem,
554 1364 660 1423 quia
690 1347 1012 1413 tenebatur;
1038 1361 1108 1403 ne
1137 1354 1365 1403 exueret
1395 1344 1651 1400 amictum

96 1443 403 1511 humilitatis,
429 1442 812 1498 indumentum
840 1440 1083 1511 pudoris.

148 1536 226 1593 2%.
265 1536 431 1594 Scivit
459 1537 624 1608 igitur
655 1532 952 1600 humiliari,
983 1532 1075 1605 qui
1100 1531 1418 1589 humiliatus
1447 1537 1534 1586 est
1564 1544 1654 1587 us-

96 1645 179 1699 que
222 1628 282 1685 ad
337 1642 655 1696 carcerem;
699 1636 755 1683 et
799 1640 923 1685 cum
961 1625 1260 1681 sustineret
1294 1622 1650 1691 calumniam,

1762 427 1882 467 rum
1904 411 2068 469 etiam
2103 415 2275 468 sancti
2316 414 2481 473 David
2520 415 2835 487 frequenter
2874 419 3113 485 variatus
3157 430 3353 495 status,

1758 505 1850 577 qui
1874 503 2160 574 despectus
2190 507 2354 579 patri,
2389 509 2658 579 pretiosus
2698 510 2846 579 Deo;
2880 513 3159 585 triumpho
3197 518 3358 577 uoltiv

1759 599 1845 665 lis,
1880 598 2081 654 invidia
2111 598 2234 655 vilis
2279 600 2325 670 (Ι
2354 601 2483 673 Reg.
2510 619 2621 669 xvt,
2656 604 2717 658 Μ
2755 614 2803 660 et
2833 606 2968 676 seq.)
2990 648 3006 674 ,
3040 609 3249 671 accitus
3286 612 3355 671 ad

1763 691 2128 749 ministerium
2171 694 2378 764 regium
2401 735 2416 765 ,
2452 695 2659 753 electus
2704 697 2772 752 ad
2806 698 3123 759 afﬁnitatem
3154 701 3198 773 (Ι
3225 701 3357 774 Reg.

1764 801 1897 841 xvtn
1924 826 1938 853 ,
1967 790 2004 840 2
2029 797 2077 841 et
2092 786 2223 858 seq.)
2251 828 2267 854 ,
2296 794 2575 857 postremo
2618 787 2813 846 faciem
2858 800 2914 846 et
2951 807 3045 849 ora
3076 800 3315 851 mutatus
3338 836 3354 859 ,

1762 876 1918 933 exsul
1950 877 2139 950 regni,
2171 878 2409 950 fugitans
2432 879 2727 949 parricidii,
2745 898 2889 941 nunc
2919 898 3013 941 sua
3033 882 3358 945 oﬂ'endicula

1761 970 2115 1042 deplorabat,
2146 982 2203 1029 et
2233 988 2424 1031 rursus
2460 976 2641 1035 aliena
2672 978 3025 1046 removebat,
3069 982 3360 1039 conciliato

1762 1063 1981 1120 batrede
2011 1066 2266 1133 nobilior,
2314 1082 2478 1139 quam
2517 1066 2836 1126 decolorato
2859 1071 2927 1143 (ll
2956 1072 3089 1144 Reg.
3125 1089 3219 1137 xu,
3251 1074 3278 1131 1
3309 1086 3358 1133 et

1762 1156 1895 1229 seq.)
1928 1159 2199 1230 Expertus
2227 1161 2387 1232 igitur
2436 1164 2641 1230 omnia,
2674 1164 2900 1234 pulchre
2948 1166 3123 1223 dixit:
3150 1165 3354 1227 Bonum

1763 1250 1889 1304 mihi
1909 1256 2048 1316 quod
2070 1251 2373 1308 humiliatus
2395 1270 2512 1313 sum
2540 1252 2717 1327 (Psol.
2749 1270 2945 1325 cxvut,
2975 1257 3092 1329 7i).

1830 1341 1925 1398 25.
1966 1342 2306 1416 Quamquam
2355 1347 2461 1407 hoc
2492 1356 2546 1404 et
2565 1347 2632 1403 ad
2660 1365 2784 1404 eum
2816 1353 2989 1421 possit
3014 1352 3227 1417 referri,
3259 1355 3351 1423 qui

1760 1450 1881 1489 cum
1915 1435 2134 1492 essetin
2170 1437 2264 1493 Dei
2292 1437 2467 1499 forma
2495 1482 2509 1506 ,
2538 1440 2715 1498 facilis
2735 1442 2999 1501 inclinare
3028 1445 3231 1511 cmios;
3253 1444 3354 1501 de-

1760 1530 1973 1585 scendit
1995 1537 2197 1597 tamen,
2223 1534 2519 1589 etformam
2544 1536 2687 1593 servi
2712 1537 3355 1610 accipiensnostraspor-

1763 1620 1900 1676 tavit
1944 1622 2291 1678 infirmitates
2320 1622 2493 1696 (Phil.
2527 1641 2583 1692 tt,
2616 1625 2671 1696 6)
2700 1645 2712 1678 :
2742 1626 2833 1697 qui
2861 1629 3164 1700 praevidens
3198 1644 3355 1691 Banc-

96 1723 252 1778 maluit
285 1722 489 1779 crimen
518 1720 715 1777 falsum
747 1718 954 1787 subire,
986 1733 1147 1789 quam
1195 1732 1382 1773 verum
1416 1714 1647 1772 referre.
1682 1719 1730 1779 B
1757 1721 1842 1769 tos
1865 1728 2015 1783 suos,
2057 1730 2162 1770 non
2192 1717 2348 1787 quasi
2380 1718 2627 1789 rapinam
2650 1720 2752 1775 sibi
2786 1723 3064 1792 proprium
3091 1722 3354 1787 honorem

94 1816 249 1884 Scivit,
295 1816 545 1885 inquam,
602 1810 904 1879 humiliari,
943 1812 1071 1887 quia
1114 1808 1505 1865 humiliabatur
1556 1822 1654 1878 pro

94 1910 276 1966 virtute.
301 1907 702 1967 Humiliahatur
733 1905 785 1960 in
812 1914 941 1977 typo
966 1903 1104 1976 ejus,
1132 1903 1221 1973 qui
1253 1916 1312 1958 se
1341 1911 1457 1957 erat
1486 1900 1654 1955 humi-

95 2002 285 2059 liaturus
304 2016 472 2075 usque
487 1998 558 2057 ad
588 2006 817 2055 mortem
836 2039 852 2065 ,
871 2005 1104 2052 mortem
1126 2003 1304 2050 autem
1322 1994 1501 2053 crucis
1526 2012 1538 2048 :
1561 1991 1651 2067 qui

95 2106 318 2152 venturus
341 2104 480 2159 erat,
521 2103 578 2151 ut
600 2090 767 2147 vitam
787 2089 924 2149 hanc
949 2088 1018 2145 de
1040 2103 1233 2149 somno
1265 2086 1650 2150 resuscitaret;

95 2198 135 2245 et
152 2188 395 2245 somnium
438 2185 609 2263 760
632 2198 754 2241 esse
791 2180 933 2239 hunc
963 2180 1179 2239 vivendi
1210 2195 1365 2235 usum
1402 2178 1647 2244 doceret,

96 2281 137 2335 in
180 2295 275 2351 quo
335 2280 569 2335 diversae
626 2275 1113 2333 commutationum
1179 2272 1326 2327 vices
1375 2279 1649 2339 tamquam

93 2372 247 2439 chrias,
274 2382 324 2428 et
346 2372 479 2429 nihil
506 2370 770 2437 solidum,
801 2367 935 2427 nihil
960 2365 1199 2430 ﬂtmum,
1229 2374 1500 2435 tamquam
1526 2361 1652 2416 dor-

92 2465 274 2520 mientis
290 2466 563 2521 somnium
600 2464 854 2519 videntes
878 2477 983 2517 non
1007 2459 1276 2526 videmus,
1298 2465 1353 2512 et
1369 2457 1651 2510 audientes

95 2570 177 2607 non
201 2556 457 2622 audimus,
481 2565 541 2611 et
588 2552 978 2611 manducantes
1008 2568 1116 2605 non
1152 2549 1436 2614 satiamur,
1461 2555 1648 2618 gratu-

93 2648 233 2706 lantes
260 2666 360 2706 non
402 2650 766 2723 gratulamur,
799 2655 1086 2702 currentes
1127 2658 1235 2699 non
1278 2641 1645 2719 pervenimus.

94 2740 229 2803 Vnum
255 2759 376 2816 spes
402 2744 691 2805 hominum
724 2743 775 2799 in
800 2741 905 2797 hoc
929 2739 1155 2803 saeculo,
1184 2739 1272 2808 qui
1303 2751 1365 2792 ea
1396 2751 1515 2806 quae
1542 2751 1648 2795 non

90 2846 205 2901 sunt,
239 2847 505 2909 tamquam
530 2851 651 2907 quae
673 2835 803 2901 sint,
835 2833 1120 2907 sequenda
1148 2830 1507 2889 arbitrentur.
1542 2828 1651 2883 Ita-

90 2943 171 2997 que
206 2916 383 2987 inanes
420 2940 477 2985 et
537 2942 718 2983 vacua:
759 2942 939 2984 rerum
998 2925 1212 2996 species
1261 2932 1532 2994 tamquam
1588 2922 1647 2976 in

90 3022 265 3081 somnio
291 3030 582 3087 venerunt,
622 3020 910 3076 abierunt:
936 3017 1250 3082 astiterunt,
1283 3023 1643 3087 evanuerunt.

1757 1823 2065 1874 assumere;
2108 1808 2204 1865 sed
2236 1810 2509 1881 subjicere
2536 1825 2598 1867 se
2632 1811 2953 1883 zequalibus,
2988 1825 3045 1870 et
3089 1813 3228 1873 alios
3249 1815 3356 1873 sibi
3382 1870 3395 1881 ,

1758 1901 2068 1970 anteferre,
2124 1902 2302 1958 dixit:
2335 1901 2541 1958 Bonum
2591 1906 2718 1959 mihi
2767 1907 2844 1960 est
2880 1906 3022 1977 quod
3057 1906 3362 1969 humiliatus

1755 2010 1892 2049 sum.
1924 1993 2132 2049 Bonum
2161 1995 2295 2049 tnihi
2320 2004 2404 2051 est
2433 1995 2577 2067 quod
2610 2012 2697 2053 me
2723 1996 2964 2068 subjeci;
3011 2007 3069 2055 ut
3110 1999 3357 2070 subjecta

1757 2087 1886 2141 mihi
1929 2087 2038 2142 sint
2081 2089 2286 2155 omnia,
2315 2098 2369 2147 et
2397 2088 2470 2147 sit
2502 2089 2643 2147 Deus
2682 2089 2866 2147 omnia
2905 2099 2962 2149 et
3000 2091 3055 2153 in
3100 2092 3358 2151 omnibus

1755 2179 1798 2251 (I
1825 2178 1947 2235 Cor.
1977 2182 2193 2255 xv,_27,
2233 2180 2350 2254 28).
2388 2182 2537 2237 ilanc
2569 2182 2792 2239 infunde
2830 2181 3195 2243 humilitatem
3243 2184 3355 2245 sin-

1753 2276 2000 2343 gulorum
2052 2275 2273 2341 animis,
2327 2282 2382 2329 et
2434 2286 2485 2333 tc
2515 2275 2692 2347 ipsum
2725 2274 2957 2337 formam
3000 2277 3184 2344 praebe
3232 2290 3353 2331 om—

1753 2367 1954 2433 nibus,
2004 2364 2238 2423 dicens:
2269 2364 2569 2427 lmitalores
2616 2368 2714 2420 mei
2758 2377 2947 2434 estote,
2978 2367 3108 2427 sicut
3155 2376 3204 2422 et
3256 2383 3351 2438 ego

1754 2455 1947 2514 Christi
1981 2458 2024 2529 (l
2052 2458 2173 2513 Cor.
2205 2475 2280 2526 xt,
2314 2458 2392 2533 1).

1824 2552 1916 2607 26.
1959 2551 2182 2613 Discant
2212 2554 2481 2609 bonorum
2511 2567 2740 2627 operum
2771 2551 2985 2613 divitias
3007 2566 3274 2623 quaerere,
3299 2561 3355 2611 et

1752 2659 1963 2705 morum
1997 2658 2119 2702 esse
2140 2644 2460 2719 locupletes.
2495 2642 2857 2703 Pulchritudo
2885 2642 3199 2705 divitiarum
3238 2658 3345 2711 non

1752 2737 1803 2790 in
1836 2736 2071 2792 sacculis
2101 2737 2355 2805 divitum,
2387 2736 2483 2797 sed
2514 2738 2567 2793 in
2591 2737 2871 2795 alimentis
2904 2751 3201 2811 pauperum
3243 2748 3347 2795 eat.

1752 2829 1810 2885 in
1836 2829 1945 2885 illis
1967 2830 2200 2886 infirmis
2224 2840 2277 2886 et
2304 2830 2494 2902 egenis
2522 2832 2716 2887 melius
2741 2846 2875 2903 Opes
2897 2833 3102 2895 lucent.
3126 2832 3351 2897 Discant

1752 2923 1933 2993 itaque
1962 2925 2248 2997 pecuniosi
2280 2941 2386 2980 non
2413 2940 2510 2981 sua
2532 2966 2546 2990 ,
2587 2924 2684 2982 sed
2713 2941 2775 2981 ea
2818 2942 2940 3001 qua:
2969 2935 3094 2989 sunt
3118 2926 3347 2992 Christi,

1750 3031 2025 3085 qtnerere;
2060 3026 2118 3070 ut
2160 3016 2281 3071 illos
2320 3027 2373 3073 et
2415 3016 2668 3079 Christus
2712 3018 2978 3090 requirat,
3014 3028 3071 3077 ut
3109 3017 3221 3081 illis
3250 3034 3349 3078 sua

89 3110 402 3171 Circumfusa:
425 3124 482 3171 et
509 3112 771 3184 dispersa:
799 3121 947 3177 sunt,
977 3112 1146 3167 teneri
1174 3110 1515 3178 videntur,ct
1537 3127 1642 3166 non
1674 3097 1719 3159 C
1752 3108 2031 3181 largiatur.
2061 3108 2333 3179 lmpcndit
2361 3124 2459 3180 pro
2489 3110 2596 3164 illis
2628 3113 2948 3182 sanguinem
2980 3126 3135 3171 suum
3160 3111 3344 3182 (Rom.

89 3212 321 3267 tenentur.
350 3207 599 3276 Denique
624 3205 713 3259 ubi
742 3203 861 3275 quis
888 3202 1092 3259 audivit
1131 3190 1402 3259 dicentem
1430 3223 1443 3256 :
1474 3200 1645 3275 Surge

88 3300 157 3368 qui
176 3302 355 3363 dormis
378 3301 604 3377 (Ephes.
636 3316 689 3365 v,
711 3302 825 3369 ti),
859 3311 913 3356 et
942 3300 1011 3355 de
1045 3300 1231 3361 saeculi
1272 3299 1429 3356 istius
1451 3315 1644 3355 somno

87 3398 387 3459 exsurrexit.
418 3396 556 3451 falsa
598 3395 712 3455 haec
750 3393 1018 3455 intellexit
1060 3393 1262 3453 ommia
1294 3411 1306 3445 :
1340 3393 1641 3464 evigilavit,

85 3495 126 3541 et
145 3485 259 3562 fugit
281 3492 576 3555 somnium,
605 3489 738 3565 fugit
768 3495 1034 3560 potestas,
1068 3487 1201 3545 abiit
1230 3503 1357 3549 cura
1385 3489 1645 3559 patrimo-

86 3578 172 3644 nii,
199 3581 376 3647 formae
409 3589 674 3643 venustas
696 3622 713 3647 ,
748 3583 1012 3639 honorum
1046 3581 1309 3641 studium.
1341 3582 1468 3643 Haec
1497 3582 1641 3642 enim

84 3675 264 3749 somnia
310 3687 470 3747 sunt,
527 3675 722 3752 quibus
770 3690 875 3729 non
923 3682 1232 3739 moventur,
1281 3674 1371 3744 qui
1421 3675 1641 3744 vigilant

84 3768 220 3824 corde
252 3788 264 3823 :
295 3771 388 3828 sed
420 3771 765 3831 dormientes
789 3768 1157 3840 exagitantur.

137 3859 215 3923 25.
255 3862 494 3923 Vadatur
527 3862 673 3919 hunc
702 3876 1012 3917 sermonem
1062 3877 1243 3919 meum
1286 3872 1509 3919 sanctus
1552 3860 1645 3916 Jo-

85 3952 214 4020 seph,
242 3969 342 4010 non
375 3970 501 4012 esse
527 3966 782 4025 perpetua
813 3969 911 4009 nec
940 3954 1220 4021 diuturna,
1247 3969 1368 4023 qua:
1396 3963 1521 4008 sunt
1545 3953 1644 4006 hu-

84 4042 157 4110 ius
182 4048 376 4116 seculi,
406 4049 500 4120 qui
528 4043 600 4102 ab
629 4047 783 4102 initio
807 4046 1005 4103 nobilis
1028 4061 1251 4117 genere,
1267 4059 1437 4100 censu
1466 4046 1640 4114 dives,

86 4136 236 4194 subito
262 4140 516 4212 ignobilis
537 4140 787 4196 servulus
818 4149 921 4205 est,
952 4152 1007 4195 et
1029 4138 1199 4210 (quod
1231 4140 1400 4209 ipsam
1432 4140 1641 4196 servitii

86 4228 314 4289 vilitatem
326 4232 571 4306 acerbat)
584 4234 866 4304 degeneris
878 4231 1085 4293 domini
1099 4249 1209 4289 acre
1222 4242 1464 4303 emptum
1485 4249 1607 4290 man
1623 4264 1640 4275 -

86 4322 275 4390 ciuium.
290 4328 468 4386 Minus
484 4330 632 4383 enim
657 4328 763 4383 vile
782 4336 998 4399 putatur
1013 4327 1221 4387 servire
1238 4326 1411 4382 libero
1434 4345 1446 4380 :
1471 4327 1643 4398 gemi-

85 4425 217 4473 natur
238 4433 413 4478 autem
435 4422 671 4479 servitus
692 4421 779 4477 ubi
801 4421 1038 4476 servitur
1063 4419 1395 4475 vernaculis.
1436 4420 1640 4477 Servus
1669 4469 1740 4487 ἢ,

85 4503 220 4573 igitur
239 4526 303 4568 ex
332 4528 535 4583 genere
564 4512 849 4583 praeclaro,
867 4526 1072 4582 panper
1094 4527 1157 4577 ex
1184 4523 1337 4587 patre
1361 4511 1555 4577 divite,
1574 4511 1641 4567 de

85 4609 242 4663 amore
260 4605 325 4661 all
353 4606 563 4673 odium,
590 4604 661 4663 de
682 4603 854 4675 gratia
877 4603 942 4659 ad
972 4604 1295 4674 supplicium
1322 4623 1335 4658 :
1365 4620 1552 4663 rursus
1574 4605 1641 4659 de

86 4702 274 4751 carcere
297 4698 365 4752 ad
394 4699 573 4753 aulam
601 4738 616 4762 ,
647 4695 718 4752 de
747 4706 895 4752 reatu
935 4696 1002 4750 ad
1028 4693 1291 4766 judicium
1324 4697 1637 4761 traductos;

85 4795 233 4855 neque
250 4790 489 4846 adversis
515 4789 719 4845 fractus
747 4798 851 4856 est,
888 4802 1066 4860 neque
1106 4790 1350 4844 elevatus
1386 4791 1642 4847 secundis

83 4872 213 4939 (Ceu.
237 4895 344 4947 xu,
365 4883 435 4940 39
457 4894 505 4943 et
526 4882 679 4953 seq.).

141 5022 163 5050 ⁸
198 5014 393 5079 Omnes
412 5016 570 5082 edit..
598 5017 755 5075 etiam
779 5016 1006 5071 secundo
1037 5014 1351 5073 immobilem
1382 5015 1642 5083 passione,

86 5085 224 5160 ellero
252 5090 602 5160 impudentia,
632 5096 772 5155 etc.;
798 5101 991 5142 (tlltllCS
1017 5101 1149 5143 tnss.
1178 5095 1235 5139 ιιι
1257 5087 1320 5160 in
1344 5096 1516 5160 textu,
1548 5086 1654 5160 nisi

85 5157 208 5228 quod
240 5156 374 5216 bene
400 5161 553 5216 multi
581 5156 829 5219 emittunt
854 5166 902 5212 et
924 5166 1048 5215 ante
1068 5171 1281 5228 vocem,
1303 5156 1640 5228 impudentia.

144 5227 168 5266 δ
197 5228 316 5284 Mss.
348 5248 452 5285 non
490 5234 665 5300 pauci,
698 5230 809 5284 sine
839 5232 1048 5293 damno,
1083 5227 1191 5282 sine
1230 5225 1419 5283 lucro:
1446 5225 1646 5282 melius

85 5300 162 5353 alii
188 5310 237 5361 et
268 5301 617 5365 edit.omues,
654 5312 710 5357 ut
740 5303 789 5357 in
825 5309 992 5354 textu.

150 5382 167 5419 ς
208 5371 604 5445 Episcopum}:
628 5369 1220 5445 qu_o_episcopusalios
1252 5367 1345 5445 lilii
1385 5368 1649 5445 vocabulo

92 5440 421 5515 contpellatus
448 5440 544 5515 sit,
566 5443 707 5515 haud
732 5442 886 5499 facile
916 5442 1152 5515 reperias
1191 5442 1331 5509 apud
1373 5440 1677 5515 antiquos.'

91 5507 183 5579 Nec
204 5507 332 5569 sane
356 5507 701 5571 aliam'ullnm
733 5507 1093 5575 causam,'cur
1123 5507 1471 5568 hoc'nomine
1509 5507 1651 5565 Cou-

99 5585 331 5655 stantium
355 5586 700 5655 appellaverit
729 5582 1069 5655 Ambrosius,
1106 5597 1260 5655 utens
1292 5582 1447 5639 nobis
1461 5596 1653 5655 sugge-

107 5652 188 5718 rit,
214 5653 312 5708 nisi
340 5650 480 5723 quod
503 5656 591 5719 ille
614 5666 705 5713 aut
743 5670 774 5711 e
832 5655 978 5709 clero
1004 5650 1391 5708 Mediolanensi
1432 5655 1496 5707 ad
1537 5650 1653 5722 epi-

113 5734 370 5795 scopulum
403 5736 709 5795 assumptus
734 5724 917 5791 fuerit,
953 5724 1035 5778 vel
1084 5723 1264 5783 statim
1308 5739 1337 5777 a
1360 5737 1649 5781 consocia-

1750 3215 1860 3269 vm,
1887 3199 1999 3269 52),
2025 3200 2255 3255 eﬂundit
2286 3201 2391 3257 illis
2430 3202 2590 3281 761
2640 3203 2903 3272 Spiritum
2953 3218 3135 3272 suum,
3187 3202 3351 3267 oﬂ'ert

1748 3292 1855 3347 illis
1896 3308 2124 3363 regnum
2176 3309 2355 3349 suum.
2389 3294 2524 3362 Quid
2553 3295 2786 3369 amplius
2818 3296 2991 3367 dabit,
3039 3297 3130 3372 qui
3167 3311 3226 3359 se
3267 3297 3350 3371 ip.

1747 3404 1869 3443 sum
1903 3388 2130 3449 obtulit?
2155 3387 2262 3453 Aut
2291 3389 2422 3459 quid
2450 3398 2535 3449 est
2564 3388 2711 3462 quod
2744 3405 2851 3451 non
2896 3391 2965 3452 sit
2990 3390 3223 3459 daturus
3245 3390 3352 3451 Pa—

1749 3491 1853 3546 ter,
1882 3482 1972 3552 qui
2022 3496 2120 3552 pro
2167 3483 2323 3538 nobis
2369 3483 2590 3539 unicum
2638 3482 2835 3545 Filium
2892 3483 3114 3545 tradidit
3152 3483 3353 3549 morti?

1747 3576 1994 3631 Admone
2026 3574 2191 3646 igitur
2218 3576 2340 3630 illos
2361 3574 2569 3631 servire
2597 3575 2829 3633 Domino
2869 3575 2922 3630 in
2956 3573 3255 3641 sobrietate
3285 3585 3342 3635 et

1745 3670 1939 3741 gratia,
1972 3676 2087 3723 tota
2124 3667 2324 3724 mentis
2350 3667 2645 3722 sedulitate
2674 3666 2884 3737 erigere
2912 3666 3100 3725 oculos
3131 3666 3197 3723 ad
3226 3681 3345 3727 εαξη

1750 3761 1924 3826 lestia,
1957 3758 2089 3812 nihil
2125 3773 2326 3828 ponere
2358 3756 2411 3813 iu
2444 3758 2619 3822 lucro,
2654 3756 2759 3815 nisi
2781 3755 2926 3831 quod
2960 3744 3082 3819 vitae
3116 3764 3341 3815 aeterna:

1746 3853 1853 3917 sit;
1879 3867 2002 3907 nam
2039 3853 2137 3905 iste
2162 3850 2339 3905 omnis
2372 3850 2533 3919 hujus
2560 3858 2800 3919 quaestus
2826 3847 3009 3911 saeculi
3041 3848 3340 3911 animarum

1747 3943 2093 4014 dispendium
2125 3952 2226 3997 est.
2259 3941 2502 4009 Denique
2531 3940 2771 3994 omnium
2804 3939 3189 3995 detrimentum
3224 3954 3347 4010 pas-

1747 4053 1841 4093 sus
1898 4044 1981 4091 est
2048 4032 2219 4104 (Phil.
2268 4049 2348 4098 ιιι,
2412 4031 2493 4102 8),
2534 4032 2625 4101 qui
2667 4031 2888 4086 volebat
2930 4031 3205 4087 Christum
3255 4031 3343 4087 Ιιμ

1746 4129 1888 4185 crari
1919 4146 1931 4182 :
1967 4126 2109 4197 quod
2150 4125 2259 4182 etsi
2296 4124 2617 4180 mirabiliter
2666 4122 2891 4190 dixerit,
2934 4124 3113 4178 minus
3158 4134 3340 4177 tamen

1748 4217 2063 4293 expressit,
2117 4233 2280 4289 quam
2326 4224 2639 4286 acceperat.
2697 4215 2796 4271 ilic
2842 4215 2987 4275 enim
3035 4214 3103 4270 de
3150 4214 3345 4279 alienis

1747 4317 1961 4375 locutus
1989 4323 2096 4379 e8t,
2125 4311 2376 4369 Cltrisms
2402 4320 2586 4369 autem
2624 4307 2797 4364 dixit:
2832 4308 2935 4377 Qui
2969 4306 3080 4365 uult
3114 4317 3227 4379 post
3264 4323 3346 4363 me

1746 4406 1918 4462 venire
1947 4448 1963 4473 ,
2012 4405 2231 4478 abneget
2277 4404 2500 4481 seipsum
2544 4399 2640 4456 sibi
2667 4399 2818 4474 (Luc.
2848 4415 2933 4465 ιι,
2963 4398 3061 4472 23)
3086 4416 3100 4457 :
3129 4408 3188 4454 ιιι
3227 4399 3344 4468 ipse

1749 4515 1905 4555 suum
1933 4496 2323 4555 detrimentum
2353 4496 2446 4563 sit,
2477 4511 2587 4573 quo
2611 4494 2706 4550 ﬂat
2737 4496 2943 4553 lucrum
2976 4490 3199 4549 Christi.
3239 4484 3345 4555 Ca-

1747 4596 1885 4651 duca
1936 4595 2053 4650 hacc
2098 4593 2303 4658 omnia,
2350 4588 2378 4628 δ
2403 4605 2525 4649 cum
2566 4587 2788 4651 damno,
2831 4586 2948 4647 sino
2985 4584 3139 4645 lucro
3170 4600 3182 4634 :
3213 4580 3344 4645 illud

1746 4689 1923 4744 solum
1951 4698 2033 4744 est
2052 4688 2290 4752 lucrum,
2311 4684 2400 4740 ubi
2429 4682 2639 4737 fructus
2666 4678 3097 4751 perpetuus,ubi
3120 4686 3343 4732 aeternio

1750 4796 1961 4838 merces
1982 4781 2207 4850 quietis.

1819 4880 1910 4934 27.
1952 4867 2289 4931 Commendo
2316 4865 2438 4931 tibi,
2477 4876 2498 4903 ο
2533 4863 2628 4929 ιιιι,
2657 4861 2982 4928 Ecclesiam,
3010 4874 3129 4931 qua:
3165 4868 3251 4915 est
3277 4857 3346 4927 ad

1750 5015 1896 5068 tione
1923 5008 1975 5061 in
2014 4995 2285 5058 Ambrosii
2315 4994 2658 5068 disciplinam
2688 5007 2747 5046 se
2771 4990 3054 5068 tradiderit
3077 4990 3343 5061 spiritalis

1917 5074 2129 5150 placitis
2170 5061 2593 5150 instituendum.
2618 5061 2933 5150 meum“?
2947 5062 3026 5150 Ξίι
3068 5077 3345 5150 “page

1756 5133 1934 5208 fuisse.
1973 5146 2284 5216 episcopum
2343 5135 2515 5216 totius
2573 5133 2841 5216 epistolae
2884 5134 3054 5216 series
3108 5133 3341 5214 clamat;

1752 5204 2083 5296 proindeq-ue
2116 5204 2277 5296 μῖιιῐι.
2315 5208 2455 5296 edit.
2484 5207 2557 5296 (in
2578 5204 3021 5296 ,διιιιιιιιιιιίιειιιξιιθ
3043 5204 3347 5296 scripsisse

1753 5273 2049 5367 Enniam?»
2094 5273 2436 5367 designatum:
2484 5273 3011 5367 ξιτιιΙΔιιςειᾼξιὲιξςίιειειΔ
3038 5273 3343 5367 etiLii’jij-em

1754 5344 2145 5429 Krausicanam
2190 5344 2374 5429 {edem
2419 5349 2519 5417 ipsi
2564 5346 2821 5429 assignat.
2856 5344 3130 5429 Quicnim
3156 5345 3347 5429 istunc

1759 5415 2100 5504 iiéit'pbssu,
2132 5442 2259 5504 cum
2283 5415 2459 5476 eidem
2488 5420 2703 5504 praesuli
2735 5418 2839 5504 hoc
2869 5416 2987 5504 ipso
3006 5416 3131 5504 rloc‘o
3154 5415 3347 5504 Eccle-

1864 5485 1991 5562 FB};
2025 5485 2262 5556 Ctirnelii
2287 5485 2720 5553 conmtendetur,
2749 5491 2811 5563 tle
2831 5485 3068 5563 piamimo
3093 5486 3346 5563 frequen:

1762 5555 2319 5637 iiiis-intervisettda?
2356 5565 2488 5637 bam
2535 5575 2656 5633 qua;
2700 5555 2842 5637 urbs
2870 5558 3068 5637 Eorum
3113 5555 3351 5637 Cornelii

1915 5628 2980 5712 ituncupabaLurLeadem.nutteldtcitur
3010 5630 3171 5712 [mula
3197 5629 3348 5712 λειε-

1766 5694 2131 5779 ὖὶἴὶίῖὲἔίίἰῖιῖἑ
2152 5694 2220 5768 ex
2257 5709 2317 5769 Ρ.
2344 5694 2709 5769 ’νιιιιιθῐιὶιιο,
2744 5703 2837 5759 lib.
2863 5716 2901 5756 ιι
2926 5700 2994 5763 de
3020 5694 3198 5758 Gestis
3220 5700 3360 5767 Latt—
