3936 6168
559 219 663 274 887

1907 216 2152 274 SANC'I‘I
2191 216 2516 273 AMBROSII

3729 215 3814 271 888

559 333 762 390 Forum
789 333 1052 398 Cornelii,
1074 345 1181 402 quo
1207 345 1324 387 eam
1354 331 1422 387 de
1453 332 1701 402 proximo
1731 331 2020 388 intervisas
2045 332 2154 388 fre-
2190 349 2231 406 Α
2265 333 2460 389 habeat
2497 346 2594 403 pro
2639 331 3008 388 moderamine
3052 331 3420 397 eoercitionis,
3475 331 3622 402 quasi
3654 333 3815 387 anima:

563 429 845 499 quentins,
878 427 1053 481 donec
1082 426 1132 481 ei
1166 424 1452 480 ordinetur
1492 414 1826 496 episcopus:
1852 426 2160 497 Occupatus

563 521 758 577 diebus
798 518 1180 590 ingruentibus
1221 518 1672 590 quadragesimae,
1699 531 1804 574 tam
1849 520 2008 591 longe
2051 537 2158 575 non

567 627 786 684 possum
814 625 1130 667 excurrere.

636 706 728 761 28.
773 704 950 760 Ilabes
981 705 1094 760 illic
1125 703 1338 777 Illyrios
1369 706 1434 761 de
1467 707 1607 760 mala
1649 707 1899 762 doctrina
1939 708 2163 762 Ariano-

564 815 706 864 rum,
737 812 869 854 cave
895 813 1084 854 eorum
1117 799 1322 852 zizauia
1359 816 1371 852 :
1400 814 1507 854 non
1543 801 1986 871 appropinquent
2034 801 2165 857 tide-

565 892 732 956 libus,
777 905 884 945 non
927 901 1151 961 serpant
1189 891 1494 947 adulterina
1527 894 1738 948 semina
1773 912 1785 946 :
1824 904 1848 930 ἰ
1879 895 2167 950 advertant

565 985 694 1056 quid
736 991 958 1054 propter
989 999 1142 1040 suam
1189 986 1470 1056 perﬁdiam
1516 987 1780 1043 acciderit
1824 989 1952 1054 sibi,
1987 991 2168 1057 quies-

563 1088 710 1143 cant,
733 1087 793 1133 ut
818 1095 1006 1134 veram
1036 1080 1194 1134 tidem
1224 1093 1539 1150 sequantur.
1569 1083 1802 1138 Diiticilc
1824 1085 2042 1154 quidem
2071 1086 2163 1139 im-

567 1171 678 1226 bttti
717 1171 883 1224 animi
921 1171 1258 1227 inﬁdelitatis
1298 1175 1526 1228 venenis
1551 1175 1774 1230 abolere
1811 1189 2033 1245 possunt
2071 1178 2168 1230 im-

569 1263 789 1334 pietatis
817 1278 928 1317 sum
973 1263 1274 1334 glutinum;
1307 1267 1351 1318 si
1387 1275 1564 1320 tamen
1593 1265 1650 1321 in
1681 1268 1745 1321 iis
1771 1269 1920 1324 virus
1964 1269 2170 1323 inl'ans-

573 1366 685 1410 tum
715 1355 1029 1418 inoleverit,
1057 1372 1158 1412 nec
1180 1356 1338 1412 facile
1363 1357 1429 1412 iis
1451 1358 1784 1415 credendum
1813 1373 1988 1430 putes.
2011 1361 2168 1417 Nervi

569 1451 714 1506 enim
742 1459 890 1519 sunt,
916 1461 972 1506 et
1015 1451 1234 1521 quidam
1277 1464 1428 1507 artus
1471 1455 1770 1525 sapientius,
1807 1471 1914 1510 non
1968 1471 2172 1512 temere

571 1544 821 1611 credere,
862 1544 1098 1600 maxime
1148 1546 1199 1600 itt
1233 1561 1394 1601 causa
1420 1547 1566 1613 ﬁdei,
1599 1563 1722 1618 quae
1768 1564 1892 1604 raro
1934 1551 2170 1621 perfecta

576 1649 660 1694 est
690 1640 743 1694 in
771 1638 1105 1694 hominibus.

2264 435 2567 482 consortes.
2597 425 2996 480 Paterfamilias
3021 425 3164 480 enim
3191 423 3408 490 dicitur,
3436 433 3491 478 ιιι
3533 425 3676 492 quasi
3705 425 3815 480 ﬁlios

2266 530 2438 590 regat;
2475 519 2729 590 quoniam
2775 529 2828 574 et
2871 520 2985 589 ipse
3033 520 3125 575 Dei
3165 533 3352 574 servus
3387 527 3498 584 est,
3544 528 3597 574 et
3644 529 3814 588 patrem

2265 611 2504 682 appellat
2547 610 2834 666 Dominum
2881 611 3038 676 eteli,
3081 611 3481 666 moderatorem
3530 621 3816 682 potestatum

2264 705 2525 760 omnium.
2563 705 2694 760 Vale
2729 715 2782 760 et
2824 719 2923 761 nos
2961 706 3148 776 dilige,
3193 716 3248 758 ut
3276 704 3449 771 lacis;
3483 705 3603 775 quia
3649 721 3735 760 nos
3775 715 3816 760 te

2267 784 2559 870 diligimus.

2801 890 3141 947 EPISTOLA
3180 889 3248 946 Ill
3286 889 3336 944 ἀ.

2273 983 2481 1040 FELICIS
2504 986 2864 1041 munusculum
2892 986 3160 1056 prwdicat,
3183 986 3273 1039 sed
3285 1001 3402 1039 eum
3419 985 3556 1054 quod
3575 1001 3626 1038 se
3648 1002 3676 1038 a
3697 987 3821 1052 longo

2344 1089 2571 1147 tempore
2597 1094 2699 1132 non
2735 1078 2984 1143 inriserit,
3014 1094 3275 1148 arguens;
3303 1087 3358 1131 ut
3389 1094 3494 1132 non
3521 1078 3704 1130 tamdiu
3728 1093 3822 1145 pro-

2343 1171 2670 1238 crastinetur,
2707 1172 2852 1242 petit.

2808 1265 3110 1318 Ananosws
3136 1262 3339 1318 Fama.

2349 1357 2400 1409 l.
2441 1354 2633 1409 Misiin
2666 1353 2796 1409 tnihi
2828 1355 3041 1419 tubera,
3074 1365 3130 1410 ει
3171 1355 3390 1424 quidem
3424 1355 3574 1410 mirze
3604 1356 3828 1425 magnitu-

2275 1450 2439 1515 dinis,
2475 1459 2531 1504 ut
2561 1451 2766 1520 stupori
2819 1452 2996 1505 forent
3023 1465 3086 1504 ea
3125 1459 3231 1504 tam
3273 1451 3522 1519 grandia.
3554 1460 3576 1487 θ
3617 1451 3752 1505 ΝοΙιιί
3785 1451 3825 1503 in

2277 1546 2420 1611 sinu,
2450 1552 2509 1598 ut
2533 1544 2706 1608 aiunt,
2738 1543 3074 1598 abscondere
3099 1561 3112 1596 :
3139 1542 3232 1598 sed
3259 1543 3385 1598 aliis
3416 1558 3622 1614 quoque
3643 1543 3830 1598 demon-

2278 1649 2455 1694 strare
2503 1639 2685 1693 malui.
2719 1638 2902 1710 Itaque
2947 1649 3153 1708 partem
3204 1639 3375 1692 direxi
3423 1639 3628 1705 amicis,
3661 1648 3831 1709 partem

650 1731 742 1786 29.
786 1731 990 1786 Tamen
1021 1731 1067 1787 si
1115 1733 1237 1802 quis
1266 1743 1369 1798 est,
1403 1735 1492 1804 qui
1528 1734 1653 1788 licet
1699 1745 1966 1804 suspectae
1998 1735 2069 1789 sit
2095 1737 2176 1790 iu-
2208 1736 2254 1794 B
2283 1731 2416 1786 mihi
2443 1731 2738 1786 reservavi.

583 1824 884 1892 ﬁrmitatis,
913 1833 969 1880 et
1000 1825 1242 1880 nutantis
1287 1826 1535 1892 all‘eetus,
1578 1843 1810 1899 purgare
1841 1830 2079 1885 habitam
2111 1831 2180 1886 de

580 1932 641 1972 se
661 1917 978 1986 Opinionem
1009 1919 1158 1984 velit,
1205 1921 1458 1988 permitte
1485 1930 1542 1976 ιιι
1567 1922 1897 1978 satisfecisse
1920 1939 1979 1980 se
2005 1935 2176 1994 putet,

589 2009 810 2080 indulge
837 2011 1264 2080 aliquantulum;
1295 2012 1451 2080 cujus
1482 2013 1626 2067 enim
1671 2015 1978 2070 excluditur
2021 2021 2183 2070 Satis-

587 2103 773 2170 factio,
799 2105 1066 2159 avertitur
1090 2105 1324 2161 animus.
1357 2106 1486 2160 Nam
1527 2108 1690 2162 etiam
1733 2109 1983 2164 medendi
2024 2111 2181 2179 periti

583 2213 705 2253 cum
737 2197 919 2254 vident
946 2198 974 2236 ι)
1013 2211 1170 2255 notas
1207 2201 1580 2272 aegritudines,
1631 2213 1688 2257 ut
1739 2203 1842 2273 ipsi
1883 2205 2180 2274 appellant,

589 2291 913 2346 medicinam
945 2291 1166 2362 quidem
1197 2309 1304 2348 non
1336 2294 1626 2362 adhibent;
1652 2295 1747 2352 sed
1792 2306 1971 2352 tamen
2013 2297 2179 2351 inedi-

583 2384 723 2440 cina:
773 2393 983 2454 tempus
1029 2397 1352 2456 exspeCIant
1382 2405 1394 2440 :
1425 2403 1523 2443 nec
1574 2389 1835 2444 deserunt
1866 2389 2184 2455 invalidum,

593 2488 613 2513 ο
647 2476 742 2530 sed
772 2476 1074 2532 lenioribus
1106 2478 1308 2544 verbis,
1328 2491 1421 2534 aut
1453 2482 1649 2550 quibus
1673 2492 1922 2552 possunt,
1971 2484 2189 2553 palpant

583 2571 986 2636 delinimentis;
1037 2588 1105 2626 ne
1144 2581 1239 2626 aut
1268 2573 1575 2628 intermissa
1619 2575 1882 2645 :egritudo
1929 2575 2189 2642 deSpera-

589 2665 739 2719 tione
768 2663 931 2718 animi
963 2675 1270 2734 gravescat,
1299 2675 1390 2719 aut
1417 2667 1635 2721 crudior
1662 2668 1987 2722 medicinam
2029 2667 2189 2738 762

590 2769 952 2828 respuatzeo
999 2759 1142 2829 quod
1203 2760 1268 2814 ad
1325 2762 1694 2816 maturitatem
1747 2762 2028 2829 pervenire
2097 2778 2191 2817 ne-

587 2859 775 2922 queat,
807 2853 850 2906 si
885 2835 1168 2923 indigesta:
1201 2855 1444 2910 insolens
1467 2871 1646 2910 rerum
1677 2853 1988 2923 ltujustnodi
2019 2855 2190 2910 medi-

591 2957 688 2997 cus
715 2943 967 3000 adhibeat
1015 2959 1228 2998 manus.
1259 2946 1538 3014 Siquidem
1586 2956 1639 3000 et
1682 2960 1900 3014 pomum
1925 2962 2046 3001 cum
2087 2948 2188 3001 im-

597 3046 870 3092 maturum
899 3037 1225 3108 exagitatur,
1256 3037 1366 3092 cito
1385 3037 1618 3108 deperit.

2354 1824 2408 1876 2.
2451 1823 2627 1879 Suave
2659 1838 2874 1889 munus,
2913 1823 2930 1860 ί
2965 1839 3070 1878 non
3104 1834 3282 1878 tamen
3322 1823 3396 1876 ita
3444 1823 3762 1891 prmpollens,
3791 1831 3834 1874 ut

2285 1916 2670 1986 comprimeret
2702 1915 2977 1986 querelam
3023 1929 3196 1970 meam
3221 1918 3344 1985 jure
3387 1915 3683 1976 excitatam,
3718 1914 3832 1984 quod

2288 2024 2384 2064 nos
2425 2009 2630 2062 tamdiu
2678 2017 2927 2064 amantes
2950 2009 3022 2062 tui
3049 2023 3389 2078 nequaquam
3417 2010 3635 2064 revisas.
3657 2009 3710 2061 Et
3733 2023 3835 2060 care

2289 2102 2513 2171 posthac
2563 2117 2631 2156 ne
2675 2101 2883 2170 majora
2927 2111 2951 2148 ι
2991 2101 3235 2156 invenias
3263 2100 3474 2156 doloris
3509 2103 3702 2155 tubera.
3730 2099 3833 2153 Nam

2290 2197 2446 2264 hujus
2485 2195 2720 2250 nominis
2747 2194 2964 2250 diversa
3008 2195 3179 2260 ratio;
3209 2204 3269 2248 ut
3309 2195 3456 2250 enim
3489 2205 3631 2264 grata
3672 2194 3716 2246 in
3744 2208 3835 2244 tnu-

2292 2291 2540 2356 ttere,-ita
2585 2288 2639 2343 in
2674 2303 2906 2358 corpore
2935 2299 3098 2358 atque
3134 2287 3186 2341 in
3226 2286 3430 2342 aﬁectu
3474 2287 3686 2340 molesta
3718 2292 3834 2338 sunt.

2292 2389 2368 2443 De
2401 2397 2452 2442 te
2497 2388 2752 2457 impetra,
2797 2383 3088 2456 quominus
3129 2392 3182 2438 te
3225 2384 3426 2438 abesse
3469 2383 3700 2445 doleam;
3741 2393 3835 2431 nam

2291 2496 2450 2537 causa
2481 2477 2867 2535 commotionis
2891 2493 3050 2543 mere,
3079 2475 3420 2531 desiderium
3449 2485 3530 2531 est
3566 2473 3658 2528 tui.
3681 2470 3833 2531 Efﬁce.

2292 2577 2334 2628 si
2371 2584 2543 2643 potes,
2580 2583 2634 2627 ut
2668 2573 2844 2626 minus
2875 2578 3059 2641 gratus
3085 2568 3181 2624 sis.

2364 2669 2418 2724 5.
2449 2667 2580 2722 Rem
2616 2664 2876 2735 exposui,
2899 2678 3116 2718 causam
3143 2661 3388 2732 probavi.
3408 2657 3740 2730 lnlorqnenda
3773 2664 3837 2710 est

2295 2758 2321 2796 ιι
2349 2769 2620 2815 amentata
2669 2758 2758 2812 illa
2809 2771 2913 2811 non
2943 2754 3297 2825 manipularis
3324 2755 3614 2810 sententia.
3646 2749 3837 2807 Metuisti

2292 2862 2444 2908 certe
2471 2870 2484 2905 :
2511 2851 2605 2906 sed
2654 2849 2777 2905 vide
2814 2863 2975 2920 quam
3017 2863 3261 2912 movear,
3307 2855 3370 2901 ut
3415 2847 3640 2902 delectet
3675 2841 3830 2914 jocni.

2295 2947 2487 3002 Postea
2521 2954 2700 2998 tamen
2741 2959 2809 2998 ne
2845 2940 3192 2996 excusaveris
3223 2956 3238 2994 :
3271 2939 3477 2994 etenim
3522 2935 3744 3007 quamvis
3770 2943 3833 2985 tua

2297 3039 2412 3093 IIiPC
2447 3037 2459 3072 ί
2497 3036 2775 3107 vectigalis
2807 3034 3026 3090 mihisit
3047 3032 3348 3098 excusatio;
3368 3032 3510 3087 male
3541 3040 3703 3084 tamen
3723 3025 3778 3080 de
3799 3033 3835 3077 te

663 3131 755 3185 50.
783 3127 850 3182 Ει
871 3129 994 3199 quia
1013 3129 1080 3183 de
1105 3144 1231 3199 agro
1253 3131 1562 3201 exemplum
1586 3133 1935 3202 sumpsimus,
1959 3134 2189 3204 praecipe
2218 3119 2262 3180 C
2289 3133 2514 3205 judicat,
2547 3146 2646 3186 nec
2673 3131 2741 3184 de
2771 3144 2858 3184 me
2881 3127 3040 3199 763
3071 3126 3285 3192 melius,
3316 3125 3363 3180 si
3396 3133 3490 3180 aut
3510 3135 3645 3178 tuam
3681 3121 3835 3174 abseno

596 3222 704 3276 illis
728 3220 981 3275 inviolata
1014 3222 1246 3280 contini't
1268 3237 1488 3278 servare
1512 3223 1657 3293 jura,
1705 3237 1964 3295 paternos
2009 3239 2192 3283 custo-

595 3314 715 3368 dire
760 3314 1048 3378 terminos,
1098 3330 1234 3384 quos
1285 3315 1393 3371 Lex
1436 3327 1636 3373 tuetur.
1679 3319 1852 3389 Supra
1895 3320 2189 3377 fraternam

596 3408 918 3465 charitatem
960 3407 1275 3479 frequenter
1321 3421 1402 3466 est
1444 3412 1605 3468 vicini
1650 3413 1824 3484 gratia
1867 3412 2044 3484 (Deut.
2079 3432 2188 3481 xtx,

602 3502 732 3568 Mi;
767 3501 860 3557 ille
885 3503 1030 3558 enim
1057 3518 1205 3572 saepe
1235 3503 1411 3573 longe,
1445 3505 1534 3560 hic
1563 3507 1615 3560 in
1644 3507 1892 3574 proximo
1931 3517 2034 3573 est,
2066 3509 2192 3564 vita:

596 3595 776 3650 omnis
798 3595 974 3659 testis,
1020 3597 1461 3652 conversationis
1508 3599 1734 3653 arbiter.
1780 3599 2022 3655 Delectet
2069 3616 2191 3656 eum

599 3702 694 3755 per
721 3685 947 3741 ﬁnitima
971 3688 1144 3758 spatia
1168 3687 1337 3742 laxari
1371 3688 1602 3744 liberum
1631 3705 1816 3759 pecus,
1844 3701 1898 3745 et
1932 3691 1981 3745 in
2025 3691 2191 3747 herba

603 3776 761 3832 viridi
793 3777 1099 3848 projectum
1132 3792 1324 3832 secura
1355 3787 1579 3847 captare
1601 3779 1730 3834 otia.

669 3871 758 3924 3t.
802 3870 1003 3928 Servos
1027 3886 1242 3942 quoque
1265 3870 1519 3928 dominus
1541 3873 1667 3942 jure
1702 3875 1907 3930 servitii
1948 3874 2194 3931 subditos

599 4025 748 4095 gob.,
786 4039 910 4098 cap.
969 4025 1056 4088 l8.
1099 4042 1261 4097 quem
1310 4026 1600 4097 geographi
1643 4029 1972 4098 posteriores
2011 4031 2183 4086 secuti

599 4105 745 4170 sunt.
785 4095 858 4170 Ea
907 4095 1265 4170 metrOpolitge
1310 4095 1608 4154 Ravennati
1643 4095 1813 4156 Ἰιοιιίε
1859 4112 2026 4170 paret.
2064 4103 2186 4156 Fuit

597 4166 700 4242 hoc
723 4165 914 4242 eodem
945 4179 1189 4242 tempore
1205 4169 1556 4242 constantius
1581 4171 1740 4236 alius,
1769 4165 2041 4242 quisimul
2063 4190 2183 4228 cum

596 4237 934 4312 Arau_si_cano
966 4240 1641 4312 subscripsitAquileieusi
1679 4237 1934 4309 concilio,
1977 4245 2188 4312 episco-

594 4323 696 4377 pus
721 4308 1055 4384 Scissiensis.
1081 4309 1282 4384 Verum
1306 4308 1425 4384 cuin
1453 4309 1710 4366 Scissiatn
1740 4315 1861 4367 novi
1890 4308 2186 4384 geographi

597 4379 845 4452 eamdem
886 4395 1006 4434 esse
1050 4382 1222 4434 velint
1260 4395 1324 4435 ac
1349 4381 1659 4452 Segestani,
1706 4397 1827 4452 quae
1865 4379 1968 4438 sita
1998 4379 2109 4440 ἐει
2133 4388 2184 4440 iu

2296 3227 2421 3280 tiam
2464 3225 2779 3279 muneribus
2806 3219 3286 3289 compensandam,
3319 3228 3416 3273 aut
3461 3233 3545 3273 me
3577 3212 3836 3270 muneribus

2264 3315 2667 3372 °redimendum
2699 3324 2876 3384 putes.
2901 3311 3057 3380 Vale,
3087 3320 3142 3366 et
3193 3326 3292 3364 nos
3319 3319 3566 3365 amantes
3593 3307 3662 3362 tui
3689 3305 3833 3372 dilige.

2801 3403 3141 3461 EPISTOLA
3186 3403 3248 3458 IV
3281 3403 3326 3454 ι.

2301 3502 2550 3558 Sermone
2567 3501 2784 3556 Fausts
2815 3512 3098 3555 recreatum
3111 3516 3164 3553 se
3192 3515 3334 3564 esse;
3366 3498 3584 3552 maxime
3608 3509 3712 3548 vero
3734 3488 3835 3560 quod

2372 3607 2637 3651 venturum
2663 3595 2732 3649 ad
2757 3595 2980 3649 basiticte
2999 3593 3432 3647 consecrationem
3477 3607 3591 3645 eum
3616 3592 3834 3655 speraret,

2375 3701 2646 3758 postquam
2677 3688 3012 3743 celebrassent
3043 3685 3157 3740 initi
3189 3684 3278 3739 abs
3298 3700 3352 3738 se
3382 3684 3692 3753 episwpatus
3715 3677 3832 3728 diem.

2375 3783 2513 3839 Suas
2540 3784 2608 3836 ad
2637 3783 2732 3838 hac
2753 3797 2926 3853 preces
2954 3780 2998 3834 ei
3027 3779 3301 3848 promittit,
3362 3786 3658 3844 mutuasque
3697 3769 3749 3822 ab
3769 3781 3833 3819 eo-

2372 3877 2486 3931 dem
2513 3877 2767 3946 reposcit,
2815 3875 2939 3928 dum
2988 3871 3302 3943 ingredietur
3339 3879 3522 3924 sancta
3566 3875 3828 3922 sanctorum.

2294 4032 2622 4088 necessaria.
2655 4032 2996 4101 Quapropter
3036 4030 3085 4084 in
3123 4027 3355 4083 lectione
3386 4025 3620 4083 omnium
3649 4034 3758 4078 mss.
3783 4023 3833 4068 el

2297 4103 2427 4158 edit.
2455 4103 2588 4158 nihil
2621 4103 2954 4157 mutandum.

2369 4187 2389 4211 ε
2435 4174 2562 4229 Mss.
2594 4175 2820 4242 aliquot,
2849 4173 2938 4228 sed
2961 4171 3238 4226 levioribus
3265 4169 3451 4224 verbis.

2367 4243 2391 4282 ἀ
2435 4246 2643 4314 Scripta
2675 4245 2806 4300 circ.
2841 4259 2964 4298 ann.
2997 4243 3123 4299 380.

2371 4327 2393 4353 ο
2434 4303 2612 4370 Multa:
2643 4325 2772 4370 sunt
2799 4313 3165 4384 proverbiales
3192 4311 3448 4384 (orntum!
3473 4329 3500 4367 a
3531 4311 3642 4366 sinu
3672 4303 3831 4378 (lucta'.

2296 4388 2488 4456 quibus
2534 4383 2812 4442 occultum,
2844 4385 3120 4456 quidpiam
3157 4383 3528 4456 signiﬁcant};
3556 4390 3609 4436 υῑ
3651 4384 3768 4456 PER.
3791 4386 3830 4456 Ψ

600 4449 898 4531 Pannonia,
928 4466 1027 4506 nec
1058 4453 1218 4531 etiam
1249 4452 1316 4531 ad
1347 4444 1490 4531 hunc
1510 4444 1839 4531 _Con$t_a'ntiu
1867 4473 1895 4506 ιι
1930 4455 2185 4531 destinari
2215 4463 2270 4522 Ι)
2294 4444 2410 4512 sinu
2439 4457 2687 4531 gaudere,
2723 4459 2776 4531 in
2783 4444 2915 4531 sinu
2941 4444 3049 4511 esse
3074 4473 3092 4510 :
3121 4456 3190 4512 de
3207 4444 3412 4526 quibus
3441 4444 3829 4511 ErasntICltilJ.

599 4522 774 4590 potuit
821 4519 938 4592 haec
989 4522 1236 4589 epistola.
1277 4519 1411 4576 Cum
1451 4523 1616 4590 igitur
1651 4524 1894 4592 ejusdem
1951 4526 2185 4580 nominis

599 4602 795 4660 praeter
835 4590 934 4646 hos
973 4592 1110 4647 duos
1143 4593 1327 4646 nullus
1367 4593 1630 4655 Antistes,
1675 4590 1765 4663 qui
1807 4594 2054 4650 ﬂoruerit
2096 4599 2184 4651 illa

597 4671 778 4738 φίλιε,
819 4663 984 4738 nobis,
1013 4674 1300 4738 occurrat;
1331 4665 1500 4718 nostri
1542 4664 1701 4734 hujus
1741 4667 1924 4721 sedent
1959 4668 2188 4738 ingenue

601 4735 832 4788 fatemur
864 4734 1016 4788 nobis
1043 4734 1301 4803 ignotam.
1353 4765 1360 4772 ι

671 4814 697 4840 τι
737 4805 852 4858 Νοιι
885 4806 990 4860 alia
1013 4807 1194 4862 clades
1222 4806 1408 4875 procul
1437 4805 1601 4860 dubio
1639 4807 1724 4861 hic
1762 4807 2052 4872 indicatur,
2086 4812 2186 4864 nisi

596 4888 736 4951 qua,
783 4875 1012 4951 Valente
1054 4879 1255 4951 Ariano
1303 4878 1634 4951 imperatore
1684 4879 1974 4950 proﬂigalo
2025 4891 2188 4951 atque.

595 4947 900 5018 combusto,
936 4948 1041 5003 illa:
1072 4950 1363 5018 provincia:
1390 4963 1420 5002 a
1447 4949 1640 5006 Gothis
1669 4947 1966 5006 victoribus
2007 4947 2184 5006 dirum

599 5017 653 5069 in
672 5017 900 5088 modum
931 5017 1251 5088 pervastata;
1280 5030 1424 5075 sunt.

671 5085 718 5165 b_
739 5087 900 5143 Forte
931 5085 1220 5165 legendum
1245 5101 1391 5145 notas
1418 5092 1764 5162 (egritudinis,
1793 5104 1849 5146 ut
1874 5093 2190 5165 designetur

596 5158 778 5234 statim
809 5169 970 5234 atque
997 5163 1333 5231 deprehensa
1375 5158 1498 5234 sunt
1532 5165 1703 5232 prima
1736 5158 2072 5234 aegritudinis
2103 5168 2187 5220 in-

597 5226 774 5304 dicia,
817 5226 1141 5304 medicinam
1187 5247 1291 5286 non
1331 5226 1616 5286 adhiberi:
1649 5226 1846 5304 nempe
1884 5239 2186 5292 secundum

600 5297 940 5383 Hippocratis
975 5305 1642 5383 pronuntiatum,_llé1rova
1687 5297 2050 5383 φαρμακεύειν,
2100 5313 2188 5383 ιιᾳί

597 5370 787 5443 invitm,
816 5378 885 5441 μή
909 5370 1037 5443 ἇμία.
1079 5373 1234 5441 Quod
1281 5373 1503 5443 pulchre
1543 5370 1802 5434 conven'ii
1839 5394 1960 5432 cum
2011 5370 2191 5434 verbis

596 5439 871 5515 Altl‘lll‘tlSIi
908 5439 1040 5498 intra
1059 5439 1392 5514 positisfaut
1407 5444 1616 5498 crudior
1633 5448 1939 5515 ,tegritudo
1954 5450 2184 5513 scilicet,

593 5509 905 5589 medicinam
929 5509 1157 5585 respuat.
1201 5517 1584 5570 Verumtamen
1613 5509 1884 5587 per'notas
1919 5509 2189 5589 wgritudi;

595 5595 686 5632 nes
711 5582 1022 5656 intelligere
1047 5590 1208 5641 etiam
1237 5601 1522 5656 possumus
1552 5582 1844 5644 consuetos
1868 5599 1922 5644 et
1949 5582 2055 5643 non
2085 5592 2184 5646 int-

600 5648 841 5732 tjtpdietts
875 5648 1123 5732 morbos;
1172 5648 1295 5732 cuin
1340 5659 1403 5730 in,
1437 5660 1696 5715 extremis
1723 5669 1885 5732 atque
1927 5661 2178 5728 insolitis,

601 5719 820 5780 quando
860 5719 1155 5792 periculum
1192 5729 1242 5780 in
1275 5722 1423 5782 mora
1455 5740 1550 5784 εει
1603 5719 1842 5786 actutum
1875 5733 2084 5784 curatio
2113 5719 2183 5787 sit

2295 4529 2524 4596 cent.'3,
2551 4544 2715 4598 ‘prov.
2747 4529 2834 4583 I3.

2374 4601 2390 4638 ί
2439 4600 2582 4654 Etlit.
2615 4612 2671 4655 et
2697 4601 2924 4673 quidam
2944 4612 3097 4673 tnss..
3125 4607 3426 4652 nontamen
3461 4598 3532 4650 ita
3567 4607 3640 4673 prt

2369 4683 2392 4717 ις
2434 4673 2635 4726 Omnes
2685 4671 2815 4726 edit.
2841 4713 2858 4736 ,
2897 4669 3154 4742 invehas;
3203 4683 3397 4742 omnes
3438 4683 3588 4742 mss_.,
3625 4667 3830 4742 inventa-5.

2296 4724 2966 4797 Neutrumii‘ncotnmbde.
2995 4740 3067 4795 At
3103 4724 3245 4811 quod
3289 4724 3493 4794 ultimae
3533 4724 3685 4792 Paris.

2300 4794 2572 4885 praeerata
2603 4794 3100 4868 immune—reﬁciuntur
3120 4794 3453 4885 '_c_:eter:_trum
3475 4818 3528 4862 et
3558 4817 3672 4885 mss.
3704 4794 3830 4885 ﬁdet"

2301 4875 2620 4958 posui-runt,
2652 4897 2807 4955 grata
2829 4885 2882 4937 in
2913 4893 3096 4958 mente,
3125 4882 3176 4937 id
3199 4883 3413 4958 quidem
3444 4897 3474 4934 a
3498 4884 3662 4958 ηιρῐξιθ

2298 4945 2371 5008 ris
2403 4945 2751 5012 alienum'est
2777 4973 2789 5008 :
2819 4970 2941 5010 cum
2973 4945 3188 5018 tubera,
3217 4945 3340 5024 quae
3373 4954 3423 5007 in
3464 4947 3612 5005 amici
3650 4945 3830 5024 mutuati?

2296 5004 2788 5097 ὲίῐιιξέεᾶἱῖῖιιῖξέέ
2813 5004 3119 5095 agitagit:
3137 5004 3438 5094 sarracis
3471 5004 3630 5075 terrae
3665 5004 3824 5097 videi];

2297 5107 2386 5151 cet
2429 5088 2640 5169 posita;
2670 5088 2889 5152 eadem‘
2909 5088 3098 5166 posita
3121 5088 3222 5166 pro
3267 5107 3478 5169 tumore
3521 5088 3825 5169 εοτιιρτιξεηξκ

2298 5149 2546 5232 rulnere,
2559 5149 2891 5223 "libitinam
2910 5149 3092 5236 'quasi
3123 5149 3490 5237 rturgescentis
3537 5149 3822 5230 :egiitudine.

2298 5242 2522 5294 molesta
2553 5257 2674 5294 esse
2703 5238 3040 5294 testiﬁcetur.

2369 5308 2682 5364 hAmentata
2707 5311 2957 5364 sententia
2995 5308 3367 5378 tnetaphorice
3388 5307 3579 5378 dicitur
3603 5299 3662 5352 ah
3681 5303 3825 5378 amet:

2299 5389 2407 5456 tata
2444 5388 2620 5456 basta,
2646 5383 2696 5436 id
2730 5391 2834 5441 est.
2873 5381 3092 5456 vinculo
3137 5369 3370 5456 Quodam
3417 5375 3550 5456 quod
3591 5369 3818 5456 amouit}?

2295 5451 2514 5518 dicitur,
2551 5442 2786 5520 illigata;
2818 5463 2876 5505 ut
2920 5453 3120 5507 certius
3155 5442 3491 5521 'validiusque
3537 5442 3820 5521 i_tI|0rtl“_e[g‘

2296 5533 2400 5575 tttr.
2424 5497 3002 5590 De,qt'toovide,1unitvtrn
3020 5497 3353 5592 'Adagiorum
3381 5497 3520 5576 gent.
3542 5516 3589 5578 5,
3609 5497 3817 5592 Provfi?’

2372 5593 2384 5629 ί
2443 5583 2722 5666 Vecitgalis
2749 5593 2852 5649 hoc
2879 5604 2982 5654 est.
3014 5583 3355 5666 quaestuosa;
3385 5606 3449 5666 eo
3491 5583 3619 5657 quod
3645 5583 3816 5633 munus-

2289 5665 2542 5738 culorum
2571 5661 2725 5734 quasi
2750 5667 2978 5738 vectigal
3011 5661 3196 5723 secum
3223 5661 3485 5719 attulerit.

2364 5733 2375 5784 .i
2416 5733 2628 5805 Scripta
2654 5750 2744 5791 au.
2770 5735 2896 5791 380.

3602 4595 3828 4664 rwpotens.
