3936 6168
131 262 213 322 889

1292 257 1780 317 EPISTOLARUM
1818 261 2099 321 CLASSIS
2140 265 2178 320 Ι.

3261 267 3367 325 890

180 374 550 447 Tumqmeillic
574 374 958 440 contineantur,
991 373 1207 445 mystice
1239 373 1493 441 decursis,
1514 373 1645 431 F81!
1701 378 1754 437 A
1848 379 1905 433 4.
1952 378 1970 416 ί
2015 379 2090 435 lbi
2139 392 2264 435 arca
2312 377 2645 436 Testamenti
2706 378 2947 451 undique
3010 395 3145 437 auro
3183 391 3322 438 tecta
3350 424 3366 449 ,

180 485 247 525 ets
267 467 744 523 administratione»:
768 466 1041 539 pradicet,
1070 466 1438 539 polliceturque
1467 466 1674 539 adjuto-

180 580 248 620 res
267 564 310 618 ei
334 564 428 617 non
457 563 750 634 defuturos.

436 654 742 709 AIBROSIDS
768 662 795 691 ³
839 654 1027 711 Femcr
1060 653 1315 709 salutem.

185 749 228 803 l.
265 747 368 803 Etsi
392 746 572 802 habitu
593 747 848 817 corporis
877 748 1054 802 minus
1080 747 1350 811 valebam,
1377 758 1558 802 tamen
1585 746 1675 803 ubi

124 853 387 895 sermonem
419 838 659 893 unanimi
686 838 816 893 mihi
862 838 1100 909 pectoris
1123 838 1202 893 tui
1243 839 1379 909 legi,
1411 853 1519 894 non
1567 853 1678 895 me-

122 930 327 986 diocrem
345 930 545 998 sumpsi
570 929 640 984 ad
668 929 1164 986 convalescentium
1204 931 1433 1002 gratiam
1457 971 1473 996 ,
1519 931 1673 1001 quasi

120 1023 320 1094 quodam
347 1024 419 1078 tui
444 1023 666 1094 alloquii
696 1022 725 1063 δ
756 1024 938 1094 puleio
961 1023 1206 1089 relotus;
1236 1024 1396 1080 simul
1426 1025 1550 1096 quia
1583 1040 1677 1081 ce-

122 1116 294 1171 lebrem
324 1112 809 1185 utrique‘hostru‘m
862 1116 1203 1171 annuntiasti
1258 1114 1401 1170 diem
1451 1114 1676 1179 adfore,

121 1224 210 1278 quo
257 1206 533 1277 suscepisti
591 1206 959 1277 gubernacula
1006 1208 1205 1263 summi
1247 1207 1538 1263 sacerdotii
1568 1248 1583 1272 ,
1609 1207 1679 1263 de

120 1317 209 1373 quo
229 1310 343 1356 ante
380 1308 710 1357 momentum
758 1316 881 1356 eum
929 1301 1099 1355 fratre
1143 1310 1334 1355 nostro
1362 1312 1383 1339 ο
1417 1301 1677 1356 Bassiano

122 1392 373 1463 loquebar.
412 1393 576 1448 Ortus
596 1394 742 1447 enim
776 1407 958 1449 sermo
982 1394 1050 1448 de
1073 1393 1336 1460 basilicae,
1361 1409 1520 1465 quam
1547 1408 1680 1449 con-

121 1488 236 1544 didit
257 1490 632 1560 Apostolorum
664 1489 905 1557 nomine,
948 1489 1294 1544 dedicatione
1316 1529 1332 1556 ,
1365 1489 1517 1545 dedit
1547 1488 1679 1545 huic

119 1582 325 1638 sermoni
351 1584 528 1648 viam;
579 1582 847 1653 siquidem
900 1583 1242 1653 signiﬁcabat
1286 1583 1433 1655 quod
1486 1582 1677 1640 sedulo

121 1682 207 1728 tute
222 1683 477 1744 quaereret
505 1674 812 1729 sanctitatis
842 1674 1210 1745 praesentiam.

1782 469 1950 543 764
1969 470 2022 525 id
2054 482 2175 540 est,
2224 470 2472 527 doctrina
2524 473 2752 541 Christi,
2804 471 3048 530 doctrina
3089 476 3370 545 sapientia:

1783 562 1898 618 Dei.
1925 561 2000 619 lbi
2032 563 2234 619 dolium
2260 579 2489 621 aureum
2526 564 2734 621 habens
2760 564 3008 632 'manna;
3059 575 3372 637 receptacu-

1780 654 1889 709 lum
1922 656 2135 711 scilicet
2160 656 2418 725 Spiritalis
2444 657 2739 725 alimonim,
2763 665 2819 713 et
2842 656 3040 713 divime
3057 664 3373 729 promptua-

1779 751 1921 805 rium
1965 751 2310 822 cognitionis.
2341 751 2420 807 lbi
2454 753 2597 823 virga
2627 752 2810 807 Aaron
2860 751 3073 824 insigne
3119 753 3375 809 sacerdo-

1780 842 1903 897 talis
1931 842 2143 913 gratim.
2175 842 2411 898 Aruerat
2442 853 2604 911 ante,
2656 843 2751 899 sed
2786 843 2838 899 in
2862 841 3080 900 Christo
3101 843 3368 900 reﬂoruit.

1778 934 1856 990 lbi
1882 936 2175 993 Cherubim
2199 953 2362 1008 super
2383 938 2598 993 tabulas
2624 937 2977 1005 Testamenti,
3009 937 3260 994 lectionis
3280 953 3375 994 co-

1779 1026 1949 1098 gnitio
1970 1043 2161 1084 sacrm.
2192 1028 2267 1083 Ibi
2300 1030 2759 1100 propitiatorium,
2790 1044 2950 1100 supra
2988 1029 3130 1100 quod
3174 1028 3227 1084 in
3278 1045 3373 1085 ex-

1781 1120 1945 1175 celsis
1973 1120 2117 1177 Deus
2142 1121 2374 1178 Verbum
2398 1128 2504 1188 est,
2543 1123 2721 1193 imago
2771 1121 3057 1177 invisibilis
3092 1122 3185 1178 Dei
3234 1122 3254 1195 (
3275 1121 3375 1177 Co-

1779 1213 1905 1269 lou.
1938 1229 1977 1279 ι,
2011 1212 2138 1282 15),
2170 1214 2313 1284 quod
2359 1213 2454 1269 tibi
2503 1214 2670 1269 dicit:
2707 1214 2916 1286 Loquar
2942 1226 3111 1290 tecum
3156 1215 3374 1286 desuper

1779 1306 2192 1378 prapitiatorium
2245 1308 2307 1361 de
2365 1306 2534 1362 medio
2581 1306 2804 1363 duorum
2837 1306 3115 1364 Cherubim
3147 1308 3165 1381 (
3195 1306 3369 1364 Exod.

1785 1413 1915 1466 xxv,
1948 1398 2020 1453 22
2046 1398 2103 1469 );
2150 1400 2230 1454 sic
2255 1394 2398 1456 enim
2439 1401 2680 1472 loquitur
2703 1401 3013 1469 nobiscum,
3044 1411 3105 1457 ut
3123 1417 3226 1458 nos
3256 1402 3377 1472 ejus

1779 1503 2087 1545 sermonem
2116 1491 2481 1563 intelligamus
2508 1510 2520 1547 :
2548 1494 2635 1548 vel
2660 1494 2784 1565 quia
2815 1510 2920 1549 non
2948 1495 3242 1559 mundana,
3276 1495 3371 1549 sed

1782 1580 2144 1653 intelligibilia
2183 1583 2443 1655 loquitur,
2474 1584 2613 1640 sicut
2636 1588 2749 1641 ait:
2781 1587 3025 1659 Aperiam
3054 1588 3108 1642 in
3153 1588 3377 1661 parabo-

1782 1674 1846 1727 lis
1876 1690 1931 1728 os
1957 1691 2129 1729 meum
2168 1674 2359 1747 (Psal.
2396 1692 2597 1741 uxvn,
2620 1675 2712 1750 2).
2759 1676 2863 1735 Ubi
2901 1677 3046 1733 enim
3082 1679 3334 1734 Christus
3357 1723 3373 1748 ,

172 1766 220 1820 2.
255 1766 384 1821 Tum
424 1782 526 1838 ego
570 1770 773 1822 nostris
798 1768 996 1823 fabulis
1022 1768 1226 1824 intexui
1268 1765 1295 1805 ἀ
1327 1768 1472 1825 diem
1521 1779 1673 1822 nata-
1706 1773 1750 1832 Β
1779 1767 1850 1821 ibi
1880 1769 2084 1835 omnia,
2108 1769 2179 1824 ibi
2202 1769 2448 1825 doctrina
2471 1771 2611 1842 ejus,
2636 1771 2708 1826 ibi
2732 1781 3079 1840 peccatorum
3098 1773 3374 1841 remissio,

121 1856 176 1911 lis
201 1858 291 1923 tui,
319 1858 407 1928 qui
435 1858 572 1915 foret
597 1859 651 1914 in
682 1859 906 1914 exordio
935 1861 1053 1928 ipso
1070 1858 1422 1915 kalendarum
1448 1859 1679 1915 Novem-

121 1946 310 2005 brium:
339 1964 605 2021 eumque,
636 1950 681 2006 si
715 1966 821 2006 non
871 1950 1089 2006 fallerer
1110 1993 1125 2016 ,
1178 1953 1640 2023 appropinquassc
1660 1994 1675 2019 ,

120 2052 162 2096 et
184 2043 397 2099 crastina
435 2044 826 2100 celebrandum
857 2044 975 2111 die;
1010 2044 1153 2099 unde
1184 2045 1411 2114 posthac
1434 2062 1539 2101 non
1571 2060 1673 2100 ex-

118 2146 417 2193 cusaturum.
440 2137 673 2193 Promisi
710 2152 842 2209 ergo
871 2138 939 2194 de
969 2147 1054 2202 te,
1108 2140 1364 2208 quoniam
1416 2147 1470 2195 et
1497 2139 1594 2193 tibi
1624 2138 1679 2194 id

119 2223 269 2282 deme
296 2227 457 2284 licet:
487 2230 714 2299 promisi
749 2229 857 2295 illi,
890 2230 1051 2300 exegi
1081 2230 1243 2299 mihi;
1289 2242 1679 2302 praesumptum

118 2316 237 2371 enim
266 2318 431 2375 habeo
455 2320 606 2391 quod
637 2319 906 2376 affuturus
950 2323 1048 2388 sis,
1093 2323 1220 2393 quia
1262 2322 1432 2378 debes
1463 2323 1676 2380 adesse.

114 2407 212 2464 Non
237 2427 358 2483 ergo
382 2424 434 2469 te
455 2415 638 2485 magis
669 2430 849 2471 meum
880 2416 1212 2485 promissum
1244 2416 1481 2482 tenebit,
1515 2432 1678 2488 quam

114 2509 238 2558 tuum
262 2503 606 2573 institutum,
636 2508 726 2577 qui
758 2508 809 2562 id
843 2517 866 2545 °
896 2509 949 2563 in
996 2510 1238 2563 animmn
1275 2508 1523 2564 indueris
1547 2550 1563 2577 ,
1623 2520 1683 2566 ut

112 2596 229 2665 quod
275 2609 484 2667 oportet
545 2599 733 2655 facias.
779 2600 1035 2657 Advertis
1075 2603 1257 2673 itaque
1283 2601 1409 2673 quia
1439 2619 1544 2657 non
1571 2614 1678 2659 tam

113 2689 333 2755 promissi
372 2691 580 2757 audax,
613 2706 775 2762 quam
802 2693 874 2746 tui
904 2693 1161 2750 conscius
1196 2693 1349 2749 fratri
1387 2695 1680 2765 spopondi.

116 2777 222 2834 Veni
249 2782 421 2852 igitur,
452 2800 530 2840 ne
561 2783 704 2840 duos
729 2784 1044 2841 sacerdOtes
1084 2786 1383 2857 redarguas
1412 2806 1428 2842 :
1463 2797 1517 2844 te
1545 2829 1559 2854 ,
1587 2788 1682 2859 qui

114 2887 200 2928 non
221 2875 479 2944 adfueris;
505 2886 569 2933 et
594 2893 702 2945 me,
732 2879 823 2948 qui
850 2886 956 2933 tam
981 2877 1145 2933 facile
1171 2880 1535 2949 promiserim.

170 2967 218 3023 3.
255 2967 491 3025 Natalem
518 2978 704 3024 autem
734 2978 885 3024 tuum
916 2984 1309 3041 prosequemur
1328 2972 1529 3028 ttOsll‘lS
1561 2988 1687 3028 ora-

115 3056 343 3126 tionibus,
374 3073 429 3117 et
459 3072 521 3117 tu
559 3062 732 3117 nostri
754 3062 806 3117 in
840 3064 946 3118 tuis
976 3064 1118 3118 vous
1166 3079 1275 3119 non
1315 3065 1681 3122 obliviscaris.

1781 1859 1851 1915 ibi
1874 1862 2068 1931 gratia,
2096 1862 2168 1916 ibi
2203 1865 2474 1932 separatio
2500 1872 2837 1919 mortuorum
2886 1878 2951 1920 ac
2979 1865 3301 1920 viventium.

1851 1953 1904 2008 5.
1950 1954 2013 2007 Et
2041 1955 2217 2009 Aaron
2246 1956 2465 2033 quidem
2490 1957 2657 2012 semel
2682 1956 2832 2012 stetit
2864 1957 2916 2013 in
2944 1957 3126 2013 medio
3147 1973 3338 2013 eorum
3359 2001 3374 2024 ,

1780 2042 2045 2111 objiciens
2075 2060 2154 2113 sc,
2185 2060 2252 2101 ne
2280 2032 2426 2102 mors
2449 2048 2709 2103 transiret
2734 2048 2800 2103 ad
2826 2048 3121 2104 viventium
3164 2032 3376 2120 agmina

1782 2151 1810 2191 a
1837 2137 2117 2193 funeribus
2160 2147 2505 2194 mortuorum"
2528 2139 2714 2211 (Num.
2744 2155 2860 2205 xvi,
2889 2140 2983 2208 47,
3012 2141 3127 2213 48).
3166 2142 3262 2198 Hic
3282 2159 3380 2198 au-

1784 2240 1889 2286 tem
1937 2232 2088 2301 quasi
2122 2230 2359 2285 Verbum
2403 2247 2621 2302 semper
2649 2240 2758 2286 stat
2803 2232 2855 2287 in
2908 2235 3136 2304 singulis
3161 2277 3176 2299 ,
3217 2251 3377 2305 quem

1785 2340 1884 2379 nos
1930 2338 2035 2378 non
2079 2323 2348 2388 videmus,
2393 2323 2536 2378 intra
2588 2338 2687 2378 nos
2727 2338 2994 2392 separans
3024 2324 3378 2380 rationabiles

1783 2416 2013 2470 virtutes
2055 2431 2082 2468 a
2112 2414 2467 2470 cadaveribus
2500 2415 2812 2485 passionum
2844 2414 3144 2483 letbalium,
3177 2425 3231 2471 et
3259 2431 3381 2486 pes-

1787 2508 2054 2562 tilentium
2084 2508 2493 2578 cogitatiomtm.
2530 2507 2625 2561 llic
2656 2516 2782 2571 stat,
2835 2506 2994 2576 quasi
3025 2507 3115 2576 qui
3146 2507 3200 2561 in
3234 2508 3377 2564 hunc

1788 2601 2047 2655 mundum
2072 2599 2302 2665 venerit,
2335 2607 2395 2654 ut
2423 2600 2667 2654 aculeum
2700 2599 2891 2654 mortis
2922 2598 3242 2663 hebetaret,
3287 2600 3383 2655 de-

1785 2692 2124 2747 voratorium
2149 2693 2269 2761 ejus
2292 2691 2605 2746 obstruerct
2626 2729 2642 2756 ,
2673 2690 2980 2746 viventibus
3016 2691 3378 2747 aeternitatem

1784 2785 1972 2856 gratiae
1998 2784 2192 2849 daret,
2241 2781 3008 2839 defunctis'resurrectionem
3050 2781 3380 2838 concederet

1789 2878 1807 2948 (
1836 2876 1992 2931 Hebr.
2028 2893 2084 2943 ll,
2116 2876 2205 2942 Ην,
2236 2877 2303 2933 l5
2328 2874 2372 2948 ).

1860 2975 1913 3031 6.
1959 2974 2093 3030 lluic
2119 2982 2173 3032 tu
2208 2974 2408 3028 milites
2436 2972 2634 3029 bonam
2665 2971 2916 3027 militiam
2946 2972 2991 3045 (l
3029 2972 3160 3026 Tim.
3189 2987 3228 3039 ι,
3260 2971 3379 3042 l8),

1788 3067 1948 3138 hujus
1978 3067 2284 3137 depositum
2306 3066 2570 3135 custodis,
2602 3065 2761 3135 hujus
2808 3066 3093 3134 pecuniam
3126 3065 3342 3119 fenei-as
3364 3105 3379 3132 ,

114 3149 175 3207 Te
201 3164 376 3211 noster
401 3155 637 3227 spiritus
662 3155 1059 3210 comitabitur:
1093 3165 1147 3210 tu
1170 3171 1386 3227 quoque
1433 3173 1555 3211 cum
1597 3160 1680 3213 in-
1709 3160 1753 3224 C
1785 3160 2081 3216 secundum
2135 3159 2277 3230 quod
2320 3159 2585 3229 scriptum
2630 3168 2714 3213 est
2760 3176 2772 3212 :
2810 3154 3094 3212 Fencrabis
3147 3157 3382 3229 gentibus

112 3246 344 3325 gredieris
372 3249 682 3305 secundum
714 3248 1143 3314 tabernaculum,
1167 3249 1308 3319 quod
1331 3249 1531 3305 dicitur
1557 3234 1683 3306 san-

115 3346 185 3391 cta
208 3351 511 3396 sanctorum
552 3339 749 3411 (Exod.
782 3356 932 3405 xxvi,
955 3339 1022 3395 55
1044 3350 1092 3394 et
1114 3338 1244 3412 seq.)
1270 3357 1285 3400 :
1313 3341 1476 3396 facito
1500 3350 1688 3397 nostro

113 3442 275 3499 more,
322 3442 374 3487 ut
399 3448 501 3489 nos
542 3446 760 3502 quoque
805 3443 979 3487 tecum
1033 3431 1276 3487 inducas.
1328 3432 1461 3487 Cum
1492 3433 1687 3504 spiritu

112 3521 273 3579 adoles
295 3540 525 3581 aureum
555 3522 686 3578 illud
720 3523 1240 3595 thymiamateriutn,
1274 3539 1377 3580 nos
1404 3541 1475 3579 ne
1522 3526 1691 3582 inter-

113 3614 333 3681 miseris;
367 3619 551 3689 ipsum
576 3624 659 3672 est
680 3617 825 3671 enim
856 3616 996 3685 quod
1028 3617 1079 3672 in
1107 3617 1347 3673 secundo
1370 3618 1690 3675 tabernacu-

113 3708 156 3761 lo
181 3721 275 3777 est,
298 3712 363 3768 de
393 3728 505 3782 quo
533 3710 690 3781 plena
718 3711 1000 3782 sapientia:
1020 3711 1194 3767 oratio
1219 3721 1308 3767 tua
1336 3712 1476 3768 sicut
1502 3714 1688 3767 incen-

110 3812 213 3856 sum
238 3802 480 3875 dirigitur
507 3802 579 3857 ad
608 3801 875 3858 caelestia.

174 3925 197 3952 ⁸
232 3917 447 3997 omnes
479 3915 642 3980 edit.,
676 3912 843 3969 Felici
888 3912 1126 3970 Comensi
1169 3914 1451 3997 episcopo;
1497 3928 1691 3997 omnes

114 3999 251 4053 mss.,
280 3987 716 4049 Felici-salutem,
745 3996 944 4057 printer
966 4000 1165 4055 paucos
1192 3984 1245 4039 in
1265 3984 1492 4057 __qttibus
1530 3985 1692 4057 ornit-

112 4058 225 4114 titur
240 4052 478 4122 talntem,
513 4066 571 4114 et
595 4052 811 4112 Thua'n.
851 4058 940 4112 ubi
966 4052 1223 4111 ‘habetur
1254 4052 1546 4109 Feliciano.
1572 4054 1689 4109 Non

112 4129 224 4183 satis
249 4143 411 4186 recte.
460 4130 625 4186 Hune
677 4145 839 4198 porro
896 4127 1128 4182 Felicem
1162 4125 1418 4181 Comensi
1464 4125 1689 4183 dimcesi

117 4199 374 4265 praefuisse
398 4202 564 4272 hujus
592 4200 836 4267 epistola:
881 4205 1170 4272 contentus
1225 4205 1413 4272 aperte
1444 4199 1686 4266 probat;

112 4272 343 4327 eumdem
374 4267 564 4328 aufem
595 4285 717 4326 esse
745 4286 867 4325 cum
891 4285 975 4335 eo,
1006 4270 1072 4323 ad
1094 4283 1252 4336 quem
1282 4267 1465 4320 datmu
1488 4278 1570 4321 est
1596 4282 1687 4321 sn-

114 4344 277 4413 perius
297 4344 638 4413 epistolium,
667 4359 773 4397 non
813 4360 844 4397 e
873 4340 1245 4413 nomine__so_lo
1272 4339 1452 4413 colligi
1483 4338 1645 4413 datur
1670 4381 1684 4402 ,

111 4412 192 4484 sed
223 4410 563 4483 potissimum
595 4428 660 4467 ex
691 4413 996 4484 argumenti
1050 4410 1337 4484 affinitate.
1382 4410 1519 4484 Cum
1542 4411 1684 4464 enim

114 4481 262 4555 lf‘eliei
288 4485 572 4541 excusanti
600 4484 743 4555 quod
763 4481 892 4538 'non
919 4484 1181 4555 venisset,
1232 4481 1443 4550 priores
1480 4481 1687 4555 littera:

115 4553 379 4612 destinatae
399 4553 727 4621 essent,'h:e
777 4558 907 4624 ipsae
955 4568 1063 4607 non
1109 4553 1394 4607 obscuram
1440 4553 1685 4620 ejusdem

1788 3253 1809 3326 (
1833 3252 1989 3308 Deut.
2021 3268 2112 3319 xv,
2138 3252 2222 3325 6).
2252 3252 2459 3307 Bonum
2487 3252 2642 3307 fenus
2671 3251 2933 3321 spiritalis
2958 3250 3146 3322 gratiae
3172 3292 3185 3311 ,
3234 3248 3379 3320 quod

1789 3344 2017 3400 veniens
2049 3344 2312 3400 Dominus
2339 3359 2459 3399 cum
2487 3343 2670 3398 usuris
2695 3344 2873 3413 exiget
2897 3361 2911 3410 ;
2943 3351 3136 3398 etcum
3172 3350 3224 3396 te
3247 3341 3385 3397 bene

1789 3436 2137 3508 dispensasse
2165 3436 2456 3499 invenerit,
2490 3434 2641 3490 dabit
2673 3435 2767 3489 tibi
2794 3435 2943 3504 plura
2989 3448 3087 3503 pro
3118 3434 3389 3501 pauciori-

1792 3531 1929 3585 bus:
1975 3530 2185 3600 eritque
2215 3527 2344 3583 milii
2388 3526 2596 3581 fructus
2629 3526 3002 3591 dulcissimus,
3035 3523 3177 3595 quod
3204 3540 3382 3580 meum

1793 3623 1849 3678 in
1883 3621 2214 3691 tejudicium
2247 3620 2711 3689 comprobabitur.
2734 3626 2773 3670 .8
2798 3617 3083 3672 Ordinatio
3137 3630 3242 3669 non
3296 3632 3385 3671 re-

1793 3713 2185 3786 prehendetur,
2215 3727 2374 3783 quam
2406 3710 2660 3779 accepisti
2702 3724 2798 3779 per
2829 3708 3225 3777 impositionem
3270 3722 3385 3761 ma-

1795 3819 1959 3859 nuum
1993 3817 2257 3867 mearum,
2303 3810 2360 3856 et
2393 3800 2824 3855 benedictionem
2857 3798 2909 3852 in
2943 3796 3162 3852 nomine
3202 3796 3388 3851 Domi-

1797 3915 1973 3997 (cium,
2004 3912 2217 3997 [5125'me
2246 3909 2361 3997 sive
2389 3910 2619 3997 γλήχων.
2664 3907 2756 3962 Est
2782 3909 2958 3997 etian't
2980 3904 3144 3961 herba
3179 3906 3380 3976 polium

1795 3986 1938 4066 dicta
1972 3978 2234 4066 gagates;
2254 3978 2555 4066 πολιότητρς
2573 3994 2651 4066 :‘e
2677 3978 2897 4066 canitie.
2923 3979 2996 4032 De
3014 3992 3241 4066 quarunt
3263 3993 3381 4033 am-

1796 4056 1987 4110 barum
2016 4049 2308 4107 virtutibus
2329 4052 2551 4104 consule
2576 4049 2946 4120 Dioscoridcm
2971 4060 3131 4120 atque
3152 4050 3306 4104 alios.

1870 4135 1891 4163 ο
1937 4124 2070 4179 Cod.
2100 4123 2229 4177 La't.
2260 4132 2316 4177 et
2338 4120 2547 4187 Carul.,
2577 4118 2905 4185 Bassilinno;
2937 4118 3122 4175 ca-teri
3145 4134 3198 4176 et
3220 4121 3381 4188 edit.,

1794 4196 2070 4250 Bassiano.
2098 4194 2434 4263 Subscripsit
2458 4193 2503 4246 is
2529 4190 2763 4245 concilio
2808 4192 3140 4263 Aquileiensi
3172 4194 3378 4263 c_t_epi-

1794 4270 1949 4322 stolm
1990 4267 2056 4320 ad
2090 4260 2384 4338 Syriciunt,
2418 4278 2481 4338 ac
2509 4263 2795 4338 utrobique
2823 4262 2963 4338 sicut
2993 4271 3046 4338 et
3080 4260 3220 4338 apud
3239 4260 3381 4315 Pau-

1790 4340 1957 4393 linum
1988 4340 2038 4392 in
2066 4333 2174 4393 vita
2199 4336 2471 4392 Ambrosii
2504 4344 2725 4389 vocatur
2747 4333 3046 4388 Laudeusis
3070 4334 3379 4399 episcopus.

1791 4410 2037 4465 Basilica:
2064 4410 2130 4465 ab
2151 4406 2344 4463 eodem
2368 4407 2602 4463 condita:
2630 4406 2873 4460 meminit
2896 4403 3175 4475 Ugltellus,
3201 4402 3382 4457 utdic-

1791 4492 1901 4536 tum
1926 4490 2011 4537 est
2039 4483 2090 4534 in
2121 4480 2524 4534 Admonitione.
2549 4477 2680 4546 Ejus
2703 4491 3043 4533 verouomcn
3065 4475 3384 4544 inscriptum

1789 4553 1916 4608 albo
1941 4560 2258 4606 sanctorum
2282 4551 2477 4621 legitur
2506 4565 2594 4603 xlv
2621 4547 2732 4603 kal.
2763 4547 3112 4621 Februarias.

113 4630 463 4697 excusationis
492 4616 692 4682 faciunt
717 4616 1068 4697 mentionem.
1101 4623 1260 4697 Adde
1285 4624 1427 4692 quod
1461 4616 1688 4697 utraque
1717 4637 1773 4697 1)
1868 4621 1894 4660 ἀ
1936 4624 2259 4697 Ambrosius
2311 4616 2745 4697 anniversarium
2785 4616 3385 4697 consecrationissepi-

113 4695 169 4749 ad
183 4697 787 4763 familiarissimum,nec
807 4696 974 4751 nimio
990 4694 1277 4750 intervallo
1289 4696 1693 4750 semotumscri-

116 4776 208 4835 ptte
230 4780 655 4840 cognoscuntur.
689 4769 859 4835 Hujus
888 4765 1106 4840 Felicis,
1138 4765 1296 4833 cujus
1317 4781 1511 4840 nomen
1532 4782 1691 4821 sanc-

114 4847 273 4910 torum
297 4836 550 4910 catalogo
572 4840 738 4895 inseri
764 4838 980 4901 meruit,
999 4836 1196 4910 festum
1218 4839 1693 4910 renuntiaturnpri-

113 4908 193 4963 die
219 4912 332 4965 idus
359 4907 538 4967 .lulias
564 4910 618 4966 in
645 4912 760 4964 Ittcc
783 4911 944 4963 verba
971 4925 986 4964 :
1018 4907 1301 4961 Nouocomi
1328 4911 1495 4961 sancti
1549 4907 1694 4962 Feli-

112 4980 180 5035 cis
202 4983 352 5052 primi
378 4982 615 5052 ejusdem
645 4982 864 5036 ciuitatis
889 4979 1152 5052 episcopis
1169 4977 1306 5052 _Eum
1332 4978 1592 5052 Ughellus
1614 4995 1694 5052 as:

112 5004 180 5035 Ct!
202 5004 351 5052 prtmt
378 5004 406 5037 ε
432 5004 615 5036 autem
645 5004 864 5036 clmtatu
889 5004 1133 5051 episcopi.
1172 5004 1306 5032 num
1335 5004 1592 5046 ugucnus
1614 5004 1694 5032 ns-

112 5060 236 5136 ξεετιι
259 5054 351 5117 .ab
380 5004 671 5136 έηιιιιῖοξῖο
699 5068 805 5136 ne"
835 5049 1574 5136 ιξηηίιιιῆιῐιὲιεωξρρψθηρτ
1597 5048 1695 5136 sed

115 5129 371 5193 tamquam
400 5125 706 5194 apostolico
734 5122 913 5193 legato
941 5117 1260 5194 episcopum
1277 5117 1699 5194 Δ(Ζοιειεεηξῇς-Εο-

112 5187 284 5249 οιρεὶἒιξ
314 5187 488 5249 fuisse
516 5187 819 5248 institutum
846 5209 862 5258 ;
894 5187 1018 5246 cum
1050 5187 1164 5244 haec
1195 5188 1358 5244 sedes
1378 5187 1699 5259 Aquileien-

113 5266 154 5336 si
185 5280 476 5336 numquam
504 5265 744 5335 subjecta
778 5278 882 5318 ηοω
906 5261 1101 5336 fuerit:
1132 5266 1219 5336 At_
1240 5260 1444 5315 nullum
1476 5269 1698 5336 senten-

116 5335 196 5386 tia:
222 5332 343 5391 sum
367 5332 745 5405 argumentum
798 5334 1022 5402 profert.
1068 5332 1223 5405 Quod
1272 5347 1402 5405 vero
1445 5332 1698 5405 eumdem

116 5405 338 5471 primum
368 5403 667 5462 Novucomi
700 5406 909 5461 sedisse
930 5413 1111 5471 negat,
1145 5404 1195 5457 id
1228 5418 1331 5456 non
1385 5403 1577 5471 injuria
1630 5419 1697 5458 ex

114 5477 291 5548 ultima
322 5487 480 5548 parte
509 5479 670 5546 hujus
695 5476 942 5548 epistolae
970 5472 1145 5529 refelli
1164 5483 1367 5544 potest.
1401 5473 1659 5545 Expende
1684 5515 1698 5540 ,

111 5545 298 5612 lector,
323 5545 384 5603 et
417 5545 726 5615 pronuntia.

176 5616 202 5656 δ
232 5619 345 5692 AUbi
374 5617 511 5676 edit.
549 5619 775 5692 pulegio,
805 5631 936 5692 mss.
978 5616 1185 5692 habent
1233 5616 1429 5692 partim
1477 5616 1649 5692 poleio
1685 5657 1699 5682 ,

110 5690 300 5759 partim
330 5692 531 5759 puleio.
549 5686 626 5745 Et
652 5686 785 5745 sane
803 5686 1087 5759 pulegium
1123 5695 1193 5759 et:
1230 5686 1486 5759 puleium
1509 5688 1699 5759 eadem

113 5752 275 5815 herba
302 5752 430 5825 est;
468 5760 700 5835 legimus
727 5752 874 5816 enim
915 5752 969 5815 in
1015 5756 1226 5814 Glossis
1276 5756 1556 5813 Philoxenl
1609 5772 1703 5825 pu-’-

1801 4695 2037 4764 scepalis
2067 4694 2212 4749 diem
2242 4692 2346 4747 hoc
2374 4694 2493 4764 loco
2511 4702 2666 4746 vocat
2689 4690 2827 4764 (l_iem
2852 4689 3066 4764 natalis2
3089 4704 3198 4758 quo
3219 4687 3381 4741 etiam

1801 4759 1961 4821 modo
1985 4765 2403 4825 illumtvocarat
2429 4763 2520 4817 lib.
2572 4777 2666 4816 vm
2704 4762 2903 4831 Expos.
2959 4762 3009 4814 in
3044 4759 3193 4831 Luc._
3232 4773 3380 4810 num.

1801 4837 1888 4893 75.
1921 4835 2056 4890 Cum
2082 4842 2264 4889 autem
2288 4834 2396 4903 jam
2426 4834 2496 4888 ibi
2525 4828 2859 4887 nonniltilde
2881 4828 3270 4903 consuetudine
3295 4842 3381 4903 ce-

1801 4905 2049 4962 lebrandi
2100 4907 2220 4973 ejus
2270 4899 2375 4958 diei
2428 4905 2771 4957 observatum
2796 4902 2885 4969 sit,
2916 4902 2968 4956 id
2996 4917 3157 4973 lllllllll
3188 4899 3387 4969 placuit

1801 4977 1889 5032 hic
1921 4971 2145 5039 addere,
2175 4989 2298 5029 cum
2328 4976 2416 5043 qui
2440 4973 2658 5027 uberius
2679 4974 2957 5043 quidpiam
2989 4972 3057 5027 de
3089 4971 3190 5025 hoc
3232 4984 3385 5043 more

1800 5048 2236 5108 desideraverit,
2268 5042 2420 5115 plura
2462 5042 2804 5115 reperturum
2831 5046 2881 5098 in
2912 5042 3069 5098 Notis
3115 5042 3390 5096 Casaubo-

1801 5121 1856 5174 ni
1884 5118 1948 5173 ad
1967 5113 2337 5184 Spartianum,
2368 5131 2490 5185 pag.
2514 5113 2585 5185 l0
2605 5153 2620 5179 ,
2648 5129 2700 5168 n.
2726 5115 2817 5170 45.

1875 5202 1899 5225 οε
1943 5186 2114 5253 Edit.,
2144 5189 2199 5241 in
2231 5184 2463 5241 animum
2490 5184 2781 5239 induxeris.
2816 5214 2825 5221 κ

1876 5258 1895 5298 ί
1938 5258 2403 5327 Quemadmodum
2440 5258 2525 5313 hic
2551 5272 2646 5325 per
2674 5271 2855 5311 arcam
2885 5254 3220 5327 Testamenti
3264 5268 3394 5327 san-

1805 5322 2018 5386 ctorum
2051 5329 2461 5400 Evangeliorum
2505 5322 2642 5400 liber
2685 5322 3015 5398 designatur,
3046 5329 3115 5382 ita
3165 5341 3262 5396 per
3290 5325 3391 5400 du-

1808 5403 1937 5456 lium
1968 5395 2422 5457 aureum'manna
2446 5399 2706 5456 refertum
2735 5395 3072 5471 signiﬁcatur
3102 5395 3254 5471 sacra
3302 5395 3391 5448 illa

1808 5473 1989 5543 pyxis,
2014 5474 2065 5528 in
2090 5487 2193 5543 qua
2216 5474 2542 5527 servabatur
2563 5469 2835 5525 adoranda
2866 5469 3214 5526 eucltaristia.

1882 5554 1908 5592 ε
1950 5545 2186 5601 Adverte
2217 5546 2518 5598 institutum
2551 5543 2869 5611 episconum
2915 5555 3207 5610 numquam
3244 5552 3399 5607 repe-

1808 5615 1930 5684 riri,
1963 5617 2066 5672 nisi
2091 5631 2188 5687 per
2216 5630 2469 5670 manuum
2493 5614 2719 5668 alterius
2735 5613 2909 5687 etiam
2943 5611 3185 5687 episcopi
3226 5611 3398 5687 impo-

1809 5681 2061 5758 sitionem
2091 5681 2107 5744 Ξ
2140 5687 2229 5758 qui
2262 5700 2378 5743 mos
2407 5696 2613 5742 temere
2636 5686 2947 5755 antiquatus
2971 5681 3057 5741 est
3110 5684 3179 5739 ab
3226 5681 3404 5737 Interea

1813 5757 1934 5813 ticis
1945 5788 1957 5811 δ
