3954 6164
160 245 247 300 893
1333 240 1721 298 EPISTOLAR

1859 241 2138 300 CLSSSIS
2180 243 2218 298 Ι.

3304 244 3411 301 89$

155 373 465 428 nequaquam
497 355 722 426 opprimi
752 354 924 426 potttit
974 353 1258 423 integritas
1305 361 1358 407 et
1404 353 1705 408 circumve-
1732 358 1779 420 Α
1811 363 1949 418 tam;
1980 364 2040 409 ut
2073 354 2195 427 plus
2219 356 2522 412 dubitatum
2555 357 2624 411 sit
2653 355 2724 412 de
2748 371 2836 422 ea,
2861 373 2984 427 quae
3015 357 3416 428 inspiciendam

154 452 266 506 niri.
298 449 422 504 Nam
452 449 496 503 si
521 447 795 504 habuisset
841 445 1210 517 probationes,
1271 459 1562 514 numquam
1605 444 1702 499 in-

154 541 460 614 spectionem
491 547 574 594 tua
596 537 863 595 sententia
895 537 1266 609 negitavisset.

215 638 262 692 5.
301 634 434 702 Quid
465 633 624 705 igitur
648 632 747 689 sibi
775 616 928 696 velit,
962 641 1017 686 et
1043 638 1173 700 quo
1198 641 1408 701 spectet
1447 630 1588 702 quod
1617 632 1713 685 ob-

152 735 404 786 stetricem
437 726 797 783 adhibendam
825 723 1152 791 credideris,
1184 740 1291 778 non
1349 738 1570 795 possum
1619 724 1715 778 ad-

149 832 357 878 vertere.
389 818 538 874 Itane
556 835 686 891 ergo
714 819 944 873 liberum
975 821 1078 874 erit
1109 831 1368 872 accusare
1412 818 1662 872 omnibus
1694 859 1713 884 ,

147 924 339 968 etcum
380 912 701 981 probatione
728 910 1079 976 destiterint,
1139 909 1340 979 patebit
1400 918 1456 963 ttt
1507 909 1712 979 genita-

149 1007 260 1059 lium
289 1015 620 1060 secretorum
649 1013 834 1075 petant
867 1002 1281 1074 inspectiottem.
1307 1012 1360 1055 et
1387 1000 1714 1056 addicentur

152 1114 344 1167 semper
369 1112 538 1152 sacrae
569 1096 803 1168 virgines
833 1095 898 1149 ad
931 1094 1235 1161 ltujusmotli
1266 1092 1498 1147 ludibria
1529 1138 1540 1150 .
1588 1109 1713 1163 quae

152 1200 198 1246 et
223 1191 330 1244 visu
356 1198 409 1244 et
439 1189 648 1254 auditu,
687 1186 899 1242 horrori
947 1197 999 1240 et
1033 1185 1224 1256 pttdori
1257 1186 1422 1238 sunt?
1467 1185 1714 1255 Denique

153 1299 244 1337 non
271 1283 482 1336 minima
516 1281 676 1335 etiam
706 1281 757 1333 in
790 1278 898 1333 tuis
926 1279 1120 1333 litteris
1149 1285 1370 1331 tentatae
1399 1278 1710 1347 expressio-

153 1375 221 1428 nis
249 1372 564 1428 verecundia
591 1380 692 1426 est.
722 1371 851 1439 Qum
892 1387 1022 1441 ergo
1071 1372 1190 1425 sine
1240 1370 1438 1426 damno
1492 1370 1715 1441 pudoris

154 1469 197 1521 in
221 1467 401 1523 alienis
429 1465 654 1521 auribus
683 1481 939 1520 resonare
987 1480 1090 1519 non
1123 1474 1359 1536 queunt,
1391 1480 1455 1521 ea
1489 1472 1717 1535 possunt

157 1562 201 1616 in
230 1562 427 1633 virgine
447 1562 566 1616 sine
591 1560 709 1629 ejus
733 1560 928 1614 tentari
963 1560 1330 1615 verecundia?

209 1653 256 1708 6.
283 1653 532 1708 Invenisti
559 1653 651 1707 tibi
680 1653 785 1707 vile
819 1653 1167 1722 mancipium,
1200 1666 1482 1721 procacem
1516 1667 1712 1708 vernu-

1815 461 1876 501 se
1911 447 2233 516 przebuerit,
2261 464 2424 518 quam
2451 447 2518 504 de
2546 463 2634 513 ea,
2663 464 2782 518 qua:
2815 463 2921 503 non
2955 448 3120 506 fuerit
3149 449 3420 520 inspecta.

1818 539 2095 610 Siquidem
2127 553 2183 596 et
2215 543 2464 610 proximo
2493 541 2543 595 id
2575 543 2940 612 comperimus
2960 543 3256 611 exemplo:
3291 557 3412 596 nam

1815 633 2058 704 quaedam
2093 634 2416 690 conditionis
2462 633 2679 689 servilis
2706 633 2732 671 δ
2767 633 2933 688 Altini
2964 636 3205 702 insttecta
3238 643 3292 688 et
3320 650 3412 689 re-

1817 725 2007 788 intata,
2044 737 2226 795 postea
2262 723 2552 781 Mediolani
2594 741 2699 781 non
2725 743 2849 781 meo
2867 727 3084 796 quidem
3112 727 3290 795 jussu,
3319 726 3418 783 sed

1817 819 2027 874 Nicenti
2063 835 2128 875 ex
2155 817 2372 876 tribuno
2398 828 2454 873 et
2488 820 2700 874 notario
2740 818 2948 874 domini
2981 819 3066 873 vel
3099 820 3309 890 patroni
3336 819 3420 876 sui

1818 913 2100 966 voluntate
2143 911 2353 966 visitata
2403 921 2485 966 est
2531 925 2558 963 a
2603 910 2932 981 peritissima
2963 919 3016 964 et
3049 909 3298 980 locupleti
3341 909 3418 964 fe-

1818 1010 1962 1060 mina
1994 1005 2298 1075 httjusmodi
2325 1005 2488 1069 artis;
2515 1015 2565 1059 et
2589 1018 2710 1059 cum
2736 1003 2895 1058 simul
2923 1004 3020 1057 ista
3045 1010 3414 1073 suppeterent,

1819 1110 1876 1154 ttt
1923 1115 2098 1171 neque
2153 1108 2445 1172 paupertas
2501 1098 2813 1154 obstetricis
2857 1104 3162 1166 suspectam
3215 1094 3417 1149 iaceret

1819 1191 1978 1247 ﬁdem
2001 1234 2016 1258 ,
2059 1208 2234 1264 neque
2282 1192 2590 1247 iudocilitas
2637 1190 2964 1260 imperitiam
2987 1231 2999 1254 ,
3032 1199 3212 1243 tamen
3241 1187 3419 1240 adhuc

1819 1297 1999 1341 manet
2027 1285 2277 1356 quaestio.

1888 1377 1944 1432 9.
1977 1377 2114 1444 Quid
2153 1379 2354 1448 profuit
2387 1378 2549 1448 igitur
2575 1391 2694 1432 eam
2729 1375 2921 1446 inspici
2945 1419 2957 1438 .
2984 1389 3107 1429 cum
3137 1372 3415 1428 damnatio

1818 1470 2078 1528 maneat?
2117 1471 2249 1526 Nam
2292 1480 2349 1525 ut
2392 1471 2624 1541 quisque
2669 1470 2934 1534 voluerit,
2978 1477 3070 1523 aut
3112 1467 3418 1538 imperitam

1820 1564 2108 1630 medicam,
2152 1573 2243 1618 aut
2272 1562 2608 1633 redemptam
2651 1571 2894 1626 asseret;
2937 1561 3010 1614 ita
3057 1560 3175 1613 sine
3221 1558 3416 1614 eliecttt

1819 1657 1932 1712 ullo
1971 1657 2167 1729 injuria
2208 1657 2565 1728 inspectionis
2590 1666 2692 1711 est.
2726 1656 2864 1723 Quid
2895 1654 3091 1710 deinde
3123 1653 3250 1707 (iet?
3277 1655 3422 1719 Quo-

154 1747 259 1811 tam.
290 1761 382 1801 cur
407 1763 512 1800 non
540 1745 781 1800 abmaris
813 1744 1127 1814 pudibunda
1169 1744 1494 1812 ministeriO,
1536 1753 1593 1800 et
1617 1759 1714 1799 ex-
1745 1752 1793 1812 Β
1821 1754 2158 1820 tiescumque
2189 1749 2499 1814 emerserit,
2533 1749 2622 1820 qui
2649 1765 2753 1803 non
2785 1747 2994 1812 credat,
3024 1746 3182 1801 toties
3215 1756 3235 1782 ε
3272 1745 3422 1813 virgo

154 1853 297 1909 ponas
322 1837 437 1908 ejus
464 1837 787 1893 modestiam
812 1853 826 1902 ;
850 1851 970 1890 cum
997 1837 1294 1907 praesertim
1320 1835 1450 1890 nihil
1474 1837 1716 1890 sanctius

155 1931 198 1984 itt
226 1931 419 2002 virgine
449 1931 521 1985 sit
547 1971 562 1995 ,
617 1945 776 1999 quam
833 1927 1199 1984 verecundia?
1247 1929 1359 1983 Non
1385 1929 1532 1984 enim
1561 1944 1716 1984 sacra

154 2023 278 2094 virgo
299 2034 351 2076 ut
373 2036 603 2092 corpore
635 2020 1008 2076 tantummodo
1037 2022 1243 2092 integra
1292 2021 1362 2075 sit
1407 2021 1670 2091 quzeritur
1698 2061 1714 2084 ,

155 2122 197 2168 et
220 2132 312 2168 non
363 2123 417 2168 ttt
467 2113 522 2168 in
579 2112 832 2168 omnibus
867 2112 986 2184 ejus
1019 2111 1317 2167 iuoll'ensus
1371 2121 1590 2168 maneat
1620 2127 1716 2182 pu-

154 2204 252 2259 dor.
280 2204 434 2277 Virgo
467 2203 687 2260 Domini
729 2206 841 2260 suis
867 2212 952 2260 est
990 2203 1113 2259 nixa
1145 2203 1332 2260 fulcris
1371 2205 1436 2258 ad
1481 2207 1562 2259 sui
1595 2221 1716 2276 pro-

157 2299 424 2368 bationem,
456 2315 559 2355 nec
607 2299 806 2355 alienis
835 2297 1056 2354 dotibus
1096 2308 1242 2370 eget,
1285 2308 1342 2353 ut
1367 2314 1426 2353 se
1450 2299 1715 2368 virginem

158 2390 318 2458 probet
345 2411 358 2446 :
386 2402 437 2446 et
466 2406 569 2446 nec
597 2390 923 2455 abditorum,
954 2392 1402 2459 occultorumque
1431 2391 1714 2460 ittSpecliO,

157 2484 233 2539 sed
260 2487 406 2540 obvia
448 2487 707 2541 omnibus
735 2485 999 2540 modestia
1043 2486 1368 2556 astipulatur
1398 2485 1714 2554 integritati.

155 2575 250 2632 Non
281 2580 447 2650 placet
488 2581 624 2648 Deo,
658 2595 820 2650 quam
855 2595 960 2634 non
986 2594 1207 2634 suorum
1238 2578 1477 2650 gravitas
1507 2594 1717 2633 tuorum

158 2671 358 2740 probat:
389 2690 495 2729 non
524 2672 794 2750 probatur
827 2672 1076 2736 Domino,
1111 2687 1231 2742 quae
1264 2672 1422 2726 unius
1465 2671 1715 2726 obstetri-

159 2764 220 2819 cis
265 2764 456 2840 iudiget
499 2766 858 2831 testimonio,
907 2765 1050 2838 quod
1080 2766 1402 2838 plerumque
1456 2767 1721 2835 quaeritur

163 2857 329 2923 pretio.
364 2855 434 2913 Ea
475 2874 612 2932 ergo
639 2857 734 2912 tibi
771 2858 1016 2926 locuples
1043 2857 1256 2912 videtur
1283 2857 1350 2911 ad
1385 2857 1571 2924 iidem,
1601 2872 1722 2928 quae

159 2958 202 3000 et
223 2949 394 3003 redimi
437 2961 493 3006 et
545 2947 656 3004 falli
690 2959 904 3018 potest:
941 2958 998 3003 ιιι
1044 2963 1267 3012 excuset
1310 2965 1480 3013 ream,
1513 2961 1568 3004 et
1617 2949 1722 3002 cri-

160 3053 259 3094 men
289 3049 442 3114 tegat,
475 3051 577 3098 aut
608 3043 832 3106 nesciat,
866 3053 921 3098 et
950 3057 1057 3096 non
1091 3043 1262 3116 possit
1311 3039 1570 3114 ﬂagitium
1627 3041 1721 3096 de-

158 3133 497 3198 prehendere?

209 3225 352 3298 767
381 3227 432 3281 7.
469 3226 670 3298 Neque
697 3242 830 3282 vero
862 3226 992 3281 illttd
1032 3227 1237 3298 justum
1293 3226 1548 3294 arbitror,
1580 3227 1723 3298 quod

158 3317 244 3374 tuis
267 3320 726 3390 comprehendisti
753 3321 968 3385 litteris,
991 3321 1114 3391 quia
1138 3320 1236 3375 nisi
1268 3321 1509 3391 in5pccta
1541 3323 1722 3388 fuerit,

160 3411 404 3483 integritas
449 3415 828 3490 periclitetur,
858 3426 912 3471 et
941 3420 1150 3470 incerto
1180 3416 1262 3470 sui
1295 3416 1538 3472 ﬂuctuet.
1583 3417 1726 3488 Ergo

160 3518 319 3563 omnes
345 3525 461 3578 qua:
497 3511 766 3578 inspecta:
798 3526 904 3564 non
932 3520 1057 3564 sunt
1078 3552 1091 3574 ,
1125 3510 1420 3580 periculum
1450 3511 1729 3568 subierunt

163 3600 386 3663 pudoris?
412 3603 564 3676 Ergo
583 3611 640 3658 et
669 3620 788 3674 qua:
811 3618 1054 3676 nuptura:
1080 3614 1223 3670 sunt,
1260 3605 1409 3674 prius
1437 3588 1729 3676 ittSpiCian-

163 3700 264 3759 tur,
311 3706 363 3752 ut
405 3699 620 3754 nubant
669 3697 1049 3770 probatiores?
1093 3696 1233 3768 Ergo
1260 3709 1315 3753 et
1343 3716 1460 3768 quae
1487 3699 1729 3753 velanda:

163 3795 300 3853 sunt,
351 3790 500 3859 prius
559 3790 910 3859 subjicienda:
951 3802 1075 3845 sunt
1125 3791 1429 3861 bnjttsutodi
1469 3802 1728 3848 attrecta-

165 3877 273 3933 tioni
297 3899 311 3946 ;
336 3899 437 3938 non
461 3882 620 3939 enim
648 3879 959 3946 visitantur,
993 3883 1086 3938 sed
1110 3893 1469 3939 altrectantur
1499 3901 1511 3938 :
1536 3893 1592 3939 et
1616 3899 1732 3938 ree—

165 3970 250 4029 tius
273 3978 568 4033 secundum
610 3986 754 4032 tuam
796 3978 1120 4032 sententiam
1150 3977 1432 4050 inSpicitur
1463 3994 1568 4031 non
1602 3992 1729 4047 pro-

166 4062 286 4134 bata,
313 4087 466 4139 quam
495 4082 840 4128 consecrata.

221 4157 268 4211 8.
305 4159 436 4228 Quid
463 4204 477 4225 ,
513 4161 661 4232 quod
709 4161 874 4216 etiam
907 4170 932 4198 α
965 4161 1066 4232 ipsi
1107 4159 1364 4215 arcltiatri
1395 4160 1581 4218 dicunt
1623 4179 1732 4222 non

167 4248 275 4302 satis
297 4249 494 4322 liquido
523 4245 913 4323 comprehendi
944 4252 1293 4324 inspectionis
1313 4251 1493 4321 ﬁdem,
1521 4262 1574 4309 et
1601 4255 1732 4324 ipsis

168 4340 420 4399 medicina!
465 4345 697 4400 vetustis
743 4343 1054 4400 duetorihus
1101 4344 1153 4399 id
1201 4347 1487 4399 sententiae
1525 4345 1732 4402 fuisse?

168 4427 256 4485 Nos
291 4451 498 4506 quoque
531 4453 630 4492 usu
670 4436 773 4492 hoc
803 4438 1176 4510 cognovimus,
1206 4452 1350 4508 saepe
1381 4437 1522 4494 inter
1553 4439 1734 4496 obste-

1819 1843 2230 1898 attrectabitur?
2261 1841 2394 1896 Nam
2425 1843 2467 1895 si
2495 1856 2751 1910 umquam
2781 1855 2840 1896 se
2869 1837 3191 1892 visitandam
3220 1835 3421 1891 abnue-

1823 1939 1926 2000 rit,
1955 1935 2258 1991 secundum
2289 1935 2647 1989 assertionem
2679 1942 2824 1990 tuam
2849 1933 2916 1988 de
2939 1932 3168 1990 criu‘tine
3195 1930 3423 1984 conlite—

1823 2030 1986 2084 bitttr.
2042 2028 2114 2082 Et
2156 2027 2371 2088 facilius
2423 2037 2506 2083 est
2560 2037 2614 2081 ut
2650 2028 2880 2088 refutet,
2930 2023 3073 2094 quod
3127 2035 3420 2092 numquam

1821 2122 2033 2186 iecerit,
2064 2136 2227 2189 quam
2252 2120 2396 2188 quod
2428 2118 3026 2174 ieceritNariabuntur
3057 2116 3230 2186 igitur
3263 2116 3424 2169 obte-

1821 2212 2005 2274 triees,
2039 2228 2104 2266 ne
2130 2220 2397 2281 suspectae
2430 2212 2607 2280 aliqua
2638 2219 2914 2278 repetatur
2943 2207 3149 2277 gratia-.
3181 2205 3297 2260 Erit
3323 2204 3424 2258 ita-

1821 2321 1926 2377 que
1955 2306 2094 2360 inter
2119 2306 2326 2375 plures,
2356 2319 2680 2375 quamquam
2711 2317 3008 2372 paucarum
3039 2300 3202 2356 etiant
3235 2301 3288 2352 in
3311 2314 3422 2354 ma-

1821 2398 1942 2470 gnis
1991 2398 2214 2452 urbibus
2266 2395 2354 2452 hic
2395 2412 2526 2451 usus
2568 2395 2824 2452 metiendi
2859 2395 2930 2448 sit
2963 2411 2974 2445 :
3007 2393 3143 2458 erit,
3178 2393 3424 2461 inquattt,

1824 2489 1904 2544 vel
1955 2488 2216 2541 maleVola
2243 2528 2256 2552 ,
2302 2486 2388 2542 vel
2423 2486 2695 2555 imperita,
2727 2501 2887 2555 quam
2922 2483 3142 2554 pudoris
3186 2482 3423 2536 claustra

1824 2591 2177 2652 praetereant,
2213 2591 2267 2638 et
2296 2596 2392 2652 per
2419 2580 2746 2651 imperitiam
2782 2581 2992 2648 integro
3033 2587 3213 2631 notam
3241 2575 3429 2645 aitigat

1827 2675 2036 2744 pudori.
2074 2673 2235 2729 Vides
2265 2675 2316 2729 in
2347 2674 2488 2744 quod
2519 2672 2820 2744 periculum
2852 2657 3079 2726 inducas
3100 2669 3423 2739 virginalem

1827 2770 2248 2840 prolessionem,
2295 2768 2422 2824 dum
2452 2769 2801 2824 obstetricem
2831 2763 3196 2820 adhibendam
3231 2771 3420 2834 putas;

1827 2875 1882 2918 ut
1917 2864 2028 2934 jam
2076 2879 2183 2918 non
2229 2863 2407 2917 solum
2448 2859 2794 2916 verecundia:
2829 2875 2943 2914 suae
2979 2856 3295 2929 dispendio,
3328 2853 3423 2910 sed

1827 2957 1986 3010 etiam
2019 2954 2331 3008 obstetricis
2354 2953 2562 3008 incerto
2591 2950 2953 3022 periclitetur.

1903 3049 1990 3103 10.
2025 3046 2179 3102 Nunc
2217 3046 2628 3101 consideremus
2674 3043 2817 3114 quod
2849 3041 3155 3098 obstetricis
3187 3039 3422 3095 ofﬁciunt

1749 3140 1794 3201 Ο
1827 3141 1914 3194 sit.
1943 3138 2193 3208 Legimus
2221 3138 2385 3194 etiam
2413 3139 2462 3191 itt
2497 3137 2668 3191 veteri
2700 3135 3049 3191 Testamento
3077 3131 3425 3194 obstetrices,

1831 3233 1924 3288 sed
1957 3248 2061 3286 non
2089 3231 2446 3302 inspectrices
2472 3248 2484 3283 :
2508 3229 2746 3298 denique
2773 3227 2838 3282 ad
2867 3226 3228 3297 parturientes
3248 3226 3426 3292 ingre-

1831 3325 2151 3392 diebantur,
2186 3341 2290 3379 non
2323 3324 2388 3379 ad
2423 3325 2702 3394 virgines;
2739 3333 2795 3380 ut
2827 3334 3012 3392 partus
3049 3320 3426 3387 susciperent,

1833 3435 1937 3475 non
1974 3430 2029 3472 ut
2068 3419 2325 3490 pudorem
2354 3419 2751 3472 ex:ttnit.arent.
2787 3413 2939 3469 Unde
2969 3421 3026 3467 et
3048 3408 3074 3448 ά
3104 3411 3428 3465 obstetrices

1831 3511 2015 3576 dicta),
2045 3528 2112 3566 eo
2139 3509 2280 3586 quod
2313 3511 2581 3566 obsistam
2612 3508 2786 3563 dolori
2823 3524 2836 3560 :
2867 3506 2952 3559 vel
2996 3514 3145 3560 certe
3181 3505 3428 3574 pignori,

1833 3620 1903 3659 ne
1953 3604 2143 3658 laxatis
2169 3603 2304 3658 uteri
2336 3602 2669 3674 genitalibus
2697 3601 2985 3662 claustris,
3015 3599 3067 3651 itt
3099 3605 3296 3650 terram
3330 3597 3426 3649 de-

1834 3699 1983 3751 llnat.
2010 3695 2265 3752 Secundo
2293 3704 2343 3751 et
2373 3697 2536 3750 tertio
2568 3696 2688 3748 loco
2714 3695 2764 3745 itt
2797 3690 3092 3758 Scripturis
3118 3676 3428 3742 invenimus

1833 3785 1999 3861 768
2024 3789 2350 3844 obstetrices
2379 3787 2650 3841 adltibitas
2676 3803 2688 3838 :
2723 3785 2814 3839 sed
2849 3782 3047 3850 ubique
3071 3779 3267 3847 partui,
3295 3793 3428 3831 nus-

1834 3895 1992 3950 quam
2028 3877 2583 3948 inspectioui.Primo
2625 3872 2943 3930 ttbi'ilachel
2995 3870 3223 3941 parturit
3271 3865 3425 3939 (Gen.

1835 3987 1998 4035 xxxv,
2018 3971 2129 4039 i7),
2152 3969 2454 4025 deindeubi
2474 3968 2709 4023 Thamar
2737 3966 2873 4035 parit
2893 3963 3046 4037 (Gen.
3070 3960 3431 4028 XXX\'III,27),

1837 4065 1996 4118 tertio
2013 4065 2099 4118 ttbi
2124 4063 2400 4118 necandos
2415 4077 2591 4117 mares
2605 4061 2816 4115 Pharao
2832 4058 3054 4118 mandat
3074 4057 3427 4112 llebra'orum

1835 4155 2223 4212 obstetricibus
2245 4156 2442 4228 (Exod.
2477 4153 2604 4223 1,15
2633 4165 2678 4208 et
2705 4151 2857 4222 seq.);
2888 4149 3104 4220 quando
3136 4147 3435 4218 responde-

1837 4261 1960 4306 runt
1984 4252 2112 4317 illae,
2147 4267 2253 4306 non
2281 4267 2346 4307 eo
2377 4249 2808 4307 more‘Ht-bra-as
2835 4246 3064 4304 feminas
3089 4259 3299 4315 parere,
3326 4258 3434 4312 quo

1839 4346 2054 4418 pariunt
2087 4345 2358 4424 Egyptian
2396 4365 2408 4399 :
2443 4345 2536 4401 sed
2565 4344 2821 4400 l‘lehrteas
2854 4341 3002 4412 prius
3033 4352 3244 4410 parere,
3272 4351 3434 4406 quant

1839 4443 2112 4498 introeant
2155 4443 2483 4499 obstetrices
2505 4441 2572 4496 ad
2602 4454 2714 4496 eos.
2759 4437 2861 4506 Qui
2888 4437 3038 4490 locus
3067 4441 3124 4486 ut
3163 4428 3435 4500 superiori

171 4521 304 4581 trices
351 4529 604 4585 obortam
652 4529 992 4598 varietatem,
1023 4542 1077 4584 et
1124 4534 1481 4602 quznstionem
1523 4533 1730 4588 excita.
1759 4529 1814 4592 D
1841 4536 1987 4590 utilis
2017 4535 2082 4590 ad
2114 4534 2468 4596 Hebraeorum
2515 4533 2778 4597 salutent;
2805 4532 2878 4586 ita
2921 4527 3128 4597 reliquo
3155 4521 3436 4590 confrago-

190 4729 199 4739 .
231 4671 251 4705 ⁸
278 4663 337 4739 Si
353 4667 509 4739 cujus
540 4663 846 4739 interfuerit
876 4663 1030 4739 plura
1078 4663 1148 4720 de
1189 4665 1291 4739 bac
1322 4679 1382 4720 re
1419 4674 1476 4720 et
1500 4665 1738 4739 explica-

173 4735 283 4808 tittra
312 4737 542 4808 discere,
576 4737 728 4792 illum
759 4735 828 4808 ad
852 4735 1175 4808 archiatros,
1203 4737 1304 4790 hoc
1330 4746 1435 4808 est,
1461 4737 1738 4806 principes

174 4806 215 4854 in
247 4807 478 4863 medendi
535 4816 656 4862 arte
701 4806 1042 4861 remittimus.
1074 4806 1290 4860 Interim
1323 4807 1736 4862 ob~ervabitttus

175 4886 260 4947 non
285 4879 447 4932 solum
474 4895 508 4934 θ
535 4878 788 4933 Patrihus
819 4877 1072 4932 Ambros.
1106 4891 1264 4947 quam
1295 4877 1499 4932 incerta
1531 4880 1598 4932 sit
1633 4889 1738 4932 tur-

176 4945 241 5020 pis
277 4950 356 5003 illa
397 4950 728 5020 integritatis
757 4949 1093 5020 exploratio,
1121 4945 1372 5003 docuisse
1400 4965 1414 5013 ;
1443 4949 1538 5002 sed
1569 4953 1734 5004 etiam

174 5013 468 5085 Cyprianum
498 5013 661 5090 e'pist.
691 5019 756 5073 ad
786 5013 1163 5088 Potttponiuttt,
1197 5021 1282 5074 ubi
1308 5021 1538 5088 legimus
1569 5038 1581 5072 :
1609 5021 1734 5074 Cum

176 5093 213 5136 et
245 5103 414 5145 manus
444 5091 778 5146 obstetricum
804 5097 853 5144 et
887 5093 1068 5145 oculus
1094 5105 1230 5160 ωερε
1258 5091 1527 5161 falluntur.
1566 5090 1736 5146 Immo

176 5168 283 5212 vero
307 5164 661 5230 periculosam
675 5163 837 5216 etiam
866 5177 988 5217 esse
1011 5163 1340 5233 AuguStinus
1363 5164 1492 5233 satis
1509 5160 1732 5233 indicat,

178 5241 277 5304 cum
306 5234 390 5286 lib.
423 5251 435 5287 t
464 5235 532 5288 de
561 5235 720 5304 Civili.
755 5233 869 5296 Dei,
895 5251 1013 5302 cap.
1047 5231 1134 5299 18,
1163 5235 1231 5287 ita
1263 5231 1527 5304 loquitur:
1555 5231 1733 5286 Obste-

179 5299 264 5352 tris
293 5304 494 5378 virginis
523 5297 795 5378 cujusdam
819 5297 1161 5378 integritatem
1188 5297 1352 5378 manu
1384 5307 1515 5356 velut
1553 5305 1733 5378 explo-

179 5382 300 5454 fttns,
325 5373 423 5454 sive
459 5373 833 5454 ntaievolentia,
881 5373 982 5429 sive
1022 5375 1259 5442 inscitia,
1293 5374 1398 5428 sive
1424 5389 1578 5440 casu,
1612 5373 1737 5428 dum

179 5446 378 5496 inspicit.
398 5447 598 5496 nerdidi

203 5447 378 5510 tspicit,
398 5447 641 5518 perdidit.

203 5579 213 5590 θ
237 5508 262 5548 δ
289 5513 407 5571 Mss.
435 5516 662 5586 aliquot,
690 5517 860 5571 saltim
891 5528 982 5590 aut
1010 5517 1190 5590 saltem
1216 5516 1468 5590 inspecta.
1500 5513 1614 5590 Non
1646 5533 1734 5590 sa:

265 5595 420 5668 recte;
449 5581 686 5668 Altinum
713 5591 857 5668 enim
888 5581 988 5646 Ibit
1016 5587 1180 5668 italia.-
1201 5581 1553 5668 municipium
1577 5581 1729 5668 haud

187 5655 416 5726 ignobile,
442 5661 592 5730 cujus
617 5663 684 5716 ab
715 5663 900 5727 Attila,
933 5671 990 5716 ut
1016 5662 1223 5730 volunt,
1253 5663 1370 5728 solo
1394 5655 1587 5730 aequati
1621 5661 1729 5730 rui-

192 5738 264 5777 μω
287 5728 520 5818 quadam
541 5733 713 5790 adhuc
740 5735 1009 5812 visuntur,
1037 5728 1094 5786 ui
1115 5732 1276 5804 tradit
1301 5728 1503 5789 Leand.
1537 5728 1728 5802 Alber-

1847 4676 1932 4722 tns
1963 4668 2014 4723 iit
2049 4667 2286 4722 Marchia
2311 4667 2637 4722 Taruisimm.
2684 4665 2877 4738 Iterum
2918 4669 3094 4714 autem
3125 4655 3212 4738 ubi
3244 4665 3436 4707 omnes

1843 4739 1972 4793 edit.
2024 4739 2314 4800 exhibent,
2346 4738 2556 4792 Nicenti
2602 4736 2857 4792 extribuni
2893 4744 2938 4786 et
2985 4736 3210 4790 notarii,
3244 4738 3436 4800 omnes

1844 4825 1973 4862 mss.
2007 4811 2212 4878 legunt,
2250 4796 2455 4864 Nicenti
2477 4824 2540 4861 ea:
2563 4809 2766 4861 tribuno
2790 4814 2838 4859 et
2866 4803 3067 4878 neraria
3090 4796 3436 4878 :tlut-tuscult:

1843 4865 2097 4948 quidem“,
2132 4865 2231 4950 sed
2261 4889 2436 4932 tautt-u
2487 4896 2590 4932 non
2640 4892 2857 4950 prorsus
2904 4865 3435 4950 incongruezullnjtt‘s

1843 4939 2004 5020 porro
2024 4939 2236 5004 Nicettti
2269 4950 2524 5002 Paulinus
2556 4939 2794 5020 me'tttinil
2813 4947 2880 5020 Δἰιι
2909 4941 3178 5020 Ambrosii
3207 4939 3428 5020 7\.’ita,_t_‘.t

1838 5008 2085 5076 eumdem
2117 5037 2240 5075 esse
2284 5030 2524 5074 autumat
2565 5017 2894 5076 Godefridus
2929 5029 2992 5067 ac
3040 5011 3331 5065 Nitetttium
3362 5008 3430 5060 il-

1840 5091 1947 5145 lum
1980 5089 2133 5161 cujus
2179 5101 2380 5154 mentio
2410 5090 2467 5144 ﬁt
2496 5092 2547 5146 itt
2579 5092 2696 5160 lege
2727 5089 2786 5143 il
2809 5128 2823 5151 ,
2858 5088 2982 5140 anni
3013 5083 3140 5146 577,
3169 5078 3252 5133 Nc
3281 5096 3430 5133 sanc-

1835 5173 1943 5216 tum
1972 5164 2224 5229 baptisma
2256 5166 2482 5216 iteratur.
2782 5230 2792 5233 _
2950 5225 2961 5233 _
3091 5232 3096 5233 γ
3313 5219 3353 5233 _,

1911 5245 1932 5271 ε
1964 5219 2185 5288 Ameria.
2211 5243 2264 5290 et
2294 5250 2424 5288 mss.
2455 5233 2724 5298 nonnulli,
2747 5230 2888 5298 virgo
2911 5223 3293 5280 obtrectabitur.
3313 5219 3429 5276 Non

1838 5319 2004 5374 pravo
2031 5320 2216 5360 sensu.
2923 5367 2934 5374 _
3195 5363 3206 5373 .
3287 5363 3298 5374 .

1913 5371 1939 5413 ά
1974 5359 2195 5430 Vossius
2230 5377 2282 5430 in
2331 5375 2566 5448 Etymol.
2594 5383 2903 5448 postquam
2923 5367 3061 5448 hanc
3092 5359 3431 5448 vocisillitts

1839 5448 2104 5517 originem
2137 5437 2474 5511 memoravit,
2505 5437 2650 5500 addit
2683 5437 2818 5517 illud
2843 5439 2945 5494 sibi
2971 5437 3138 5517 magis
3161 5437 3426 5517 arridere,

1840 5528 1898 5571 ut
1925 5509 2172 5573 obstetrix
2197 5522 2406 5574 dicatur
2433 5509 2587 5583 quasi
2611 5513 2878 5576 assestrirc,
2910 5509 3062 5584 quod
3084 5509 3312 5584 pariant}
3341 5517 3427 5556 as-

1836 5571 2026 5646 sideat.
2063 5590 2168 5646 Sed
2195 5571 2557 5656 ltattdscitiius
2576 5571 2645 5642 an
2670 5571 3262 5662 ιιιυιιίεξεηὶιιῐοιιξὶνϐΐίι
3289 5571 3426 5631 hanc

1835 5666 2186 5732 Seltlettti'am,
2221 5652 2378 5731 nobis
2399 5652 2527 5725 sane
2554 5675 2662 5728 non
2691 5652 3030 5730 approbavi!-
