3936 6168
528 274 640 331 895

1866 277 2111 334 SANCTI
2152 273 2477 334 AMBROSII

3696 267 3787 322 896

524 407 620 449 sus
667 393 733 449 ad
765 393 1124 450 obstetricum
1169 391 1370 459 fldem,
1413 407 1534 463 quae
1573 392 1884 450 didicerunt
1914 396 2131 451 mentiri
2160 391 2399 460 Aetiam
2448 389 2552 444 illis
2581 430 2594 454 ,
2640 388 2683 442 si
2733 402 2852 459 quae
2901 386 3156 459 gravibus
3203 385 3452 455 appetita:
3497 383 3786 450 calumniis,

526 500 632 557 pro
662 486 864 546 salute,
896 494 951 540 et
978 483 1168 539 fallere
1190 499 1289 554 pro
1313 485 1684 541 excusatione.

609 579 696 632 il.
731 576 868 644 Quid
904 576 1066 647 igitur
1095 586 1348 647 suspecta
1381 585 1436 632 et
1465 578 1632 633 dubia
1671 588 1980 649 captamus;
2010 595 2132 634 cum

528 673 734 741 majora
766 671 878 727 sint
906 673 1011 726 alia
1045 673 1420 728 examinandis
1455 674 1704 730 veritatis
1728 675 2050 730 documenta
2081 683 2137 730 et

533 766 876 832 testimonia,
920 766 972 820 in
1002 765 1200 836 quibus
1227 766 1566 836 expressiora
1595 768 1822 838 insignia
1848 769 1933 823 vel
1966 777 2138 823 teme-

531 861 638 916 rati
684 860 909 931 pudoris
933 862 1045 916 sint
1067 861 1090 914 ?
1113 860 1252 929 Quid
1286 863 1429 917 enim
1462 872 1542 917 est
1577 863 1721 932 quod
1755 865 1926 935 magis
1959 865 2134 934 publi-

529 972 652 1010 cum
687 957 788 1020 sit,
815 971 975 1025 qnam
1005 953 1210 1009 offensa
1247 955 1491 1026 pudoris,
1519 965 1573 1010 et
1598 955 1887 1011 deﬂoratio
1914 957 2137 1026 virgini-

533 1047 702 1102 tatis?
740 1046 884 1102 Nihil
928 1048 1174 1117 profrclo
1215 1049 1360 1118 quod
1407 1049 1577 1119 magis
1609 1064 1666 1103 se
1713 1049 1936 1119 prodat,
1974 1066 2134 1119 quam

535 1140 808 1196 castitatis
826 1140 1693 1210 dispendium.Tumescitalvus,
1711 1151 1766 1198 et
1791 1142 2134 1199 incedentem

531 1234 671 1288 fetus
721 1233 802 1286 sui
853 1247 1020 1286 onera
1071 1242 1334 1303 gravant;
1367 1244 1421 1286 ut
1468 1235 1948 1304 przetermittamus
1987 1237 2134 1305 alia,

529 1328 730 1398 quibus
759 1341 818 1382 se
848 1327 931 1380 vel
963 1327 1124 1381 tacita
1155 1327 1337 1396 prodit
1363 1329 1719 1383 conscientia.

607 1419 692 1472 ιε.
738 1419 807 1473 At
837 1418 973 1474 forte
1001 1420 1311 1475 sterilitatis
1337 1421 1564 1476 obtentu
1593 1422 1852 1477 abscondi
1873 1421 1926 1477 in
1948 1422 2140 1493 aliqui-

533 1512 636 1566 bus
663 1511 836 1582 possit
876 1509 1163 1582 ﬂagitium.
1204 1513 1299 1567 llic
1327 1528 1460 1568 vero
1499 1529 1621 1569 cum
1662 1513 1839 1569 editus
1869 1525 2055 1583 partus
2084 1525 2138 1571 et

533 1605 822 1673 expositus
845 1645 860 1670 ,
913 1605 997 1660 vel
1045 1615 1270 1660 necatus
1304 1607 1454 1679 (dum
1502 1609 1722 1663 invidia:
1753 1611 1945 1680 magis,
1975 1626 2135 1681 quam

537 1696 846 1767 probationi
892 1697 1217 1761 consulitur)
1265 1699 1560 1769 dissipatus
1598 1701 1667 1754 sit
1700 1717 1798 1770 per
1825 1718 1984 1758 aures
2019 1703 2139 1758 uni-

2239 494 2263 521 η
2297 497 2576 555 oppressa:
2616 482 2974 545 testimoniis,
3009 480 3351 550 strangulata:
3381 480 3715 550 argumentis,
3737 478 3789 533 ad

2241 580 2291 635 id
2318 579 2651 650 confugiant,
2683 587 2740 632 ul.
2767 592 2827 632 se
2850 577 3085 632 offerant
3113 575 3460 646 inspectioni,
3483 574 3674 644 quovel
3694 589 3792 629 cor-

2241 673 2390 742 poris
2411 671 2673 739 prnbetur
2694 669 2939 724 custodia
2960 669 3038 736 ;si
3064 677 3243 722 tamen
3269 665 3604 735 deprehendi
3625 674 3792 735 potest,

2240 765 2291 820 in
2321 765 2518 835 quibus
2555 772 2704 818 nutat
2730 763 2951 833 pudoris
2976 762 3173 833 gratia,
3206 770 3260 815 et
3291 759 3576 827 disciplina
3600 759 3792 829 integri-

2241 861 2385 912 tatis.
2420 857 2560 912 Male
2589 867 2766 911 tamen
2799 871 2858 911 se
2889 855 3049 910 habet
3071 870 3256 920 causa,
3289 853 3376 908 ubi
3407 853 3582 924 potior
3603 865 3677 908 est
3696 867 3794 906 car-

2241 953 2344 1013 nis,
2375 965 2535 1021 quam
2582 949 2780 1004 mentis
2829 935 3204 1018 przrrogativa.
3237 947 3375 1002 Malo
3407 960 3613 1000 morum
3645 945 3794 1014 signa-

2238 1040 2393 1104 culo,
2425 1054 2586 1109 quam
2629 1037 2876 1108 corporis
2907 1037 3150 1092 claustro
3177 1035 3543 1107 virginitatem
3570 1034 3792 1104 exprimi.

2312 1134 2401 1188 15.
2433 1131 2550 1187 iam
2582 1132 2710 1185 illud
2745 1131 3084 1199 prmclarnm.
3118 1129 3262 1200 quod
3292 1127 3554 1200 scripsisti
3586 1128 3794 1182 insinua-

2240 1233 2350 1278 tum
2401 1225 2492 1278 tibi
2542 1240 2570 1277 a
2621 1224 2942 1293 quibusdam
2993 1223 3135 1294 quod
3185 1238 3522 1294 nequaquam
3555 1223 3640 1276 tibi
3672 1236 3795 1276 com-

2238 1321 2612 1384 municarent,
2670 1321 2712 1373 si
2764 1334 2883 1374 eam
2922 1319 3040 1373 sine
3083 1318 3396 1372 visitatione
3443 1316 3794 1386 suscipiendam

2237 1414 2511 1469 crederes.
2534 1413 2676 1483 Ergo
2700 1411 2979 1482 judicandi
3005 1411 3266 1482 accepisti
3299 1410 3602 1466 formulam.
3629 1410 3796 1478 Quales

2239 1509 2342 1576 illi,
2376 1511 2465 1579 qui
2499 1509 2687 1563 volunt
2720 1506 3082 1578 prmscribere
3111 1506 3490 1562 sacerdotibus
3525 1504 3643 1576 quid
3672 1502 3796 1575 sequi

2237 1603 2567 1657 debeamus?
2595 1602 2970 1657 Liberavimus
3002 1602 3184 1672 itaque
3223 1611 3274 1656 te
3305 1616 3334 1654 a
3361 1599 3670 1670 cognitionis
3693 1613 3793 1668 gra-

2241 1695 2478 1750 vissimm
2520 1696 2876 1761 neceSsitate,
2913 1710 2979 1749 ne
3012 1709 3241 1750 necesse
3282 1693 3519 1748 haberes
3549 1692 3796 1747 formulam

539 1803 847 1853 versurum,
896 1793 1232 1861 strangulata
1261 1801 1347 1847 est
1392 1792 1611 1848 libertas
1639 1793 2054 1862 calumniarum,
2088 1799 2131 1852 si

2242 1787 2551 1842 mandatam
2599 1787 2846 1856 exsequi.
2896 1787 3035 1854 Quid
3087 1785 3246 1840 nobis
3291 1784 3534 1840 futurum
3576 1793 3682 1850 est,
3723 1783 3795 1852 qui

538 1882 768 1951 peperit.
815 1880 1022 1952 Nempe
1055 1882 1285 1938 Veronae
1308 1883 1429 1949 fuit,
1459 1885 1738 1940 visebatur
1768 1887 2079 1958 frequenter
2108 1905 2136 1944 a

534 1974 837 2040 virginibus
886 1986 937 2029 et
987 1975 1346 2041 mulieribus;
1397 1977 1450 2032 in
1494 1977 1704 2033 honore
1744 1980 1889 2034 enim
1920 1994 2139 2050 semper

532 2076 672 2121 erat.
707 2066 1001 2127 Visebatnr
1039 2077 1094 2122 et
1137 2083 1166 2122 a
1208 2068 1583 2125 sacerd0tibus
1617 2079 1838 2140 propter
1867 2072 2140 2142 pudicitiae

537 2159 923 2224 reverentiam,
957 2169 1010 2215 ct
1040 2161 1326 2231 gravitatis
1359 2163 1666 2231 speculum.
1693 2163 1983 2232 Quomodo
2008 2181 2140 2236 ergo

535 2251 713 2321 potuit
745 2253 996 2306 occulere
1037 2253 1274 2318 crimen,
1304 2254 1449 2324 quod
1479 2271 1539 2310 se
1569 2255 1655 2310 vel
1683 2258 1867 2326 specie
1900 2259 1981 2312 sui
2013 2273 2138 2328 pro-

533 2342 734 2398 deret?
761 2343 1046 2412 Quomodo
1089 2347 1228 2401 texit
1261 2356 1474 2403 uterum
1500 2349 1524 2403 ?
1563 2350 1838 2420 quomodo
1865 2365 1971 2405 non
1995 2352 2141 2407 refu-

533 2435 610 2504 git
666 2443 943 2504 aspectum
989 2436 1312 2504 mulierum,
1345 2439 1535 2495 oculos
1581 2439 1977 2496 salutantium?
2007 2458 2140 2512 quo-

537 2525 698 2580 modo
744 2529 1052 2597 parturiens
1087 2543 1275 2584 vocem
1313 2531 1620 2598 repressit?
1647 2530 1752 2586 Sed
1786 2532 1889 2586 hoc
1912 2548 2016 2587 non
2049 2549 2139 2603 pa-

533 2619 667 2674 titur
709 2618 867 2674 dolor
902 2639 913 2673 :
961 2620 1196 2691 denique
1234 2621 1518 2691 Scriptura
1555 2623 1654 2676 hos
1699 2625 1966 2680 maximos
2007 2625 2142 2680 dicit

533 2711 792 2777 doleres,
845 2713 935 2780 qui
985 2723 1112 2768 sunt
1157 2716 1506 2783 parturientis
1548 2715 1703 2788 (Gen.
1756 2733 1830 2784 ιιι,
1880 2715 1989 2786 16).
2047 2718 2138 2773 Sic

533 2802 700 2867 enim,
749 2804 942 2872 inquit,
976 2805 1092 2861 dies
1125 2807 1334 2862 Domini
1368 2809 1550 2864 subito
1594 2808 1764 2874 venit,
1797 2820 1852 2863 et
1876 2809 2140 2878 improvi-

534 2905 630 2948 sus
659 2894 831 2963 adest,
869 2908 924 2951 ut
951 2897 1112 2953 dolor
1141 2911 1349 2967 partus,
1377 2902 1467 2969 qui
1497 2900 1816 2954 intercludit
1845 2901 2025 2957 omnia
2055 2903 2135 2957 ef-

536 2987 676 3055 fugia
708 2987 1066 3044 delitescendi
1101 2988 1276 3055 (Esai.
1310 3007 1422 3057 xm,
1455 2991 1511 3055 8,
1535 2991 1613 3062 9).

608 3079 696 3133 i3.
747 3079 873 3134 Haec
919 3089 1002 3133 est
1051 3083 1234 3135 verior
1281 3082 1737 3140 documentorum
1765 3086 1940 3156 fides,
1973 3104 2133 3160 quam

2238 1895 2428 1936 eorum
2458 1879 2651 1934 studiis
2678 1895 2784 1934 non
2807 1879 3342 1947 obtemperavimus?

2314 1973 2398 2028 16.
2423 1973 2528 2029 Sed
2545 1982 2725 2028 tamen
2749 1975 2862 2028 scio
2887 1973 2994 2028 illic
3020 1973 3313 2044 plerosque
3337 1987 3479 2038 esse,
3497 1973 3582 2044 qui
3609 1972 3797 2027 timeant

2241 2067 2554 2122 Dominum.
2588 2067 2720 2122 Nam
2754 2075 2810 2120 et
2835 2066 2922 2120 hic
2962 2067 3197 2122 vidimus
3225 2065 3453 2133 dudum,
3482 2075 3537 2121 et
3579 2065 3676 2119 illic
3699 2076 3798 2118 esse

2240 2161 2629 2231 comperimus,
2660 2162 2749 2230 qui
2777 2161 3138 2230 compositam
3165 2159 3302 2214 banc
3328 2168 3614 2229 querantur
3629 2157 3796 2211 calum-

2242 2254 2385 2308 niam
2423 2272 2434 2307 :
2485 2271 2620 2324 quos
2663 2254 2818 2308 aiunt
2866 2269 2933 2309 eo
2982 2251 3009 2290 δ
3043 2252 3282 2308 offensos
3334 2252 3534 2308 favisse
3575 2249 3797 2317 Maximo,

2239 2343 2384 2415 quod
2432 2345 2733 2420 istaa'irgo
2777 2359 2881 2400 non
2925 2345 3228 2400 circumeat
3255 2343 3484 2410 domos,
3524 2357 3615 2397 nec
3639 2355 3796 2396 eorum

2242 2448 2520 2492 matronas
2544 2437 2742 2492 salutet
2772 2445 2935 2507 atque
2964 2437 3188 2491 ambiat.
3213 2436 3360 2502 Quid
3386 2437 3544 2508 igitur
3570 2434 3670 2502 fiet,
3689 2449 3799 2504 que-

2241 2528 2402 2584 modo
2440 2538 2588 2583 tanto
2619 2544 2736 2582 eam
2778 2543 3046 2583 exuemus
3085 2528 3358 2582 crimine?
3409 2526 3664 2597 quomodo
3698 2539 3796 2595 per-

2241 2619 2591 2675 suadebimus
2633 2629 2686 2674 ut
2739 2621 2916 2674 cultus
2958 2629 3202 2674 assumat
3231 2635 3446 2684 novos,
3489 2632 3610 2675 suos
3636 2616 3799 2672 exuat?

2240 2713 2420 2770 Grave
2465 2715 2724 2785 ﬂagitium
2776 2715 3041 2785 virginem
3087 2717 3226 2770 intra
3277 2727 3488 2772 secreta
3527 2714 3698 2769 domus
3719 2710 3794 2765 de-

2239 2823 2389 2879 gere,
2419 2789 2593 2862 claudi
2623 2807 2993 2878 penetralibns
3023 2809 3166 2862 suis!
3197 2807 3290 2864 Sic
3312 2820 3466 2864 certe
3497 2807 3645 2862 lectio
3668 2803 3794 2858 docet

2245 2912 2265 2938 σ
2306 2899 2526 2954 Mariam
2574 2899 2720 2953 dumi
2768 2907 3064 2968 repertam,
3097 2915 3219 2955 cum
3250 2901 3320 2956 ad
3361 2916 3478 2956 eam
3507 2896 3702 2955 Gabriel
3727 2910 3792 2947 ar-

2239 2993 2956 3065 changelnsvenisset(Luc.
2988 2994 3170 3066 1.9.8).
3203 2993 3456 3051 Susanna
3483 2993 3680 3064 fugiens
3708 3001 3794 3042 Iur-

2241 3088 2428 3142 barum
2457 3085 2728 3142 inducitur
2755 3086 2917 3160 (Dan.
2950 3102 3067 3148 xm,
3102 3087 3166 3142 15
3195 3096 3241 3140 et
3273 3086 3430 3159 srq.).
3461 3086 3676 3155 Denique
3697 3094 3791 3137 cum

527 3171 862 3226 erubescunt
887 3181 941 3226 et
983 3174 1261 3229 mulieres.
1298 3176 1542 3247 Denique
1572 3179 1854 3236 Elisabcth
1887 3185 2129 3239 occulta-
2158 3175 2203 3237 C
2237 3194 2296 3234 se
2341 3179 2575 3245 lavaret,
2619 3178 2925 3248 paradisum
2969 3178 3147 3234 claudi
3183 3179 3430 3249 jubebat.
3475 3177 3608 3246 Quid
3647 3185 3790 3228 autem

534 3264 625 3318 bat
655 3278 713 3318 se
746 3266 1026 3320 mensibus
1053 3269 1330 3338 quinque;
1358 3287 1423 3325 eo
1460 3273 1600 3342 quod
1634 3275 1836 3330 sterilis
1864 3292 2133 3348 concepe-

534 3369 620 3416 rat
649 3361 700 3415 in
739 3371 1022 3418 senectute
1053 3363 1208 3433 (Luc.
1235 3383 1274 3430 ι,
1306 3366 1423 3438 2i).
1470 3369 1562 3424 His
1594 3371 1762 3441 signis
1801 3381 1857 3427 et
1886 3374 2000 3441 ipsa
2029 3374 2138 3429 Sla-

534 3457 631 3510 rite
655 3455 943 3526 virginitas
969 3458 1112 3528 apud
1148 3459 1364 3530 ignaros
1397 3464 1664 3535 mysterii,
1698 3466 1881 3536 probri
1910 3482 2136 3540 suspec—

531 3547 768 3602 tabatur.
801 3547 954 3603 Unde
981 3561 1031 3604 et
1057 3550 1284 3622 Ioseph,
1315 3555 1403 3608 cui
1436 3554 1762 3625 desponsata
1792 3568 1912 3614 erat
1942 3561 2095 3629 virgo
2116 3602 2131 3627 ,

534 3650 846 3710 suspectum
877 3643 1111 3698 habebat
1146 3645 1334 3700 vitium
1364 3663 1378 3712 ;
1411 3647 1538 3702 dum
1564 3647 1741 3702 adhuc
1767 3651 2000 3706 nesciret
2028 3652 2136 3706 Do-

538 3733 748 3788 minica:
769 3735 1163 3793 incarnationis
1194 3750 1594 3794 sacramentum
1623 3740 1841 3813 (Matth.
1873 3760 1910 3810 t,
1947 3745 2059 3815 18).

606 3828 696 3882 14.
749 3828 888 3896 Quid
940 3845 1072 3900 ergo
1130 3846 1390 3902 negamus
1437 3835 1802 3904 inSpiciendas
1850 3838 2134 3909 virgines?

537 3915 760 3972 Interim
811 3920 956 3989 quod
1007 3937 1271 3993 nusquam
1325 3925 1588 3995 legerim,
1623 3943 1728 3981 non
1776 3938 1999 3998 astruo,
2035 3948 2136 3986 nec

535 4022 722 4061 vermn
766 4010 1022 4066 arbitror.
1054 4015 1160 4069 Sed
1193 4017 1318 4086 quia
1352 4017 1611 4089 pleraque
1635 4019 1701 4073 ad
1731 4023 1973 4090 speciem
2006 4023 2136 4079 faci-

537 4113 658 4153 mus
682 4141 697 4166 ,
733 4116 840 4157 non
889 4103 954 4158 ad
984 4105 1269 4162 veritatem
1294 4125 1309 4174 ;
1339 4119 1393 4164 et
1418 4111 1620 4165 erroris
1645 4114 1818 4182 gratia
1851 4116 2134 4186 complura

532 4190 848 4262 frequenter
891 4200 1283 4266 praetendimus
1330 4203 1496 4275 (sunt
1543 4205 1688 4259 enim
1747 4206 1838 4276 qui
1891 4209 2138 4265 nesciant

529 4297 678 4340 recte
703 4286 903 4355 facere,
939 4290 1041 4344 nisi
1067 4304 1212 4347 metu
1241 4277 1440 4366 pagum)
1471 4297 1847 4368 relinquamus
1873 4301 1974 4356 hoc
2001 4303 2130 4364 illis,

531 4392 665 4447 quas
709 4394 811 4433 non
864 4383 1195 4436 verecundia
1223 4393 1500 4441 revocata
1532 4387 1716 4457 lapsu,
1747 4391 1841 4444 sed
1880 4394 2032 4448 solus
2054 4395 2136 4449 in-

525 4470 688 4538 juriae
729 4471 973 4527 deterret
1002 4485 1180 4528 metus
1215 4493 1226 4529 :
1270 4477 1436 4548 769
1478 4480 1622 4547 apud
1655 4496 1792 4551 quas
1822 4484 1969 4538 nulla
2003 4500 2131 4542 cura

2239 3272 2583 3342 praestantius
2607 3270 2935 3342 (praesertim
2968 3271 3020 3326 in
3052 3271 3286 3341 virgine,
3321 3271 3476 3340 cujus
3505 3270 3788 3342 przecipuum

2237 3383 2374 3438 opus
2413 3366 2438 3404 ά
2471 3367 2824 3438 verecundia)
2855 3384 3014 3438 quam
3047 3369 3359 3424 secretum?
3387 3367 3512 3438 quid
3552 3365 3698 3420 tutius
3723 3373 3789 3413 se-

2236 3470 2416 3525 creto,
2452 3469 2507 3514 et
2558 3459 2625 3514 ad
2671 3474 2864 3515 omnes
2895 3471 3050 3515 actus
3094 3459 3636 3531 expcditius?Munia
3671 3453 3787 3510 enim

2237 3552 2462 3622 pudoris
2494 3551 2697 3614 induit,
2731 3567 2836 3607 non
2878 3555 3346 3609 concursationis.
3375 3554 3481 3609 Sed
3509 3553 3570 3608 de
3597 3550 3700 3605 aliis
3729 3547 3788 3599 vi-

2236 3645 2402 3710 dero,
2452 3655 2556 3699 tum
2601 3662 2743 3702 nunc
2765 3648 2900 3704 milii
2931 3647 3378 3717 respondendum
3405 3648 3637 3720 epistolae
3653 3653 3738 3698 est.

2310 3740 2399 3794 l7.
2424 3739 2500 3794 Te
2533 3741 2722 3804 miror,
2756 3740 2946 3807 frater,
2980 3743 3072 3812 qui
3117 3753 3403 3812 tantopere
3427 3739 3668 3797 defendas
3695 3734 3784 3789 Ma-

2239 3833 2442 3887 ximum
2487 3849 2591 3888 non
2632 3833 2794 3888 fuisse
2827 3845 3228 3902 accusatorem,
3259 3836 3355 3891 sed
3381 3833 3612 3907 parentis
3629 3828 3786 3884 dolore

2237 3925 2476 3980 doluisse
2525 3925 2786 3980 invidiam
2834 3928 3008 3995 sparsi
3057 3928 3331 3992 rumoris;
3370 3942 3490 3981 eum
3527 3924 3609 3977 ille
3635 3935 3686 3975 se
3705 3917 3783 3971 ini-

2237 4018 2437 4073 micum
2483 4029 2538 4074 et
2585 4019 2952 4074 adversarium
3001 4021 3363 4090 litigatorem,
3399 4017 3658 4089 propasito
3694 4011 3781 4081 jam

2233 4111 2431 4182 jurgio,
2455 4127 2652 4180 negare
2671 4129 2776 4166 nun
2799 4113 3036 4181 puluerit
3053 4109 3319 4168 adversus
3343 4127 3545 4166 sacram
3562 4105 3781 4177 virginem

2232 4203 2434 4274 judicia
2465 4209 2820 4261 attentavisse
2851 4223 2864 4259 :
2909 4221 3171 4276 nmroque
3199 4207 3484 4276 interjecto
3506 4245 3520 4269 ,
3560 4200 3780 4256 discretas

2237 4297 2383 4353 mdes
2411 4301 2593 4354 uxoris
2636 4316 2748 4354 suae
2787 4315 2852 4356 ac
2885 4301 3146 4370 virginis,
3187 4299 3418 4355 divisam
3459 4287 3780 4368 germanitatis

2239 4391 2381 4445 inter
2421 4406 2640 4448 sorores
2674 4391 3022 4457 societatem;
3059 4403 3080 4429 ε’
3117 4393 3364 4460 aliaque,
3388 4390 3572 4462 quibus
3607 4385 3780 4440 doleret

2239 4483 2381 4552 quod
2413 4483 2564 4552 virgo
2591 4485 2641 4538 in
2675 4499 2803 4553 agro
2835 4483 3115 4538 affinitatis
3147 4499 3258 4539 sua:
3292 4484 3571 4553 refugisset
3596 4486 3778 4532 consor-

525 4560 771 4630 pudoris,
802 4571 858 4618 et
875 4566 1145 4620 eaStilatis
1169 4568 1474 4637 gratia,scd
1503 4584 1678 4640 poenae
1706 4573 1868 4628 timor
1887 4584 1992 4630 est.
2017 4576 2128 4634 Re-
2157 4556 2212 4616 Ῐ)
2239 4575 2391 4630 tium.
2423 4576 2586 4647 77o
2613 4575 2898 4644 Quomodo
2925 4591 3059 4647 ergo
3081 4594 3186 4632 non
3209 4588 3508 4642 accusator,
3535 4573 3616 4644 qui
3642 4566 3774 4624 affec-

531 4653 841 4724 linquamus
891 4659 1232 4724 vernaculis,
1281 4663 1479 4730 quibus
1531 4663 1769 4719 formido
1812 4675 1896 4720 est
1934 4667 2128 4738 depre-

534 4745 698 4800 hendi
744 4748 937 4820 magis,
969 4766 1127 4820 quam
1161 4767 1433 4824 peccasse.
1463 4756 1616 4811 Absit
1649 4771 1678 4811 a
1710 4758 1922 4829 virgine
1948 4775 2123 4829 sacra,

532 4849 590 4893 ut
611 4841 960 4899 obstetricem
993 4847 1239 4901 noverit:
1269 4858 1457 4918 partus
1479 4861 1720 4920 putatur,
1748 4863 1802 4908 et
1829 4855 2124 4912 remedium

532 4931 740 4988 doloris
763 4934 1010 5004 ducitur,
1046 4953 1152 4993 non
1195 4954 1418 4996 examen
1453 4943 1702 5012 pudoris.
1735 4943 2124 5016 Relinquamus

601 5049 728 5130 {lla
761 5051 922 5106 etiam
945 5051 1248 5130 Cyprianus
1277 5057 1387 5124 jam
1429 5058 1646 5113 laudata
1671 5060 1833 5130 epist.
1866 5060 1933 5115 ad
1963 5061 2094 5116 Pam
2114 5095 2127 5104 -

529 5122 772 5200 ponium,
805 5122 1050 5200 quamvis
1080 5122 1340 5182 incertam
1370 5143 1493 5183 esse
1517 5131 1655 5185 hanc
1682 5122 2000 5200 indagandae
2022 5135 2126 5188 vir-

528 5192 769 5272 ginitatis
797 5195 936 5248 viam
985 5200 1330 5265 agnovisset,
1367 5215 1503 5272 cum
1551 5211 1731 5256 tamen
1779 5192 2031 5272 ageretur
2059 5206 2128 5260 de

531 5263 743 5330 puellis,
777 5280 896 5331 qua:
937 5281 996 5321 se
1026 5263 1131 5321 una
1172 5284 1296 5322 cum
1328 5270 1458 5324 viris
1490 5273 1763 5328 cubitasse
1791 5263 2124 5330 confiteren-

527 5342 637 5397 tur,
667 5345 926 5412 negarent
952 5349 1132 5394 autem
1160 5355 1451 5412 venereum
1474 5343 1674 5412 aliquid
1697 5355 1951 5410 expertas
1974 5360 2119 5411 esse,

529 5407 770 5485 prmcipit
801 5411 1202 5485 easexplorari
1231 5407 1652 5485 :_l_r_rspicianthr,
1685 5407 1884 5485 inquit,
1915 5407 2120 5471 interim

524 5476 746 5587 virgines
773 5482 836 5532 ab
863 5476 1217 5560 obstetricibus
1242 5476 1533 5553 diligenter.

663 5550 766 5587 Illac
825 5549 1031 5587 nlmnnr
1098 5551 1322 5587 ..a'.......
1358 5555 1511 5587 [υἱ-..ε

658 5550 788 5624 ρῇδες.
823 5549 1035 5624 aliquot
1053 5595 1066 5617 ,
1088 5551 1322 5624 offensos
1341 5549 1511 5624 '[niue
1535 5557 1778 5610 maxime.

601 5631 624 5698 ξ
652 5619 782 5698 Mss.
813 5619 1040 5698 aliquot,
1073 5622 1295 5698 Mariam
1315 5619 1528 5680 matrem
1550 5624 1762 5680 Domini
1789 5637 2063 5698 repertam.

591 5684 619 5760 ξι
652 5688 770 5760 Vet.
803 5684 963 5754 edit,
994 5684 1302 5746 verecundia
1325 5713 1441 5760 quin
1467 5708 1659 5751 secreta
1697 5707 1802 5760 est,
1845 5684 2007 5753 'tutius
2032 5716 2115 5753 se-

517 5758 675 5822 creto,
703 5759 770 5809 ad
799 5762 972 5812 omnes
998 5769 1142 5814 actus
1191 5758 1521 5832 expeditius?
1568 5769 1722 5823 lium.
1769 5758 1824 5825 et
1852 5784 1980 5824 is.
2013 5772 2114 5824 ali.

2238 4678 2349 4723 tum
2397 4670 2733 4725 accusatoris
2779 4668 3094 4738 jamdudum
3131 4671 3403 4734 exercuit,
3447 4667 3533 4735 qui
3568 4669 3776 4718 sermone

2235 4775 2334 4814 sun
2381 4763 2784 4817 accusationem
2815 4761 3042 4827 detulit,
3086 4776 3246 4818 aures
3284 4770 3403 4816 tuas
3435 4754 3654 4829 implevit
3689 4749 3776 4804 cla-

2234 4871 2409 4922 more,
2440 4858 2459 4894 τ
2487 4867 2541 4912 et
2567 4867 2734 4914 testes
2763 4857 3057 4914 auditionis
3077 4858 3323 4927 deduxit,
3353 4856 3682 4930 cognitionem
3701 4858 3774 4916 p0-

2231 4950 2442 5021 poscit?

2232 5074 2386 5145 quot,
2422 5077 2477 5120 ut
2507 5083 2602 5122 nos
2632 5067 2684 5122 in
2729 5077 2897 5145 textu.
2928 5066 3040 5122 Nec
3072 5069 3214 5123 male
3243 5068 3403 5124 etiam
3443 5059 3622 5145 reliqui

2233 5133 2306 5190 ita
2338 5138 2548 5205 legunt,
2578 5140 2906 5202 verecundia,
2950 5155 3064 5204 quia
3089 5151 3280 5196 secreto
3307 5149 3379 5195 est
3419 5135 3583 5199 tutior,
3611 5133 3768 5184 secreto

2228 5209 2296 5260 ad
2327 5225 2498 5283 omnes
2523 5223 2668 5264 actus
2695 5211 3001 5283 expeditior.

2304 5288 2326 5315 ε
2349 5277 2551 5334 Omnes
2568 5283 2698 5337 edit.
2712 5325 2726 5346 ,
2741 5274 2959 5351 aliaque,
2970 5282 3100 5353 proli
3114 5281 3289 5353 dolor!
3306 5290 3352 5336 et
3367 5278 3498 5353 quod
3510 5274 3761 5344 virgo,el€-i

2226 5361 2357 5401 mss.
2393 5365 2423 5402 e
2458 5357 2736 5406 contrario
2764 5353 2828 5407 ad
2864 5351 3026 5406 unum
3060 5352 3342 5407 nobiseum
3376 5351 3584 5404 faciunt.

2302 5417 2322 5456 ί
2347 5419 2523 5474 Testes
2551 5423 2832 5478 auditionis
2855 5426 2887 5477 ii
2922 5434 3048 5478 sunt
3091 5425 3181 5493 qui
3217 5441 3326 5478 rem
3355 5420 3532 5493 auditu
3555 5411 3759 5493 soluere!

2225 5504 2291 5545 ex
2324 5505 2547 5546 rumore
2574 5502 2877 5563 acceptam,
2905 5509 3008 5548 non
3031 5482 3212 5550 autem
3237 5491 3461 5565 propriis
3479 5482 3757 5565 ocuﬁgcon‘

2225 5571 2467 5631 spectam
2499 5562 2841 5633 asseverant;
2873 5581 2996 5621 cum
3029 5562 3326 5634 tamen,'ut
3352 5563 3562 5619 Plautus
3586 5562 3684 5610 ait:

2285 5718 2449 5796 quris
2472 5722 2534 5793 sit
2557 5721 2780 5798 oculatqs
2801 5725 2941 5796 testis
2959 5737 3104 5787 unus,
3123 5738 3266 5798 quam
3285 5724 3420 5780 auriti
3439 5720 3596 5769 decem
3620 5726 3632 5758 τ
3642 5757 3658 5817 ί

2285 5781 2373 5817 nn.
2403 5782 2598 5817 anﬂlnnl
2646 5787 2803 5817 οηιιηιι
2827 5784 2992 5817 ,ιηηηιι
3025 5802 3034 5813 .
3061 5802 3143 5817 η...
3167 5785 3327 5817 omnm
3373 5783 3504 5817 nlnnn
3521 5777 3637 5817 nclun

2282 5777 2374 5839 Oili
2403 5782 2622 5846 audiunt,
2645 5777 2803 5835 audita
2827 5784 2994 5835 dicunt
3025 5802 3034 5835 :
3060 5777 3347 5848 q'ui'videnl,
3373 5777 3504 5844 plane
3521 5777 3671 5827 sciunt:
