3936 6168
158 216 240 272 897

1267 215 1752 275 EPISTOLARUM
1791 216 1880 274 CL
1895 214 2080 276 assrs
2117 218 2156 274 1.

3281 220 3389 278 898

147 339 155 391 ί
210 328 280 382 18.
307 325 591 394 Quamlibet
617 338 1061 398 argumentatus,
1093 345 1293 402 negare
1331 349 1436 389 non
1469 336 1686 403 potuisti
1719 339 1770 398 Α
1797 334 2061 388 insinuavi
2097 343 2298 388 sancta:
2328 335 2504 389 sorori
2538 333 2681 406 quod
2716 342 2927 403 peteres
2951 347 3135 390 coram
3169 334 3284 405 ipsa
3312 337 3394 390 in-

145 422 262 488 quo-l
286 421 344 472 ad
375 419 614 474 indiciam
648 421 956 492 scripseris,
993 423 1250 492 quoniam
1286 426 1556 480 Maximus
1592 442 1686 481 seu

143 512 339 581 impulsu
365 512 581 568 aliorum
604 555 619 578 ,
649 527 745 569 seu
777 513 971 569 dolore
1015 518 1240 587 proprio
1281 519 1486 574 crimen
1525 535 1690 591 grave

140 605 378 661 detulerit.
406 605 525 663 Sola
550 611 664 664 hmo
692 609 923 679 epistola
954 611 1087 666 satis
1117 620 1205 667 est
1234 612 1300 666 ad
1329 615 1688 670 accusationis

140 698 487 766 testimonium;
522 716 696 772 neque
717 700 862 756 enim
887 709 937 756 te
965 717 1065 774 ego
1097 704 1203 758 tuis
1233 704 1300 758 ad
1333 721 1420 760 me
1441 703 1582 760 datis
1605 704 1690 759 lit-

139 793 246 846 teris
257 792 532 863 urgendum
557 795 767 864 putavi,
789 794 887 851 sed
913 794 979 849 iis
999 796 1153 852 lectis
1177 811 1311 867 quas
1333 796 1400 852 ad
1422 797 1687 868 virginem

138 881 350 951 dederas,
381 884 582 940 adverti
613 885 888 942 diversum
919 902 1062 956 esse,
1094 887 1236 958 quod
1260 887 1326 943 ad
1352 904 1438 944 me
1459 888 1691 959 scripse-

136 989 233 1040 ras;
253 985 302 1030 et
328 984 496 1031 tamen
513 991 634 1032 cum
658 977 906 1049 epistola:
931 985 1036 1034 tute
1059 979 1163 1034 sibi
1183 995 1290 1034 non
1311 980 1686 1047 convenirent,

135 1069 481 1124 consulendum
513 1081 592 1137 te,
624 1085 730 1125 non
756 1070 1091 1142 arguendum
1123 1072 1322 1141 putavi.
1363 1070 1502 1139 Quid
1531 1069 1691 1142 igitur

134 1160 216 1215 sibi
240 1161 340 1216 vult
368 1161 450 1216 illa
479 1163 897 1233 argumentatio,
921 1164 1044 1234 quia
1068 1163 1202 1219 illud
1235 1163 1513 1230 detulerit,
1543 1165 1688 1235 quod

134 1255 187 1307 ad
208 1271 281 1311 me
304 1256 613 1327 scripseras,
648 1257 879 1313 delatam
904 1258 1160 1313 videlicet
1181 1273 1298 1314 eam
1325 1259 1378 1313 in
1412 1259 1553 1329 turpi
1579 1260 1690 1314 cri-

133 1350 279 1414 mine;
308 1349 373 1404 ita
399 1360 454 1405 ut
482 1350 684 1405 editum
713 1351 1038 1419 eltobrutum
1073 1363 1282 1423 partum
1306 1352 1410 1407 dici
1441 1352 1692 1408 asserat?

132 1440 266 1507 Quasi
293 1459 414 1498 vero
442 1443 582 1499 istud
624 1445 690 1499 ad
723 1444 996 1511 lndiciam,
1036 1461 1142 1500 non
1172 1449 1238 1500 ad
1272 1462 1358 1500 me
1385 1447 1688 1517 scripseris.

132 1531 206 1588 Illa
231 1534 308 1590 ubi
330 1536 527 1592 audivit
553 1537 751 1593 litteris
780 1539 884 1593 tuis
913 1539 1199 1594 Maximum
1222 1539 1694 1596 subduciaccusa-

133 1626 256 1692 tioni,
288 1628 484 1684 litteras
511 1639 632 1684 tuas
661 1631 904 1700 protulit,
941 1631 1136 1700 quibus
1163 1647 1288 1687 eum
1325 1632 1569 1687 criminis
1596 1632 1692 1687 de-
1729 1658 1742 1670 -

1793 424 1926 494 spici
1954 424 2233 478 etvisitari
2278 432 2633 479 memoratam
2665 424 2950 494 virginem.
2983 425 3052 479 At
3082 425 3174 480 illa
3204 437 3395 481 sancte

1792 514 2183 584 inSpeCtionem
2203 515 2424 584 quidem
2452 516 2742 581 recusavit,
2771 515 2867 570 sed
2892 516 3260 571 teStimonium
3287 532 3392 570 non

1791 605 2104 673 ιιιςιὶιιεινίι,
2133 606 2323 662 dicens
2341 607 2473 662 nihil
2497 622 2554 663 se
2578 609 2630 662 in
2663 608 2860 663 Indicia
2890 607 3392 679 comprehendisse,

1791 698 1896 753 nisi
1927 700 2070 769 quod
2100 710 2247 756 esset
2278 701 2558 772 virginalis
2581 701 2803 772 pudoris
2831 711 2886 757 et
2914 703 3218 759 sanctitatis
3246 721 3259 758 :
3297 704 3394 758 ha-

1790 788 1992 846 bitasse
2018 806 2138 846 eam
2163 791 2352 846 Romm
2381 793 2434 847 in
2460 793 2622 849 domo
2645 803 2852 859 nostra,
2871 796 3026 851 nobis
3051 795 3392 862 absentibus,

1791 882 1923 936 nulli
1956 899 2073 938 eam
2100 883 2127 921 ι)
2156 899 2215 939 se
2245 886 2500 940 vitiorum
2535 885 2887 942 familiaritati
2916 888 3154 957 dedisse,
3200 899 3394 960 Optare

1790 989 1913 1030 cum
1943 991 2004 1031 ea
2030 975 2129 1032 sibi
2155 993 2184 1032 a
2208 978 2438 1034 Domino
2458 978 2587 1036 Jesu
2613 989 2820 1051 partem
2856 983 3120 1037 reservari
3144 982 3196 1036 in
3227 997 3396 1053 regno

1795 1067 1910 1122 Dii.

1859 1161 1951 1215 εξ.
1994 1162 2284 1220 Paternum
2317 1181 2536 1236 quoque
2559 1165 2720 1221 filiam
2751 1178 2994 1224 nostram
3022 1169 3395 1241 interrogavi,

1791 1255 1930 1324 quod
1963 1256 2030 1310 ab
2057 1273 2117 1312 ea
2139 1273 2433 1328 numquam
2463 1259 2638 1314 soleat
2665 1258 2950 1315 discedere
2972 1301 2986 1326 ,
3021 1261 3178 1332 cujus
3207 1262 3393 1317 chari-

1793 1357 1876 1403 tas
1905 1349 2030 1404 vitae
2062 1350 2223 1419 hujus
2248 1351 2618 1406 testimonium
2653 1362 2756 1408 est.
2785 1352 2969 1424 Itaque
3000 1353 3102 1409 etsi
3134 1353 3276 1424 quod
3315 1354 3397 1409 in-

1789 1443 1965 1511 jnrata
1994 1443 2225 1510 diceret,
2252 1443 2376 1499 ﬁdei
2415 1454 2760 1500 sacramento
2799 1445 3190 1502 conferendum
3226 1447 3402 1513 foret;

1801 1534 1902 1588 sub
1926 1535 2293 1590 obtestatione
2321 1545 2500 1591 tamen
2529 1537 2774 1606 professa
2795 1547 2877 1591 est
2900 1536 3130 1593 alienam
3164 1538 3411 1594 criminis

1796 1641 1902 1696 quo
1924 1627 2300 1696 appetebatur,
2347 1643 2448 1682 nec
2477 1628 2767 1698 quidquam
2801 1629 2853 1683 in
2893 1644 2956 1684 ea
2988 1630 3132 1684 scire
3161 1644 3222 1684 se
3248 1631 3404 1686 bona:

133 1715 322 1774 latorem
353 1721 633 1790 probavit:
661 1721 727 1777 ad
759 1738 842 1777 me
870 1722 1026 1779 datas
1053 1740 1158 1778 non
1188 1723 1409 1795 legerat,
1441 1738 1542 1780 nec
1564 1724 1688 1794 quid
1721 1713 1767 1776 B
1794 1734 2024 1775 vacuum
2061 1722 2514 1778 conversationis.

132 1806 376 1877 haberent,
411 1813 640 1869 sciebat.

191 1903 265 1958 19.
299 1903 399 1975 Ego
426 1918 608 1963 autem
640 1907 894 1962 exhorrui
922 1923 950 1963 a
984 1909 1159 1979 primo
1181 1909 1536 1975 calumniam,
1571 1909 1694 1980 quia

131 1994 434 2053 advertebant
455 2015 565 2055 non
589 1999 792 2056 crimen
820 2001 1048 2066 intendi,
1075 2001 1168 2056 sed
1192 2001 1444 2072 iujuriam
1473 2003 1696 2072 virginis

131 2087 418 2160 desiderari,
448 2094 607 2164 cujus
636 2095 901 2165 inspectio
932 2105 985 2151 et
1015 2096 1255 2151 visitatio
1297 2097 1694 2167 postulabatur,

133 2197 216 2236 nun
236 2185 433 2256 aliquod
462 2185 727 2257 ﬂagitium
760 2186 1129 2244 deferebatur.
1158 2189 1288 2256 Quis
1314 2190 1458 2244 enim
1492 2189 1633 2244 istud
1665 2205 1693 2242 a

132 2279 358 2350 principio
403 2281 600 2337 fraude
643 2283 1003 2352 cornpositnm
1045 2298 1384 2354 nequaquam
1430 2284 1528 2338 sibi
1569 2297 1698 2339 con-

131 2383 293 2437 gruere
311 2384 357 2428 et
379 2373 679 2429 convenire
708 2389 812 2429 non
842 2376 1229 2431 arbitraretur?
1243 2374 1563 2431 Cucurrisse
1582 2393 1698 2431 mu-

133 2459 266 2517 lieres
292 2467 416 2520 viles
445 2476 470 2503 ι
495 2465 571 2521 ad
596 2469 1009 2533 monasterium,
1030 2468 1268 2537 jactasse
1300 2477 1511 2539 partum
1536 2469 1699 2540 virgi-

132 2552 215 2619 nis,
253 2564 302 2611 et
323 2573 505 2614 necem
546 2558 807 2630 pignoris,
840 2559 909 2614 de
941 2560 1269 2614 monasterio
1297 2575 1568 2616 rumorem
1604 2575 1700 2630 per

131 2649 328 2715 populos
369 2665 659 2721 sparsum,
708 2667 939 2722 eumque
987 2651 1264 2708 afﬂuxisse
1295 2654 1346 2706 in
1385 2659 1545 2708 aures
1576 2655 1698 2708 novi

131 2737 280 2796 afﬁnis
305 2743 546 2810 Maximi,
581 2745 649 2799 ab
679 2743 798 2814 ipso
834 2744 1234 2814 interpellatum
1265 2745 1599 2816 episcopum,
1624 2745 1699 2801 di-

131 2831 295 2889 missas
321 2851 408 2890 cas
446 2849 572 2907 qua1
617 2836 823 2891 dixisse
853 2835 1191 2901 ferebantur,
1235 2846 1394 2907 atque
1424 2837 1479 2891 in
1520 2837 1699 2906 fugam

133 2937 346 2995 coactas,
380 2938 436 2984 ut
463 2928 614 3000 apud
645 2944 745 2984 nos
777 2930 948 3001 patuit
982 2949 995 2985 :
1028 2946 1124 2986 eos
1154 2931 1244 3002 qui
1283 2931 1500 2986 audisse
1528 2946 1585 2984 se
1615 2931 1700 2985 di-

133 3030 322 3086 cereut,
353 3022 415 3078 ad
457 3023 770 3078 Ecclesium
817 3031 1036 3078 vocatos
1065 3023 1312 3094 prodisse
1354 3024 1618 3079 Renatum
1650 3032 1704 3079 et

133 3110 405 3183 Leontium,
439 3117 584 3172 duos
614 3118 733 3172 illos
770 3116 1066 3187 iniquitatis
1091 3117 1256 3180 viros,
1289 3133 1424 3188 quos
1455 3117 1702 3188 apposuit

132 3205 321 3265 Jezabel
342 3211 429 3285 (Ill
456 3212 595 3283 Reg.
621 3228 732 3279 χχι,
755 3210 866 3283 10),
897 3211 1380 3282 redarguitDaniel
1402 3212 1563 3282 (Dan.
1580 3227 1694 3280 xm,

133 3298 236 3354 {Set
251 3303 1053 3374 seq.),subornavitJudaeorum
1074 3306 1305 3375 populus
1325 3303 1695 3377 (ΜαιιΙωιχγι,

133 3391 206 3459 59,
230 3395 334 3466 60);
363 3407 421 3452 ut
440 3405 725 3454 auctorem
755 3398 877 3453 vitae
904 3413 1016 3452 sua:
1043 3397 1176 3453 falso
1204 3408 1526 3468 appeterent
1549 3399 1700 3454 testi-

132 3489 306 3544 monio.
326 3491 425 3559 Qui
443 3504 765 3547 tamencum
786 3492 943 3547 simul
967 3492 1402 3562 composuissent
1419 3491 1697 3562 ﬂagitium,

132 3577 266 3634 simul
294 3581 520 3652 ingressi
554 3594 738 3640 essent
767 3583 906 3638 viam
931 3625 944 3647 ,
992 3594 1047 3639 et
1092 3599 1158 3639 ne
1199 3584 1325 3655 quid
1357 3595 1699 3654 praeteream,

133 3671 340 3742 adjuncti
371 3677 633 3742 Maximo,
680 3677 1093 3746 comitantibus,
1147 3687 1205 3733 ut
1246 3678 1378 3734 dixit
1409 3662 1700 3743 Leontius,

135 3757 192 3820 iis
211 3769 290 3838 qui
313 3770 458 3825 illum
487 3785 768 3825 rumorem
802 3777 1137 3841 sparserant;
1167 3779 1345 3825 tamen
1380 3771 1468 3826 ubi
1500 3769 1553 3824 in
1583 3783 1705 3824 meo

132 3859 393 3917 astiterunt
417 3861 654 3933 judicio,
685 3878 806 3917 cum
836 3863 1010 3933 primo
1032 3863 1101 3919 de
1123 3863 1332 3933 origine
1357 3876 1533 3917 causae
1560 3877 1706 3931 qua:-

133 3964 314 4021 rcretn,
346 3956 567 4013 diversa
589 3965 641 4011 et
667 3955 924 4012 distantia
957 3969 1268 4025 prompsere
1288 3995 1302 4019 ,
1331 3968 1436 4007 non
1462 3953 1702 4008 locorum

133 4048 366 4116 separati,
401 4050 494 4106 sed
532 4047 937 4104 mendaciorum
970 4046 1228 4102 divortio.

191 4137 273 4193 ‘20.
312 4142 441 4197 Cum
472 4141 639 4212 igitur
667 4141 769 4196 sibi
802 4140 903 4211 ipsi
934 4156 1044 4195 non
1085 4138 1471 4202 convenirent,
1501 4137 1705 4193 Mercu-

135 4231 252 4288 rium
282 4245 335 4292 et
355 4223 518 4294 Leain
553 4236 832 4292 vilissimae
860 4234 1186 4291 conditionis
1209 4241 1263 4288 et
1289 4232 1709 4288 detestabilioris

136 4328 364 4394 nequitia:
392 4343 656 4400 personas
693 4327 1166 4394 amandavissent,
1198 4325 1491 4396 aufugisset
1531 4324 1711 4378 Theu—

134 4413 261 4482 duie,
291 4436 397 4476 non
439 4422 626 4492 ignara
651 4419 942 4490 objiciendi
977 4417 1076 4474 sibi
1104 4415 1382 4483 facinoris,
1414 4415 1555 4486 quod
1585 4426 1710 4471 ante

138 4505 314 4567 lectum
343 4513 540 4569 Renati
572 4513 686 4568 Sola
713 4512 1086 4580 cubitavisset,
1119 4511 1312 4567 ancilla
1336 4520 1535 4582 praesto
1565 4520 1714 4568 esset

136 4600 248 4670 alia,
275 4622 393 4678 quae
413 4618 610 4677 stupro
639 4608 880 4678 ejusdem
907 4607 1098 4662 Renati
1129 4622 1187 4662 se
1218 4606 1424 4662 diceret
1464 4606 1713 4676 coinqui-

138 4708 332 4764 natam;
367 4700 476 4757 'die
505 4701 664 4773 771
716 4701 862 4770 ipso,
909 4701 1000 4770 qui
1044 4701 1220 4755 dictus
1242 4708 1360 4756 erat
1385 4699 1713 4770 cognitioni,

138 4787 505 4848 subtraxerunt
539 4809 600 4848 se
629 4793 1005 4862 episcoporum
1043 4793 1362 4857 conventui;
1395 4792 1518 4848 licet
1548 4793 1711 4846 etiam

139 4880 296 4946 pridie
335 4884 520 4940 subito
547 4899 608 4941 se
646 4883 984 4955 profecturos
1035 4883 1175 4939 idem
1219 4883 1462 4940 Renatus
1513 4884 1716 4939 clama-

138 4973 282 5030 verit.

199 5066 287 5122 21.
327 5068 486 5126 Unde
510 5086 612 5143 ego
634 5071 841 5143 judicio
870 5071 1181 5143 prtescripsi
1233 5070 1375 5126 diem
1397 5112 1411 5136 ,
1442 5074 1510 5124 ‘et
1541 5080 1716 5126 tamen

138 5158 277 5216 nullo
304 5175 614 5232 accusante,
677 5166 841 5222 nullis
873 5164 1203 5222 testimoniis
1253 5163 1676 5235 perurgentibus
1702 5207 1715 5229 ,

203 5306 228 5334 ⁸
253 5298 308 5355 Si
339 5305 732 5359 monasterium
765 5304 866 5358 hoc
896 5301 1126 5358 Veronae
1166 5301 1469 5356 institutum
1501 5299 1728 5355 femina-

137 5379 247 5423 rum
274 5383 413 5438 erat,
446 5374 588 5442 quod
617 5374 850 5430 maxime
876 5373 1090 5428 videtur
1126 5371 1424 5428 verisimile
1445 5413 1459 5436 ,
1490 5371 1612 5427 inde
1639 5386 1732 5426 co-

137 5451 365 5506 gnoscas
407 5445 525 5498 illic
549 5461 581 5500 e
605 5444 1110 5501 sanctimonialibus
1135 5444 1269 5499 alias
1300 5443 1487 5509 fuisse,
1514 5459 1635 5513 qua:
1678 5443 1730 5496 in

138 5514 406 5568 communi
439 5516 775 5583 parthenone
807 5517 1089 5584 degerent,
1116 5517 1250 5569 alias
1276 5531 1396 5583 qua:
1420 5514 1476 5568 in
1499 5516 1611 5569 suis
1641 5521 1737 5567 aut

137 5590 418 5658 parentum
453 5587 692 5653 aedibus;
720 5589 971 5658 privatim
1001 5587 1145 5658 enim
1169 5585 1381 5658 Indicia
1400 5585 1734 5658 habitavisse

139 5649 338 5729 liguido
357 5671 425 5729 ex
445 5658 628 5714 multis
647 5649 810 5727 hujus
833 5657 1080 5729 epistolae
1103 5657 1236 5729 locis
1258 5657 1598 5729 intelligitur.
1625 5655 1731 5729 Sed

139 5717 280 5778 idem
324 5726 672 5784 observatum
703 5717 920 5800 quoque
947 5727 1071 5783 aliis
1117 5726 1246 5782 locis
1271 5768 1284 5792 ,
1315 5727 1392 5781 uti
1426 5717 1530 5782 non
1563 5727 1732 5782 semel

1730 3075 1776 3138 C

1866 1815 1958 1870 25.
1991 1814 2268 1871 Nutricem
2293 1831 2509 1887 quoque
2533 1817 2722 1872 libera:
2751 1817 3082 1874 conditionis
3106 1819 3410 1890 interroga-

1794 1904 1992 1973 virnus,
2022 1906 2108 1961 cui
2137 1915 2193 1962 et
2222 1917 2399 1963 status
2431 1907 2849 1979 haudquaquam
2895 1910 3152 1981 degeneri
3177 1911 3402 1966 servitio

1795 1997 2067 2054 obnoxius
2097 2000 2225 2056 liber
2242 2009 2403 2056 tatem
2439 2017 2566 2057 vera
2599 2002 2802 2058 fatendi
2833 2004 2989 2060 daret
3011 2045 3025 2070 ,
3078 2013 3133 2061 et
3160 2005 3296 2060 lides
3325 2014 3410 2059 at-

1794 2106 1898 2160 que
1945 2101 2076 2146 tetas
2118 2091 2184 2146 ad
2241 2093 2527 2148 veritatem
2581 2096 2998 2164 astipularetur,
3045 2108 3099 2153 et
3151 2099 3405 2154 ofticium

1799 2184 2024 2239 nutricis
2075 2185 2143 2239 ad
2185 2187 2557 2256 cognitionem
2619 2191 2842 2244 secreti.
2879 2190 2955 2244 Ea
3001 2206 3219 2262 quoque
3266 2193 3407 2247 nihil

1796 2289 1854 2329 se
1884 2275 2199 2331 indecorum
2248 2277 2469 2344 vidisse,
2501 2279 2634 2333 nihil
2684 2280 2789 2335 sibi
2820 2282 2975 2350 quasi
3008 2283 3221 2350 parenti
3251 2299 3408 2340 com-

1799 2368 2022 2422 missum
2056 2386 2085 2422 a
2110 2369 2316 2438 virgine
2345 2370 2522 2441 aliqua
2556 2369 2777 2440 dignutn
2807 2372 3258 2442 reprehensione.

1869 2460 1959 2516 21.
1988 2461 2081 2516 His
2107 2462 2261 2530 moti,
2295 2462 2552 2519 lndiciam
2585 2463 2837 2521 inoffensi
2867 2467 3130 2534 virginem
3166 2470 3410 2525 muneris

1801 2555 2316 2627 pronuntiavimus:
2356 2557 2648 2612 Maximum
2692 2568 2875 2614 autem
2924 2569 2980 2615 et
3029 2559 3301 2616 Renalum
3358 2572 3412 2617 et

1802 2649 2088 2705 Leontium
2125 2653 2199 2704 ita
2231 2650 2457 2706 involvit
2482 2653 2789 2721 sententia,
2813 2664 2871 2709 ut
2903 2654 3160 2722 Maximo,
3190 2656 3234 2711 si
3261 2672 3415 2711 erro-

1803 2759 1918 2798 rem
1947 2744 2287 2811 emendaret,
2336 2760 2463 2815 spes
2497 2746 2704 2802 reditus
2746 2759 3146 2813 reservaretur;
3169 2749 3415 2806 Renatus

1802 2848 1982 2891 autem
2024 2846 2079 2892 et
2109 2837 2369 2893 Leontius
2417 2841 2868 2895 excommunicati
2922 2852 3244 2908 rnanerent,
3305 2843 3412 2900 nisi

1807 2927 1947 2984 forte
1978 2929 2207 3000 probata
2237 2932 2319 2984 sui
2345 2933 2682 2999 paenitentia,
2708 2941 2763 2988 et
2791 2933 2952 3004 hnjus
2984 2933 3112 2989 facti
3156 2934 3415 2991 diuturna

1806 3021 2408 3095 deploratione,dignos
2434 3039 2497 3081 se
2519 3025 2829 3097 praeberent
2857 3028 3416 3100 misericordia.\'ale,

1807 3117 1990 3180 frater,
2025 3126 2078 3171 et
2107 3133 2206 3173 nos
2235 3117 2432 3188 dilige;
2460 3119 2582 3188 quia
2617 3134 2714 3174 nos
2745 3128 2797 3175 te
2826 3119 3126 3192 diligimus.

2348 3212 2685 3269 EPISTOLA
2729 3213 2792 3268 Vl
2813 3225 2858 3269 ο.

1804 3302 1931 3359 Cum
1961 3303 2194 3360 SYAGBIO
2222 3305 2362 3373 quod
2395 3305 2655 3361 Indicium
2700 3311 3086 3367 contumeliosa:
3112 3311 3419 3385 inspectioni

1873 3398 2123 3452 sententia
2153 3415 2247 3452 sua
2271 3397 2560 3454 addixisset
2584 3441 2598 3463 ,
2641 3402 2943 3458 Aunnosws
2972 3405 3136 3459 amice
3161 3417 3410 3476 expostu-

1877 3489 1982 3554 lat;
2012 3491 2157 3560 eique
2186 3490 2560 3544 atrocissimam
2583 3492 2854 3558 ultionem,
2887 3511 3042 3562 quam
3068 3495 3330 3552 Israelin
3349 3497 3414 3552 ob

1877 3581 2117 3634 violatam
2140 3581 2191 3634 in
2222 3580 2386 3634 levita:
2407 3597 2565 3635 uxore
2593 3583 2883 3636 castitatem
2907 3585 3273 3654 repetiverunt,
3296 3596 3417 3642 ante

1878 3673 2054 3727 oculos
2084 3691 2296 3743 ponens,
2328 3683 2487 3726 totam
2516 3675 2589 3728 rei
2617 3675 2802 3728 seriem
2828 3675 3086 3746 eleganter
3108 3679 3373 3734 describit.

2304 3764 2605 3821 Auaaosws
2651 3766 2905 3822 SYAGRIO.

1883 3860 1933 3912 1.
1977 3856 2107 3924 Quae
2129 3857 2238 3911 sint
2282 3858 2336 3911 in
2377 3865 2566 3911 nostro
2599 3856 2810 3927 judicio
2842 3857 3091 3925 decursa,
3135 3869 3415 3930 comperta

1809 3950 2043 4013 retines;
2101 3959 2156 4004 et
2210 3948 2333 4004 ideo
2363 3964 2505 4002 nunc
2536 3950 2690 4018 quasi
2721 3951 2918 4004 animae
2946 3953 3252 4021 portionem
3282 3971 3418 4011 con-

1815 4044 1974 4098 venio
2000 4058 2156 4108 mem,
2185 4041 2395 4098 habens
2417 4042 2558 4113 apud
2590 4055 2640 4098 te
2667 4058 2766 4114 pro
2792 4045 3058 4101 castitatis
3086 4031 3420 4105 cettluntrlia

1812 4137 2134 4192 familiarem
2183 4141 2237 4191 el
2286 4136 2557 4192 dolentem
2606 4137 2908 4207 querelam.
2968 4136 3120 4195 Itane
3167 4144 3412 4211 oportuit

1812 4231 2077 4287 inoratam
2109 4240 2270 4302 atque
2299 4229 2592 4285 inauditam
2627 4229 2958 4299 virginitatis
3002 4247 3222 4288 causam
3258 4235 3416 4306 adju-

1813 4323 2024 4390 dicari,
2058 4334 2114 4378 ut
2138 4340 2242 4379 non
2269 4324 2438 4394 possit
2468 4322 2716 4379 absolvi?
2747 4322 2860 4379 lloc
2888 4333 2994 4391 est,
3025 4325 3128 4379 nisi
3157 4339 3250 4379 sua
3284 4326 3423 4397 inju-

1814 4420 1916 4482 ria,
1954 4418 2055 4472 nisi
2081 4419 2149 4474 ab
2173 4417 2400 4473 honesto
2429 4416 2636 4487 pudore
2659 4415 2976 4472 traducatur
3005 4416 3073 4472 ad
3098 4416 3414 4475 indecorant

1822 4513 1902 4568 sui
1935 4513 2186 4581 corporis
2231 4511 2565 4568 oblationem
2596 4553 2610 4578 ,
2641 4510 2848 4581 grande
2899 4511 3155 4567 videlicet
3182 4511 3419 4568 relatura

1822 4607 1903 4660 sui
1936 4605 2321 4670 testimonium,
2357 4613 2417 4660 ut
2446 4608 2748 4674 exponatu'r
2797 4601 3058 4669 ludibrio,
3089 4615 3140 4659 et
3173 4605 3418 4673 procaci-

1827 4698 1948 4752 tatis
1976 4707 2210 4753 notetur.
2241 4697 2390 4750 lianc
2418 4696 2582 4765 igitur
2615 4695 3031 4764 prmrogativam
3064 4693 3305 4749 detulisti
3337 4695 3420 4750 iit-

1829 4788 2100 4859 tegritati,
2149 4786 2450 4857 hujusmodi
2486 4786 2981 4854 honorificentiam,
3008 4786 3168 4858 772
3212 4803 3316 4856 qua
3365 4802 3427 4844 se

1823 4882 2062 4938 lacessiri
2093 4890 2185 4936 aut
2215 4879 2428 4935 invitari
2457 4877 2768 4949 gaudeant,
2818 4893 2938 4948 qua:
2977 4877 3078 4932 hoc
3107 4894 3304 4934 munus
3334 4895 3425 4934 re—

1821 4974 2128 5046 cipiendum
2157 4981 2376 5043 putant;
2403 4981 2461 5026 ut
2491 4969 2746 5025 amittant
2777 4970 3084 5026 libertatem
3116 4976 3423 5029 communis

1824 5067 2163 5130 assertionis,
2209 5079 2310 5119 nec
2337 5078 2398 5119 se
2437 5062 2563 5134 jure
2605 5069 2861 5117 tueantur
2892 5062 2976 5118 vel
3034 5072 3236 5119 sanctae
3267 5065 3425 5136 legis,

1821 5159 1907 5216 vel
1930 5158 2169 5231 publico,
2203 5167 2263 5213 ut
2301 5170 2413 5212 non
2454 5164 2830 5212 accusatorem
2859 5155 3076 5226 exigat,
3110 5169 3215 5212 non
3245 5171 3429 5214 arcer-

1835 5305 1961 5353 ante
1991 5296 2332 5367 designatum
2359 5302 2467 5351 est.

1908 5368 1935 5406 1’
1968 5365 2208 5422 Erasiet
2235 5381 2352 5437 seq.
2380 5367 2538 5433 edit.,
2571 5381 2625 5420 se
2641 5365 2868 5419 virorum
2900 5365 3262 5437 familiaritati.
3287 5367 3439 5437 Opti-

1837 5455 1929 5496 mo
1958 5453 2142 5494 sensu.
2178 5436 2379 5494 Verum
2407 5453 2532 5493 cum
2583 5451 2684 5492 nec
2712 5450 2910 5491 sensus
2951 5436 3202 5492 lectionis
3227 5436 3358 5492 mss.
3387 5448 3444 5494 et

1837 5510 2063 5567 Amerb.
2093 5509 2363 5565 absurdus
2383 5509 2653 5572 videatur,
2686 5507 2754 5563 ab
2775 5522 2966 5564 eorum
2991 5523 3259 5565 consensu
3289 5524 3443 5570 recc-

1838 5583 1971 5638 dere
2001 5582 2192 5653 religio
2221 5591 2325 5637 est.

1915 5665 1936 5692 ε
1979 5649 2188 5724 Scripta
2222 5653 2355 5708 circ.
2383 5667 2507 5707 ann.
2538 5649 2663 5710 380.
