3936 6168
545 259 650 315 809
1866 247 2114 308 SANCTI
2162 241 2485 304 AMBROSII
3709 244 3795 303 900

531 379 766 431 ‘sitorem
794 381 1022 443 urgeat:
1055 369 1150 425 sed
1184 366 1575 438 impudentiam
1613 364 1783 420 solam
1807 362 2031 428 induat,
2078 377 2142 419 ac
2172 365 2223 421 Α
2247 359 2493 428 Denique
2524 355 2614 412 ubi
2645 353 3077 426 Hierosolymam
3120 353 3647 425 appropinquarunt,
3697 369 3795 423 qua:

545 484 670 526 sese
699 466 950 537 projiciat
971 463 1035 518 ad
1066 461 1353 532 injuriam?
2253 452 2472 523 triginta
2500 449 2691 506 stadiis
2731 449 2950 510 aberat.
2975 463 3136 518 quam
3167 457 3293 502 tunc
3320 447 3577 517 temporis
3596 447 3798 504 Jebusaii

616 560 670 613 2.
712 557 830 613 Non
857 558 926 610 ita
961 553 1197 624 majores
1233 551 1411 607 nostri
1440 548 1840 621 despicabilem-
1864 545 2141 601 habebant
2246 541 2538 605 tenebant;
2569 540 2842 611 snggessit
2865 554 3001 610 puer
3032 537 3423 594 dellectendum
3455 537 3508 592 in
3536 537 3798 604 civitatem,

545 651 946 715 castimoniam,
979 647 1064 703 cui
1097 655 1306 701 tantum
1339 643 1658 700 deferebant
1691 639 2041 702 reverentize,
2083 645 2139 692 ut
2243 632 2407 707 773
2435 632 2561 703 quia
2594 631 2695 687 sub
2734 638 2950 686 noctem
2983 640 3233 701 suspecta
3284 640 3468 685 essent
3497 630 3654 685 etiam
3696 630 3800 694 illa,

541 745 743 800 bellum
773 741 1060 797 adversum
1115 746 1474 794 temeratores
1505 732 1781 806 pudicitia:
1833 730 2140 799 suscipien-
2247 742 2368 798 qua:
2397 728 2594 782 tutiora
2627 737 2783 790 sunt,
2811 725 3161 794 cavendoque
3188 725 3533 780 tenebrarum
3562 722 3800 793 ambigua;

547 836 673 889 dum
704 840 972 900 putarent.
1009 829 1250 900 Denique
1281 828 1481 901 (Judic.
1518 825 1664 892 ΠΛ
1699 834 1748 879 et
1776 822 1909 891 seq.)
1937 829 2142 874 tantum
2249 821 2486 877 maxime
2532 822 2656 891 quia
2706 821 2947 876 locorum
3001 817 3193 874 incolas
3247 834 3355 873 non
3397 826 3583 873 essent
3618 816 3678 871 de
3705 817 3806 871 ﬁliis

545 928 645 982 fuit
674 925 895 981 ultionis
917 923 1154 977 studium
1177 965 1191 988 ,
1215 931 1279 975 ut
1305 934 1494 974 omnes
1525 917 1748 972 tribules
1771 916 1838 970 de
1862 913 2145 984 Beujamin
2251 913 2520 971 lsrael.'Et
2549 915 2671 970 ideo
2700 913 3150 985 prmvertendum,
3167 928 3234 967 ne
3263 909 3389 983 quid
3415 911 3633 966 adversa
3657 910 3802 965 studia

539 1020 689 1074 tribu
744 1017 1256 1087 exsﬁnguerentur,
1300 1023 1326 1053 ⁸
1383 1015 1487 1068 nisi
1535 1020 1828 1067 sexcentos
1871 1008 1962 1081 qui
2007 1007 2147 1062 bello
2249 1019 2505 1080 gerentes
2527 1004 3162 1069 iusidiaruminferrent,
3192 1004 3422 1058 obscuro
3459 1004 3628 1059 noctis
3650 1001 3802 1058 dolum

546 1113 739 1184 reliqui
773 1112 972 1176 forent,
1021 1119 1214 1166 natura
1242 1108 1488 1164 editioris
1516 1107 1617 1162 loci
1651 1104 2025 1169 defendisset;
2070 1103 2149 1156 sic
2254 1101 2623 1172 quzerentibus
2652 1101 2718 1155 ad
2753 1097 3170 1170 perpetrandum
3213 1096 3424 1152 facinus
3473 1097 3600 1152 satis
3641 1110 3806 1166 oppor-

547 1205 691 1262 cuim
725 1201 977 1260 lectionis
999 1203 1197 1257 divina:
1219 1203 1361 1256 serie
1391 1213 1705 1269 expressum
1737 1205 1970 1262 tenetur,
1997 1194 2150 1266 cujus
2249 1201 2409 1248 tuno.
2425 1191 2537 1248 Sed
2560 1191 2782 1247 domino
2812 1191 2931 1261 ejus
2957 1189 3369 1262 haudquaquam
3398 1187 3598 1260 placuit
3622 1197 3808 1241 senten-

549 1308 797 1354 tenorem
829 1309 1121 1351 recensere
1150 1295 1421 1364 congruit.
2257 1285 2328 1339 tia
2347 1327 2361 1350 ,
2387 1292 2451 1339 ut
2485 1283 2630 1339 inter
2656 1282 2991 1354 alienigenas
3023 1281 3258 1352 hospitio
3303 1279 3679 1343 succederent;
3708 1292 3806 1331 cum

619 1391 675 1446 3.
716 1389 933 1444 Levites
977 1386 1006 1425 ι’
1038 1387 1120 1442 vir
1150 1388 1168 1460 (
1193 1383 1372 1439 Judic.
1422 1400 1537 1448 xu,
1587 1384 1612 1437 ‘l
1648 1394 1692 1437 et
1739 1399 1843 1453 seq.
1875 1381 1927 1452 ),
1973 1379 2153 1434 animo
2253 1374 2406 1435 Gaba
2434 1391 2484 1434 et
2527 1377 2697 1433 Ratun
2750 1392 2855 1432 non
2905 1377 3065 1450 longe
3106 1375 3360 1431 abessent
3388 1373 3627 1430 civitates
3652 1372 3810 1440 Benja-

552 1483 724 1552 major
765 1498 927 1553 quam
963 1481 1191 1550 opibus,
1251 1477 1533 1532 habitabat
1576 1477 1630 1530 in
1671 1474 1916 1545 partibus
1957 1471 2156 1526 montis
2261 1473 2393 1525 inin.
2423 1468 2606 1540 Itaque
2641 1470 2940 1540 praevalens
2981 1468 3275 1531 sententia,
3307 1465 3615 1536 postliabuit
3640 1463 3808 1519 servuli

553 1576 838 1645 l-lpbrzeni;
871 1575 920 1628 ei
971 1572 1172 1643 quippe
1203 1570 1373 1625 tribui
1395 1570 1591 1624 sortito
1619 1568 1886 1638 obtigerat
1917 1566 2064 1620 locus
2102 1564 2154 1618 in
2262 1565 2698 1635 suggestionem;
2744 1563 2896 1634 quasi
2939 1577 3003 1619 ex
3026 1561 3341 1618 conditione
3389 1559 3664 1616 consilium
3690 1557 3807 1611 msti-

553 1667 960 1739 posscssionem
1013 1673 1170 1719 terra:
1203 1663 1361 1717 datus
1410 1677 1508 1732 pro
1535 1659 1773 1715 funiculo
1801 1657 2154 1713 haereditatis.
2188 1721 2234 1739 ἡ
2265 1667 2522 1720 maretur,
2558 1658 2628 1725 et:
2652 1673 2758 1710 non
2785 1655 3014 1711 consilio
3061 1654 3315 1724 quamvis
3349 1663 3372 1690 ε
3407 1651 3583 1707 infima
3608 1648 3810 1728 conditio

555 1721 606 1814 is
632 1760 733 1812 sibi
767 1759 978 1827 accepit
1028 1756 1266 1827 jugalem
1299 1757 1367 1809 de
1405 1721 1541 1808 juda
1569 1751 1868 1808 Bethleem.
1903 1749 1984 1817 ,Ει
2011 1758 2072 1803 ut
2098 1763 2157 1804 se
2187 1721 2235 1784 Β
2255 1721 2628 1805 allevaretur.-
2646 1747 2712 1804 Et
2736 1747 2846 1818 jam
2876 1747 2954 1802 sol
2995 1749 3048 1802 in
3075 1721 3274 1804 occasu
3303 1756 3423 1804 erat
3457 1765 3470 1800 :
3501 1745 3714 1815 denique
3740 1724 3810 1796 vix

559 1852 758 1906 habent
791 1851 966 1921 prima
991 1848 1310 1918 copulat-uni
1343 1845 1600 1910 exordia,
1637 1843 1861 1899 ardebat
1895 1842 2152 1912 juvencu-
2263 1841 2519 1906 occurrit,
2561 1856 2683 1896 cum
2722 1841 2833 1912 jam
2881 1849 3165 1912 urgeretur
3204 1854 3435 1910 vespere
3480 1839 3530 1894 in
3573 1837 3812 1893 civitatem

559 1946 664 2000 lam
697 1943 988 1998 immodica
1029 1940 1195 1995 animi
1244 1938 1582 2008 cupiditate:
1633 1934 1792 1990 simul
1817 1936 1944 2006 quia
1970 1933 2161 1988 simili-
2261 1933 2570 1990 Succed'ere.

462 2033 471 2041 ”
557 2039 658 2093 bus
680 2038 798 2107 ejus
819 2051 931 2090 non
963 2033 1311 2104 fungebatur,
1333 2029 1944 2099 ceitardescebatmagis
1966 2027 2163 2097 ntagis-
2333 2026 2387 2082 ϐ.
2420 2025 2738 2082 Gabaonita:
2769 2023 2964 2094 (Ibid.,
2994 2023 3060 2080 15
3081 2035 3128 2079 et
3159 2021 3291 2096 seq.)
3324 2021 3626 2079 incolebant
3646 2021 3813 2082 locum,

557 2145 666 2200 que
699 2128 1245 2197 possessione,atque
1270 2125 1506 2179 immane
1527 2130 1785 2193 quantum
1810 2119 2159 2176 ex:esttiabat.
2266 2120 2640 2190 inhospitales,
2677 2120 2936 2188 immites,
2967 2119 3382 2185 intolerabiles;
3413 2117 3436 2156 τ
3469 2116 3641 2172 omnia
3669 2126 3812 2168 tamen

564 2219 720 2277 Unde
747 2220 871 2289 quia
902 2218 1036 2274 nihil
1069 2217 1410 2273 referebatur
1435 2231 1502 2270 ex
1537 2228 1692 2286 parte
1723 2212 2160 2275 adolescen'tulm,
2267 2212 2687 2280 tolerabiliores,
2713 2227 2874 2284 quam
2899 2214 2942 2268 si
2971 2211 3209 2282 aliquem
3239 2209 3486 2281 hospitio
3507 2209 3815 2278 recepissent.

561 2313 648 2369 vel
704 2312 927 2368 levitate
955 2309 1180 2374 amoris,
1215 2310 1298 2364 vel
1352 2308 1402 2362 vi
1434 2307 1676 2374 doloris,
1707 2305 1847 2377 quod
1873 2305 2162 2375 ‘handqua-
2269 2309 2513 2377 Denique
2539 2305 2879 2362 commodius
2925 2306 3051 2361 huic
3080 2303 3198 2359 viro
3227 2303 3407 2359 levitas
3433 2307 3688 2362 cesserat.
3714 2297 3750 2351 si
3775 2296 3817 2349 in

561 2421 722 2476 quam
753 2403 1004 2461 mercede
1033 2402 1150 2474 pari
1181 2414 1365 2456 secum
1399 2399 1760 2462 decerneret,
1801 2415 1922 2453 cum
1972 2396 2163 2452 eadem
2269 2401 2454 2458 Gabaa
2497 2399 2792 2470 hospitium
2847 2414 2958 2453 non
3009 2395 3324 2467 reperisset.
3361 2395 3560 2452 Verum
3612 2406 3672 2446 ne
3714 2387 3818 2458 quid

565 2497 964 2566 expostulabat.
1011 2494 1148 2549 Hinc
1197 2493 1452 2563 frequens
1498 2492 1776 2562 jurgium:
1833 2504 1941 2560 quo
1972 2489 2166 2545 mulier
2267 2493 2485 2549 deesset
2513 2490 2849 2559 oﬂ'ensionis,
2877 2491 3050 2560 primo
3079 2489 3328 2558 ingressu
3358 2485 3705 2543 diversorium
3733 2495 3816 2536 non

561 2591 791 2652 offensa.
822 2585 848 2624 ά
875 2589 1057 2643 αἰτίης
1087 2587 1318 2650 retttisit,
1347 2585 1570 2638 domum
1597 2584 1837 2640 revertit.
2271 2586 2477 2656 reperit
2505 2604 2518 2637 :
2552 2594 2607 2641 e‘t
2635 2599 2756 2639 cum
2783 2584 2837 2637 in
2873 2582 3088 2652 publico
3111 2581 3269 2645 situs,
3302 2579 3534 2636 alienam
3555 2577 3818 2632 misericor-

638 2685 688 2736 ι.
724 2681 799 2736 At,
829 2681 922 2735 ille
951 2678 1144 2747 (Ibid.,
1165 2679 1207 2732 ὅ
1232 2687 1285 2730 et
1309 2678 1442 2745 seq.)
1472 2691 1656 2730 amore
1689 2677 1887 2741 victus,
1911 2675 2002 2744 qui
2023 2672 2166 2743 quod
2273 2680 2415 2734 diam
2441 2659 2793 2747 imploraret,
2833 2674 3060 2730 offendit
3105 2672 3488 2728 advenientem
3525 2687 3584 2726 ex
3607 2682 3723 2741 agro
3752 2681 3819 2721 se-

566 2787 814 2844 speraret
841 2787 946 2826 non
981 2771 1212 2826 habebat
1239 2768 1419 2833 aliud;
1447 2783 1570 2822 cum
1600 2778 1853 2838 quartum
1875 2765 1988 2834 jam
2017 2780 2169 2818 men-
2274 2789 2397 2830 nem
2421 2815 2435 2839 ,
2463 2787 2621 2844 quem
2655 2785 2849 2840 vesper
2875 2785 2939 2824 εχ
2961 2783 3135 2840 opere
3164 2768 3368 2838 agresti
3419 2763 3667 2835 compulit
3694 2769 3818 2816 nocte

569 2883 686 2922 sem
710 2865 880 2920 fluere
908 2875 1188 2928 cerneret,
1221 2876 1290 2917 eo
1315 2859 1620 2926 contendit,
1671 2859 1841 2915 fretus
1871 2857 2015 2928 quod
2042 2872 2123 2912 cor

2311 2864 2559 2922 ccedere.
2590 2865 2656 2918 Et
2687 2877 2809 2919 cum
2834 2873 2977 2918 esset
3006 2862 3054 2917 ei
3095 2862 3461 2932 conspicuus,
3513 2867 3714 2928 rogatus
3738 2863 3818 2922 quo
3859 2919 3863 2922 .

565 2959 688 3012 sitio
737 2965 1020 3026 parentum
1063 2954 1406 3010 emolliretur
1448 2951 1666 3006 animus
1718 2950 2166 3006 adolescentulae.
2275 2959 2400 3022 iret,
2445 2965 2502 3012 et
2531 2955 2672 3011 unde
2720 2955 3072 3021 adventaret,
3118 2953 3406 3024 respondit
3439 2953 3561 3008 :De
3585 2946 3816 3004 Bethleem

571 3049 820 3104 Occurrit
847 3062 948 3117 pro
973 3047 1188 3100 foribus
1211 3060 1392 3109 socer,
1423 3057 1678 3112 generum
1719 3043 2058 3109 introduxit;
2108 3044 2172 3097 ti-
2210 3109 2240 3117 _
2276 3048 2410 3105 Iuda
2455 3055 2733 3114 revertor,
2776 3047 3046 3103 contendo
3085 3047 3150 3102 ad
3208 3053 3454 3102 montem
3503 3043 3752 3115 Ephrzcm,
3780 3044 3818 3089 et

568 3145 690 3196 liam
717 3140 1129 3204 reconciliavit;
1163 3147 1218 3193 et
1263 3149 1322 3192 ut
1354 3139 1586 3192 laetiores
1615 3136 1935 3206 dimitteret,
1991 3136 2169 3192 triduo
2198 3109 2243 3174 (ἶ
2275 3141 2470 3197 mulier
2494 3152 2577 3196 est
2619 3156 2832 3196 mecum
2866 3159 2879 3194 :
2922 3140 3016 3196 sed
3046 3154 3176 3196 ecce
3204 3138 3310 3194 huc
3340 3109 3561 3205 diverti,
3601 3143 3654 3192 et
3696 3142 3818 3187 nemo

570 3237 777 3299 tenuit,
827 3233 980 3304 quasi
1025 3237 1304 3301 repararet
1333 3230 1550 3299 nuptias
1581 3248 1593 3283 :
1653 3245 1716 3285 ac
1741 3231 1943 3285 volenti
1996 3230 2167 3296 abire,
2271 3243 2356 3290 est
2386 3234 2472 3304 qui
2505 3233 2744 3306 hospitio
2773 3231 3024 3302 recipiat,
3075 3239 3134 3287 et
3164 3229 3542 3301 requiescendi
3586 3240 3722 3281 usum
3745 3219 3818 3275 mi-

567 3339 817 3398 quartutu
868 3338 1087 3394 quoque
1123 3324 1266 3377 diem
1309 3322 1814 3393 conrperendinavit
1837 3363 1852 3388 ,
1902 3332 2168 3391 prietenta
2273 3328 2487 3382 nistret.
2522 3325 2639 3380 Non
2671 3342 2776 3396 quo
2817 3323 2923 3380 cibi
2970 3334 3063 3379 aut
3090 3332 3251 3395 potus
3277 3322 3406 3392 sibi,
3443 3331 3534 3376 aut
3559 3316 3723 3391 pecori
3750 3327 3818 3383 pa-

571 3417 925 3476 htuuanitatis
967 3416 1187 3486 specie,
1235 3428 1419 3469 moras
1452 3415 1798 3470 innectendo.
1847 3415 1970 3469 Pari
2006 3415 2168 3470 modo
2272 3420 2520 3475 bulorum
2558 3427 2702 3474 esset
2730 3418 3052 3489 indigentia,
3083 3418 3176 3474 sed
3200 3419 3323 3473 tecti
3355 3415 3590 3487 hospitio
3615 3408 3820 3484 prohibe-

569 3529 696 3568 cunt
727 3511 891 3567 etiam
923 3511 1170 3580 quintum
1195 3509 1338 3563 diem
1367 3508 1530 3563 vellet
1550 3509 1845 3580 adjungere
1871 3507 2169 3578 superiori-
2272 3519 2501 3565 rentur:
2555 3518 2757 3580 praesto
2809 3525 2931 3565 esse
2971 3509 3094 3576 illa,
3152 3507 3350 3563 nudum
3405 3507 3532 3563 tecti
3569 3503 3816 3573 hospitium

573 3606 693 3669 bus,
718 3614 782 3658 et
807 3603 918 3673 jam
949 3616 1104 3656 novre
1130 3601 1389 3657 deessent
1415 3613 1595 3656 causae
1627 3601 1871 3656 morandi
1898 3617 1911 3666 ;
1946 3609 2169 3670 paterno
2267 3599 2590 3656 desiderari.
2633 3599 2714 3655 Ad
2758 3616 2820 3656 ea
2853 3601 3036 3657 senior
3066 3599 3296 3670 benigne
3327 3601 3462 3656 satis
3509 3611 3561 3654 et
3607 3592 3813 3668 placide:

573 3711 751 3754 tamen
775 3697 970 3752 affectu
991 3695 1291 3752 retinenda:
1311 3695 1435 3750 filia:
1458 3695 1786 3752 desiderium
1811 3711 1916 3750 non
1937 3694 2165 3760 deferet,
2266 3693 2409 3759 Pax,
2438 3692 2631 3762 inquit,
2657 3691 2753 3747 tibi
2785 3709 2798 3745 :
2830 3703 2886 3747 et
2916 3692 3150 3748 succede
3177 3692 3380 3763 hospes
3408 3693 3605 3764 pariter
3627 3701 3674 3746 et
3693 3685 3814 3746 civis,

573 3793 896 3864 promissam
920 3779 1278 3862 profectionis
1301 3789 1750 3858 copiam-distulit
1777 3791 1828 3843 in
1857 3788 2164 3854 meridiem,
2273 3802 2394 3841 nam
2423 3775 2479 3842 et
2522 3787 2652 3842 mihi
2684 3787 2837 3859 origo
2865 3787 2930 3842 de
2971 3787 3173 3843 montis
3201 3786 3458 3858 Ephrmm
3491 3785 3745 3857 partibus,
3777 3785 3818 3832 et

571 3896 629 3939 ut
649 3886 786 3938 viam
816 3884 938 3938 cibo
965 3882 1138 3936 curati
1167 3881 1536 3937 adorirentur.
1571 3879 1697 3935 Post
1733 3879 1922 3950 epulas
1954 3893 2167 3949 quoque
2269 3881 2358 3935 hic
2381 3881 2671 3951 hospitalis
2691 3881 2949 3936 habitatio
2982 3899 2993 3934 :
3021 3880 3117 3937 sed
3142 3890 3388 3952 tempore
3416 3881 3658 3937 diuturno
3695 3877 3812 3929 inco-

567 3978 756 4031 volens
777 3975 1090 4030 dilationem
1131 3983 1378 4030 attexere
1399 4015 1414 4038 ,
1447 3989 1513 4030 eo
1543 3972 1687 4044 quod
1707 3977 1818 4042 jam
1841 3988 2038 4043 vesper
2073 3988 2168 4044 ap-
2270 3974 2412 4029 latus
2437 3974 2596 4030 sedes
2623 3973 2896 4028 fundavit.
2923 3973 3114 4043 Itaque
3167 3985 3421 4044 receptos
3473 3967 3721 4028 domicilio
3743 3964 3819 4018 mi—

575 4067 998 4138 propinquaret,
1052 4068 1240 4137 generi
1270 4067 1546 4137 precibus,
1603 4080 1748 4136 :rgre
1797 4067 1954 4133 licet,
1985 4077 2163 4122 tamen
2272 4069 2496 4123 nistcrio
2523 4069 2606 4123 sui
2636 4079 2690 4122 et
2716 4066 2975 4122 subsidiis
2997 4066 3356 4138 hospitalibus
3385 4068 3579 4137 Ejus'ta
3613 4063 3742 4119 fovit.

577 4159 867 4229 acquievit.

2342 4161 2394 4213 7.
2439 4159 2772 4215 Hortahatur
2802 4157 2867 4214 ad
2909 4159 3156 4214 laetitiam
3199 4160 3386 4214 senior
3431 4157 3623 4231 (Ibid.,
3649 4152 3819 4222 22),el

645 4255 698 4310 5.
724 4253 815 4309 Ille
843 4254 948 4308 iter
971 4269 1128 4308 suum
1161 4252 1364 4326 (Ibid.,
1399 4254 1464 4309 ιο
1489 4263 1536 4307 et
1566 4253 1712 4323 req.)
1741 4255 1979 4322 perrexit
2011 4254 2165 4310 laetus
2271 4253 2728 4323 frequentioribus
2754 4251 3084 4323 provocabat
3118 4253 3349 4322 poculis,
3378 4264 3435 4308 ul
3459 4252 3576 4306 vino
3619 4245 3819 4302 aboleret

574 4348 767 4415 animi:
831 4347 975 4417 (ιιιοά
1001 4347 1257 4401 (“leuam
1303 4345 1406 4401 Sibi
1439 4346 1898 4411 “mperat/isset.
1929 4347 2029 4413 Qui
2057 4361 2165 4401 uno
2269 4360 2520 4404 curarum
2551 4345 2782 4410 oblivia;
2809 4361 2934 4402 cum
2963 4345 3146 4402 subito
3192 4347 3593 4402 circumsistunt
3622 4354 3704 4396 eos
3723 4335 3817 4390 Ga—

573 4439 812 4496 comitati
853 4439 1100 4502 servulo,
1130 4453 1252 4492 cum
1297 4437 1408 4507 jam
1441 4437 1739 4493 declinat-et
1765 4437 1915 4505 dies,
1970 4440 2164 4494 festino
2194 4503 2237 4510 _
2275 4441 2526 4507 ltaonitm,
2552 4440 2777 4510 juvenes
2803 4438 2871 4493 ad
2897 4452 3114 4493 omnem
3131 4437 3362 4510 projecti
3394 4435 3677 4495 libidinem,
3709 4420 3816 4481 ιιηὶῖί

577 4537 721 4587 vitim
753 4530 1069 4586 celerabant
1097 4528 1286 4600 gradu.
1332 4528 1522 4584 Mulier
1562 4529 1862 4584 vehebatur
1897 4503 2164 4600 jutttettto,
2194 4503 2248 4563 D
2281 4503 2521 4601 pensum?
2552 4503 2616 4585 ac
2662 4530 3000 4585 moderatum
3035 4503 3299 4585 habentes
3331 4546 3344 4582 :
3380 4543 3512 4600 quos
3551 4525 3701 4580 forma
3726 4529 3817 4570 mtt-

576 4627 695 4681 viro
716 4625 898 4680 nullus
918 4638 1114 4679 sensus
1144 4623 1366 4689 laboris,
1392 4624 1480 4692 qui
1505 4621 1682 4677 fructu
1705 4622 1984 4689 desiderii,
2010 4624 2171 4679 simul
2278 4627 2429 4682 licris
2461 4626 2723 4690 illexerat,
2750 4633 2804 4681 et
2833 4623 2884 4680 iu
2900 4637 3117 4680 omnem
3149 4624 3443 4682 amentiam
3473 4610 3812 4695 praecipitabat:

575 4726 632 4773 et
653 4719 804 4772 vario
836 4715 1080 4772 mulieris
1097 4729 1170 4771 ac
1193 4715 1472 4771 vernaculi
1493 4725 1750 4770 sermone
1769 4715 1911 4770 viam
1940 4719 2162 4772 levaret.
2276 4720 2419 4791 capti
2441 4718 2587 4776 enim
2615 4717 2734 4790 ejus
2757 4716 2977 4784 decore,
3011 4725 3066 4773 et
3095 4731 3192 4788 per
3229 4726 3558 4774 senectutem
3589 4699 3811 4774 hospitis,

653 4915 679 4942 δ
749 4903 880 4958 Mss.
935 4913 1045 4955 non
1097 4896 1290 4967 pauci,
1347 4897 1448 4951 nisi
1503 4897 1816 4968 quingentos
1871 4913 1889 4951 :
1940 4911 2170 4967 quorum
2280 4915 2360 4953 res
2391 4898 2575 4954 habere
2611 4898 2906 4953 vel'eurare
2946 4898 3090 4953 illam
3114 4897 3354 4968 jubebat,
3387 4887 3812 4968 simulqttgpjgveg

579 4950 1139 5042 eia..."statuarius.
1165 4950 1290 5023 loco
1311 4950 1580 5042 virginuiu
1605 4950 2174 5042 quassamus;
2281 4950 3599 5042 eiusafidimanu.semesamaeream.
3621 4950 3813 5042 Plinio-1

579 5029 726 5104 dabis
749 5029 960 5101 excidio
977 5049 1370 5111 reservataruni
1395 5029 1509 5111 non
1531 5029 1641 5111 nisi
1664 5029 1931 5096 trcccn'tas
1950 5039 2169 5098 habent.
2281 5041 2522 5097 ostendit
2576 5029 2852 5109 Sigonius,
2887 5039 2991 5097 .lib.
3023 5040 3133 5095 ide
3157 5040 3342 5111 Antiq.
3368 5039 3490 5109 jure
3538 5035 3633 5091 civ.
3663 5029 3808 5086 Bouh.

579 5119 686 5176 Sed
719 5117 808 5184 alii
832 5124 887 5170 et
915 5129 1104 5168 omnes
1136 5109 1270 5167 edit.
1304 5110 1522 5176 melius,
1553 5119 1612 5164 ut
1631 5108 1889 5184 intexto.
1993 5181 2003 5184 _
2282 5127 2402 5181 cap.
2429 5112 2482 5179 9,
2514 5108 2710 5184 etialii.

649 5189 677 5227 1³
715 5180 851 5255 Quae
881 5193 1199 5255 sequuntur,
1227 5197 1336 5235 non
1363 5183 1551 5255 omnia
1579 5181 1796 5251 quidem
1829 5181 2177 5255 reperiuntur
2354 5180 2550 5255 ij'Cod.
2575 5183 2751 5251 Belv.,
2778 5180 2984 5253 inﬁrma
3008 5182 3235 5238 conditio
3259 5183 3573 5255 allevaretur.
3707 5235 3753 5255 Μ

581 5263 634 5316 in
654 5236 1154 5316 sac‘r‘i‘svcodijcibus;
1181 5236 1418 5307 attamen
1450 5236 1701 5320 leguntur
1717 5253 1858 5320 apud
1879 5236 2175 5322 Saseplium
2363 5252 2380 5290 ί
2429 5236 2608 5309 ΕιίίὶῘ
2628 5236 2763 5320 iet],
2783 5236 2972 5308 r'o'mrnia
3013 5236 3188 5309 tamen
3241 5236 3608 5322 tulerabilioru;
3650 5236 3804 5322 midiyj

580 5333 674 5388 lib.
706 5347 736 5383 v
763 5329 949 5396 Antiq.
991 5303 1195 5394 judaic.
1238 5339 1359 5392 cap.
1415 5323 1471 5375 ‘2.
1504 5303 1780 5377 rNonnullir
1822 5335 1980 5390 mss.,
2012 5303 2178 5378 animi
2287 5303 3804 5396 [latnt-etcurru“.mss:"auaui;ttaiiten'toierubiliom;illi:

549 5405 774 5470 'maior,
805 5379 958 5471 quain
989 5379 1231 5471 (tioribus.
1306 5379 1337 5471 '_
1461 5463 1472 5471 _
1701 5464 1721 5471 __
1965 5379 1978 5390 ’
2287 5394 2459 5450 Paris.
2511 5379 2783 5471 quaedam
2806 5379 2930 5471 pro,
2953 5397 3124 5450 omnia
3171 5410 3402 5471 posuere
3457 5404 3633 5471 attines.
3662 5379 3746 5471 ,ίξξ

653 5443 919 5528 ng’ui'nes
946 5467 1101 5532 edit.,
1158 5463 1538 5537 Exardescebat
1577 5464 1748 5537 magis
1769 5505 1783 5528 ,
1812 5475 2007 5535 atque;
2041 5481 2174 5521 mss.
2284 5443 2471 5529 iul-13;
2511 5443 2767 5521 {inlini};
3170 5443 3570 5537 aliip-svi-n'mimia
3594 5443 3802 5537 falci-ubi:

653 5486 676 5513 ο
717 5482 919 5528 Omnes
946 5482 1101 5532 edit.,
1158 5482 1538 5520 anraesceoat
1582 5482 1783 5534 magis,
1812 5482 1966 5535 atque
1989 5482 2007 5528 ;
2041 5482 2174 5521 mss.
2284 5482 2471 5529 recte;
2511 5482 2598 5520 nte
2623 5482 2767 5521 enim
2798 5482 2994 5521 mettur
3059 5482 3121 5522 er
3170 5482 3379 5537 ellipsm
3409 5482 3570 5519 amma
3610 5482 3782 5510 ιυιειυυ-

577 5540 1028 5615 'frequentissin'ii,
1063 5536 1424 5615 eaurdescebut
1449 5535 1629 5615 stragis.
1661 5538 1914 5615 possessio
1937 5577 1950 5601 ,
1991 5546 2175 5608 atque;
2283 5537 2455 5615 liores,
2481 5551 2590 5592 non
2619 5551 2775 5593 secus
2802 5553 2864 5592 ac
2894 5482 3058 5607 apudp
3064 5537 3342 5593 Horatium
3383 5545 3556 5590 cretam
3586 5529 3737 5583 (irtus,
3761 5520 3801 5567 et

582 5606 951 5671 sed'omnium
981 5611 1186 5676 optime
1215 5607 1336 5662 cod.
1366 5606 1502 5662 Laet.
1537 5617 1591 5660 ut
1619 5608 1671 5660 in
1692 5613 1972 5661 contextu.
2056 5606 2064 5608 ⁷
2280 5606 2497 5662 similia.

655 5683 680 5720 ἀ
721 5683 900 5735 Claves
937 5675 1150 5733 remisit.
1203 5678 1315 5750 Hoc
1343 5678 1574 5746 petitum
1598 5686 1785 5750 estex
1815 5676 1942 5745 *jure
1971 5676 2175 5750 Roma;

1815 5676 1942 5745 ‘jure
1971 5676 2175 5750 Romae
2355 5688 2381 5724 ῖς
2420 5675 2848 5745 Νοῖιηύιιὶ·ηιδδ.,
2873 5681 3028 5750 juxta
3053 5679 3183 5734 vires
3214 5677 3354 5749 fovit.

588 5766 804 5813 norum,
833 5763 1062 5816 quorum
1083 5750 1128 5802 si
1159 5749 1279 5817 quis
1326 5745 1552 5804 uxorem
1581 5745 1881 5803 dimitteret
1923 5764 2045 5802 suas
2075 5748 2172 5802 sibi
