3954 6164
547 230 657 287 903

1874 226 2120 282 SANCTI

2276 223 2485 280 BROSII
3083 229 3088 232 ’
3714 234 3801 289 904

549 357 671 396 ι-ιιιιι
700 343 889 398 eITusio
929 343 1098 396 movit
1151 340 1454 410 passionem
1505 341 1692 403 animi.
1742 351 1797 396 et
1826 351 1852 377 ἰ
1884 341 2136 397 ail'ectum
2167 345 2217 406 Α
2248 341 2612 409 processerint
2640 357 2653 392 :
2679 340 2896 411 dignam
2943 354 3077 398 sane
3105 343 3299 398 tribum
3346 345 3458 411 jam
3509 362 3610 402 nou
3643 366 3798 418 [.mua,

553 437 807 505 perpulit,
841 433 1061 487 szevitirr:
1089 433 1227 487 ratio
1255 433 1520 488 successit
1549 452 1562 486 :
1599 434 1856 505 missique
1888 436 2042 505 legati
2075 436 2140 490 ad

547 537 836 582 sexcentos
888 525 1012 580 illos
1061 525 1345 595 Benjamin
1407 528 1573 591 viros,
1626 527 1720 598 qui
1767 545 1862 596 per
1909 540 2144 598 quatuor

548 634 766 673 menses
812 617 958 672 edito
1012 632 1072 672 se
1119 629 1513 689 prwruptarum
1564 621 1856 674 tuebantur
1904 621 2136 692 rupium,

543 721 638 766 aut
659 710 860 766 deserti
912 709 1234 780 indigentia,
1264 727 1385 781 qua:
1413 711 1746 766 multitudini
1773 712 2139 768 obsidentium

543 803 789 875 periculo
807 803 967 865 foret.
981 803 1406 873 deploraverunt
1423 819 1767 859 communem
1791 805 1940 860 illam
1953 822 2144 861 terum-

544 913 695 961 nam,
719 895 860 965 quod
920 895 996 949 illi
1046 895 1406 963 contribules,
1439 897 1530 951 isti
1569 907 1832 967 cognatos
1863 906 1919 951 et
1963 899 2145 953 socios

544 987 897 1051 amisissent;
930 985 1026 1041 sed
1059 995 1238 1042 tamen
1267 1003 1374 1041 non
1403 990 1617 1057 penitus
1667 989 2027 1058 interceptam
2061 1005 2144 1043 re-

547 1077 800 1149 parandae
826 1078 997 1132 tribus
1027 1082 1428 1135 successionem
1467 1099 1480 1135 :
1524 1080 1814 1135 consulere
1851 1095 1910 1135 se
1941 1082 1994 1135 in
2025 1096 2142 1136 me-

547 1171 694 1227 dium
752 1169 1024 1240 quomodo
1081 1180 1136 1226 et
1190 1172 1514 1226 sacramenti
1569 1171 1702 1227 ﬁdes
1759 1173 1861 1228 sibi
1905 1184 2141 1238 constet,

546 1271 602 1318 et
629 1263 798 1319 tribus
845 1279 948 1318 una
1002 1279 1342 1334 nequaquam
1391 1278 1681 1335 acorpore
1723 1266 1912 1321 avulsa
1972 1267 2145 1321 inter-

585 1358 713 1412 idat.

585 1358 595 1368 '
639 1368 713 1412 at.

547 1357 706 1506 Cldlii.
737 1450 906 1506 Altari
928 1450 1107 1521 itaque
1129 1451 1306 1521 posito
1339 1450 1530 1523 (Ibid.,
1571 1452 1605 1504 4
1635 1463 1682 1507 et
1710 1454 1870 1523 δρψ),
1900 1460 2144 1510 reconci-

545 1544 784 1600 liationis
805 1553 861 1601 et
888 1546 1032 1616 pacis
1061 1545 1304 1600 oblatum
1353 1547 1704 1602 sacriﬁcium.
1739 1548 1803 1602 Et
1844 1548 1967 1618 quia
1996 1548 2146 1603 labis

548 1637 750 1694 Galaad
794 1637 1024 1708 populus
1053 1647 1170 1692 erat
1213 1653 1391 1708 pcenre
1438 1648 1494 1694 et
1535 1639 1825 1695 maledicto
1876 1641 2146 1695 obnoxius

2246 433 2339 488 sed
2373 433 2743 488 misericordia
2779 451 2791 488 :
2826 435 2958 490 satis
2983 435 3119 492 dure
3156 440 3401 494 saevitum
3432 441 3485 494 in
3514 457 3626 508 eos,
3651 453 3700 498 et
3726 444 3802 500 de-

2245 525 2502 580 bellatam
2548 529 2793 597 corporis
2841 529 2925 584 sui
2956 540 3163 600 partem
3200 549 3212 584 :
3248 533 3646 592 immoderatius
3671 554 3804 594 exar-

2247 618 2384 673 sisse
2413 619 2654 689 plebem,
2689 632 2748 675 ut
2790 623 3195 680 successionem
3238 625 3585 682 domesticam
3629 632 3804 686 exstin-

2245 718 2458 776 gueret,
2495 719 2658 780 atque
2683 727 2750 766 ex
2774 713 2890 768 suis
2923 726 3148 770 necaret
3178 734 3191 768 :
3224 717 3441 786 placere
3467 719 3574 774 Deo
3600 736 3697 776 non
3727 738 3806 793 pe-

2247 801 2356 856 rire
2406 805 2606 874 populo
2648 807 2882 876 tribum,
2939 825 3114 880 neque
3163 826 3263 882 pro
3317 827 3422 867 una
3473 816 3686 872 muliere
3713 825 3804 871 tam

2248 898 2442 953 acerbe
2464 902 2695 955 consuli.

2322 991 2405 1045 1Ἰ.
2440 992 2813 1051 Probaverunt
2854 998 3144 1053 consilium
3189 999 3445 1058 Israelita:
3480 1003 3661 1073 (lbid.,
3687 1003 3804 1073 23):

2247 1083 2492 1138 exsecuti
2520 1094 2649 1138 sunt
2700 1087 2798 1141 viri
2829 1087 3138 1157 Benjamin,
3189 1099 3245 1146 et
3293 1092 3540 1163 diSpositi
3580 1095 3629 1150 in
3662 1095 3809 1151 vineis

2248 1176 2370 1232 loco
2401 1189 2712 1249 opportuno
2750 1193 2805 1236 et
2858 1193 3126 1256 tempore,
3183 1189 3374 1258 plenas
3419 1191 3630 1248 feminei
3656 1195 3806 1264 agmi-

2250 1269 2332 1324 nis
2361 1271 2477 1325 vias
2525 1286 2956 1344 occupaverunt.
2988 1277 3220 1332 Praebuit
3252 1281 3354 1335 illis
3400 1282 3591 1338 festum
3617 1284 3807 1354 nuptia-

2249 1377 2368 1416 rum
2399 1363 2676 1434 religionis
2716 1366 3056 1423 solemnitas.
3091 1371 3309 1426 Avulsa:
3340 1373 3408 1428 de
3432 1375 3706 1444 complexu
3735 1392 3811 1444 pa-

2252 1462 2391 1507 trum
2424 1454 2567 1522 ﬁliaz,
2601 1466 2872 1527 tamquam
2903 1460 2954 1512 in
3004 1475 3219 1514 manum
3250 1462 3322 1516 ab
3361 1463 3496 1534 ipsis
3532 1465 3811 1534 parentibus

2249 1546 2620 1614 tradebantur,
2643 1559 2698 1603 et
2721 1550 2865 1604 velut
2891 1562 3096 1620 pactam
3121 1568 3151 1606 e
3177 1555 3389 1622 gremio
3409 1558 3597 1611 matris
3621 1574 3716 1612 non
3735 1559 3816 1612 ab-

2248 1640 2393 1706 duci,
2427 1642 2523 1697 sed
2571 1644 2789 1711 prodire
2822 1646 3192 1701 arbitrareris.
3251 1648 3329 1702 lta
3361 1649 3534 1705 tribus
3564 1650 3812 1722 Benjamin

550 1727 943 1798 (obstrinxerat
984 1730 1126 1783 enim
1182 1745 1243 1785 se
1286 1731 1468 1785 omnis
1497 1731 1663 1787 Israel
1716 1748 1914 1804 magno
1961 1749 2144 1788 sacra-
2175 1745 2221 1805 Β
2251 1749 2388 1805 pene
2434 1736 2734 1806 intercepta
2765 1747 2927 1808 atque
2966 1741 3233 1794 exstincta
3273 1739 3424 1797 brevi
3448 1742 3646 1808 floruit,
3675 1744 3816 1798 docu-

551 1833 758 1889 mento,
793 1825 908 1877 utsi
938 1824 1062 1894 quis
1095 1839 1200 1880 non
1224 1825 1561 1881 ascendisset
1586 1842 1707 1882 cum
1732 1844 1798 1882 eo
1819 1829 1885 1882 ad
1920 1829 2144 1899 punien-

549 1915 679 1970 dum
710 1914 992 1985 ﬂagitium,
1040 1925 1216 1971 morte
1250 1919 1575 1989 moreretur)
1606 1918 1633 1956 ι)
1656 1920 1943 1975 duodecim
1977 1921 2142 1976 millia

549 2005 873 2061 bellatorum
923 2006 1252 2073 directa;ut
1297 2019 1356 2065 et
1386 2010 1484 2064 viri
1537 2026 1726 2066 omnes
1779 2022 1840 2067 et
1885 2013 2143 2069 mulieres

549 2099 696 2156 ferro
736 2101 1219 2172 exstinguerentur
1249 2145 1264 2168 ,
1298 2106 1443 2158 solas
1483 2105 1654 2162 virilis
1703 2107 1846 2161 tliori
1895 2118 2144 2165 exsortes

548 2203 890 2250 reservarem
941 2194 1398 2251 adulescentulas.
1430 2197 1735 2255 Interfectis
1765 2201 1944 2272 itaque
1970 2203 2146 2258 omni-

548 2284 650 2341 bus
676 2285 826 2368 Jabis
855 2287 1085 2355 Galaad,
1109 2289 1241 2344 sola:
1277 2301 1298 2327 ε
1329 2289 1565 2361 virgines
1587 2292 2000 2363 quadringentae
2030 2296 2146 2350 exi-

549 2378 625 2434 tio
655 2390 982 2439 cmterorum
1005 2383 1413 2454 superfuerunt.
1446 2385 1594 2454 Quas
1647 2390 1921 2460 accipiens
1951 2390 2141 2456 Israel,

550 2475 739 2530 statuit
765 2477 912 2531 viros
940 2476 1223 2548 Beniamin
1271 2478 1398 2533 belli
1451 2489 1653 2536 metum
1685 2481 1985 2552 deponere,
2013 2495 2065 2539 et
2090 2483 2143 2538 in

548 2567 856 2638 coniugium
879 2568 980 2625 sibi
1009 2585 1228 2626 sumere
1257 2571 1494 2642 integras
1521 2573 1620 2627 τηνί
1653 2573 1801 2642 iuxta
1831 2589 1895 2630 ac
1923 2575 2145 2645 pudoris

550 2657 713 2728 776
737 2660 946 2729 puellas
975 2678 988 2712 :
1019 2661 1216 2731 quibus
1247 2672 1301 2717 et
1327 2677 1487 2717 causa
1535 2672 1682 2718 esset
1715 2664 1858 2734 apud
1887 2667 2036 2720 viros
2063 2666 2146 2721 in-

551 2758 724 2821 tegra,
757 2753 899 2821 quod
929 2769 1091 2811 nemo
1122 2771 1346 2812 suorum
1370 2757 1658 2813 adversum
1682 2773 1776 2813 eos
1802 2759 2005 2814 bellum
2024 2775 2144 2814 sus-

549 2855 770 2913 ceperat
803 2847 1202 2903 :etcharitatis
1246 2851 1440 2919 gratia,
1485 2852 1610 2921 quia
1656 2860 1878 2921 propter
1923 2868 2018 2908 eos
2049 2871 2140 2908 su-

548 2951 739 3007 premo
778 2939 1045 3009 supplicio
1093 2950 1295 3010 ereptae
1346 2941 1544 2996 forent.
1601 2942 1714 2998 Hoc
1761 2943 1926 3013 igitur
1980 2947 2142 3002 modo

547 3030 956 3102 quadringentis
992 3033 1283 3104 juvenibus
1309 3036 1534 3106 quaesita
1553 3038 1871 3109 copularum
1913 3055 2140 3096 consor-

553 3129 847 3250 "aisﬁlfnéed
883 3195 1007 3264 quia
1052 3195 1271 3252 ducenti
1319 3213 1548 3255 numero
1573 3212 1916 3273 supererant,
1944 3204 2138 3275 quibus

545 3282 757 3354 jugales
778 3283 1007 3340 deerant
1031 3284 1226 3357 (Ibid.,
1257 3288 1324 3345 16
1373 3301 1422 3345 et
1474 3292 1630 3366 seq.),
1661 3294 1726 3350 iis
1779 3309 1995 3366 quoque
2023 3298 2142 3352 sine

552 3375 740 3434 fraude
788 3392 1256 3440 sacramentorum
1288 3388 1594 3444 consultum
1640 3390 1968 3459 accepimus.
2019 3392 2143 3447 Dies

549 3469 722 3527 festus
751 3472 803 3526 in
828 3474 941 3530 Silo
972 3479 1266 3546 quotannis
1295 3481 1696 3538 celebrabatur.
1740 3482 1818 3537 lbi
1868 3484 2143 3539 exsultare

549 3563 724 3620 solita:
746 3566 1004 3637 virgines,
1030 3579 1086 3624 et
1114 3569 1344 3626 choreas
1387 3571 1588 3629 ducere
1637 3575 1688 3629 in
1721 3574 1986 3632 honorem
2017 3576 2144 3630 reli-

545 3657 723 3727 gionis
755 3678 768 3714 :
800 3661 920 3716 alia:
949 3663 1142 3732 praeire
1194 3665 1476 3734 matribus,
1521 3676 1577 3722 et
1601 3678 1774 3723 totum
1805 3668 1909 3724 iter
1929 3671 2144 3740 agmine

546 3751 787 3807 viantum
839 3753 1060 3825 repleri.
1094 3754 1236 3812 Dixit
1278 3773 1417 3814 unus
1458 3775 1525 3816 ex
1575 3763 1884 3818 senioribus
1913 3782 1924 3816 :
1949 3764 2008 3820 Si
2041 3764 2141 3819 du—

547 3844 690 3897 ceuti
716 3843 793 3898 illi
823 3845 994 3902 tribus
1016 3847 1297 3917 Benjamin
1328 3851 1426 3906 viri
1480 3854 1621 3910 intra
1653 3855 1838 3910 vincas
1864 3856 1950 3911 siti
1983 3872 2141 3912 excu-

550 3931 667 3986 bias
696 3934 1005 4004 tenderent,
1039 3937 1214 3996 donec
1241 3957 1300 3998 se
1323 3944 1498 3999 omnis
1524 3945 1755 4002 feminea
1786 3949 1941 4004 turba
1965 3949 2142 4005 eﬁ‘un-

550 4022 728 4091 deret,
759 4037 814 4081 et
844 4039 1130 4101 surgentes
1157 4048 1222 4088 ex
1257 4035 1428 4090 vineis
1456 4039 1826 4110 unusquisque
1856 4057 2014 4112 quam
2055 4057 2144 4098 oc-

550 4132 743 4175 cursus
795 4120 1041 4191 dederit,
1092 4143 1314 4182 uxorem
1369 4129 1470 4184 sibi
1517 4130 1841 4200 vindicaret,
1889 4134 2062 4190 fraudi
2092 4136 2142 4189 id

525 4227 889 4284 nequaquam
927 4214 1197 4284 futurum;
1224 4221 1480 4290 populutn
1512 4225 1714 4278 etenim
1745 4225 1928 4282 favere
1984 4244 2137 4299 repa-

550 4305 740 4360 randa:
771 4307 942 4364 tribus
985 4312 1342 4378 successioni,
1377 4325 1599 4386 propter
1623 4331 2024 4376 sacramentum
2047 4324 2144 4377 im-

549 4402 752 4471 pertire
775 4418 881 4458 non
911 4419 1074 4473 posse
1105 4407 1334 4463 ﬁliarum
1389 4425 1606 4466 suarum
1657 4414 1972 4470 societatem
2008 4435 2020 4470 :
2047 4434 2143 4473 ne-

547 4508 653 4563 que
685 4504 862 4550 tamen
891 4506 1081 4553 contra
1107 4511 1508 4557 sacramentum
1535 4503 1729 4572 videri,
1761 4508 1806 4560 si
1838 4509 2136 4577 proltiben-
2166 4521 2219 4581 ι)

548 4585 675 4642 dum
708 4604 815 4646 non
848 4601 1099 4661 putaret;
1149 4595 1272 4665 quia
1323 4608 1664 4654 sacramento
1692 4615 1868 4671 neque
1889 4605 2140 4674 cogendi,

550 4693 725 4751 neque
765 4682 1084 4751 prohibendi
1117 4687 1417 4743 necessitas
1439 4688 1692 4759 imposita
1722 4693 2042 4750 videretur:
2075 4697 2140 4751 il-

549 4769 630 4826 los
659 4772 761 4828 sibi
793 4775 912 4830 sine
944 4786 1090 4832 metu
1119 4779 1407 4836 consulere
1429 4793 1703 4851 oportere.
1731 4785 1874 4842 Sane
1915 4788 1958 4841 si
1984 4791 2139 4859 pucl-

549 4863 722 4920 Iarum
744 4878 998 4937 parentes
1020 4870 1310 4927 vindictam
1333 4873 1716 4946 elﬁagitarent,
1738 4879 1932 4947 partim
1958 4897 2139 4952 prece,

549 4957 744 5027 partim
785 4960 946 5014 etiam
989 4965 1404 5033 retorquendod
1464 4967 1517 5023 in
1573 4969 1718 5039 ipsos
1797 4972 1978 5030 invitae
2027 4976 2139 5030 cul-

549 5061 671 5119 pam
702 5051 987 5119 custodite,
1016 5068 1137 5110 sese
1179 5067 1533 5116 revocaturos
1558 5080 1574 5128 ,
1599 5065 1723 5134 quia
1777 5080 1899 5121 cum
1940 5068 2140 5126 scirent

550 5136 832 5211 Benjamin
859 5143 1007 5200 viros
1027 5157 1274 5205 exsortes
1299 5163 1422 5206 esse
1442 5151 1730 5224 jugalium,
1755 5172 1880 5214 cum
1929 5160 2142 5217 filiabus

624 5293 649 5359 .“
677 5284 1116 5359 Εάίιοκαπεειωη
1144 5288 1382 5359 perculit.

622 5353 650 5393 b
673 5354 800 5430 δρψ.
828 5357 1050 5430 aliquot,
1075 5353 1257 5430 viginti
1279 5360 1381 5413 duo
1409 5361 1572 5417 millia
1599 5367 1920 5425 bellatorum.

627 5425 811 5552 ctiod.
846 5425 1003 5498 Reg,
1035 5425 1256 5500 virgines
1294 5440 1647 5493 trecentw.....
1678 5440 2144 5516 quadragentisju-

627 5514 660 5552 tt
698 5515 779 5552 us.

550 5513 779 5554 ventous.

622 5566 648 5605 ά
673 5568 1204 5650 Ita-mssLnonnnlli,
1223 5581 1278 5650 et
1307 5582 1412 5630 vet.
1438 5575 1567 5630 edit.
1599 5577 1901 5650 Rom.vero
1927 5584 2066 5650 sola,
2095 5587 2148 5640 in

551 5638 690 5722 ipsos
723 5641 796 5722 _in
851 5640 1114 5722 diligentis
1164 5645 1368 5714 culpant
1427 5648 1661 5702 custodia
1691 5666 1710 5704 :
1738 5660 1793 5707 at
1823 5653 1876 5706 in
1900 5638 2148 5722 pluribus

555 5721 686 5762 mss.
723 5709 810 5764 hic
833 5708 967 5766 nihil
993 5713 1131 5767 sani.

2249 1838 2490 1883 mentum
2519 1831 2806 1899 exhibens,
2842 1833 2984 1901 quod
3013 1849 3208 1903 magno
3248 1835 3418 1890 exitio
3457 1839 3530 1891 sit
3571 1839 3817 1893 insolenti-

2251 1921 2350 1976 bus
2373 1921 2608 1975 vindicta
2639 1923 2932 1992 putliciti:i-,
2961 1937 3012 1979 et
3047 1926 3194 1980 Ia‘sa:
3221 1927 3493 1982 castitatis
3509 1929 3657 1984 ultio.

2320 2013 2408 2067 18.
2439 2012 2549 2066 Nec
2582 2012 2684 2067 hoc
2735 2015 2855 2070 solo
2884 2017 3040 2083 loco,
3089 2017 3184 2072 scd
3235 2019 3516 2090 plerisque
3565 2021 3814 2085 Scriptura

2249 2104 2353 2158 hoc
2411 2103 2596 2159 docet.
2645 2105 2778 2158 Nam
2836 2117 2892 2161 et
2943 2109 2993 2161 in
3038 2108 3236 2164 Genesi
3282 2111 3512 2180 legimus
3551 2113 3817 2168 exercitum

2252 2205 2275 2232 ο
2295 2196 2689 2266 quaestionibus
2710 2214 2892 2268 regem
2913 2199 3135 2272 Egypti
3161 2201 3370 2259 Pharao
3391 2205 3539 2275 quod
3558 2205 3730 2261 Suram
3749 2216 3816 2257 at-

2250 2289 2560 2344 tentavisset
2585 2305 2600 2355 ;
2624 2300 2681 2345 et
2707 2301 2885 2347 tamen
2907 2293 3142 2349 alienam
3165 2311 3288 2352 esse
3314 2313 3545 2354 uxorem
3575 2299 3819 2354 nesciebat

2248 2378 2405 2450 (Gen.
2438 2397 2532 2446 xu,
2569 2380 2681 2453 17).

2322 2474 2412 2530 19.
2449 2475 2546 2530 Est
2578 2477 2741 2546 igitur
2771 2477 3002 2534 Domino
3029 2482 3297 2539 castitatis
3326 2483 3545 2540 luenda:
3577 2485 3818 2548 voluntas,

2250 2578 2454 2637 quanto
2504 2571 2677 2640 magis
2728 2581 2812 2626 est
2863 2572 3212 2631 defensandte
3265 2577 3650 2647 Integritatis?
3691 2577 3822 2634 Unde

2252 2662 2396 2717 nulla
2423 2663 2585 2719 debet
2615 2664 2911 2736 virginibus
2956 2669 3130 2722 sacris
3186 2669 3414 2740 irrogari
3461 2672 3821 2742 injuria;qua:

2251 2753 2397 2809 enim
2436 2770 2543 2809 non
2577 2756 2807 2824 nubunt,
2860 2767 2916 2812 et
2953 2761 3044 2828 qui
3087 2775 3288 2817 uxores
3337 2776 3447 2816 non
3495 2764 3711 2830 ducunt,
3739 2761 3820 2816 ba-

2248 2846 2448 2902 bentur
2475 2847 2618 2902 sicut
2637 2851 2812 2919 angeli
2838 2850 2934 2905 Dei
2964 2852 3016 2906 in
3037 2853 3179 2909 coelo
3202 2852 3356 2924 (Luc.
3384 2841 3479 2922 xx,
3500 2856 3612 2928 56).
3641 2856 3702 2912 Et
3719 2855 3820 2910 ideo

2246 2939 2452 2995 caelesti
2479 2942 2668 3011 gratia:
2699 2958 2809 2998 non
2860 2944 3158 3002 inferamus
3183 2949 3528 3017 corporalem
3572 2960 3821 3006 contume-

2246 3033 2371 3087 liam
2399 3051 2413 3099 ;
2442 3035 2701 3104 quoniam
2735 3047 2926 3107 potens
2953 3049 3040 3095 est
3079 3041 3246 3108 Deus,
3271 3057 3435 3113 quem
3468 3060 3568 3102 nec
3597 3046 3824 3117 praevari-

2171 3138 2216 3199 ρ
2247 3127 2389 3182 catio
2420 3138 2724 3198 praetereat,
2749 3141 2804 3187 et
2858 3143 3078 3190 moveat
3117 3139 3327 3206 accepti
3370 3139 3479 3196 sibi
3535 3142 3760 3198 muneris
3780 3149 3824 3196 et

2247 3231 2582 3276 consecrata:
2629 3223 2960 3294 virginitatis
3009 3227 3168 3298 777
3198 3229 3391 3285 acerba
3427 3241 3486 3287 et
3512 3233 3690 3305 gravis
3715 3248 3820 3289 con-

2249 3315 2494 3369 tumelia.
2536 3315 2685 3381 Vale,
2709 3316 2897 3384 irater,
2921 3328 2976 3374 et
3025 3335 3124 3374 nos
3173 3320 3376 3392 dilige;
3411 3328 3543 3396 quia
3569 3343 3668 3383 nos
3693 3336 3739 3383 te
3757 3325 3824 3382 di-

2248 3403 2486 3473 ligimus.

2822 3503 3156 3560 EPISTOLA
3184 3505 3273 3561 VII
3298 3506 3340 3560 ί.

2245 3613 2411 3669 JUS‘I‘O
2432 3620 2696 3672 sciscitanti
2712 3619 2946 3689 quidnam
2967 3619 3246 3672 didraclmti
3261 3623 3523 3677 dimidium
3547 3640 3636 3691 pro
3658 3625 3826 3676 redem-

2309 3703 2471 3766 ptione
2491 3703 2661 3767 afferri
2679 3712 2978 3769 praeceptum
2997 3707 3316 3772 signiﬁcasset
3332 3711 3611 3761 Annosius
3629 3705 3826 3760 rescribit

2306 3784 2452 3848 ﬁdem
2478 3799 2538 3836 ac
2561 3785 2948 3839 misericordiam
2963 3828 2976 3852 ,
3002 3789 3054 3838 in
3086 3790 3256 3854 quibus
3278 3791 3558 3856 redemptio
3580 3799 3676 3855 est,
3702 3805 3752 3842 eo
3769 3787 3826 3841 si-

2306 3869 2450 3936 gnari
2478 3887 2488 3920 :
2513 3869 2606 3920 hac
2635 3872 2697 3921 de
2717 3885 2773 3923 re
2800 3871 2932 3923 idem
2949 3872 3156 3936 pretium
3180 3875 3364 3928 cunctis
3400 3876 3757 3941 praescriptum,
3785 3874 3826 3921 in

2308 3970 2403 4020 quo
2425 3971 2536 4008 cum
2567 3971 2770 4019 manna,
2795 3958 2937 4022 cuius
2967 3973 3196 4013 mensura
3226 3963 3291 4012 de
3321 3963 3564 4026 sapientia
3598 3971 3646 4013 et
3673 3956 3829 4012 Christi

2306 4040 2539 4106 sanguine
2570 4042 2844 4105 explicatur
2858 4083 2873 4105 ,
2898 4045 3117 4108 congruit
3153 4059 3171 4096 :
3207 4046 3432 4111 congruit
3466 4056 3704 4111 praeterea
3734 4057 3827 4094 cum

2307 4121 2526 4184 paschali
2546 4137 2690 4188 agno,
2715 4123 2799 4191 qui
2822 4125 3073 4191 aequaliter
3085 4127 3368 4180 distributus
3388 4130 3632 4194 aqualem
3651 4124 3829 4194 singulis

2308 4206 2683 4270 redemptionem
2704 4208 2852 4259 tribui
2878 4208 3156 4272 indicabat;
3181 4226 3276 4276 quo
3311 4211 3462 4264 etiam
3496 4214 3707 4280 refertur
3731 4223 3828 4274 pro-

2309 4286 2458 4340 missa
2489 4287 2540 4340 in
2571 4289 2835 4356 Evangelia
2857 4291 3028 4342 eadem
3064 4306 3265 4363 merces.
3294 4293 3387 4346 His
3421 4295 3587 4346 subdit
3613 4291 3830 4344 Christum

2308 4379 2523 4422 nostrum
2543 4386 2646 4424 esse
2669 4373 3066 4438 redemptionem,
3079 4389 3174 4442 qua
3195 4388 3307 4426 cum
3329 4390 3420 4440 pro
3437 4390 3493 4430 se
3513 4391 3608 4429 non
3618 4375 3829 4441 indigeat.

2307 4458 2533 4503 staterem
2565 4467 2660 4504 non
2682 4467 2771 4505 sua
2791 4492 2804 4516 ,
2831 4454 2920 4506 sed
2952 4464 3118 4507 nostra
3153 4471 3304 4509 causa
3328 4458 3445 4509 dari
3467 4459 3686 4523 iussisse.
3717 4452 3831 4517 Quid

2305 4534 2476 4586 eodem
2496 4542 2672 4588 statere
2693 4535 3012 4603 signiﬁcetur,
3035 4546 3118 4591 aut
3139 4553 3227 4591 cur
3243 4538 3384 4591 illum
3401 4539 3729 4608 ignoraveth
3747 4539 3831 4586 Ju-

2311 4615 2410 4668 daei
2441 4631 2472 4668 a
2499 4619 2788 4672 Christianis
2815 4617 2950 4672 haud
2980 4620 3223 4674 imitandi.
3259 4623 3446 4689 Adjicit
3480 4624 3734 4677 dimidium
3764 4621 3832 4671 di-

2309 4700 2534 4752 drachmi
2575 4717 2743 4756 eorum
2769 4705 2982 4771 figuram
3013 4719 3142 4772 esse,
3169 4709 3252 4772 qui
3292 4709 3406 4761 uiue
3443 4720 3638 4774 partem
3670 4707 3833 4760 mwtdo

2310 4783 2632 4848 impendunt:
2660 4790 2790 4853 quod
2827 4803 2920 4840 non
2953 4789 3170 4854 fecerunt
3204 4793 3404 4844 Hebraei
3436 4793 3602 4855 pueri.
3635 4789 3834 4854 Denitu

2311 4866 2395 4917 ubi
2413 4868 2635 4933 exposuit
2653 4907 2668 4931 ,
2692 4883 2845 4934 quare
2867 4871 3100 4926 Dominus
3123 4875 3252 4937 quod
3275 4888 3370 4927 non
3392 4877 3618 4937 debebat,
3637 4871 3830 4930 solverit.

2306 4949 2510 5016 mystica
2529 4954 2756 5015 quaedam
2778 4950 2997 5005 enucleat
3025 4957 3093 5006 ad
3130 4955 3446 5010 instituendos
3473 4973 3632 5012 mores
3656 4957 3829 5012 idonea.

2611 5081 2917 5139 Ausaosnus
2947 5093 2973 5132 ε
2999 5084 3167 5143 Jus'ro
3186 5129 3201 5154 ,
3230 5088 3480 5144 salutem.

2323 5172 2377 5224 1.
2405 5170 2640 5229 Pulchre
2665 5174 2954 5243 admones,
2981 5175 3168 5245 frater,
3195 5186 3255 5233 ut
3271 5179 3596 5249 epistolares
3617 5178 3828 5241 fabulas,

2325 5315 2348 5380 εξ
2365 5307 3202 5380 ραωδιίοηὶὺιιε,11.θ.,ιοηηθηιὶε
3213 5312 3485 5369 etdoloris
3495 5312 3828 5371 cruciatibus.

2329 5373 2347 5412 ί
2384 5378 2596 5447 Scripta
2619 5373 2764 5436 ante
2791 5373 2920 5438 ann'.
2949 5385 3074 5440 581.

2327 5448 2611 5527 ενΙιΩῌῐηεέ.
2662 5452 2877 5527 atedit.
2922 5456 3132 5511 nomini
3184 5454 3336 5512 Iusto
3367 5453 3502 5510 nihil
3547 5457 3703 5527 plane
3732 5451 3830 5527 _ad-

2251 5517 2420 5599 dunt;
2444 5517 2637 5599 Solent
2662 5523 2882 5599 quidem
2933 5527 3288 5599 Augustinus,
3315 5517 3702 5599 Hieronymus,
3730 5523 3831 5599 Leo

2253 5588 2423 5664 etalii
2456 5589 2601 5664 illius
2641 5588 2707 5648 ad
2749 5611 2910 5664 quem
2961 5588 3228 5664 sci-ibunt,
3262 5588 3454 5652 nomen
3479 5588 3646 5652 et'iam
3689 5588 3830 5650 titulo

2253 5658 2532 5735 dignitatis
2583 5671 2690 5735 aut
2734 5658 3088 5735 professionis
3151 5658 3408 5724 decorare
3461 5685 3475 5718 :
3527 5667 3829 5723 Ambrosius

2255 5743 2386 5786 vero
2406 5730 2715 5802 hujusmodi
2734 5730 2917 5793 'titulis
2940 5739 3044 5795 nisi
3080 5739 3134 5795 in
3165 5741 3231 5796 iis
3255 5737 3529 5811 epistolis,
3561 5754 3683 5812 quae
3703 5738 3830 5793 data:
