3936 6168
75 177 165 236 909

1246 175 1678 237 EPISTOLARU
1688 175 1734 232 bl
1772 175 2060 238 CLASSIS
2097 177 2137 233 l.

3215 181 3326 238 910

137 292 210 344 ll.
250 289 391 344 llunc
418 297 676 344 staterem
709 291 1023 348 nescierunt
1062 293 1268 359 Judzei,
1299 308 1458 364 quem
1509 307 1632 362 pro-
1659 291 1710 352 Α
1737 294 1867 349 bant
1907 290 2088 364 (Deut.
2139 306 2288 354 xviu,
2320 291 2399 362 2).
2459 290 2598 364 Ergo
2643 304 2830 346 eorum
2874 293 3175 349 imitatores
3225 313 3331 351 non

73 381 209 437 (litori
256 379 533 436 dederunt.
585 379 695 436 Lex
754 391 936 438 autem
985 381 1269 439 dimidium
1323 382 1629 439 didrachmi

74 490 154 544 pro
174 471 531 542 redemptione
553 472 745 528 anima:
773 475 960 547 exigit,
985 491 1144 547 quam
1174 475 1487 532 drachmam
1519 475 1630 535 Deo

72 567 296 636 deputat;
345 567 468 634 quia
525 573 698 620 totum
755 566 1130 622 didrachmum
1187 567 1462 626 vindicare
1518 583 1626 624 non

72 664 272 728 poterat.
302 653 400 711 Vix
447 657 590 712 enim
639 657 690 711 iu
736 655 924 714 Judmo
965 659 1052 714 vel
1102 659 1279 730 portio
1323 658 1628 717 devotionis

71 760 251 823 poterat
278 749 610 820 investigari.
635 749 735 817 Qui
765 760 944 806 autem
975 766 1136 806 verus
1167 761 1251 806 est
1280 751 1443 816 liber,
1464 767 1628 810 verus

72 844 324 906 Hebraeus,
355 850 497 897 totus
528 850 614 897 est
638 841 772 908 Dei;
808 850 976 897 totum
1009 841 1152 913 quod
1187 843 1378 912 habet,
1410 843 1628 900 Iiberta-

73 937 126 992 tis
161 945 251 991 est.
295 933 433 990 Nihil
482 933 647 991 habet
699 934 882 1003 illius,
918 935 1009 1008 qui
1055 933 1362 992 libertatem
1415 949 1628 994 recusat

73 1028 226 1082 dicens
248 1045 258 1080 :
283 1023 458 1081 Dilexi
479 1027 744 1082 dominum
770 1044 957 1093 meum,
983 1036 1028 1081 et
1051 1043 1262 1082 uxorem
1293 1039 1338 1082 et
1363 1030 1588 1100 infantes
1609 1045 1627 1082 :

71 1137 149 1174 non
175 1119 310 1173 abibo
337 1117 468 1174 liber
497 1115 709 1191 (Exod.
742 1134 864 1187 ut,
913 1115 1002 1190 5).
1031 1119 1185 1186 Quod
1215 1135 1319 1174 non
1354 1120 1526 1175 solum
1559 1119 1627 1176 ad

72 1212 330 1278 dominum,
363 1207 458 1268 sed
490 1213 653 1268 etiam
690 1212 756 1267 ad
800 1213 921 1284 ejus
950 1215 1185 1268 refertur
1215 1213 1586 1270 inﬁrmitatem
1608 1257 1624 1281 ,

71 1304 141 1375 qui
161 1319 214 1360 se
232 1303 519 1374 subjecerit
546 1305 771 1372 mundo,
797 1301 939 1376 quod
962 1303 1152 1376 diligat
1179 1299 1463 1372 mundum,
1489 1313 1517 1343 ει
1541 1306 1625 1362 vel

71 1409 266 1453 mentem
293 1413 468 1464 suam,
496 1397 550 1454 id
582 1409 688 1464 est,
715 1406 855 1467 νοῦν,
881 1393 1044 1470 hujus
1073 1409 1348 1455 auctorem
1381 1401 1627 1456 volunta-

72 1490 137 1548 tis.
178 1485 277 1544 Nec
305 1485 479 1545 solum
511 1490 580 1546 ad
611 1506 867 1559 uxorem,
897 1489 993 1547 sed
1023 1489 1188 1546 etiam
1217 1491 1284 1546 ad
1312 1491 1626 1548 delectatio-

70 1598 165 1638 nem
191 1581 435 1649 refertur,
477 1599 605 1655 qum
633 1583 1008 1652 domesticam,
1041 1599 1146 1640 non
1187 1584 1333 1640 illam
1366 1594 1623 1642 aeternam

1733 383 1949 439 solvunt
1975 382 2468 454 tributum,quibus
2495 383 2670 454 portio
2693 381 2834 440 Deus
2859 395 2964 440 est.
2995 385 3124 442 ideo
3150 388 3338 446 Domi-

1733 494 1836 534 nus
1885 478 2000 534 ait:
2027 477 2265 546 Reddite,
2299 478 2350 533 id
2377 487 2491 544 est,
2518 493 2616 534 vos
2639 477 2870 545 reddite,
2912 479 3002 550 qui
3032 483 3334 551 protulistis

1730 574 2018 644 imaginem
2049 570 2302 642 Caesaris,
2331 573 2471 645 apud
2498 589 2636 646 quos
2662 575 2938 630 invenitur
2968 593 2981 628 :
3013 592 3117 646 ego
3148 588 3327 634 autem

1733 663 1872 721 nihil
1901 665 2078 721 debeo
2108 663 2342 732 Caesari,
2373 668 2496 737 quia
2529 665 2660 721 nihil
2695 666 2852 735 hujus
2899 667 3086 724 mundi
3116 665 3290 725 habeo
3316 689 3327 722 :

1741 753 1892 811 Venit
1938 758 2073 811 enim
2118 756 2278 829 hujus
2325 757 2506 811 mundi
2545 759 2783 830 princeps
2808 801 2822 824 ,
2855 769 2900 812 et
2929 760 2980 813 in
3011 776 3090 815 me
3117 761 3335 816 inveniet

1733 849 1864 904 nihil
1894 847 2074 923 (Joan.
2106 865 2218 917 XIV,
2253 851 2370 923 30).
2404 850 2548 906 Nihil
2591 850 2757 907 debet
2785 851 3010 918 Petrus,
3037 852 3170 908 nihil
3199 870 3332 924 apo-

1732 943 1856 998 stoli
1888 944 2030 1010 mei;
2058 944 2182 1015 quia
2213 959 2319 1000 non
2367 953 2496 1000 sunt
2523 943 2590 999 de
2617 947 2718 1000 hoc
2746 945 2971 1010 mundo,
3001 945 3102 1001 etsi
3142 947 3196 1001 in
3224 947 3329 1002 hoc

1732 1035 1939 1092 mundo
1965 1045 2110 1091 sunt.
2145 1035 2256 1106 Ego
2302 1035 2421 1092 misi
2469 1051 2564 1092 eos
2609 1037 2666 1091 in
2711 1036 2856 1093 hunc
2885 1038 3189 1103 mundum;
3233 1039 3327 1094 sed

1727 1131 1838 1202 jam
1868 1147 1975 1187 non
2005 1141 2130 1187 sunt
2157 1131 2224 1187 de
2245 1130 2349 1187 hoc
2374 1129 2598 1199 mundo,
2619 1130 2746 1202 quia
2774 1147 2986 1187 mecum
3012 1139 3140 1187 sunt
3165 1146 3327 1203 supra

1732 1221 2018 1278 mundum.

1805 1311 1893 1368 18.
1936 1313 2079 1384 Ergo
2101 1311 2246 1385 quod
2272 1311 2468 1368 divinae
2499 1311 2635 1384 legis
2665 1319 2767 1378 est,
2789 1311 2924 1368 Solvi
2950 1312 3196 1384 jubelur,
3221 1329 3327 1369 non

1731 1405 1875 1477 quod
1906 1406 2159 1463 Caesaris.
2215 1401 2323 1464 Sed
2373 1416 2552 1462 tamen
2604 1415 2657 1462 et
2703 1405 2879 1478 ipsum
2928 1404 3240 1476 perfectus,
3275 1406 3329 1466 id

1731 1507 1834 1565 est,
1869 1497 2189 1569 praedicator
2222 1495 2503 1568 Evangelii
2530 1493 2640 1567 jam
2672 1514 2777 1552 non
2805 1495 3060 1562 debebat,
3087 1495 3182 1567 qui
3212 1497 3330 1568 plus

1731 1589 2083 1662 praedicabat.
2112 1587 2232 1645 Non
2263 1585 2496 1645 debebat
2531 1587 2702 1645 Filius
2729 1588 2850 1656 Dei,
2887 1605 2991 1644 non
3019 1587 3254 1646 debebat
3279 1601 3335 1645 et

69 1691 216 1732 curam
245 1675 489 1750 suscipit.
521 1675 661 1733 Huic
692 1693 823 1750 ergo
850 1677 916 1732 ad
939 1675 1107 1733 limen
1139 1688 1193 1734 et
1219 1679 1420 1734 ostium
1462 1693 1619 1736 suum
1654 1684 1698 1746 Β
1728 1683 1921 1738 Petrus
1948 1679 2002 1738 in
2036 1681 2382 1752 adOptionem
2411 1696 2440 1736 a
2473 1681 2632 1736 Patre
2659 1677 2903 1736 adscitus
2929 1696 3029 1754 per
3055 1681 3285 1751 gratiam
3315 1701 3327 1736 :

69 1767 278 1823 dominus
297 1785 426 1826 suus
447 1784 640 1824 aurem
670 1769 976 1840 pertundit;
1005 1779 1063 1825 ut
1085 1769 1394 1827 meminerit
1417 1785 1624 1828 sermo-

71 1859 134 1915 nis
157 1861 245 1928 sui,
272 1877 377 1934 quo
407 1861 733 1918 servitutem
761 1862 943 1934 elegit.

119 1953 256 2025 781
286 1953 369 2009 l5.
408 1954 476 2011 Et
509 1954 634 2010 ideo
665 1963 744 2021 tu,
772 1954 1090 2021 Christiane,
1118 1953 1146 1993 δ
1179 1956 1339 2011 istum
1368 1973 1477 2012 non
1507 1958 1627 2012 imi-

69 2048 190 2112 teris;
219 2050 337 2119 quia
384 2048 481 2104 tibi
523 2049 791 2120 scriptum
837 2059 946 2116 est,
980 2066 1085 2107 non
1115 2059 1176 2106 ut
1212 2048 1513 2108 didrachmi
1545 2051 1627 2108 di-
1664 2115 1672 2120 ,

69 2139 270 2208 midium,
298 2142 339 2197 si
374 2150 556 2197 tamen
592 2141 675 2197 vis
725 2141 998 2214 perlectus
1045 2158 1201 2208 esse,
1246 2143 1358 2202 Deo
1384 2141 1622 2204 oﬂ‘eras:

67 2229 135 2284 sed
159 2243 207 2286 ut
228 2233 398 2288 omnia
433 2243 533 2288 tua
563 2235 772 2290 vendas
792 2276 806 2301 ,
839 2245 892 2290 et
922 2234 1017 2292 des
1047 2237 1378 2308 pauperibus
1408 2237 1622 2309 (Matth.

68 2339 151 2386 xix,
176 2323 279 2398 ﬁt).
319 2323 430 2383 Nec
461 2337 529 2383 ut.
559 2325 863 2398 portionem
901 2329 1180 2385 servitutis
1221 2330 1424 2388 mundo
1453 2347 1624 2388 reser-

67 2430 137 2470 ves
161 2433 172 2468 :
197 2417 283 2474 sed
315 2425 372 2474 ut
402 2429 585 2475 totum
636 2429 688 2475 te
736 2419 978 2493 abneges
1004 2463 1020 2488 ,
1057 2431 1112 2476 et
1155 2421 1370 2476 Domini
1404 2437 1625 2479 crucem

67 2507 207 2577 tollas,
232 2518 282 2567 et
309 2511 568 2584 sequaris
589 2527 735 2568 eum.

121 2602 190 2656 l6.
225 2601 594 2676 Cognovimus
642 2605 822 2677 itaque
858 2603 982 2660 ideo
1013 2605 1292 2662 dimidium
1325 2604 1626 2662 didrachmi

67 2692 178 2764 Lege
207 2697 477 2767 postulari,
513 2697 643 2768 quia
686 2697 968 2754 dimidium
999 2699 1185 2772 generi
1217 2697 1374 2768 hujus
1413 2698 1623 2769 mundi,

68 2787 212 2855 idest,
236 2789 635 2847 conversationi
665 2791 914 2847 sreculari
939 2833 952 2856 ,
984 2800 1041 2848 et
1080 2792 1197 2848 usui
1229 2791 1549 2862 domestico,
1573 2803 1630 2850 et

69 2881 320 2947 posteritati
367 2882 800 2952 reservabatur,
848 2883 1048 2953 quibus
1117 2899 1345 2940 necesse
1401 2895 1522 2940 erat
1573 2896 1622 2942 et

73 2983 282 3032 [sortem
311 2992 376 3032 ex
404 2985 566 3032 sorte
589 3019 603 3043 ,
657 2976 707 3031 id
742 2985 844 3044 est,
877 2977 1303 3033 transmissionis
1352 2977 1624 3048 deputari.

1727 1773 1823 1831 sed
1852 1792 1914 1830 ne
1938 1773 2355 1830 scandalizentur
2378 1815 2394 1841 ,
2423 1774 2596 1848 inquit
2620 1815 2634 1837 ,
2663 1773 2790 1829 vade
2818 1775 2887 1828 ad
2913 1789 3078 1841 mare,
3111 1783 3160 1829 et
3191 1775 3331 1828 mitte

1730 1869 1960 1935 hamum,
1991 1878 2037 1922 et
2068 1885 2180 1923 eum
2207 1869 2429 1940 piscem,
2457 1865 2544 1933 qui
2588 1867 2790 1941 primus
2831 1867 3138 1933 ascenderit,
3163 1866 3330 1932 tolle;

1727 1971 1778 2015 et
1805 1971 1984 2030 aperto
2012 1961 2254 2033 oreqejus,
2286 1960 2512 2015 inuenies
2539 1959 2610 2013 ibi
2641 1968 2880 2014 stateram
2898 1999 2914 2026 ,
2946 1958 3094 2014 illum
3123 1975 3328 2015 sumens

1729 2051 1800 2105 da
1826 2052 1890 2105 iis
1917 2069 2011 2123 pro
2038 2068 2117 2105 me
2142 2059 2189 2106 et
2215 2060 2263 2105 te
2286 2049 2501 2122 (Matth.
2532 2066 2665 2118 svn,
2687 2049 2802 2122 26).
2834 2049 2878 2105 Ο
2905 2066 3096 2122 magna
3126 2059 3334 2119 mystc-

1729 2143 1838 2198 rial
1873 2142 1966 2197 dat
2000 2140 2283 2200 dimidium
2329 2139 2630 2197 didrachmi
2677 2139 2821 2211 quod
2855 2139 2964 2195 Lex
2988 2140 3244 2212 jubebat,
3274 2151 3331 2196 et

1731 2249 1837 2289 non
1868 2241 2023 2303 negat
2055 2231 2198 2303 quod
2246 2231 2406 2302 Legis
2433 2241 2555 2296 est,
2587 2230 2740 2302 quasi
2779 2230 2951 2286 lactus
2981 2247 3048 2286 ex
3078 2231 3330 2299 muliere,

1730 2328 1902 2382 lactus
1951 2325 2051 2380 sub
2101 2323 2249 2395 Lege
2293 2323 2490 2396 (Galat.
2540 2337 2616 2390 ιν,
2645 2323 2726 2392 4).
2775 2321 2998 2377 Factum
3029 2323 3326 2377 secundum

1730 2417 2158 2476 incarnationem
2209 2417 2426 2472 locutus
2470 2431 2625 2481 sum,
2656 2430 2722 2472 ex
2766 2414 2996 2471 muliere
3025 2415 3326 2472 secundum

1729 2527 1918 2569 sexum
1945 2528 1961 2572 ;
1986 2507 2183 2566 mulier
2211 2524 2374 2564 sexus
2400 2516 2484 2564 est
2510 2549 2525 2572 ,
2555 2507 2707 2578 virgo
2737 2507 2949 2578 species
2993 2525 3005 2561 :
3048 2522 3210 2562 sexus
3237 2523 3330 2578 ge-

1731 2602 1901 2669 neris,
1930 2602 2086 2673 virgo
2114 2601 2461 2672 integritatis.
2491 2599 2548 2654 ln
2577 2615 2684 2671 quo
2710 2615 2838 2670 ergo
2862 2599 3013 2656 venit
3041 2598 3144 2654 sub
3164 2597 3326 2671 Lege,

1731 2697 1784 2751 in
1816 2711 1882 2752 eo
1909 2696 2074 2769 782
2096 2694 2267 2751 lactus
2291 2703 2460 2750 estex
2496 2693 2744 2758 muliere,
2769 2693 2821 2750 id
2853 2701 2957 2761 est,
2993 2695 3043 2749 iu
3073 2709 3325 2766 corpore.

1731 2790 1801 2845 Et
1821 2788 1943 2846 ideo
1961 2788 2334 2846 didrachmum
2357 2787 2498 2846 solvi
2522 2784 2677 2860 jubet
2705 2804 2801 2859 pro
2827 2805 2888 2846 se
2911 2799 2966 2846 et
2997 2789 3182 2856 Petro,
3205 2789 3329 2860 quia

1733 2893 1962 2954 uterque
2007 2883 2110 2938 sub
2157 2879 2301 2954 Lege
2347 2879 2613 2952 generati.
2666 2880 2828 2936 Jubet
2859 2897 2988 2954 ergo
3027 2881 3328 2938 secundum

1731 2975 1930 3047 Legem
1960 2973 2130 3041 solvi,
2163 2983 2219 3029 ut
2249 2989 2346 3030 eos
2377 2973 2468 3044 qui
2499 2969 2601 3032 sub
2636 2967 2780 3044 Lege
2819 2983 3005 3042 erant,
3037 2971 3333 3030 redimeret

70 3061 189 3122 [inde
212 3078 260 3124 et
281 3068 552 3124 Dominus
595 3067 930 3124 tentantibns
975 3085 1034 3124 se
1060 3069 1352 3125 Pharismis
1397 3071 1632 3132 subdola
1653 3063 1699 3126 C
1735 3066 1933 3139 (Galat.
1964 3083 2034 3132 tv,
2062 3067 2141 3135 5).

69 3155 450 3231 interrogatione
491 3169 681 3215 utrum
713 3160 969 3216 suaderet
998 3176 1221 3218 censum
1253 3163 1369 3217 dari
1398 3163 1622 3229 Cmsari,

68 3255 301 3322 respondit
341 3273 355 3309 :
401 3254 552 3322 Quid
599 3270 677 3308 me
725 3254 929 3308 tentati:
955 3295 967 3319 ,
1002 3253 1318 3325 hypocrita}
1361 3252 1628 3307 Ostrndite

69 3347 165 3400 mihi
205 3350 455 3404 uumisma
493 3364 682 3404 census
724 3346 945 3420 (Matth.
997 3362 1131 3411 χχιι,
1162 3345 1227 3410 8,
1261 3342 1383 3416 19).
1431 3345 1502 3402 At
1547 3346 1626 3402 illi

68 3437 335 3497 obtulerunt
362 3443 410 3496 ei
439 3441 756 3504 denarium,
785 3439 840 3494 in
879 3452 988 3508 quo
1017 3446 1137 3493 erat
1163 3439 1338 3508 imago
1367 3437 1623 3494 Caesaris.

67 3533 130 3586 Ait
154 3535 249 3594 illis
289 3552 302 3589 :
345 3535 571 3590 Reddite
597 3548 713 3605 quia
740 3542 858 3587 sunt
891 3531 1131 3598 Ca’saris,
1165 3530 1404 3597 Caesari;
1437 3540 1484 3584 et
1512 3546 1627 3601 quae

69 3636 157 3680 sunt
194 3621 311 3698 Dei,
347 3627 460 3684 Deo
493 3625 662 3699 (Ibid.
693 3667 708 3691 ,
738 3625 861 3691 2i);
905 3624 1198 3681 ostendens
1246 3625 1369 3682 illos
1399 3623 1474 3680 ita
1503 3640 1625 3680 esse

68 3714 402 3786 imperfectos,
446 3720 542 3791 qui
575 3718 678 3774 sibi
726 3716 950 3788 perfecti
1006 3717 1339 3782 viderentur,
1374 3727 1430 3771 ut
1475 3717 1626 3787 prius

67 3802 230 3864 Ctesari
257 3826 411 3882 quam
441 3814 560 3867 Deo
582 3811 882 3866 solverent.
911 3809 1123 3876 Quibus
1141 3810 1285 3865 enim
1315 3808 1462 3878 prior
1482 3815 1628 3863 esset

69 3913 168 3955 cura
189 3904 382 3972 mundi,
418 3905 487 3960 ab
510 3904 579 3960 iis
611 3903 763 3972 prius
791 3899 1111 3959 solvendum
1147 3901 1310 3968 foret,
1339 3901 1482 3969 quod
1509 3908 1629 3956 erat

70 3995 244 4052 mundi.
271 3996 422 4056 Unde
445 4006 508 4056 et
528 3996 639 4058 ait;
670 3995 974 4063 Reddite,id
1005 4006 1108 4060 est,
1134 4011 1231 4052 vos
1260 3994 1492 4062 reddite,
1513 4010 1628 4064 qua

71 4097 162 4141 sunt
184 4087 396 4147 Cesaris
423 4091 593 4164 (Dan.
628 4105 688 4156 ιι,
713 4089 823 4160 1⁸1),
844 4089 983 4161 apud
1005 4103 1142 4160 quos
1171 4088 1338 4159 ﬁgura
1366 4096 1420 4142 et
1451 4088 1627 4158 imago

75 4176 311 4239 invenitur
333 4183 587 4240 Caesaris.

129 4269 197 4328 l7.
236 4275 316 4331 Illi
343 4293 477 4349 ergo
527 4277 737 4334 Hebraei
773 4277 925 4346 pueri
957 4274 1218 4342 Ananias,
1254 4273 1497 4340 Marias,
1529 4273 1627 4330 Mi-

70 4365 158 4416 sael
183 4363 336 4437 (Dan.
367 4384 448 4435 ιιι,
478 4367 594 4439 18),
629 4368 724 4424 ille
751 4367 937 4423 Daniel
963 4365 1263 4438 sapientior
1291 4363 1454 4437 (Dan.
1482 4379 1519 4432 ι,
1546 4363 1626 4436 8),

1803 3160 1891 3216 19.
1934 3160 2003 3215 Et
2030 3170 2211 3215 tamen
2243 3168 2504 3216 stateram
2533 3157 2650 3216 dari
2675 3158 2846 3229 iubet,
2877 3173 2985 3230 quo
3014 3168 3198 3216 vectes
3225 3160 3331 3214 im-

1730 3259 1998 3323 ponerent
2021 3253 2103 3309 ori
2132 3265 2272 3318 suo,
2317 3267 2383 3309 ne
2414 3267 2480 3308 ex
2525 3248 2868 3322 multiloqnio
2913 3264 3197 3326 peccatum
3233 3252 3329 3309 ad-

1729 3347 2028 3403 mitterent.
2065 3346 2129 3401 Et
2151 3345 2308 3418 jubet
2345 3344 2462 3402 dari
2503 3347 2554 3401 iu
2585 3362 2681 3402 ore
2722 3347 2888 3418 piscis
2923 3361 3202 3418 repet-tum
3229 3391 3243 3415 ,
3272 3359 3332 3405 ut

1727 3446 2090 3510 agnoscerent
2125 3437 2382 3494 Verbum.
2416 3439 2521 3506 Qui
2548 3439 2690 3495 enim
2718 3439 2864 3509 quod
2893 3439 3053 3512 Legis
3078 3450 3184 3507 est,
3215 3442 3332 3497 exi-

1726 3531 1953 3601 gebant;
1992 3545 2090 3586 cur
2129 3529 2273 3601 quod
2323 3530 2485 3602 Legis
2529 3540 2648 3597 est,
2689 3531 3044 3588 nesciebant?
3089 3531 3327 3592 Verbum

1728 3625 1872 3678 enim
1904 3621 2000 3678 Dei
2029 3624 2280 3692 ignorare
2308 3638 2420 3677 non
2447 3621 2753 3686 debebant;
2779 3621 2906 3692 quia
2931 3625 3189 3692 scriptum
3213 3635 3326 3681 est:

1729 3719 1901 3790 Prope
1930 3728 2002 3773 est
2046 3717 2262 3773 Verbum
2291 3719 2347 3771 in
2376 3734 2462 3771 ore
2489 3727 2578 3771 tuo
2599 3757 2613 3782 ,
2640 3726 2688 3771 et
2727 3718 2782 3770 in
2823 3717 2978 3770 corde
3021 3727 3108 3771 tuo
3144 3717 3325 3786 (Deut.

1730 3827 1856 3875 xxx,
1890 3811 2000 3882 M).
2034 3809 2227 3863 'i‘otum
2272 3808 2433 3880 igitur
2471 3807 2847 3863 didrachmum
2881 3807 2992 3862 Deo
3019 3808 3206 3878 solvit,
3234 3811 3326 3880 qui

1727 3901 1930 3959 saeculo
1959 3899 2091 3956 nihil
2125 3898 2449 3954 reservavit.
2495 3897 2605 3954 Deo
2629 3899 2771 3954 enim
2808 3895 3019 3967 justitia
3069 3899 3322 3967 solvitur,

1727 4012 1848 4066 quae
1897 4002 1982 4051 est
2029 3993 2227 4048 mentis
2271 3990 2590 4049 sobrietas:
2631 3991 2740 4046 Deo
2791 3992 3022 4050 solvitur
3051 3997 3323 4053 sermonis

1728 4086 2011 4151 custodia,
2037 4099 2158 4153 qum
2198 4091 2283 4140 est
2321 4083 2591 4139 sermonis
2639 4083 2910 4140 sobrietas
2951 4102 2965 4141 :
3008 4087 3164 4140 corde
3192 4091 3328 4146 enim

1730 4181 1955 4237 creditur
1998 4177 2067 4233 ad
2097 4179 2394 4250 justitiam,
2443 4193 2531 4233 ore
2583 4178 2841 4250 confessio
2889 4177 2949 4248 ﬁt
2994 4179 3062 4232 ad
3109 4181 3327 4237 salutem

1732 4273 1914 4345 (Rom.
1947 4289 1998 4337 κ,
2036 4271 2150 4343 10).

1799 4365 1892 4421 20.
1933 4364 2119 4420 Potest
2167 4371 2348 4419 autem
2380 4371 2436 4419 et
2461 4361 2722 4418 drachma
2769 4377 2868 4436 pro
2906 4365 3093 4428 veteri
3140 4363 3329 4421 Testa-

70 4454 138 4518 qui
163 4465 259 4512 non
288 4459 656 4514 adoraverunt
685 4459 973 4530 imaginem
1011 4456 1184 4529 regis,
1213 4457 1302 4528 qui
1330 4471 1438 4512 non
1470 4467 1624 4512 rece-
1653 4442 1706 4502 D
1732 4465 1914 4514 mento
1939 4457 2130 4529 accipi,
2159 4455 2533 4513 didraclunum
2559 4471 2656 4527 pro
2684 4456 2966 4528 utriusque
2988 4453 3325 4514 Testamenti

72 4558 237 4611 perunt
282 4569 434 4621 eam,
463 4554 552 4624 qui
589 4553 721 4609 nihil
752 4553 820 4608 de
859 4552 949 4610 illa
987 4566 1170 4608 mensa
1220 4551 1360 4623 regis
1398 4550 1632 4620 accipie-

71 4636 192 4710 bant,
225 4659 327 4700 non
369 4645 695 4702 tenebantur
739 4645 807 4701 ad
851 4644 1182 4700 solutionem
1223 4643 1431 4699 tributi.
1483 4642 1631 4697 Nihil

72 4735 188 4789 enim
218 4753 435 4807 eorum,
480 4755 600 4810 quae
631 4738 734 4795 sub
761 4750 888 4811 rege
913 4746 1133 4794 terreno
1161 4747 1335 4806 erant,
1385 4735 1631 4807 posside-

128 4908 149 4935 ι
185 4901 298 4958 Vet.
328 4904 492 4969 edit.,
519 4907 597 4960 vel
624 4913 840 4960 mentem
881 4919 1050 4969 suam,
1082 4903 1137 4956 id
1162 4911 1259 4970 est,
1293 4917 1394 4956 non
1415 4917 1433 4966 ;
1458 4899 1617 4955 Rom.

71 4973 162 5024 νοῦν
187 4975 396 5044 quidem
429 4976 767 5039 restituerat,
815 4973 911 5031 sed
945 4988 1135 5044 vocum
1168 4971 1412 5044 ordinem
1447 4973 1624 5025 inver-

71 5040 216 5109 terat,
235 5061 388 5114 quem
420 5061 518 5101 nos
547 5047 878 5102 restitnimus
908 5060 938 5100 e
961 5043 1172 5101 cunctis
1197 5057 1324 5096 mss.
1355 5040 1622 5114 Ceterum

69 5123 155 5185 non
185 5111 363 5185 parum
394 5117 526 5171 lucis
558 5115 646 5172 hic
671 5115 823 5174 locus
856 5115 1106 5185 accipiet.
1123 5116 1174 5185 si
1218 5127 1495 5185 eumeum
1527 5111 1622 5168 lib.

68 5179 153 5258 Ide
183 5181 431 5258 ﬂaradiso
462 5187 577 5258 cap.
611 5188 664 5254 2,
696 5205 844 5245 num.
882 5187 939 5241 11
964 5179 990 5252 ,’
1010 5183 1258 5258 conferre
1293 5181 1549 5258 volueris.

124 5250 150 5290 δ
187 5247 307 5311 Mss.
363 5247 975 5323 η‹›ιιιιιί11ἰ,’(31ινὶεηιηι’
1010 5273 1111 5311 non
1163 5254 1399 5310 innitaris.
1454 5252 1629 5307 Minus

71 5333 228 5391 recte;
251 5327 404 5383 istum
427 5330 567 5383 enim
587 5339 792 5384 certum
816 5336 900 5383 est
920 5326 1106 5383 referri
1131 5325 1198 5382 ad
1217 5341 1430 5382 servum
1453 5323 1632 5386 i|lum.

73 5391 126 5471 εἷς
161 5411 259 5471 quo
302 5399 549 5471 proxime
600 5409 723 5454 ante
768 5399 972 5454 dictum
1019 5397 1139 5454 fuit.
1175 5397 1415 5471 Adverte
1451 5405 1632 5471 autem

74 5461 192 5518 illud
219 5461 322 5523 non
351 5469 638 5539 admodum
669 5484 792 5526 esse
823 5471 1080 5539 usitatum
1102 5511 1117 5536 ,
1157 5479 1216 5526 ut
1259 5466 1379 5539 quis
1399 5467 1473 5539 ad
1501 5468 1637 5522 ami-

73 5546 177 5587 cum
220 5538 472 5607 privatim
514 5537 756 5606 scribens
783 5581 797 5605 ,
831 5537 1026 5595 litteris
1070 5541 1186 5596 suis
1236 5537 1475 5594 niorales
1500 5553 1638 5607 prte-

75 5607 348 5685 qeptiones,
381 5607 666 5685 quaealios
693 5619 958 5685 spectent,
991 5620 1266 5685 aspergat,
1290 5607 1640 5685 quemadmo-

76 5671 183 5732 dum
213 5677 298 5736 hic
324 5671 381 5738 et
401 5671 477 5736 'in
507 5679 612 5736 iiue
640 5671 980 5738 Ambrosius.
1029 5671 1280 5739 Attamen
1308 5671 1455 5738 haud
1495 5679 1641 5739 absi-

1734 4553 1945 4622 pretio;
1978 4551 2102 4624 quia
2131 4551 2428 4609 secundum
2459 4550 2659 4623 Legem
2693 4553 3062 4623 unusquisque
3093 4567 3190 4622 per
3220 4553 3322 4609 Le-

1734 4659 1852 4715 gem
1884 4643 2252 4700 redimebatur
2276 4662 2290 4699 :
2312 4644 2402 4713 qui
2434 4653 2617 4698 autem
2648 4644 2945 4700 secundum
2977 4643 3327 4714 Evangelium

1735 4736 2024 4792 redimitur
2052 4778 2066 4804 ,
2094 4735 2256 4792 solvit
2283 4731 2598 4791 drachmam
2624 4733 2920 4791 secundum
2949 4731 3172 4806 Legem,
3201 4747 3329 4790 san-

1733 4893 1892 4954 miles
1913 4897 2324 4965 exhortationes
2349 4893 2593 4962 reperias
2615 4892 2755 4965 apud
2781 4891 3169 4965 Hieronymum
3191 4892 3336 4950 sicut

1733 4971 1785 5025 in
1815 4969 1974 5040 epist.
2012 4968 2136 5040 128,
2166 4966 2231 5022 ad
2277 4959 2587 5028 Fabiolam,
2621 4959 2678 5018 et
2722 4959 3284 5040 129,-ad_Dardanum
3314 4980 3330 5030 ;

1732 5033 1878 5096 unde
1904 5037 2162 5109 conjicias
2190 5047 2476 5109 utrumque
2507 5043 2753 5109 sanetum
2784 5033 3043 5109 epistolas
3068 5047 3195 5109 suas
3226 5051 3328 5106 pu-

1733 5110 1856 5166 bliei
1877 5101 2023 5180 juris
2048 5116 2141 5163 aut
2185 5107 2301 5163 fore
2352 5101 2711 5176 pi'tevidisse,
2749 5101 2844 5160 aut
2898 5104 3106 5159 l'ortcan
3150 5101 3332 5164 iacere

1735 5181 2064 5237 decrevisse.

1814 5263 1834 5290 ο
1878 5251 2009 5306 Cod.
2043 5249 2165 5305 Vat.
2189 5247 2400 5303 Thuan.
2435 5255 2490 5302 et
2519 5243 2691 5312 Belv.,
2721 5256 2911 5300 sortem
2927 5257 3205 5315 exsortem,
3230 5245 3336 5305 hoc

1738 5333 1861 5390 est,
1893 5337 2082 5376 vanam
2125 5329 2288 5390 atque
2330 5318 2606 5383 inutilem,
2639 5326 2827 5390 utpote
2870 5328 3181 5390 terrenam;
3224 5336 3336 5376 non

1738 5387 1899 5474 secus
1928 5387 2216 5474 ac‘dicitur
2237 5406 2263 5443 a
2291 5390 2498 5448 Griecis
2518 5390 2628 5464 βίος·
2654 5389 2897 5474 astam,
2923 5391 3085 5474 χᾴθις
3113 5387 3335 5462 ἄχαρις,

1740 5465 1902 5542 δῶρον
1947 5461 2170 5541 ἆδωρονς
2206 5461 2567 5542 mss..tamen
2613 5461 2797 5542 caeteri
2840 5461 3064 5542 et_edit.
3109 5461 3336 5542 attines,

1741 5531 1929 5591 sortem
1961 5551 2022 5590 ea:
2053 5531 2208 5601 iorte,
2240 5531 2495 5588 nimirum
2529 5531 2831 5602 portionem
2865 5531 3007 5586 illius
3036 5533 3342 5601 possessio-

1745 5609 1846 5674 nis,
1882 5622 2004 5674 qua:
2046 5607 2098 5660 in
2145 5605 2318 5674 prima
2364 5602 2633 5658 divisione
2670 5617 2733 5658 ac
2783 5601 3074 5660 sortitione
3112 5601 3345 5674 singulis

1746 5677 1995 5736 tribubus
2019 5677 2278 5734 attributa
2307 5683 2410 5731 est.
