3936 6168
606 234 709 292 9H
1965 208 2212 270 SANCTI

2249 199 2576 266 AMBROSII
3765 189 3842 252 9H.

599 346 764 418 guine
787 339 1068 398 redimitur
1093 333 1298 390 Christi
1330 329 1629 387 secundum
1656 327 1908 398 gratiam,
1931 327 2206 396 geminam
2235 329 2284 390 Α
2317 329 2455 401 (Col.
2487 344 2525 392 ι,
2555 323 2666 394 15).
2695 321 2972 377 Conﬁtere
2996 332 3118 373 eum
3153 316 3203 370 in
3230 315 3394 387 Lege,
3415 322 3473 369 ut
3495 327 3611 369 cum
3637 313 3685 368 in
3704 313 3841 367 Evan-

606 437 818 493 habens
869 427 1337 497 redemptionem,
1371 432 1425 479 et
1455 419 1760 478 devotionis
1804 427 1860 473 et
1903 418 2203 488 sanguinis.

607 531 718 586 Nec
750 526 894 582 enim
929 522 1060 577 ﬁdes
1091 520 1205 575 sola
1247 517 1315 572 ad
1359 513 1743 587 perfecﬁoncm
1790 510 1924 567 satis
1967 521 2071 576 est,
2104 510 2207 564 nisi

611 619 776 675 etiam
807 612 1150 685 baptismatis
1193 608 1525 679 adipiscatur
1554 606 1776 676 gratiam
1803 646 1818 671 ,
1850 611 1875 639 α
1906 611 1962 658 et
1991 601 2209 670 sangui-

609 727 736 768 nem
761 707 966 763 Christi
995 705 1312 773 redemptus
1339 699 1589 771 accipiat.
1617 698 1766 753 Bona
1797 709 1928 766 ergo
1951 693 2208 750 drachma

609 820 734 876 qua:
763 801 876 858 Deo
905 799 1156 855 solvitur.
1968 785 1971 788 ’
2152 794 2160 802 ·

680 894 710 932 ι’
749 893 870 949 Non
915 901 1000 948 est
1048 889 1308 946 drachma
1358 888 1648 954 denarius,
1675 883 1770 941 sed
1801 883 2072 938 diversum
2102 891 2205 936 est.

608 986 855 1056 Denique
890 984 946 1039 in
989 983 1215 1039 denario
1248 983 1426 1051 imago
1457 979 1693 1034 Caesaris
1723 985 1837 1044 est,
1869 977 1922 1031 in
1949 975 2207 1031 drachma

606 1082 788 1150 imago
814 1077 913 1133 Dei
945 1075 1159 1148 (Matth.
1193 1090 1307 1128 χιιι
1328 1113 1343 1140 ,
1373 1072 1503 1143 21);
1535 1072 1662 1143 quia
1691 1071 1853 1125 unius
1880 1079 1961 1124 est
1991 1069 2112 1134 Dei,
2141 1067 2208 1123 ad

605 1171 966 1228 imitationem
1000 1167 1192 1237 ipsius.
1225 1166 1310 1220 Ab
1352 1180 1459 1219 uno
1506 1163 1734 1233 incipit,
1769 1171 1824 1217 et
1849 1161 1903 1217 in
1936 1160 2207 1216 inﬁnitum

607 1261 931 1320 diffunditur
963 1278 977 1313 :
1011 1268 1066 1315 et
1097 1259 1293 1314 iterum
1325 1257 1392 1312 de
1436 1255 1648 1310 inﬁnito
1678 1269 1905 1308 numero
1936 1251 1990 1306 in
2019 1266 2204 1314 unum,

603 1357 762 1428 quasi
808 1355 862 1410 in
916 1353 1078 1408 ﬁnem
1127 1352 1310 1405 omnia
1357 1359 1738 1411 revertuntur;
1789 1345 1914 1415 quia
1963 1343 2106 1398 Deus
2155 1351 2210 1396 et

605 1448 933 1522 principium
965 1455 1021 1501 et
1051 1445 1173 1499 ﬁnis
1202 1441 1446 1498 omnium
1476 1451 1579 1496 est.
1616 1438 1768 1495 Unde
1795 1453 1894 1492 nec
1923 1451 2206 1490 numerum

604 1544 838 1600 monada
865 1582 880 1607 ,
923 1539 1019 1594 sed
1068 1538 1398 1593 elementum
1445 1531 1697 1597 numeri,
1741 1529 1937 1600 quibus
1977 1542 2042 1582 ea
2078 1542 2206 1581 cura

603 1645 708 1701 est,
739 1633 1168 1703 appellaverunt.
1201 1628 1268 1681 Et
1297 1626 1399 1680 hoc
1446 1632 1734 1693 propterea
1781 1621 2050 1684 diximus,
2081 1619 2204 1688 quia

2312 420 2456 490 gelio
2506 428 2889 487 recognoscas.
2934 411 2993 468 Si
3042 407 3341 480 cognovisti
3386 407 3440 462 in
3489 403 3843 470 mandatis,rc-

2312 524 2583 582 cognosce
2629 507 2682 562 in
2733 504 3010 576 operibus.
3058 500 3191 556 Vale
3215 542 3228 564 ,
3259 510 3316 555 et
3346 497 3392 554 si
3424 513 3529 552 non
3574 495 3843 552 infructuose

2311 602 2690 658 didrachmum
2716 596 2858 652 istud
2882 595 3229 651 commissum
3255 591 3390 646 mihi
3417 589 3574 662 733
3596 587 3838 648 arbitraris,

2313 695 2507 749 iterum
2539 692 2584 747 si
2613 689 2743 762 quid
2775 688 2942 744 habes
2963 727 2978 752 ,
3012 683 3355 740 committere
3386 697 3456 738 ne
3482 679 3790 736 dubitaveris.

2827 775 3162 836 EPISTULA
3200 775 3312 831 Vlll
3341 787 3388 830 (ε.

2313 882 2570 938 Adversus
2597 896 2680 935 eos
2711 917 2725 943 ,
2755 877 2840 946 qui
2871 873 3151 930 secundum
3180 878 3342 924 artem
3369 867 3611 940 negabant
3633 864 3842 935 scripsisse

2383 991 2555 1031 sacros
2604 981 2868 1035 auctores,
2909 965 3172 1021 contendit
3204 963 3264 1017 ab
3315 962 3396 1015 Itis
3439 960 3562 1029 ipsis
3588 958 3693 1012 illos
3711 957 3778 1026 qui
3797 955 3842 1008 dc

2383 1069 2565 1124 eadem
2608 1075 2716 1120 arte
2764 1068 3146 1134 prteceperunt,
3197 1054 3506 1126 expressisse
3548 1052 3715 1121 placita
3757 1066 3840 1101 sua.

2383 1160 2518 1215 Tum
2545 1156 2819 1227 propositis
2854 1168 3122 1210 sacrorum
3153 1149 3388 1204 codicum
3413 1146 3600 1217 aliquot
3623 1142 3754 1208 locis,
3786 1140 3844 1192 di-

2383 1254 2530 1311 cendi
2552 1254 2685 1323 leges
2708 1250 2818 1304 illic
2847 1247 3039 1302 servari
3060 1244 3239 1300 sedulo
3265 1242 3466 1314 probat.

2820 1354 3113 1398 Αιηςιιοειυε
3138 1335 3165 1374 ά
3205 1337 3397 1394 Jus'ro.

2385 1445 2437 1497 l.
2480 1441 2689 1512 Negant
2734 1434 2980 1508 plerique
3026 1442 3050 1470 ε
3103 1440 3323 1486 nostros
3388 1426 3663 1485 secundum
3714 1433 3844 1480 artem

2311 1534 2618 1605 scripsisse.
2646 1531 2756 1586 Nec
2787 1544 2887 1585 nos
2916 1528 3252 1591 obnitimur;
3293 1539 3402 1579 non
3427 1523 3564 1579 enim
3605 1517 3844 1576 secundum

2313 1635 2484 1681 artem
2507 1624 2858 1694 scripserunt,
2881 1617 2979 1675 sed
3006 1616 3305 1674 secundum
3334 1615 3577 1686 gratiam,
3597 1625 3701 1682 quae
3716 1624 3844 1678 super

605 1727 871 1794 scriptum
898 1732 982 1778 est
1015 1741 1028 1777 :
1062 1721 1173 1792 Ego
1203 1737 1317 1774 sum
1349 1743 1381 1774 α
1410 1727 1456 1772 et
1489 1742 1528 1771 ω
1555 1759 1570 1783 ,
1598 1717 1796 1786 primus
1825 1724 1872 1768 et
1900 1714 2206 1767 novissimus
2237 1718 2286 1779 B
2315 1731 2536 1773 omnem
2564 1723 2736 1770 artem
2767 1724 2880 1778 est;
2915 1711 3253 1780 scripserunt
3283 1707 3428 1763 enim
3447 1719 3561 1776 qua:
3583 1700 3778 1771 Spiritus
3797 1698 3844 1752 iis

603 1818 790 1888 (Apoc.
823 1831 875 1881 ι,
910 1813 1001 1884 8);
1035 1823 1088 1868 et
1130 1830 1144 1866 :
1177 1811 1316 1865 Audi
1358 1809 1562 1874 Israel,
1598 1807 1852 1862 Dominus
1899 1806 2040 1861 Deus
2086 1815 2204 1861 tuus

603 1909 748 1964 Deus
775 1924 908 1962 unus
935 1917 1009 1961 est
1041 1905 1220 1980 tDeut.
1250 1921 1322 1968 vt,
1354 1903 1431 1975 4).

675 2001 769 2055 22.
812 2001 878 2055 Et
923 2007 978 2053 tu
1025 2013 1156 2068 ergo
1195 1995 1263 2050 ad
1310 1995 1720 2050 similitudinem
1759 1993 1855 2048 Dei
1903 2008 2040 2048 unus
2084 2002 2204 2048 esto

604 2103 768 2164 atque
794 2092 938 2146 idem
967 2108 978 2143 :
1002 2106 1110 2145 non
1151 2088 1314 2142 hodie
1345 2088 1563 2142 sobrius
1587 2129 1602 2153 ,
1630 2103 1753 2142 cras
1795 2087 2015 2141 ebrius:
2043 2086 2204 2142 hodie

606 2185 886 2256 paciﬁcus,
918 2183 1155 2239 crastina
1185 2181 1275 2235 die
1319 2179 1583 2250 litigiosus
1611 2197 1622 2232 :
1652 2179 1815 2234 hodie
1860 2177 2022 2249 frugi,
2055 2195 2206 2234 cras-

607 2279 719 2333 tina
767 2276 856 2331 die
914 2275 1308 2338 incontinens;
1350 2281 1590 2327 mutatur
1642 2272 1786 2326 enim
1833 2271 2206 2341 unusquisque

604 2385 821 2428 morum
854 2369 1136 2430 varietate,
1161 2375 1216 2421 et
1246 2366 1306 2419 ﬁt
1333 2365 1470 2419 alter
1496 2383 1508 2418 :
1534 2364 1716 2435 inquo
1744 2381 1849 2418 non
1871 2364 2203 2436 agnoscitur,

605 2462 754 2534 quod
798 2463 934 2528 fuit,
966 2469 1021 2514 ct
1052 2458 1241 2528 incipit
1268 2472 1426 2524 esse,
1459 2457 1604 2528 quod
1632 2473 1738 2512 non
1771 2457 1898 2523 fuit,
1933 2458 2014 2511 sui
2040 2457 2204 2526 dege-

607 2571 730 2611 ner.
762 2554 940 2610 Grave
971 2561 1055 2608 est
1084 2551 1227 2606 enim
1261 2549 1456 2604 tnutari
1489 2550 1541 2602 in
1573 2549 1726 2619 pejus
1753 2565 1764 2601 :
1794 2549 1889 2604 sed
1921 2559 2039 2602 esto
2066 2549 2208 2601 sicut

606 2653 788 2718 imago
819 2649 872 2701 in
905 2645 1164 2701 drachma
1191 2686 1205 2708 ,
1251 2643 1608 2697 immutabilis
1632 2681 1648 2708 ,
1681 2641 1930 2696 eumdem
1963 2640 2204 2694 habitum

607 2754 834 2796 servans
860 2736 1125 2807 quotidie.
1155 2735 1358 2790 Videtis
1390 2734 1703 2789 drachmam
1725 2774 1740 2798 ,
1773 2732 1993 2787 attende
2021 2733 2208 2802 imagi-

609 2844 756 2890 nem.
787 2827 890 2880 hoc
921 2835 1025 2893 est,
1053 2826 1242 2881 videns
1292 2825 1522 2895 Legem,
1553 2824 1773 2879 attende
1801 2825 1852 2878 in
1898 2823 2040 2892 Lege
2073 2823 2206 2877 ima-

608 2921 788 2991 ginem
818 2919 915 2973 Dei
945 2918 1258 2983 Christum;
1296 2919 1422 2988 quia
1453 2919 1566 2988 ipse
1594 2919 1768 2988 imago
1793 2917 1889 2972 Dei
1921 2917 2206 2971 invisibilis

612 3020 668 3067 ct
695 3008 1124 3079 incorruptibilis
1146 3051 1162 3076 ,
1198 3009 1380 3064 luceat
1411 3010 1504 3066 tibi
1537 3011 1686 3078 velut
1715 3011 1766 3064 in
1797 3009 2018 3080 speculo
2049 3009 2206 3080 Legis

2310 1809 2458 1881 loqui
2493 1807 2676 1863 dabat.
2733 1804 2843 1862 Sed
2885 1814 3066 1859 tamen
3099 1802 3155 1867 ii,
3190 1801 3284 1871 qui
3317 1799 3387 1854 de
3413 1808 3525 1852 arte
3545 1795 3842 1862 scripserunt,

2308 1903 2376 1959 de
2397 1916 2584 1958 eorum
2618 1899 2841 1969 scriptis
2868 1906 3041 1952 artem
3073 1895 3424 1957 invenerunt,
3454 1898 3509 1945 et
3548 1884 3844 1944 condiderunt

2306 2002 2612 2050 commenta
2639 1991 2794 2056 artis,
2820 1997 2875 2046 et
2899 1986 3208 2059 magisteria
3242 1985 3261 2057 (
3287 1983 3402 2038 Act.
3428 1997 3490 2046 ιι,
3512 1981 3543 2036 4
3564 1979 3601 2051 ).

2379 2087 2433 2141 2.
2481 2085 2719 2155 Denique
2745 2084 2796 2137 in
2829 2090 2946 2136 arte
2987 2081 3342 2150 requiruntur
3393 2073 3665 2145 prmcipue,
3707 2076 3754 2122 ut
3793 2065 3843 2120 sit

2310 2178 2492 2244 αἴτιον,
2526 2179 2641 2241 ὕλη,
2673 2175 3031 2245 ἀποτέλεσμας
3059 2187 3179 2226 cum
3209 2169 3375 2240 igitur
3405 2167 3629 2236 legamus
3649 2168 3842 2217 sanctum

2316 2270 2335 2308 ί
2370 2271 2518 2326 lsaac
2558 2270 2702 2324 Patri
2740 2267 2922 2323 dicere
2957 2285 2968 2318 :
3003 2264 3136 2319 Ecce
3163 2264 3300 2334 ignis
3345 2273 3391 2316 et
3437 2260 3586 2333 ligna,
3612 2256 3682 2311 ubi
3716 2251 3842 2306 Itoslitt

2315 2363 2334 2436 (
2362 2363 2493 2418 Gen.
2528 2379 2662 2427 χχιι,
2692 2361 2724 2415 7
2751 2359 2798 2430 )7
2821 2358 2946 2430 quid
2969 2359 3158 2412 horum
3187 2355 3384 2410 deest?
3412 2352 3539 2408 Nam
3565 2349 3644 2421 qui
3672 2344 3840 2417 qtlxril.

2309 2435 2521 2512 dubitat
2547 2475 2560 2511 :
2595 2455 2684 2526 qui
2715 2451 3008 2523 respondet
3043 2449 3336 2522 quatrenti,
3366 2443 3674 2519 pronuntiat,
3701 2447 3747 2494 et
3769 2435 3840 2491 du-

2312 2549 2624 2604 bitationem
2649 2546 2896 2601 absolvit.
2920 2544 3058 2598 Ecce
3083 2542 3247 2612 ignis,
3267 2541 3321 2596 id
3345 2549 3426 2595 est
3443 2537 3590 2595 αἴτιον
3613 2553 3624 2589 :
3650 2541 3698 2589 et
3715 2532 3837 2602 ligna,

2312 2641 2364 2696 id
2393 2651 2496 2707 est,
2515 2641 2629 2702 ὕλη,
2659 2654 2778 2709 qua:
2798 2637 2990 2692 Latine
3019 2634 3246 2690 materia
3266 2634 3464 2689 dicitur
3492 2648 3506 2685 :
3536 2626 3725 2683 tertium
3743 2621 3837 2694 quid

2313 2743 2580 2804 superest,
2617 2731 2719 2786 nisi
2749 2731 3101 2801 ἀποτέλεσμα,
3133 2726 3278 2797 quod
3310 2718 3702 2794 ﬁliusquzesivit,
3729 2723 3841 2784 pater

2311 2826 2497 2880 retulit
2544 2823 2764 2878 dicenti.
2802 2821 2900 2876 Ubi
2931 2819 3143 2874 hostia?
3180 2817 3347 2884 Deus,
3400 2815 3585 2886 inquit,
3623 2806 3841 2882 providebit

2312 2916 2407 2969 sibi
2438 2914 2773 2983 sacri/icium,
2806 2913 2884 2981 ﬁli
2918 2911 3128 2983 (Ibid.,
3161 2908 3253 2981 8).

2387 3007 2439 3060 5.
2485 3015 2507 3051 8
2556 3004 2884 3059 Differamus
2942 3002 3217 3073 paulisper
3273 2999 3601 3073 mysterium.
3651 2985 3838 3049 Ostendit

683 3155 710 3181 η
749 3144 826 3198 Ita
854 3151 960 3214 vet.
996 3141 1215 3214 edit._ac
1247 3157 1381 3198 mss.
1415 3160 1585 3214 prope
1615 3145 1678 3198 ad
1712 3160 1876 3198 unum
1912 3161 1924 3196 :
1955 3145 2202 3199 nonnulli
2233 3149 2279 3212 C
2313 3145 2472 3201 tianis
2543 3143 2674 3212 ipsis
2706 3184 2719 3207 ,
2785 3143 2876 3213 qui
2939 3141 3261 3212 objectionis
3315 3146 3639 3214 agnoverunt
3689 3131 3837 3214 syri“-

615 3226 794 3271 tamen
826 3223 880 3297 et
905 3213 1068 3297 _Rom.
1091 3212 1250 3279 edit.,
1278 3212 1528 3284 sanguine
1549 3215 1742 3269 Christi
1771 3215 2064 3285 redemptus
2092 3232 2208 3270 cru-

615 3304 720 3341 cem
750 3292 989 3355 accipiat.

686 3356 714 3395 ι)
753 3355 835 3410 Att
863 3353 1124 3408 drachma
1152 3364 1206 3409 et
1232 3353 1486 3408 denarius
1525 3355 1697 3424 pretio
1741 3355 1883 3409 inter
1929 3371 1987 3410 se
2013 3372 2211 3411 conve-

619 3429 808 3492 niant,
839 3425 1171 3480 dissentiunt
1213 3425 1356 3477 inter
1398 3439 1489 3486 se,
1521 3435 1579 3478 ut
1623 3425 1861 3478 Nannius
1898 3426 1950 3480 in
1984 3428 2212 3482 scholiis

617 3499 896 3560 observat,
927 3494 1165 3559 Budeus,
1196 3493 1460 3566 Alciatus,
1493 3505 1654 3564 atque
1681 3495 1824 3551 Rod.
1847 3497 2122 3566 Agricola,
2145 3499 2212 3553 ad

616 3583 753 3641 quos
803 3566 1130 3641 hujustnotli
1155 3565 1428 3641 studiosos
1469 3565 1797 3641 eruditionis
1846 3565 2209 3636 remittimus,

617 3635 759 3698 sicut
810 3635 886 3694 et‘
913 3637 981 3692 ad
1026 3635 1445 3708 Villapandum,
1498 3636 1880 3692 Brerewodum
1923 3653 1987 3692 ac
2028 3635 2214 3694 Vallo;-

620 3727 771 3768 num.

697 3794 720 3822 ο
761 3781 972 3851 Scripta
1000 3789 1125 3833 ante
1151 3794 1278 3834 ann.
1307 3779 1433 3851 581.

693 3851 721 3889 ιι
760 3850 1196 3908 Veriadmodum
1220 3850 1397 3904 simile
1411 3858 1519 3914 est,
1549 3865 1670 3905 cum
1701 3852 2020 3908 Ambrosius
2039 3863 2216 3909 extre-

626 3926 729 3978 mis
760 3924 966 3978 ultima:
995 3921 1239 3988 epistolae
1262 3921 1439 3975 verbis
1464 3920 1620 3977 Justo
1647 3931 1965 3990 potestatem
2000 3923 2218 3979 fecisset

626 3995 808 4073 denuo
838 3993 980 4073 circa
1009 3993 1336 4073 scripturas,
1387 3994 1431 4073 si
1482 3993 1607 4063 quid
1631 3994 1934 4073 videretur,
1986 3995 2218 4050 interro-

628 4062 821 4135 gandi;
862 4062 1004 4135 hunc
1041 4062 1109 4135 ab
1146 4078 1213 4135 eo
1252 4062 1585 4117 sciscitatum
1626 4064 1814 4135 fuisse,
1851 4065 2110 4135 quidnam
2151 4066 2219 4120 de

628 4134 770 4214 stle
800 4143 855 4187 et
882 4132 1094 4188 dicendi
1113 4133 1454 4214 charactere,
1484 4150 1641 4214 quem
1673 4132 1915 4214 sederis
1938 4137 2220 4205 utriusque

628 4205 922 4286 scriptores
977 4205 1149 4286 secuti
1191 4213 1338 4282 sunt,
1371 4205 1635 4259 sentiret:
1675 4207 1936 4286 illumque
1981 4208 2082 4262 hac
2134 4223 2220 4262 re-

627 4274 922 4344 sponsione
953 4273 1196 4344 ejusdem
1229 4275 1556 4344 interrogato
1585 4273 1931 4331 satisfecisse.

704 4355 736 4427 °_
769 4343 924 4411 Quod
956 4343 1252 4424 negabatur
1281 4358 1311 4396 a
1351 4343 1624 4427 plerisque
1661 4360 1728 4399 ex
1771 4349 2220 4427 artisprteceptis

629 4417 834 4485 scripta
855 4417 1239 4485 composuisse
1271 4428 1457 4485 sacros
1483 4425 1752 4479 auctores,
1781 4417 1982 4471 nemini
2021 4421 2218 4473 mirum

627 4482 801 4541 videri
831 4484 1012 4540 debet.
1038 4482 1268 4554 Namde
1283 4483 1679 4553 veteriquidem
1703 4485 2071 4554 Testamento,
2096 4489 2222 4544 licet

632 4558 826 4627 partim
854 4571 884 4609 a
913 4554 1096 4627 Moyse
1127 4553 1178 4606 in
1206 4551 1579 4627 Egyptiorum
1597 4557 1862 4625 sapientia
1891 4551 2222 4627 peritissimo

631 4625 910 4699 exaratum
951 4626 1044 4699 sit,
1092 4629 1291 4699 partim
1335 4625 1403 4699 ab
1445 4626 1567 4679 aliis
1603 4641 1830 4694 quorum
1881 4625 1986 4682 non
2021 4645 2222 4699 paucos

631 4697 900 4767 tnultijugi
930 4695 1175 4769 doctrina
1207 4695 1448 4749 excultos
1475 4705 1720 4769 constat;
1775 4707 1954 4752 tamen
1999 4695 2120 4769 quia
2151 4702 2221 4757 ob

632 4765 810 4822 raram
854 4765 1167 4838 primigenii
1194 4768 1507 4838 eorumdem
1544 4767 1802 4821 librorum
1833 4765 2100 4825 sermonis
2130 4787 2222 4826 co-

633 4836 953 4909 gnitionem,
1001 4837 1116 4909 fere
1161 4853 1267 4909 non
1311 4836 1444 4909 nisi,
1477 4838 1527 4891 in
1561 4839 1923 4903 versionibus,
1960 4843 2131 4909 iisque
2153 4842 2222 4897 de

634 4907 806 4964 verbo
825 4923 992 4979 prape
1028 4907 1273 4970 redditis,
1311 4907 1648 4978 legebantur,
1684 4909 1807 4965 illos
1839 4907 2062 4967 necesse
2101 4921 2223 4967 erat

632 4996 823 5061 parum
851 4996 961 5048 prae
981 4994 1040 5033 se
1068 4979 1522 5061 ferreelegantim,
1553 4990 1738 5061 utpote
1766 4985 1943 5037 nativa
1972 4997 2067 5036 sua
2098 4999 2220 5051 per-

630 5051 758 5105 inde
788 5065 851 5104 ac
877 5050 1157 5120 peregrina
1207 5049 1514 5105 destitutos.
1555 5049 1706 5117 Quod
1737 5065 1916 5109 autem
1947 5053 2014 5107 ad
2051 5049 2219 5109 navas

632 5120 1044 5193 Tabulas,eum
1077 5134 1262 5193 earum
1303 5121 1595 5190 scriptores
1639 5123 1821 5178 rustici
1872 5140 1934 5178 ac
1982 5125 2217 5193 imperiti

633 5191 854 5255 fuerint,
896 5191 956 5271 si.
977 5188 1490 5271 mo.do_Lucatn,_'et
1521 5193 1765 5257 Paulum,
1788 5195 1878 5262 qui
1913 5188 2090 5249 tamen
2121 5195 2218 5248 Int-

629 5275 805 5313 mante
845 5260 1125 5335 sapientia:
1158 5260 1624 5335 lenociniis‘usutn
1651 5279 1710 5316 se
1733 5260 1912 5334 negat,
1943 5265 2215 5335 excipias;

629 5331 902 5410 quomodo
915 5339 1340 5410 consentaneum
1354 5332 1759 5410 arbitraremur,
1775 5331 1832 5389 ut
1852 5338 2047 5400 scripta
2065 5331 2216 5405 qum?

627 5401 732 5454 sito
761 5409 816 5453 et
839 5400 1112 5456 adscititio
1152 5403 1327 5478 nitore
1357 5404 1671 5478 perpolituri
1709 5408 1924 5478 essent?
1944 5400 2094 5478 Cum'
2119 5408 2216 5478 igi-

627 5481 947 5553 turnostros
975 5471 1258 5553 secundum
1287 5481 1448 5553 artem
1467 5474 1731 5553 scripsisse
1761 5491 1788 5528 a
1819 5477 2091 5546 plerisque
2123 5471 2217 5533 tie-

625 5542 740 5612 gari
772 5541 933 5595 tradit
975 5541 1320 5605 Ambrosius,
1363 5541 1466 5596 hoc
1513 5541 1616 5598 non
1662 5544 1730 5598 de
1777 5541 1907 5600 solis
1935 5541 2138 5602 exteris
2163 5557 2220 5604 et

622 5612 933 5692 inﬁdelibus
963 5681 976 5692 θ
1004 5613 1374 5692 accipiendum
1395 5683 1408 5692 .
1438 5622 1522 5668 est
1550 5655 1566 5678 ,
1617 5629 1647 5667 a
1704 5616 1897 5692 quibus
1949 5616 2218 5692 frequens

607 5681 916 5750 jactabatur
963 5681 1153 5738 isthaec
1175 5683 1447 5740 accusatio
1475 5701 1489 5740 :
1522 5699 1707 5741 verum
1721 5681 1901 5742 'etiam
1931 5686 2001 5744 de
2045 5681 2219 5746 chris-

2318 3227 2448 3272 tem.
2501 3201 2766 3283 Namque,
2802 3201 2875 3283 'ut
2941 3201 3258 3267 omittamus
3299 3201 3437 3267 alios
3479 3211 3663 3283 plures,
3701 3201 3838 3283 Qrige‘

2315 3304 2413 3342 nes
2462 3286 2558 3340 lib.
2590 3301 2604 3338 l
2634 3277 2781 3340 cont.
2831 3281 3050 3340 Celsntn
3082 3285 3149 3338 de
3205 3277 3491 3352 apostolis'
3513 3283 3575 3334 ita
3603 3277 3834 3352 loquitur:

2319 3358 2440 3411 Non
2470 3358 2628 3419 enim,
2676 3355 2872 3424 inquit,
2904 3355 3015 3408 ulla
3046 3356 3124 3408 Itis
3155 3346 3323 3408 inerat
3362 3371 3426 3408 ea:
3450 3364 3556 3406 arte
3576 3346 3749 3424 dicendi
3769 3346 3835 3422 vis.

2315 3431 2418 3482 sive
2439 3413 2809 3495 pronuntiandi
2827 3439 2844 3480 :
2861 3413 2939 3480 uel
2970 3443 3061 3493 pro
3085 3424 3386 3478 Grtrcorum
3403 3422 3612 3495 artiﬁcio
3629 3413 3839 3472 dialecu'ra

2315 3493 2538 3569 quodam
2565 3506 2654 3569 aut
2694 3497 2948 3551 rhetorico
2970 3499 3097 3569 ordo
3125 3497 3312 3564 aliquis
3339 3493 3638 3569 autuntodtts,
3667 3503 3748 3569 ι]ξο
3770 3500 3837 3569 ρι’

2317 3557 2504 3622 ᾶὶιονεδ
2529 3568 2812 3620 allicercnt.
2842 3567 3115 3622 Arnobius
3152 3557 3370 3636 quoque
3400 3566 3489 3620 lib.
3514 3580 3528 3617 ι
3555 3563 3664 3636 adv.
3678 3557 3836 3636 Gentes

2320 3656 2426 3695 non
2457 3639 2724 3693 difﬁtetur
2750 3639 2812 3692 ab
2830 3638 3046 3692 indoctis
3068 3624 3362 3692 hominibus
3386 3646 3432 3690 et
3459 3634 3651 3690 rudibus
3674 3624 3836 3685 condita

2301 3726 2442 3786 esse
2481 3725 2645 3786 sacra
2672 3709 2966 3786 volumina,
2999 3724 3226 3786 quorum
3267 3717 3696 3786 sermonem-non
3721 3695 3836 3786 nitido

2321 3782 2570 3836 trivialem
2591 3790 2640 3834 et
2660 3780 2928 3833 sordidum
2949 3767 3206 3849 appellat,
3240 3778 3339 3834 sed
3371 3793 3472 3834 nec
3505 3767 3836 3849 clamitantibus

2321 3868 2409 3908 res
2436 3861 2652 3906 nostras
2683 3847 3100 3904 barbarismis‘ac
3126 3850 3426 3904 solmcismis
3453 3847 3639 3902 obsitas
3657 3855 3754 3896 esse
3773 3851 3834 3913 re-

2323 3907 2582 3994 fragatur,
2616 3922 2919 3994 barbariem
2962 3921 3107 3975 illam
3133 3922 3185 3974 in
3215 3921 3520 3994 christiana:
3546 3929 3700 3994 causae
3725 3907 3836 3992 .utili-

2326 3983 2486 4049 tatém
2517 3983 2857 4048 transtulisse
2885 4000 3194 4055 contentus,
3237 3992 3384 4061 quod
3406 3993 3560 4061 etiam
3582 3987 3643 4041 ab
3660 3983 3836 4049 Origene

2325 4066 2462 4119 libro
2493 4065 2586 4118 cit.
2613 4063 2908 4118 factitatum
2938 4072 3042 4118 est.
3074 4063 3212 4129 Quid
3236 4060 3391 4131 ergo,
3423 4060 3638 4131 inquies,
3664 4069 3719 4131 an
3742 4063 3837 4131 6οης

2325 4145 2406 4190 tra
2435 4144 2706 4189 tantorum
2733 4115 2994 4188 virorum‘
3007 4115 3391 4187 auctoritatem
3408 4115 3582 4186 sac'ros
3595 4115 3772 4182 codices
3789 4115 3836 4169 ad

2323 4206 2757 4275 grammaticales
2791 4219 3028 4259 canones
3071 4212 3316 4268 exactos,
3349 4204 3432 4258 vel
3455 4198 3711 4275 rhetoricis
3742 4190 3835 4275 llos:

2323 4257 2910 4331 gulis—vetcalamistris
2941 4257 3196 4344 comptos
3217 4257 3427 4329 asserit
3450 4274 3625 4344 doctor
3662 4257 3835 4344 nostet

2325 4347 2542 4402 Minime
2571 4362 2734 4401 sane:
2769 4345 2873 4400 hoc
2911 4341 3082 4400 enim'
3107 4361 3273 4400 unum
3323 4342 3600 4407 contendit,
3644 4341 3835 4413 auctores

2325 4433 2512 4472 sacros
2541 4432 2663 4486 qum
2703 4415 2770 4471 ad
2819 4417 3079 4486 cujusque
3126 4417 3202 4471 rei
3236 4417 3590 4486 cognitionem
3625 4411 3836 4486 [ταφῳ

2328 4479 2643 4558 exponenda
2673 4497 2820 4553 sunt,
2847 4479 2918 4540 ita
2947 4479 3384 4556 eipressissefut
3409 4483 3618 4556 posteris
3640 4479 3832 4558 formati].

2325 4547 2580 4625 ex'cujus
2624 4547 3124 4612 observatione'ars
3168 4547 3359 4614 confici
3407 4547 3594 4628 posset,
3622 4547 3835 4628 relinqui:

2327 4640 2449 4686 rent
2475 4620 2662 4699 {quod
2689 4629 2904 4698 quidem
2949 4643 3072 4683 cum
3098 4631 3222 4700 styli
3253 4620 3583 4700 simplicitate
3608 4627 3687 4674 aut
3709 4620 3833 4670 etiam

2324 4701 2570 4756 barbarie
2598 4704 2905 4769 neutiquam
2929 4710 3151 4769 pugnat.
3478 4768 3484 4769 ί
3645 4759 3694 4769 λ,
3713 4757 3739 4769 ,,

2403 4772 2420 4809 ί
2455 4771 2580 4826 llaec
2609 4781 2663 4825 et
2691 4757 2946 4842 pleraque
2974 4757 3078 4842 alia
3123 4771 3281 4842 hujus
3301 4768 3535 4842 epistulae
3562 4779 3618 4819 ex
3645 4757 3832 4842 Philonis

2325 4841 2462 4896 lihro
2486 4842 2553 4896 de
2580 4835 2824 4912 Profugis
2848 4835 3025 4896 hausit
3055 4835 3389 4899 Ambrosius.
3423 4838 3487 4894 Ut
3509 4845 3665 4890 autem
3686 4835 3832 4912 ΜΗ·

2325 4915 2442 4968 nori
2475 4894 2696 4982 negotio
2717 4894 2934 4983 capias,
2960 4894 3481 4969 adverte-[Shilonetn
3510 4919 3652 4976 agere
3671 4894 3824 4983 colligi

2324 4966 2412 5038 de
2431 4966 2799 5038 scientiarum.
2822 4966 3124 5052 adeptione
3148 4966 3178 5037 ί
3193 4966 3321 5039 ubi.
3335 4966 3596 5051 postquam
3636 4966 3830 5052 expositi}

2321 5055 2686 5125 quadruplicis
2710 5055 2922 5126 generis
2941 5041 3232 5126 'hominum
3247 5041 3628 5116 ali'éctus'atque
3652 5041 3826 5126 σοξηξιξξ

2322 5112 2450 5194 erga
2480 5112 2785 5190 scientiam,
2834 5124 3053 5180 secundi
3083 5127 3319 5195 generis,
3367 5112 3826 5195 nempe'eoruttlquf

2320 5183 2706 5266 etqurrerent
2731 5183 2898 5258 illam,
2947 5205 3017 5266 et,
3043 5183 3366 5266 invvenirent,
3405 5183 3609 5260 ﬁgurant
3634 5183 3823 5266 fuisse}:

2318 5241 2559 5334 Josepho
2585 5277 2745 5336 atque
2769 5241 2970 5322 [saacio
2990 5241 3168 5320 docet:
3316 5241 3504 5336 ai.th
3515 5271 3620 5314 eam
3645 5241 3824 5336 reﬂ}

2321 5313 2589 5391 monstret
2631 5313 2700 5392 die
2730 5313 2957 5402 Isaaeio,
3205 5313 3500 5406 apter-idem
3526 5313 3694 5406 causes

2323 5408 2407 5489 sui
2433 5407 2816 5489 inter-rogando
2873 5392 3162 5489 apert-terit,
3212 5392 3472 5489 quamque
3515 5392 3818 5453 absolutam:

2325 5487 2494 5548 patre_
2507 5476 2690 5531 tulerit
2713 5476 3146 5548 responsionem,
3180 5476 3426 5532 ostendit.

2398 5556 2422 5592 ις
2462 5545 2620 5600 Rom.
2646 5531 2824 5628 edit}:
2851 5531 3491 5628 ρίεδίνᾳῃιὰδραηιέερεβ
3529 5531 3815 5628 επιςςτξτ,ῇ2,¹ζξ

2326 5632 2456 5673 mss.
2481 5632 2649 5688 prope
2669 5594 2954 5682 universis,
2977 5594 3307 5686 armabit};
3322 5594 3528 5688 illinith
3544 5594 3813 5688 ωθξε

2325 5689 2471 5745 enim
2481 5662 2651 5746 'est";
2661 5662 2786 5761 tque
2798 5662 2884 5748 ".1;
2886 5662 3114 5762 δὲὶιῖἇὲἲῆ
3121 5662 3208 5761 iis,
3213 5662 3307 5746 ’ἱῖ
3322 5662 3492 5760 aut};
3504 5662 3561 5736 in
3597 5675 3721 5748 plura
3736 5662 3814 5716 dir

2251 4533 2299 4594 D
