3936 6168
112 320 205 378 915

1295 319 1784 381 EPISTOLARUM
1823 323 2105 384 CLASSIS
2144 329 2185 386 Ι.

3275 337 3382 394 914

111 436 230 490 Deus
248 435 466 492 arietem
488 436 1677 512 pendentemcornibus(Gen.xxn,l.‘5):aries
1704 443 1758 503 Α
1782 444 1894 498 tum
1923 445 2019 500 Dei
2052 446 2415 514 liberandum,
2466 451 2532 506 ad
2571 466 2752 521 regem
2798 453 3040 526 Egypti,
3090 455 3198 512 ait:
3253 456 3385 523 Quis

107 539 260 584 autem
286 539 363 584 est
388 529 619 586 Verbum
648 533 862 600 plenum
887 535 1314 604 tranquillitatis,
1337 545 1392 590 et
1416 535 1664 592 modera-

105 622 264 688 tionis,
291 633 446 691 atque
477 625 782 694 patientiae;
807 643 914 698 quo
935 628 1237 684 ostenditur
1261 631 1462 684 bonum
1491 631 1662 685 sacri-

103 715 252 770 ﬁcium
298 730 414 770 esse
455 717 791 786 sapientiam,
841 728 896 774 et
938 720 1232 789 prudenter
1286 721 1564 777 emerendi
1595 737 1660 778 ac

101 807 387 878 pr0pitiandi
411 810 672 864 rationem
697 826 1045 881 cognoscere.
1081 812 1237 870 Unde
1283 822 1336 868 et
1392 814 1657 884 pr0pheta

99 905 198 958 ait:
233 903 524 973 Sacriﬁcate
573 907 883 971 sacri/icium
919 908 1140 980 justitite
1195 906 1387 978 (Psal.
1435 923 1516 970 Iv,
1563 908 1653 974 6).

101 994 251 1064 Itaque
297 994 543 1064 iustitiae,
586 997 660 1052 ita
687 1006 744 1052 ut
771 1001 1050 1068 sapientitc
1080 1000 1406 1055 sacrilicium
1437 1009 1541 1054 est.

151 1087 198 1141 4.
236 1085 367 1142 Ecce
386 1103 517 1160 ergo
550 1105 704 1146 mens
724 1092 899 1147 calida
929 1101 984 1147 et
1004 1092 1242 1158 fervens,
1271 1104 1326 1148 ut
1349 1093 1508 1164 ignis,
1537 1109 1658 1164 quae

98 1189 359 1250 operatur:
400 1195 528 1238 ecce
571 1193 623 1239 et
678 1184 1060 1257 intelligibilia,
1121 1187 1174 1242 id
1227 1197 1332 1254 est,
1387 1187 1651 1253 materia;

96 1273 230 1346 784
253 1274 333 1329 ubi
359 1283 444 1330 est
481 1277 717 1343 tertium,
749 1278 1098 1350 intelligere?
1127 1287 1154 1316 η
1178 1278 1319 1334 Ecce
1347 1279 1536 1345 color;
1561 1279 1653 1334 ubi

97 1379 161 1421 ρει
180 1366 382 1422 videre?
411 1367 552 1424 Ecce
580 1369 898 1435 sensibilia;
933 1370 1023 1425 ubi
1053 1378 1139 1426 est
1162 1369 1401 1426 sentire?
1432 1370 1651 1426 Materia

96 1457 211 1510 enim
256 1472 359 1512 non
413 1458 482 1513 ab
527 1461 778 1516 omnibus
809 1460 1054 1524 videtur;
1112 1461 1343 1532 ideoque
1390 1462 1532 1517 Deus
1561 1461 1654 1518 dat

95 1564 253 1603 munus
280 1550 634 1621 intelligendi,
663 1563 720 1608 et
747 1553 1043 1619 sentiendi,
1073 1563 1130 1609 et
1151 1553 1394 1610 videndi.

145 1642 188 1695 5.
216 1641 436 1699 Verbum
489 1661 619 1716 ergo
665 1646 756 1702 Dei
785 1649 1120 1720 ἀποτὲλισμα
1164 1657 1267 1715 est,
1303 1648 1474 1714 idest,
1509 1648 1648 1705 deﬁ-

96 1735 198 1788 nitio
244 1745 294 1790 et
329 1740 728 1794 consummatio
779 1740 1200 1809 disputationis,
1255 1743 1396 1813 quod
1469 1741 1650 1798 infun—

1765 552 1879 589 sum
1910 553 2025 609 ego,
2059 548 2114 593 ut
2135 540 2339 606 vadam,
2371 552 2419 596 et
2449 545 2664 597 educam
2704 545 2865 618 785
2892 540 3145 616 populum
3175 565 3207 602 a
3235 551 3378 618 regis

1764 626 2050 698 potesiate?
2071 631 2372 700 Respondit
2404 635 2696 691 Dominus:
2722 639 2831 708 Ego
2859 656 2944 694 ero
2964 650 3125 694 tecum
3151 641 3169 709 (
3197 641 3373 698 Exod.

1767 718 1950 785 ttt,ll,
1986 719 2096 789 12).
2130 721 2504 794 lnterrogabat
2533 727 2726 781 iterum
2749 729 3004 800 Moyses:
3043 731 3184 798 Quid
3205 732 3378 786 dicam

1763 808 1892 875 illis,
1924 810 1970 863 si
1999 813 2306 880 requirant:
2339 814 2466 882 Quis
2511 826 2586 870 est
2627 816 2902 885 Dominus,
2930 821 3019 890 qui
3056 823 3192 874 misit
3219 831 3286 890 te,
3327 833 3379 877 et

1763 900 1902 968 quod
1929 917 2110 954 nomen
2159 914 2233 957 est
2283 905 2401 958 illi?
2455 905 2606 962 Dixit
2663 908 2956 965 Dominus:
2983 911 3097 984 Ego
3127 930 3242 968 sum
3285 915 3377 983 qui

1761 1009 1897 1048 sum.
1936 994 2135 1050 Dices':
2169 997 2269 1063 Qui
2314 1009 2409 1066 est,
2444 1001 2582 1055 misit
2630 1019 2710 1056 me
2735 1002 2754 1076 (
2779 1001 2953 1058 Exod.
2986 1021 3066 1071 ttt,
3103 1008 3192 1072 15,
3224 1006 3292 1063 14
3323 1009 3370 1078 ).

1763 1086 1875 1143 Hoc
1907 1098 1988 1144 est
2019 1106 2201 1146 verum
2253 1108 2449 1148 nomen
2498 1095 2617 1160 Dei,
2668 1111 2790 1151 esse
2849 1113 3086 1168 semper.
3121 1098 3281 1155 Unde
3309 1111 3370 1157 et

1759 1181 2055 1252 Apostolus
2099 1184 2168 1240 de
2197 1183 2454 1242 Christo:
2505 1186 2603 1242 Dei
2632 1190 2768 1242 enim
2799 1191 2941 1259 ﬁlius
2986 1190 3138 1247 Jesus
3187 1191 3366 1249 Chris-

1760 1284 1860 1339 tus,
1893 1277 1980 1344 qui
2010 1277 2061 1329 in
2090 1277 2231 1332 vobis
2258 1289 2353 1346 est,
2382 1280 2472 1349 qui
2495 1297 2586 1350 per
2606 1298 2699 1335 nos
2712 1283 3024 1352 praedicatus
3042 1294 3134 1352 est,
3173 1301 3265 1355 per
3284 1299 3366 1340 me

1759 1377 1804 1419 et
1843 1367 2128 1437 Sylvanum
2157 1379 2204 1422 et
2253 1369 2614 1439 Timotheum;
2670 1390 2770 1427 non
2807 1376 2944 1446 fuit,
2974 1376 3166 1446 inquit,
3199 1375 3292 1431 Est
3320 1389 3369 1432 et

1760 1457 1882 1512 Non
1916 1477 1934 1514 :
1960 1462 2050 1515 sed
2095 1461 2189 1516 Est
2218 1465 2271 1517 in
2303 1463 2397 1518 illo
2424 1467 2522 1536 fuit
2551 1465 2619 1538 (ll
2649 1467 2767 1521 Cor.
2803 1484 2840 1534 ι,
2875 1469 2942 1524 19
2973 1470 3013 1540 ).
3058 1469 3367 1540 Respondit

1757 1552 1970 1622 Moyses
2003 1569 2014 1604 :
2051 1552 2112 1606 Si
2140 1570 2241 1608 non
2285 1556 2596 1610 crediderint
2644 1557 2792 1625 mihi,
2826 1575 2988 1629 neque
3035 1561 3364 1615 obaudierint

1757 1659 1928 1697 vocem
1952 1661 2135 1708 meam,
2168 1648 2412 1712 dicentes,
2462 1651 2582 1718 quia
2637 1666 2739 1704 non
2778 1653 3026 1721 apparuit
3072 1654 3167 1707 tibi
3194 1653 3360 1719 Deus,

1754 1737 1878 1806 quid
1904 1736 2072 1790 dicam
2101 1738 2243 1808 illis(
2271 1737 2441 1794 Exod.
2477 1756 2549 1805 tv,
2586 1741 2678 1796 iet
2701 1758 2807 1811 seq.
2832 1743 2878 1812 )?
2908 1742 3067 1797 Dedit
3096 1743 3171 1798 illi
3201 1745 3362 1814 signa

91 1827 204 1882 ditur
224 1828 670 1898 prudentioribus,
702 1842 755 1888 et
775 1832 936 1888 dubia
960 1833 1267 1890 confirmat.
1295 1835 1527 1890 Pulchre
1547 1852 1644 1890 au-
1676 1827 1720 1887 Β
1750 1831 2024 1898 facere,ut
2049 1832 2366 1888 crederetur
2395 1834 2518 1904 quia
2546 1849 2574 1887 a
2594 1833 2826 1889 Domino
2858 1836 3058 1890 missus
3088 1843 3194 1891 est.
3225 1835 3360 1891 Ter-

91 1926 174 1973 tem
198 1921 344 1976 etiam
375 1923 433 1989 ii,
469 1925 560 1994 qui
596 1925 648 1978 in
693 1924 984 1981 adventum
1015 1925 1217 1981 Christi
1256 1941 1363 1982 non
1393 1927 1644 1984 credide-

92 2020 207 2078 runt,
235 2029 289 2069 se
314 2015 458 2085 ipsos
479 2018 804 2083 revincunt;
850 2028 909 2072 ut
952 2019 1339 2086 conﬁteantur,
1369 2020 1514 2091 quod
1546 2035 1641 2076 ne-

89 2104 276 2172 gandum
311 2117 521 2178 putant.
545 2108 575 2147 δ
606 2109 804 2166 Dicunt
829 2111 973 2166 enim
1011 2112 1235 2168 arietem
1267 2112 1504 2168 Verbum
1523 2113 1637 2182 Dei,

87 2206 236 2253 etnon
266 2201 490 2256 credunt
552 2203 823 2273 passionis
871 2206 1228 2276 mysterium;
1274 2221 1398 2262 cum
1447 2207 1500 2261 in
1551 2207 1642 2264 illo

86 2292 300 2361 mysterio
329 2281 572 2350 Verbum
593 2296 689 2352 Dei
717 2297 810 2364 sit,
835 2297 888 2352 in
917 2313 1024 2368 quo
1055 2297 1336 2369 impletum
1358 2307 1443 2354 est
1472 2299 1641 2354 sacri-

85 2384 243 2442 licium.

134 2478 176 2533 6.
212 2479 342 2552 Ergo
398 2484 638 2554 primum
695 2485 1056 2541 accendamus
1126 2488 1181 2541 in
1253 2485 1407 2542 nobis
1459 2486 1635 2556 ignem

82 2572 254 2637 mentis,
284 2583 617 2645 utoperetur
645 2578 699 2632 in
729 2578 906 2634 nobis.
933 2577 1254 2647 Quaeramus
1290 2589 1311 2616 ο
1345 2577 1638 2648 subjicien-

84 2663 133 2716 tis
157 2667 437 2735 materiam,
470 2669 609 2740 quid
662 2671 736 2725 sit
774 2670 917 2741 quod
971 2671 1176 2725 nutriat
1204 2670 1462 2737 animam,
1499 2679 1638 2724 tam-

82 2767 202 2819 quam
229 2757 276 2812 in
308 2760 556 2816 tenebris
597 2762 938 2832 requiramus
980 2776 1121 2816 eam.
1153 2761 1340 2832 Neque
1376 2761 1520 2817 enim
1547 2762 1632 2816 vel

83 2844 234 2904 Patres
257 2851 518 2920 sciebant,
548 2853 675 2924 quid
704 2863 851 2910 esset
887 2869 1082 2910 manna
1116 2872 1129 2910 :
1157 2854 1514 2919 invenerunt,
1548 2855 1631 2909 in-

81 2940 184 3008 quit,
211 2958 392 3001 manna
414 2947 668 3004 dicentes
711 2949 886 3017 ipsum
919 2963 1041 3004 esse
1069 2964 1375 3006 sermonem
1415 2961 1468 3005 et
1505 2950 1633 3004 Ver-

81 3029 174 3088 bum
195 3035 276 3092 Dei
302 3037 321 3110 (
343 3037 522 3096 Exod.
548 3055 656 3107 xvt,
691 3040 772 3105 l5,
803 3040 926 3111 £6);
953 3041 1094 3098 unde
1116 3057 1307 3098 omnes
1333 3042 1632 3113 disciplinae

81 3121 310 3199 lontejugi
337 3145 398 3185 ac
425 3140 697 3202 perpetuo
727 3132 899 3188 ﬂuunt
925 3144 1086 3204 atque
1112 3134 1382 3190 derivant.

130 3218 170 3270 7.
209 3218 323 3276 llaec
343 3231 424 3277 est
467 3237 600 3279 esca
645 3224 906 3280 caelestis.
952 3225 1298 3296 Signiﬁcatur
1329 3235 1510 3281 autem
1561 3241 1626 3280 ex
1656 3205 1701 3267 (ἶ

79 3319 261 3373 persona
287 3312 519 3370 dicentis
552 3332 565 3368 :
591 3312 728 3370 Ecce
740 3332 832 3387 ego
864 3316 1042 3386 pluam
1067 3317 1206 3372 vobis
1231 3334 1389 3386 panes
1410 3318 1474 3372 de
1501 3318 1627 3372 caelo

77 3395 482 3476 (1ῡὶἀ.);αἴτιον
519 3421 674 3478 ergo,
723 3423 790 3462 eo
840 3407 985 3478 quod
1041 3418 1298 3476 operatur
1338 3409 1501 3475 Deus,
1533 3411 1627 3480 qui

78 3490 224 3562 irrigat
256 3508 458 3554 mentes
507 3514 635 3555 rore
677 3499 995 3570 sapientiae:
1042 3501 1157 3566 ὕλη,
1206 3501 1331 3572 quia
1383 3499 1628 3557 videntes

76 3583 230 3642 anima:
264 3599 314 3644 et
346 3599 631 3661 gustantes
674 3591 1039 3658 delectantur,
1075 3600 1130 3646 et
1165 3593 1453 3662 requirunt
1481 3591 1628 3646 unde

76 3675 129 3729 sit
150 3678 260 3734 illud
289 3682 625 3753 splendidius
664 3683 801 3749 luce,
828 3683 1043 3739 dulcius
1087 3684 1273 3740 melle.
1305 3683 1624 3754 Responde-

77 3776 141 3822 tur
165 3773 233 3827 eis
255 3773 546 3847 Scripturae
575 3776 718 3832 serie
743 3795 756 3832 :
788 3776 886 3831 Hic
914 3787 989 3832 est
1021 3779 1170 3848 panis
1197 3795 1344 3849 quem
1373 3779 1513 3832 dedit
1542 3793 1626 3832 uo-

75 3861 130 3912 bis
150 3867 435 3926 manducare
458 3868 722 3923 Dominus
751 3867 940 3942 (lbid.,
983 3869 1103 3941 15);
1149 3878 1206 3924 et
1241 3869 1344 3924 hoc
1380 3880 1464 3925 est
1494 3870 1629 3924 Ver-

75 3951 172 4010 bum
194 3957 297 4022 Dei.
324 3962 466 4031 quod
516 3959 785 4032 disposuit
831 3961 994 4027 Deus,
1044 3961 1131 4015 vel
1173 3961 1486 4016 ordinavit:
1521 3975 1629 4031 quo

74 4050 268 4112 pascitur
295 4057 472 4110 anima
505 4053 880 4124 prudentium,
904 4062 958 4108 et
987 4053 1293 4108 delectatur
1321 4071 1333 4106 :
1367 4052 1513 4123 quod
1543 4062 1626 4107 est

73 4141 312 4200 candidum
351 4157 406 4202 et
444 4161 634 4214 suave,
668 4147 917 4202 veritatis
963 4144 1256 4214 splendore
1287 4143 1622 4209 illutninans,

74 4240 114 4284 et
134 4233 361 4293 virtutum
389 4239 658 4294 suavitate
688 4239 1005 4294 detnulcens
1033 4235 1366 4290 audientium
1390 4239 1621 4290 animas.

126 4323 167 4377 8.
197 4326 248 4382 ln
275 4343 332 4386 se
357 4331 502 4386 enim
543 4329 806 4386 didicerat
836 4326 1098 4398 propheta
1140 4325 1268 4396 quid
1310 4333 1458 4381 esset
1492 4339 1622 4379 con-

75 4423 357 4478 suntmandae
379 4425 455 4479 rei
485 4421 666 4479 αἴτιον.
700 4422 831 4477 Nam
860 4437 983 4476 cum
1015 4419 1320 4475 mitteretur
1350 4419 1418 4472 ad
1449 4431 1622 4488 popu-

77 4531 326 4594 trahamus.
351 4539 552 4594 lterum
582 4554 714 4594 vero
743 4539 832 4594 ubi
863 4537 994 4592 edit.
1032 4544 1168 4600 vet.,
1201 4537 1386 4590 bonum
1415 4549 1521 4589 esse
1542 4549 1627 4587 sa-

75 4603 282 4680 giﬁcium
303 4612 526 4680 justitia:
574 4611 725 4665 etiam
755 4610 1084 4679 sapientiam,
1131 4617 1177 4661 et
1226 4605 1526 4680 prudenter,
1576 4615 1630 4660 et

78 4670 414 4753 Rementem,
439 4684 662 4753 justitiaz
695 4670 1412 4753 esse'sapientitepru'denter
1441 4693 1459 4730 :
1495 4670 1626 4731 mss.

77 4746 312 4822 {Iphiscum
343 4746 564 4819 luei'uut,
598 4754 700 4807 nisi
729 4746 1160 4822 quodi'nonnulli
1188 4749 1490 4819 patientiam
1532 4763 1628 4822 ex-

77 4813 246 4892 hibent,
272 4838 373 4878 non
404 4813 987 4892 sapientiaquuidam
1014 4813 1502 4892 etiam'utrumque
1532 4818 1628 4892 ha-

73 4882 196 4967 bent.
220 4882 490 4967 Postremo
521 4911 638 4965 pro,
668 4882 853 4967 Itaque
871 4892 1113 4967 justitiaz,
1148 4892 1233 4967 ita
1275 4900 1330 4944 ut
1361 4882 1628 4967 sapientia:

72 4965 149 5031 est,
169 4962 295 5028 quod
329 4967 380 5020 in
407 4959 777 5020 cunctis'edit.
805 4959 1025 5020 ac'mss.
1059 4962 1276 5031 legitur,
1299 4961 1451 5016 solus
1472 4959 1623 5014 Belv.

71 5028 369 5109 codahabet,
398 5035 830 5109 ltaquegjustilia,
872 5036 1042 5109 itaque
1068 5028 1340 5109 sapientia.

129 5107 149 5173 ξι
178 5100 321 5159 Rom.
347 5100 652 5173 editfsolu,
708 5105 843 5160 Ecce
895 5100 1050 5164 visus.
1095 5100 1204 5168 aer,
1235 5103 1408 5166 color;
1441 5102 1527 5154 ubi
1556 5110 1628 5173 est

72 5167 246 5244 fidere?
275 5174 403 5230 Ecce
444 5167 649 5244 sensus,
685 5193 800 5232 ecce
848 5176 1144 5239 sensibilia;
1190 5174 1276 5226 ubi
1299 5183 1370 5225 est
1405 5172 1632 5244 sentire?

73 5235 298 5313 Nimirum
339 5263 403 5302 ex
435 5235 677 5304 Philonis
702 5249 840 5302 libro
869 5249 1056 5307 citato,
1091 5235 1178 5299 ubi
1213 5244 1438 5313 legimus
1465 5261 1477 5295 :
1504 5241 1629 5298 ’1δού

74 5310 290 5395 diem“,
313 5317 418 5373 ἰδοὺ
441 5321 498 5374 τὸ
521 5324 857 5395 χρῶμαηῖτοῦ
881 5320 945 5395 τὸΔ
965 5318 1093 5395 ὁρῷν
1110 5320 1232 5395 ptati
1255 5310 1503 5395 ἇςυνρλειξς,
1523 5313 1631 5395 ἰδορ

74 5379 285 5460 ags-'91;ng
300 5391 356 5444 τὸ
385 5379 674 5466 κριτήιρἱονι,
863 5392 950 5444 καὶ
1086 5390 1304 5447 αἰσθητά
1329 5387 1381 5442 αἱ
1406 5386 1549 5452 ὗλαι,
1573 5386 1634 5441 τὸ

73 5459 144 5525 sua
169 5459 478 5517 αἰσθάνεσθαι
502 5459 602 5516 ἰέοῦ
621 5477 636 5525 ἶ

100 5522 451 5600 ,δ-ᾼιμιιιιιοδὶἰ
481 5522 716 5588 mentem
751 5531 910 5586 facile
939 5531 1268 5598 assequeris.
1305 5530 1348 5582 si
1374 5529 1636 5584 observa-

75 5595 137 5645 ris
155 5595 592 5672 Philonem,cum
644 5604 869 5659 dixisset
920 5595 1202 5672 proprium
1246 5600 1337 5655 Dei
1386 5615 1509 5656 esse
1537 5600 1640 5672 sibi

76 5668 335 5749 providere
363 5673 432 5726 de
477 5673 724 5749 victima,
761 5668 936 5749 paulo'
951 5668 1070 5741 post
1093 5673 1313 5749 addere
1347 5689 1361 5726 :
1397 5674 1552 5749 _Kpt6€
1583 5669 1637 5749 δέ

78 5739 733 5824 ξὺξίσκεταιικᾳτεχόμεενοςν,
761 5739 1212 5824 ξουτὲσέτι-Λόγρς.
1229 5739 1514 5815 ἡσυχάζὶινθ
1552 5746 1639 5797 καὶ

81 5809 281 5880 ἀπέχων,
302 5815 429 5878 etc.,
456 5809 600 5884 quod
629 5815 789 5882 supra
819 5825 966 5871 num.
1003 5815 1037 5868 ὅ
1061 5809 1345 5870 redditum
1358 5809 1468 5867 'estt

1753 1925 1829 1980 tio
1857 1924 1930 1978 ait
1960 1924 2174 1995 Moyses
2200 1942 2213 1980 :
2248 1923 2371 1979 Non
2397 1942 2509 1979 sum
2542 1926 2750 1998 dignus,
2790 1936 2835 1980 et
2857 1927 3039 1997 gracili
3067 1940 3188 1981 voce
3220 1943 3360 1991 sum,

1749 2019 1974 2072 tardiore
1991 2019 2188 2088 lingua,
2205 2019 2462 2088 quomodo
2482 2036 2560 2074 me
2574 2012 3013 2092 audiet-Pharao(
3037 2019 3202 2087 Ibid.,
3235 2020 3356 2091 10)?

1749 2110 2092 2182 Responsum
2118 2121 2202 2166 est
2233 2113 2280 2168 ei
2310 2130 2322 2164 :
2377 2111 2539 2176 Vade,
2575 2121 2621 2166 et
2650 2130 2742 2185 ego
2769 2115 3000 2183 aperiam
3026 2130 3083 2169 os
3102 2124 3268 2181 tuum,
3301 2124 3352 2168 et

1745 2205 1998 2257 instruant
2029 2213 2074 2257 te
2095 2203 2220 2274 quid
2249 2203 2435 2258 debeas
2466 2205 2604 2273 loqui
2638 2205 2655 2276 (
2684 2204 2853 2272 lbid.,
2891 2205 2956 2259 l2
2980 2207 3021 2274 ).

1815 2297 1867 2353 9.
1913 2297 2368 2367 lnterrogationes
2413 2312 2542 2366 ergo
2575 2296 2683 2350 illac
2725 2298 2778 2350 in
2809 2296 2992 2351 medio
3036 2306 3089 2351 et
3119 2311 3352 2368 respon-

1743 2389 1927 2445 siones
1956 2389 2158 2444 habent
2205 2387 2487 2458 sapientia:
2527 2389 2734 2442 semina
2767 2397 2822 2444 et
2848 2391 3083 2464 θεωρίαν.
3114 2389 3344 2445 Gratum

1742 2492 1922 2539 tamen
1966 2484 2295 2556 ἀποτέλεσμα
2343 2489 2456 2546 est;
2514 2483 2637 2552 quia
2698 2483 2774 2536 ait
2813 2499 2826 2534 :
2899 2481 3013 2553 Ego
3052 2499 3138 2536 ero
3183 2491 3352 2538 tecum

1741 2575 1967 2648 (Exod,
1993 2591 2071 2640 Ill,
2105 2573 2172 2628 η
2193 2573 2232 2643 ).
2259 2573 2326 2627 Et
2351 2573 2599 2643 quamvis
2629 2572 2840 2628 dederit
2869 2573 2918 2628 ei
2943 2573 3094 2644 signa
3127 2573 3308 2629 facere
3334 2591 3350 2638 ;

1742 2677 1923 2723 tamen
1957 2667 2223 2723 dubitanti
2254 2667 2474 2732 iterum,
2502 2675 2558 2720 ut
2586 2667 2726 2720 scias
2755 2665 2881 2737 quia
2905 2667 3058 2736 signa
3091 2681 3197 2720 non
3223 2680 3344 2722 cre-

1739 2761 2018 2826 dentibus,
2051 2761 2378 2830 promissum
2429 2769 2611 2815 autem
2642 2759 3012 2824 credentibus,
3059 2759 3348 2826 respondit

1737 2853 1804 2908 ad
1838 2853 2205 2908 inlirmitatem
2231 2853 2317 2908 vel
2349 2853 2551 2920 meriti,
2586 2854 2672 2907 vel
2703 2853 2814 2907 voti
2849 2871 2863 2909 :
2893 2850 3006 2923 Ego
3037 2855 3266 2922 aperiam
3288 2871 3348 2907 os

1738 2957 1904 3013 tuum,
1964 2957 2010 3000 et
2047 2947 2301 2999 instruant
2350 2958 2398 3000 te
2440 2947 2566 3016 quid
2615 2946 2798 3000 debeas
2845 2945 3006 3014 loqui.
3036 2943 3345 3000 Perfectum

1737 3052 1865 3108 ergo
1887 3037 2215 3110 ἀποτέλεσμα
2244 3047 2516 3092 servatum
2545 3045 2649 3092 est.

1810 3129 1895 3184 10.
1942 3129 2114 3184 llabes
2148 3129 2250 3184 hoc
2277 3138 2331 3184 et
2361 3131 2414 3183 in
2444 3131 2739 3199 Evangelio
2769 3148 2782 3184 :
2819 3129 3004 3197 Petite,
3043 3141 3089 3184 et
3121 3131 3336 3185 dabitur

1736 3222 1872 3277 vobis
1895 3238 1915 3277 :
1943 3224 2176 3291 quaerite,
2205 3233 2252 3276 et
2282 3225 2546 3278 invenietis
2576 3227 2836 3296 :pulsate,
2867 3235 2916 3280 et
2953 3226 3213 3298 aperietur
3243 3242 3339 3281 uo-

1737 3315 1811 3370 bis
1837 3318 1852 3380 (
1882 3315 2071 3370 Matth.
2103 3331 2196 3383 vtt,
2242 3317 2272 3369 7
2301 3317 2340 3385 ).
2375 3315 2507 3370 Pete
2556 3320 2658 3373 ἀπὸ
2703 3325 2794 3373 τοῦ
2836 3320 3025 3381 αἰτίου,
3066 3317 3116 3372 id
3142 3325 3247 3384 est,
3281 3318 3352 3373 ab

1737 3417 1961 3462 auctore
1982 3422 2185 3477 quaere.
2212 3406 2391 3462 Habes
2415 3409 2536 3467 ὕλην
2559 3409 2942 3479 intelligibilia,
2967 3409 3164 3479 quibus
3192 3424 3344 3479 qua:-

1736 3503 1864 3568 rasL:
1889 3499 2062 3569 pulsa,
2098 3509 2150 3552 et
2180 3500 2355 3569 aperit
2394 3502 2489 3554 tibi
2522 3501 2665 3555 Deus
2707 3501 2970 3556 Verbum.
3009 3503 3143 3568 Quae
3183 3505 3342 3572 petit,

1732 3605 1884 3646 mens
1912 3600 2015 3652 est.
2064 3607 2185 3660 qua:
2222 3601 2502 3660 operatur,
2566 3592 2707 3646 sicut
2730 3593 2868 3662 ignis
2899 3611 2912 3646 :
2947 3594 3339 3664 intelligibilia,

1731 3683 1784 3738 in
1813 3683 2009 3752 quibus
2040 3683 2240 3738 mentis
2291 3683 2454 3737 ardor
2481 3693 2764 3752 operatur,
2799 3684 2940 3738 sicut
2970 3685 3108 3754 ignis
3155 3686 3208 3739 in
3240 3686 3340 3755 lig-

1731 3775 1859 3828 nis:
1900 3775 2080 3844 aperit
2141 3773 2234 3828 tibi
2282 3773 2522 3828 Verbum
2587 3775 2752 3838 Deus,
2806 3775 2949 3844 quod
3005 3783 3089 3830 est
3135 3774 3342 3832 Ἀποτὶ-

1731 3866 1916 3936 λισμα.
1949 3865 2218 3918 Habemus
2268 3872 2321 3918 et
2372 3864 2500 3918 alibi
2542 3865 2592 3918 in
2643 3865 2955 3935 Evangelia,
2981 3865 3197 3920 dicente
3229 3867 3338 3922 Do-

1734 3958 1880 4012 mino
1913 3974 1925 4009 :
1960 3955 2090 4009 Cum
2117 3963 2286 4008 autem
2331 3955 2533 4009 tradent
2586 3973 2694 4019 vos,
2747 3957 2906 4010 nolite
2945 3958 3173 4029 sagitare
3205 3976 3338 4030 quo.

1729 4052 1880 4105 modo
1908 4060 1997 4104 aut
2044 4049 2169 4120 quid
2216 4050 2499 4120 loquamini
2538 4068 2558 4116 ;
2595 4051 2803 4105 dabitur
2831 4054 2967 4107 enim
2994 4055 3132 4110 vobis
3159 4057 3213 4112 in
3244 4058 3340 4112 illa

1729 4143 1859 4197 liora
1883 4142 2008 4214 quid
2034 4142 2342 4211 loquamini.
2389 4141 2512 4197 Non
2555 4143 2691 4197 enim
2721 4160 2810 4198 vos
2848 4146 3014 4211 eritis,
3054 4149 3142 4215 qui
3172 4151 3344 4218 loqui-

1727 4236 1854 4289 mini
1884 4234 2012 4290 :sed
2038 4234 2284 4303 {Spiritus
2306 4233 2483 4290 Patris
2529 4235 2702 4302 uestri,
2737 4237 2823 4307 qui
2867 4237 3097 4309 loquitur
3117 4240 3171 4293 in
3200 4239 3341 4298 vobis

1727 4328 1964 4401 (Matth.
1995 4327 2215 4398 1,16).

1800 4421 1889 4475 ll.
1915 4421 2094 4477 Habes
2121 4421 2290 4476 hocet
2314 4421 2366 4476 in
2397 4421 2631 4491 Genesi,
2653 4422 2680 4460 ά
2709 4423 2924 4481 dicente
2953 4426 3105 4482 Isaac
3133 4441 3147 4480 :
3183 4425 3336 4492 Quod

1813 4547 1834 4575 °
1876 4536 2079 4612 Omnes
2107 4535 2238 4612 edit.
2269 4546 2324 4592 et
2351 4552 2484 4612 mss.
2513 4539 2782 4612 nonnulli,
2815 4541 3139 4612 subjicientes
3168 4551 3335 4598 mate-

1736 4609 1910 4684 riam;
1954 4608 2146 4684 reliqui
2177 4623 2307 4684 mss.
2341 4611 2560 4684 partim,
2593 4609 2878 4676 subientis;
2902 4608 3142 4684 partim,
3172 4614 3337 4684 subji-

1739 4680 1918 4753 cientis
1939 4679 2206 4753 materiam
2232 4695 2249 4743 ,°
2272 4679 2611 4753 Ltet.__solus,
2647 4692 2903 4736 naturam.
2926 4679 3018 4736 *Et
3051 4693 3174 4753 post
3200 4679 3340 4738 dtios

1735 4751 2057 4814 versiculos,
2086 4751 2174 4802 ubi
2203 4759 2313 4804 vet.
2355 4750 2485 4804 edit.
2534 4766 2654 4804 cum
2685 4753 2938 4806 omnibus
2969 4750 3100 4806 mss.
3132 4754 3342 4808 inuene-

1733 4830 1878 4884 runt,
1898 4832 2028 4885 etc.,
2043 4821 2155 4872 sola
2171 4818 2326 4873 Rom.
2353 4819 2482 4874 edit.
2504 4821 2820 4876 emendavit
2845 4841 2856 4875 :
2877 4823 3202 4880 Inuenientes
3219 4841 3340 4879 vero

1734 4908 1947 4954 manna,
1967 4891 2254 4944 didicerunt
2270 4891 2440 4958 ipsum
2458 4908 2568 4945 esse
2577 4891 2798 4946 Verbum
2813 4891 3043 4948 Dei.Nec
3056 4909 3188 4950 sane
3201 4896 3342 4950 mul-

1738 4975 1850 5015 tum
1879 4962 2322 5023 reclamaremus,
2353 4963 2396 5015 si
2435 4963 2486 5014 in
2516 4973 2732 5028 recepta
2775 4963 3006 5019 lectione
3037 4980 3223 5020 vocem
3253 4967 3340 5020 di-

1737 5042 1903 5086 centes
1933 5040 2139 5084 tantum
2182 5031 2433 5084 vertisset
2472 5035 2523 5084 in
2557 5032 2996 5097 discentes;nam
3042 5044 3099 5089 et
3143 5036 3340 5090 scribis

1739 5103 1826 5158 hic
1854 5103 1958 5156 labi
1978 5115 2229 5171 pronum,
2254 5110 2308 5153 et
2327 5101 2487 5155 Philo
2506 5105 2790 5169 posteriori
2818 5104 3039 5159 dictioni
3065 5105 3228 5171 favet,
3244 5108 3336 5163 ubi

1737 5173 1924 5249 scribit
1959 5171 2151 5249 :‘edpeu
2180 5173 2422 5249 Mein-se
2450 5183 2589 5249 ρῆμα
2615 5179 2742 5249 Graii
2772 5179 2856 5249 xui
2875 5176 3018 5249 λόγον
3038 5179 3195 5242 θεῖον,
3225 5190 3334 5234 etc.

1811 5241 1836 5318 tl
1884 5241 2766 5318 [CadenrhalietAtnbi'osius__lib.
2822 5245 2891 5301 de
2933 5241 3082 5302 Isaac
3132 5241 3252 5318 cap.
3276 5249 3336 5317 8,

1740 5315 1835 5371 sed
1871 5315 2030 5385 paulo
2079 5313 2254 5385 fusius
2279 5315 2565 5381 explicata.
2598 5315 2714 5370 Illic
2751 5324 2930 5370 autem
2961 5332 3080 5372 cum
3113 5313 3340 5376 mortue-1

1661 5362 1712 5422 Ῑ)
1740 5362 2310 5461 ξιῖῐῦιὲἰξξιξίιᾶἶίᾏῃθῃι
2340 5362 2808 5461 gsseHPhiloniani
2837 5388 2931 5442 lib.
2962 5388 3030 5444 de
3051 5362 3340 5461 'Pion'it‘s,

1743 5457 1831 5531 hic
1862 5456 2149 5531 adjicimus
2174 5455 2421 5531 Judzeum
2451 5458 2601 5531 illum
2629 5456 2703 5512 ibi
2732 5458 2930 5531 docere
2959 5468 3144 5530 typum
3177 5455 3344 5531 atdue

1741 5529 2030 5602 imaginem
2063 5543 2272 5602 eorum,
2292 5529 2379 5596 qui
2404 5529 2686 5602 scientiam
2711 5543 2818 5602 non
2851 5529 3122 5585 laboriosa
3156 5529 3339 5602 inqui-

1743 5598 1963 5666 sitione,
2010 5598 2107 5654 sed
2137 5599 2186 5652 vi
2216 5608 2270 5653 et
2297 5599 2587 5667 sagacitate
2632 5599 2856 5667 ingenii,
2908 5598 3248 5670 invenirent;
3278 5604 3339 5658 in

1742 5671 1944 5727 Jacobo
1972 5669 2478 5742 patriarchanobis
2515 5670 2784 5742 proponi:
2815 5681 2870 5726 et
2913 5672 3016 5727 hoc
3050 5672 3175 5728 inde
3215 5689 3342 5742 pro-

1746 5742 1863 5796 bari
1897 5739 2194 5797 ab‘eodem
2248 5739 2498 5810 Philone,
2524 5741 2668 5810 quod
2720 5741 2870 5797 Isaac
2907 5739 3344 5800 admiranti'ﬁlii

1744 5810 2100 5872 celeritatem;
2137 5814 2182 5866 is
2206 5821 2423 5866 causam
2447 5807 2592 5868 illius
2619 5811 2799 5870 statim
2819 5812 3121 5874 reddiderit
3155 5815 3348 5871 volnus
