3954 6164
595 349 700 408 915

1928 335 2173 394 SANCTI
2214 335 2536 394 AMBROSII

3766 347 3848 405 916

591 481 682 530 est,
716 465 843 538 quid
864 474 969 522 tam
999 461 1099 516 cito
1127 459 1388 525 invenisti,
1416 459 1532 528 ﬁli;
1555 457 1658 526 Qui
1692 456 1831 512 dixit
1861 475 1872 510 :
1911 457 2050 524 Quid
2083 467 2191 509 tra-
2220 457 2271 516 Α
2298 455 2635 519 stantissitua
2669 464 2724 512 et
2752 455 2934 511 divina
2966 456 3244 513 Trinitatis
3271 467 3460 514 natura
3479 468 3532 515 ct
3561 462 3847 520 substante.

592 559 724 616 didit
750 555 1002 610 Dominus
1039 551 1178 604 Deus
1221 559 1338 603 tuus
1372 551 1423 603 in
1447 565 1636 603 manus
1671 564 1810 602 meas
1841 547 2191 622 (Gen.xxvtt,

587 651 658 706 20
689 648 731 720 ).
775 649 1126 714 ’Δποτὶλεσμα
1177 644 1439 702 Dominus
1493 654 1598 700 est.
1642 643 1742 712 Qui
1776 658 1870 714 per
1910 641 2191 696 Dominum

584 742 803 814 quaerit,
847 740 1078 795 invenit.
1139 737 1321 794 Laban
1372 737 1605 810 denique
1648 738 1734 806 qui
1768 749 1864 803 per
1905 735 2190 788 Dominum

585 849 693 888 non
737 833 1019 906 quaesivit;
1071 832 1193 904 quia
1243 829 1523 903 quaarebat
1576 827 1753 896 idola,
1808 841 1916 881 non
1965 825 2191 881 invenit.

582 921 765 998 (Gen.
801 939 958 990 xui,
991 924 1060 979 55
1084 932 1132 982 et
1160 940 1268 996 seq.
1293 921 1336 990 ).
1846 987 1869 1007 .

659 1015 748 1072 12.
789 1015 1020 1074 Pulchre
1047 1024 1229 1070 autem
1279 1028 1417 1084 quos
1463 1013 1654 1068 dicunt
1701 1011 1873 1090 ὅρους,
1929 1009 2188 1068 servavit.

582 1107 805 1176 Primus
834 1117 919 1163 est
948 1106 1102 1186 ὅρος-2
1142 1106 1309 1174 Vade,
1343 1105 1472 1178 aﬂ'er
1495 1106 1622 1159 mihi
1643 1105 1705 1159 de
1722 1105 1990 1159 venatione
2015 1113 2194 1171 tua,ut

580 1202 888 1256 manducem
933 1197 1101 1274 (Gen.
1137 1215 1305 1263 xxvu,
1354 1198 1490 1270 24).
1535 1197 1753 1252 Excitat
1798 1209 1962 1267 atque
2009 1195 2195 1252 adolet

578 1293 727 1349 velut
759 1293 869 1364 igni
900 1291 1133 1366 quodam
1178 1290 1580 1346 adhortationis
1608 1306 1722 1344 sua:
1761 1299 2000 1345 mentem
2050 1289 2187 1360 ejus.

580 1385 748 1468 786
794 1395 852 1444 ut
889 1393 1149 1455 operetur
1198 1394 1254 1440 et
1296 1394 1526 1458 quaerat.
1579 1382 1868 1440 Secundus
1897 1383 2015 1466 ὅρος
2053 1383 2195 1450 Quid

573 1489 670 1547 est,
698 1478 838 1551 quod
854 1488 958 1534 lttm
989 1480 1090 1532 cito
1118 1477 1356 1533 invenisti
1373 1477 1398 1530 .’
1427 1477 1527 1534 llic
1547 1481 1600 1532 in
1621 1479 2051 1548 interrogatione
2081 1487 2189 1534 est.

580 1569 802 1626 Tertius
839 1568 958 1647 ὄρος
991 1570 1042 1624 in
1073 1569 1434 1640 responsione
1461 1587 1476 1621 :
1511 1570 1664 1636 Quod
1689 1569 1907 1623 tradidit
1939 1568 2195 1624 Dominus

578 1660 721 1717 Deus
753 1673 872 1718 tuus
903 1665 958 1718 in
1005 1680 1189 1720 manus
1241 1680 1379 1717 meas
1402 1663 1421 1732 (
1448 1661 1616 1729 lbid.,
1661 1662 1733 1716 20
1763 1663 1806 1736 ).
1849 1662 2195 1738 ’Δποτέλεσμα

519 1799 536 1806 -
577 1755 722 1814 Deus
747 1764 853 1822 est,
893 1756 984 1830 qui
1031 1754 1314 1812 concludit
1362 1764 1417 1810 et
1471 1765 1826 1811 consummat
1866 1757 2047 1811 omnia
2081 1774 2094 1810 :
2124 1756 2193 1812 de

578 1865 687 1924 quo
717 1849 1075 1910 dubitandum
1105 1865 1210 1904 non
1242 1859 1347 1906 est.

646 1943 736 2002 15.
779 1943 875 2000 Eat
901 1952 953 1998 et
977 1942 1066 1996 ille
1086 1941 1204 2017 ὄρος
1235 1940 1304 1998 de
1329 1941 1651 2012 spontaneis
1688 1960 1700 1994 :
1737 1949 1762 1978 ι
1797 1941 1858 1997 Si
1897 1957 1999 1996 non
2032 1942 2185 1995 semi-

575 2033 833 2100 naveritis,
879 2049 980 2088 non
1017 2033 1210 2091 metetis
1252 2031 1272 2107 (
1303 2032 1463 2088 Levit.
1501 2049 1626 2100 xxv,
1681 2033 1737 2089 Η
1775 2043 1822 2088 et
1859 2034 2027 2104 seq.);
2061 2048 2184 2087 nam

580 2127 683 2180 etsi
713 2126 923 2181 cultura
952 2133 1218 2196 provocet
1247 2125 1480 2188 semina,
1515 2135 1696 2180 tamen
1743 2135 1934 2180 natura
1963 2135 2185 2196 sponta-

580 2234 686 2275 neo
705 2219 964 2300 quodam,
995 2229 1052 2274 ut
1083 2229 1331 2292 surgant,
1365 2219 1418 2274 in
1452 2217 1520 2274 iis
1549 2228 1810 2289 operatur
1838 2219 2075 2290 ingenio.

652 2310 742 2367 M.
791 2311 946 2368 Unde
972 2311 1264 2386 Apostolus
1297 2328 1310 2362 :
1343 2309 1456 2382 Ego
1486 2311 1740 2380 plontavi,
1772 2310 1966 2380 inquit,
1998 2310 2186 2379 Apollo

577 2409 785 2479 rigavit,
805 2407 896 2462 sed
928 2405 1069 2461 Deus
1105 2407 1476 2461 incrementum
1515 2406 1676 2459 dedit.
1708 2404 1893 2474 Itaque
1919 2420 2077 2474 neque
2099 2403 2186 2471 qui

580 2502 804 2572 plantat,
837 2511 909 2558 est
937 2499 1252 2570 quidquam;
1300 2516 1458 2574 neque
1496 2500 1583 2576 qui
1629 2501 1767 2572 rigat
1795 2517 1814 2553 :
1842 2497 1937 2553 sed
1961 2498 2050 2568 qui
2095 2497 2187 2552 dat

576 2594 969 2664 incrementum,
1010 2591 1149 2647 Deus
1187 2589 1394 2662 (iCor.
1432 2607 1512 2656 ut,
1539 2590 1594 2657 6,
1627 2591 1660 2645 7
1690 2591 1728 2659 ).
1778 2591 1878 2644 Dat
1909 2590 2002 2645 tibi
2043 2590 2186 2644 Deus

579 2687 633 2746 in
667 2687 884 2764 spiritu,
915 2698 968 2740 et
1015 2687 1067 2742 in
1134 2687 1299 2741 corde
1346 2694 1440 2739 tuo
1472 2683 1705 2740 seminat
1753 2683 2034 2738 Dominus.
2075 2685 2188 2753 Age

577 2790 728 2848 ergo,
761 2785 821 2829 ut
843 2776 1094 2846 inspiret,
1117 2788 1170 2831 et
1199 2777 1461 2841 seminet;
1494 2785 1555 2829 ut
1576 2785 1785 2830 metas:
1817 2773 1995 2828 sinon
2022 2776 2187 2830 semi-

580 2869 822 2938 naveris,
847 2883 954 2924 non
1002 2876 1194 2926 metes.
1227 2869 1394 2937 Quasi
1439 2868 1751 2923 admoneris
1799 2877 1856 2922 ut
1901 2868 2182 2924 semines:

581 2974 693 3013 non
725 2959 1027 3020 scminasti,
1088 2974 1196 3012 non
1231 2968 1439 3024 metes;
1474 2960 1741 3013 sententia
1775 2967 1880 3015 est.
1913 2960 2186 3032 Principio

581 3051 701 3105 linis
724 3051 989 3116 convenit.
1020 3069 1034 3105 :
1077 3051 1403 3128 principium
1443 3066 1629 3109 semen
1661 3062 1768 3130 est,
1801 3055 1926 3108 linis
1966 3056 2183 3110 messis.

651 3142 740 3196 15.
791 3142 968 3208 Disce,
1012 3141 1208 3220 inquit,
1241 3159 1304 3198 ex
1339 3159 1424 3202 me
1464 3153 1693 3198 :natura
1718 3145 1938 3222 adjuvat
1965 3147 2182 3202 discen-

590 3244 701 3292 tem
746 3253 759 3292 Ζ

582 3329 610 3367 b
636 3341 695 3385 ut
727 3331 864 3390 bene
890 3330 1189 3398 discamus;
1216 3333 1338 3406 quia
1364 3331 1467 3392 hoc
1488 3343 1696 3394 naturae
1723 3343 1826 3399 est,
1847 3335 2186 3406 perdiscere:

581 3423 702 3482 duri
731 3426 877 3479 enim
905 3424 1071 3480 corde
1101 3440 1205 3484 nan
1257 3425 1494 3496 discunt.
1529 3426 1867 3483 Incrementa
1909 3445 2008 3501 per
2030 3439 2184 3483 natu-

576 3529 715 3582 rant,
745 3530 864 3588 qua:
890 3514 1056 3570 divini
1091 3515 1250 3574 habet
1275 3519 1504 3598 gratiam
1531 3521 1774 3574 muneris
1800 3538 1812 3573 :
1837 3507 2180 3575 consumma-

576 3605 778 3661 tionem
826 3616 877 3662 et
920 3607 1312 3697 perfectionem
1352 3609 1492 3666 Deus
1519 3610 1634 3678 dat,
1689 3611 1738 3668 id
1767 3621 1871 3678 est,
1903 3613 1991 3668 illa
2041 3629 2179 3692 pra:-

574 3793 740 3860 t_aten]
773 3785 1007 3850 divinam
1031 3803 1138 3860 :‘ex
1162 3803 1265 3860 qua
1291 3789 1630 3860 ingeniorum
1654 3791 1828 3845 oritur
1849 3791 2162 3846 diversitas.

571 3856 678 3933 Per
707 3853 859 3933 ὀξρρυς
883 3862 1014 3933 vero
1039 3857 1114 3933 de
1134 3853 1328 3933 quibus
1349 3853 1508 3933 infra,
1535 3877 1639 3933 non
1669 3871 1873 3933 tantum
1899 3875 2167 3920 accurata)

571 3926 915 3982 definitiones
943 3926 1332 3998 intelligendas,
1356 3932 1452 3987 sed
1473 3932 1634 3988 etiam
1660 3931 1905 3990 formulae
1927 3949 1988 3989 ac
2020 3934 2164 3994 modi

567 4011 780 4077 omnes.
811 3998 1008 4077 quibus
1035 4001 1307 4077 quidpiam
1338 4003 1485 4077 clare
1506 4004 1816 4077 exponitur.

645 4076 669 4102 ⁸
711 4066 869 4123 Rom.
903 4066 1066 4158 edin;
1089 4066 1209 4158 [Vtin
1230 4066 1762 4158 seminabitisfnleque'
1791 4075 1988 4158 ntetetis
2011 4091 2168 4158 spon-

571 4146 724 4192 tanea
750 4139 1102 4195 ascendentia.
1136 4139 1202 4195 Et
1227 4142 1272 4195 si
1303 4143 1540 4198 dixeritis
1559 4159 1578 4198 :
1618 4139 1684 4199 Si
1704 4161 1807 4199 non
1836 4139 2139 4200 seminaveri
2156 4177 2169 4188 ο

568 4224 830 4286 mus,_non
844 4223 1136 4286 metemus;
1156 4214 1549 4286 respondebitur
1568 4215 1729 4278 vobis,
1759 4217 1894 4282 sicut
1921 4219 2172 4286 scripturn

568 4289 642 4332 est
655 4295 686 4356 _:
787 4283 983 4356 mittam
1003 4280 1406 4356 benedictionem
1435 4302 1598 4356 meam
1621 4287 1762 4348 vobis
1782 4280 1834 4340 in
1849 4303 1985 4344 anno
2005 4280 2169 4356 sexto,

571 4351 797 4426 e_t_[acies
824 4353 1027 4426 [ructus
1067 4353 1120 4407 in
1145 4364 1461 4426 tresannos.
1494 4355 1649 4422 Quod
1676 4357 1850 4426 utique
1876 4373 2052 4414 verum
2076 4351 2171 4414 est:

572 4417 736 4485 Nam,
763 4417 868 4476 etc.
910 4421 1135 4478 Veteres
1179 4425 1312 4478 edit.
1346 4441 1468 4480 cum
1498 4417 1646 4480 ἶπες.
1677 4417 1950 4491 omnibus,
1981 4428 2042 4482 Si
2072 4446 2174 4484 non

567 4493 968 4566 seminaveritis.
994 4510 1095 4552 non
1119 4496 1348 4559 metatis;
1375 4498 1598 4566 propius
1617 4497 1684 4551 ad
1708 4499 1875 4564 verba
1901 4497 2167 4562 Philonis,

576 4563 903 4652 ubi'tantuttt
960 4566 1126 4655 legas,
1159 4569 1234 4628 0ft
1264 4563 1540 4655 ‘cr-rs'psks,
1573 4567 1685 4626 οὐδὲ
1735 4574 1805 4641 μή
1849 4572 2080 4642 dimicare
2108 4573 2173 4628 τὰ

571 4636 840 4704 αὐτόματα
862 4636 1195 4717 ἁνριϐαἱηοντα
1219 4636 1395 4719 «urbe.

645 4703 672 4752 δ
704 4706 830 4760 Mss.
865 4711 1091 4774 almum.
1123 4707 1578 4766 utbenedtcamus.

648 4786 669 4818 ο
711 4776 960 4844 Aquileia
991 4778 1084 4854 ubi
1113 4779 1302 4854 habita
1324 4779 1424 4854 fuit
1451 4782 1612 4849 (anu.
1641 4781 1742 4844 5M
1772 4782 1876 4853 )ea
1903 4784 2163 4854 synodus,

565 4845 890 4922 Carnorum,
917 4859 981 4922 ut
999 4850 1254 4922 observat
1279 4845 1482 4912 Binius'.
1515 4845 1826 4922 metropolis
1849 4845 1988 4918 era't,
2019 4865 2074 4908 et
2095 4845 2164 4909 ab

569 4917 726 4999 aquis
753 4919 1016 4999 legendis
1037 4920 1114 4999 sic
1152 4922 1432 4999 dicebatur
1462 4939 1474 4976 :
1504 4923 1570 4978 de
1587 4917 1705 4999 qua
1735 4925 1878 4999 idem
1909 4917 2164 4999 pluscula

570 4986 722 5065 addit
753 4989 807 5065 in
833 4986 976 5048 notis
1005 4990 1122 5065 suis
1155 4991 1222 5065 ad
1263 4992 1399 5065 hanc
1429 4986 1715 5065 synodum.
1755 4986 2015 5065 Ughellus
2037 5011 2165 5051 vero

571 5073 637 5140 es
666 5058 935 5140 Strabone
953 5064 1116 5118 etiam
1146 5063 1223 5140 ab:
1250 5063 1427 5140 aquila
1458 5058 1629 5140 lien}.
1652 5065 1731 5121 sic
1750 5058 1962 5140 dictam
1984 5068 2164 5140 tradit.

571 5128 685 5202 {ioc
713 5137 899 5202 autem
926 5143 1180 5202 coactum
1215 5128 1510 5198 sodalium
1564 5138 1662 5198 luit
1697 5128 1958 5196 adversus
1999 5138 2168 5202 Palla-

574 5200 726 5277 dium
747 5213 802 5255 et
835 5200 1237 5277 Secundiauum
1271 5203 1488 5277 Arianae
1518 5209 1808 5277 impietatis
1844 5200 2166 5264 assertores.

571 5269 801 5346 Qoustat
816 5274 1043 5346 quidem
1072 5289 1170 5332 eos
1199 5276 1490 5346 episcopus
1510 5269 1674 5338 fuisse
1695 5280 1744 5336 in
1774 5279 1938 5344 Dacia
1958 5289 2010 5336 et
2038 5280 2171 5342 Mae-

570 5340 674 5407 sia,
722 5352 779 5398 ut
815 5342 1004 5421 Patres
1039 5360 1141 5402 sua
1272 5340 1628 5416 imperatores
1669 5340 1912 5421 epistola
1959 5340 2164 5421 signiti-

567 5422 696 5490 cant
723 5433 737 5464 :
764 5417 1498 5490 cujus‘ditecesigincertum
1529 5429 1632 5478 est.
1666 5417 1890 5490 Palladii
1920 5417 2165 5478 meminit

569 5483 893 5565 Ambrosius
923 5485 1016 5542 lib.
1044 5503 1062 5540 ι
1082 5486 1149 5546 de
1191 5486 1345 5565 Eilis,
1376 5492 1513 5565 c._6,
1545 5507 1604 5565 ιι.
1633 5483 2031 5565 45,_tamquam
2062 5496 2166 5565 ttu-

567 5554 1987 5624 tninisArianot-umpartibttsaddictissimi{Habemus
2000 5564 2161 5618 etiam

566 5623 870 5697 Palladium
891 5623 1184 5697 quemdam
1228 5628 1494 5688 Germinii
1548 5633 1917 5690 adversarium
1941 5648 2033 5694 .ac
2062 5636 2162 5691 Se-

565 5694 893 5780 gqudiauutn
907 5694 1254 5780 sacerdotem
1282 5701 1580 5780 illyricum,
1606 5701 1812 5780 lii-sacii
1845 5719 1908 5758 ac
1929 5703 2166 5780 Valentis

563 5766 876 5844 fugisti-um
904 5782 917 5818 :
946 5766 1044 5844 sed
1068 5768 1207 5844 alios
1245 5766 1429 5844 abhis
1466 5773 1600 5844 illos
1626 5770 1796 5828 fuisse
1831 5774 2165 5844 probabilius

571 5836 672 5878 est.
708 5826 875 5883 Porro
902 5826 1142 5903 episcopi
1168 5826 1204 5889 av
1225 5826 1426 5906 quibus
1447 5826 2165 5900 damnati‘suntriidemb—t;

2303 547 2452 615 Vale,
2486 559 2537 605 et
2561 564 2660 604 nos
2687 550 2871 622 dilige,
2920 560 2977 604 ut
3017 550 3177 616 facis;
3228 555 3353 623 quia
3382 568 3484 608 nos
3513 562 3566 609 te
3595 555 3848 627 diligimus.

2525 686 2753 744 GESTA
2793 685 3084 744 CONCILII
3111 700 3132 728 ο
3165 689 3649 760 AQUILEIENSIS

2369 794 2576 836 CONTRA
2618 797 2915 838 PALLADIUI
2971 797 3040 837 ET
3079 797 3448 840 SECUNDIANUI
3488 800 3799 844 EBIETICOS.

2299 891 2577 948 Consessus
2610 891 2847 959 Patrum,
2875 905 2922 950 et
2944 894 3205 952 Ambrosii
3230 897 3299 952 ad
3336 914 3421 954 eos
3446 898 3513 954 de
3553 901 3853 970 conﬁciendis

2926 990 3055 1043 actis
3078 991 3266 1044 oratio.

2373 1099 2422 1153 i.
2463 1097 2691 1170 Syagrio
2737 1109 2792 1154 et
2844 1101 3114 1158 Eucherio
3171 1104 3302 1158 viris
3361 1105 3690 1162 clarissimis
3737 1123 3851 1165 coss.

2298 1188 2324 1226 ά
2352 1205 2410 1244 ιιι
2441 1207 2571 1246 non.
2607 1192 2758 1262 Sept.
2789 1193 3050 1264 Aquileiae
3082 1195 3135 1250 in
3169 1195 3414 1251 Ecclesia
3455 1200 3855 1265 considentibus,

2297 1298 2419 1338 cum
2463 1286 2754 1358 episcopis,
2806 1288 3238 1359 Aquileiensium
3291 1293 3534 1348 civitatis
3581 1292 3854 1359 Valeriam.

2299 1376 2608 1442 Ambrosio,
2659 1377 2919 1445 Eusebio,
2978 1381 3247 1448 Limenio,
3294 1392 3318 1421 ε
3361 1384 3616 1451 Anemio,
3665 1384 3857 1451 Sabino,

2300 1468 2667 1533 Abundanlio,
2699 1471 2972 1537 Artemio,
3001 1472 3348 1541 Constantio,
3384 1475 3566 1544 Justo,
3600 1477 3857 1543 Philastro,

2306 1564 2657 1629 Constantio,
2688 1565 3002 1633 Theodoro,
3037 1567 3349 1630 Almaebio,
3373 1570 3664 1637 Domnino,
3689 1572 3860 1626 Aman-

2298 1658 2398 1722 tio,
2423 1657 2676 1722 Maximo,
2717 1656 2736 1696 ι
2766 1657 2970 1722 Felice,
3001 1659 3282 1728 Bassiano,
3311 1661 3586 1727 Numidio,
3613 1661 3858 1719 Januario.

2299 1749 2555 1814 Proculo,
2605 1750 2920 1818 Heliadum,
2970 1751 3186 1820 Jovine,
3240 1751 3436 1820 Felice,
3491 1754 3857 1826 Esuperantio,

2213 1849 2260 1908 B
2290 1843 2554 1916 Diogene,
2585 1845 2839 1910 Maximo,
2890 1845 3241 1912 Macedonio,
3293 1847 3580 1914 Cassiano,
3633 1847 3861 1904 Marcello

2289 1946 2344 1991 et
2363 1935 2650 1992 Eustatbio
2665 1938 2937 2008 episcopis
2953 1954 2972 2003 ;
2991 1939 3312 1995 Ambrosius
3329 1941 3622 2011 episcopus
3641 1940 3802 1996 dixit:

2358 2029 2413 2082 2.
2445 2046 2464 2080 s
2498 2039 2522 2076 ts
2550 2029 2648 2084 Diu
2674 2030 2808 2086 citra
2828 2041 2944 2085 acta
2968 2033 3318 2088 tractavimus
3342 2050 3355 2088 :
3375 2043 3430 2088 et
3459 2034 3712 2104 quoniam
3732 2041 3860 2088 tanta

2295 2139 2315 2173 s
2363 2121 2646 2192 sacrilegia
2669 2137 2700 2175 a
2739 2132 2892 2192 parte
2919 2123 3146 2179 Palladii
3178 2134 3233 2180 et
3263 2124 3596 2181 Secundiani
3626 2125 3652 2165 ιι
3684 2129 3864 2182 nostris

2295 2231 2314 2265 ι
2361 2214 2585 2270 auribus
2612 2215 2950 2285 ingeruntur.
2976 2225 3036 2272 ut
3065 2216 3290 2273 difﬁcile
3310 2218 3540 2290 quisque
3563 2219 3741 2276 credat
3770 2229 3861 2273 tam

2297 2324 2317 2358 ι
2362 2315 2552 2374 aperte
2581 2320 2676 2362 eos
2704 2306 3087 2378 biasphemare
3124 2310 3399 2380 potuisse;
3429 2313 3516 2367 vel
3550 2328 3619 2368 ne
3648 2327 3750 2383 qus
3775 2313 3862 2382 ipsi

2298 2422 2314 2451 σ
2361 2401 2658 2456 calliditate
2674 2402 2818 2458 dicta
2841 2419 2936 2458 sua
2959 2413 3147 2472 postea
3165 2419 3363 2474 negare
3376 2406 3864 2470 conentur,lieetde

2302 2507 2322 2543 α
2370 2501 2645 2548 tantorum
2679 2493 3024 2549 sacerdotum
3055 2495 3216 2568 787
3249 2495 3632 2553 testiﬁcatione
3650 2498 3863 2553 dubitari

2297 2601 2317 2635 ι
2365 2598 2474 2638 non
2501 2595 2662 2656 queat
2696 2602 2710 2638 :
2762 2584 2778 2622 ί
2824 2593 3005 2642 tamen
3043 2589 3294 2658 quoniam
3337 2591 3591 2644 omnibus
3616 2590 3864 2660 episcopis

2295 2694 2316 2730 ι
2365 2678 2562 2748 placet,
2613 2680 2744 2733 flant
2786 2688 2939 2746 acta;
2974 2691 3031 2735 ut
3071 2684 3444 2755 unusquisque
3496 2686 3863 2754 professionem

2297 2789 2316 2822 ι
2362 2786 2516 2826 suam
2549 2786 2750 2843 negare
2795 2788 2902 2827 non
2933 2776 3125 2843 possit.
3156 2775 3297 2842 Quid
3325 2790 3460 2844 ergo
3505 2777 3684 2843 vobis,
3711 2776 3864 2832 sancti

2296 2881 2315 2914 ι
2364 2864 2486 2931 viri,
2514 2864 3128 2934 placeatdeclarandum
3143 2877 3247 2922 est.
3283 2887 3304 2920 ι

2360 2954 2563 3011 Omnes
2588 2956 2830 3027 episcopi
2852 2957 3151 3013 dixerunt:
3184 2961 3200 3009 i
3245 2975 3267 3010 s
3302 2959 3506 3016 Placet.
3549 2979 3570 3013 ι

2362 3050 2682 3106 Ambrosius
2709 3051 2999 3121 episcopus
3025 3050 3162 3107 dixit
3194 3072 3207 3108 :
3239 3072 3258 3106 ι
3295 3053 3732 3123 Disceptationes
3759 3070 3866 3110 no:-

2299 3165 2317 3196 ¢
2365 3155 2462 3200 trae
2489 3162 2554 3200 ex
2587 3161 2647 3200 re
2679 3147 2957 3201 firmanda!
2993 3156 3119 3202 sunt
3149 3148 3357 3219 scripto
3387 3149 3688 3220 imperiali,
3721 3159 3772 3204 ut
3796 3149 3863 3202 al-

807 3237 948 3290 Deus
995 3246 1173 3299 autem
1208 3247 1396 3300 auctor
1425 3249 1637 3300 natura:
1663 3252 1764 3294 est.
1821 3241 1913 3300 Dei
1943 3256 2181 3313 quoque,
2212 3229 2259 3292 C
2296 3257 2315 3291 ι
2363 3239 2635 3310 legentur.
2679 3257 2696 3290 ι

2470 3334 2733 3401 Scriptum
2765 3334 3036 3404 imperiale
3073 3335 3318 3389 recitatur
3354 3336 3410 3389 in
3450 3335 3707 3392 Concilio.

2359 3429 2412 3482 5.
2453 3446 2471 3478 t
2511 3427 2839 3483 Sabinianus
2885 3427 3150 3483 diaconus
3195 3428 3444 3484 recitavit
3487 3447 3499 3482 :
3548 3429 3578 3468 ι
3626 3430 3865 3499 Ambigua

2286 3523 2599 3592 dogmatum
2620 3521 2922 3576 reverentia
2949 3536 3016 3575 ne
3036 3521 3338 3576 dissideant
3359 3522 3687 3579 sacerdotes
3703 3539 3868 3592 quam-

2290 3615 2523 3684 primum
2557 3611 2794 3682 experiri
2821 3611 3130 3681 cupientes,
3164 3613 3456 3668 convenire
3488 3615 3543 3669 in
3573 3615 3869 3685 Aquileien-

2269 3790 2446 3854 retici,
2481 3789 2586 3845 etsi
2615 3804 2723 3843 non
2750 3787 3176 3859 frequentissimi
3225 3789 3495 3852 sederint,
3544 3795 3748 3849 saltem
3775 3805 3870 3846 me.—

2269 3862 2362 3917 riti
2387 3863 2648 3916 exstitere
2668 3861 2828 3929 longe
2856 3860 3166 3918 clarissimi.
3197 3860 3400 3920 Eorum
3415 3863 3870 3924 sodesmasimm

2271 3943 2478 4015 partem
2511 3931 2648 4015 inira
2671 3931 3072 4015 cumuipsorum
3104 3930 3686 4015 suﬂ‘ragiislreperias_:
3717 3936 3798 4015 ubi
3833 3933 3872 3986 si

2269 3999 2397 4074 quid
2423 4003 2490 4058 de
2539 3999 2925 4058 illustrioribus
2967 3999 3602 4072 notaudumfvidebitur,
3653 4005 3871 4062 breviter

2276 4073 2653 4143 adiungemus.

2345 4088 2705 4215 513i
2722 4153 2776 4198 et
2787 4143 2957 4200 Labb.
2969 4186 2984 4210 ,
3001 4145 3154 4215 nonis
3166 4143 3560 4212 Septembribus
3574 4166 3595 4215 ;
3609 4148 3735 4204 eod.
3760 4161 3874 4200 vero

2275 4215 2420 4288 Tell.
2445 4229 2508 4288 ac
2531 4213 2711 4288 Cliit‘ﬂ.
2744 4230 2802 4269 ιιι
2847 4232 2971 4270 non.
3003 4214 3152 4285 Sept.
3185 4215 3252 4270 Et
3276 4227 3430 4273 certe
3469 4213 3770 4288 proclivius
3801 4218 3875 4272 hic

2279 4286 2377 4360 fuit
2411 4286 2609 4356 aliquid
2661 4288 2943 4350 omittere,
2984 4294 3076 4339 aut
3121 4288 3391 4360 integrum
3445 4286 3738 4345 numerum
3789 4304 3874 4360 pro

2276 4359 2448 4432 tractu
2471 4371 2701 4432 ponere1
2726 4372 2886 4432 quam
2924 4356 3290 4432 contra‘.-§ed
3335 4360 3606 4414 continuo
3640 4372 3760 4432 post
3793 4356 3872 4412 ubi

2280 4427 2422 4484 idem
2439 4426 2562 4500 cod.
2599 4437 2655 4482 et
2679 4427 2848 4482 Labb.
2883 4436 3045 4498 atque
3069 4426 3274 4500 t2bifii.,
3304 4445 3425 4483 cum
3451 4426 3740 4500 episcopis,
3772 4432 3873 4484 sols

2278 4502 2436 4625 Regi.
2467 4499 2596 4580 edit.
2625 4500 2990 4570 praetermittit
3021 4515 3159 4563 cum,
3194 4499 3515 4557 diversitate
3548 4499 3748 4559 sensus
3776 4516 3871 4556 non

2278 4588 2360 4625 me
2402 4586 2555 4625 IOCI'I.

2276 4586 2555 4628 IDCUIOCN.

2348 4652 2371 4681 ε
2414 4642 2558 4698 Edit.
2594 4640 2751 4696 Rom.
2780 4649 2837 4696 et
2878 4639 3074 4706 Labb.,
3108 4640 3321 4694 Amenio
3348 4651 3395 4695 et
3429 4641 3672 4709 Sabino;
3703 4641 3872 4698 Chilﬂ.

2273 4725 2328 4782 θ)
2352 4713 2521 4784 Tel|.,
2539 4711 2752 4784 Anemio
2771 4711 2966 4784 Sabino
2988 4718 3004 4777 (
3024 4711 3404 4784 _Tell._Savino
3433 4712 3474 4784 ).

2352 4784 2368 4823 ί
2413 4783 2552 4840 Tell.
2607 4793 2662 4840 et.
2705 4783 2898 4848 Labb.,
2934 4782 3109 4839 Felice
3159 4781 3530 4851 Basiliano',...

2273 4855 2572 4922 Eustacltio.

2345 4939 2370 4982 ε
2394 4927 2547 4993 Rom.
2569 4924 2698 4997 edit.
2715 4925 2828 4982 sola
2847 4944 2860 4979 :
2868 4926 3097 4997 jamdiu,
3116 4929 3298 4996 p-atres
3310 4929 3737 4993 consacerdotes,
3765 4943 3874 4979 nos-

2273 5011 2378 5053 tras
2410 4995 2802 5065 disceptationes
2843 4995 2973 5052 citra
3004 4995 3122 5050 acta
3158 4999 3510 5054 tractavimus.
3547 4999 3740 5054 Verum
3769 4997 3876 5067 quia

2273 5080 2417 5128 tanta
2437 5079 2639 5138 tamque
2668 5077 2866 5136 aperta,
2901 5077 3007 5124 etc.

2347 5138 2376 5178 ιι
2415 5137 2561 5216 Εύίι.
2590 5137 2772 5216 Bouh,
2801 5140 3079 5216 nostrisnt‘n
3106 5138 3216 5192 dies
3244 5139 3460 5216 auribus
3497 5141 3871 5216 ingeruntur...

2277 5223 2378 5290 tam
2404 5210 2700 5290 immaniter
2726 5225 2810 5264 eos
2841 5209 3200 5290 blaspltemure
3218 5211 3463 5290 potuisse.

2356 5281 2370 5320 ί
2403 5280 2564 5338 Rom.
2595 5280 2730 5353 edit.
2775 5281 2916 5350 sola,
2955 5280 3046 5334 ubi
3089 5280 3320 5334 omnibus
3352 5284 3626 5349 episc0pis
3665 5284 3869 5353 placeat.

2270 5357 2564 5426 ﬂant_qcta.
2590 5347 2677 5426 Ita
2713 5347 2929 5426 namque
2952 5353 3361 5426 unusquisque...
3384 5347 3500 5406 non
3533 5347 3746 5424 poterit,
3773 5361 3868 5408 «τις.

2342 5427 2354 5473 i
2401 5423 2600 5478 Eadem
2629 5421 2786 5475 llom.
2809 5419 2962 5485 edit.,
2992 5419 3300 5475 Scribuntur
3323 5434 3459 5488 acta,
3486 5419 3740 5490 placet...
3758 5441 3869 5477 con-

2265 5494 2524 5551 troversia:
2551 5503 2739 5548 nostrte
2758 5492 3054 5565 ﬁrmandae,
3076 5502 3124 5565 et
3150 5495 3397 5565 rescripto
3417 5495 3691 5560 imperiali
3716 5495 3867 5565 publi-

2268 5565 2446 5622 canda:
2464 5571 2607 5638 sunt,
2637 5574 2693 5616 ut
2718 5563 2938 5638 allegari
2961 5563 3185 5638 possint.
3203 5563 3470 5638 Recitetur
3496 5583 3631 5638 ergo
3656 5563 3867 5634 rescrip-

2269 5647 2399 5706 tum,
2430 5635 2472 5692 si
2510 5632 2696 5706 placet.
2731 5633 2920 5688 Omnes
2956 5632 3186 5704 episcOpi
3225 5635 3496 5699 dixerunt,
3539 5632 3734 5706 p'lacet.

2341 5705 2362 5745 Ιι
2396 5703 3036 5788 ξθαιιριιιίϋυξχᾳεοιςίριί
3067 5705 3404 5788 verbis-edit.
3435 5703 3608 5788 “plu.
3638 5707 3865 5788 praemit-

2275 5780 2338 5835 tit
2361 5797 2374 5834 :
2402 5774 2712 5848 Gratianus,
2741 5777 3130 5836 Valentinianus
3155 5786 3203 5830 et
3226 5774 3580 5846 Theodosius,
3607 5774 3738 5847 εἷα,
3767 5781 3862 5834 lm-

2273 5862 2553 5926 peratores,
2574 5861 2682 5906 etc.

3598 4785 3845 4840 Marcello
3864 4826 3876 4843 ς
