3936 6168
198 272 308 331 917

1423 259 1916 326 EPISTOLABUM
1953 261 2237 327 CLASSIS
2273 267 2314 323 1.

3415 257 3518 322 bis

199 387 347 439 sium
393 382 673 440 civitatem
721 397 784 438 ex
826 377 1047 436 dimcesi
1080 379 1290 434 meritis
1321 379 1668 434 excellentiae
1700 387 1804 433 tuae
1838 379 1880 440 Α
1916 399 1935 433 ‹
1982 381 2173 446 stolus,
2196 395 2384 436 omnes
2411 381 2712 451 Scripturr‘e
2736 388 2946 452 praesto
2967 383 3114 436 sunt.
3131 378 3298 438 Unde
3324 381 3408 436 vis
3431 391 3517 434 as-

195 479 498 543 creditam,
518 476 809 546 episcopos
838 474 1196 543 iusseramus.
1233 481 1256 508 δ
1286 470 1477 542 Neque
1499 472 1648 527 enim
1680 487 1809 527 con—

201 570 492 625 troversiae
514 568 694 623 dubia:
717 567 1005 621 sententize
1030 566 1233 620 rectius
1258 572 1514 634 poterant
1536 564 1804 633 expediri,

199 678 372 733 quam
411 660 457 715 si
485 661 695 716 obortae
723 659 1100 714 altercationis
1129 659 1456 726 interpretes
1501 655 1650 727 ipsos
1676 672 1809 712 con-

199 753 577 809 stituissemus
593 750 890 816 antistites;
921 758 980 805 ut
1007 749 1257 805 videlicet
1288 763 1318 803 a
1346 749 1538 818 quibus
1562 749 1806 820 proﬁcis-

200 855 412 900 cuntur
442 843 692 899 instituta
717 841 1004 908 doctrinm,
1039 843 1107 896 ab
1135 842 1339 898 eisdem
1372 841 1642 896 discordis
1681 857 1809 897 eru-
1840 892 1845 901 .

198 937 434 993 ditionis
463 938 828 1009 repugnantia
863 937 1197 993 solveretur.

270 1031 330 1086 4.
371 1051 392 1084 t
431 1031 618 1103 Neque
642 1046 775 1086 sane
801 1046 946 1086 nunc
972 1019 1400 1101 aliterjubemus
1423 1043 1486 1084 ac
1514 1029 1804 1098 jussimus.

197 1141 313 1179 non
359 1125 700 1182 invertentes
741 1123 997 1195 prazcepti
1031 1133 1300 1186 tenorem,
1333 1120 1429 1178 sed
1471 1121 1804 1197 superﬂuam

194 1231 567 1272 convenarum
598 1213 625 1253 δ
657 1215 867 1285 copiam
891 1215 1217 1270 recolentes.
1246 1213 1379 1269 Nam
1404 1212 1546 1282 quod
1571 1212 1805 1267 Ambro-

193 1311 315 1363 sius
363 1319 423 1363 et
475 1309 597 1364 vitae
630 1307 848 1373 merito,
883 1317 936 1362 et
985 1306 1076 1362 Dei
1123 1305 1440 1377 dignatione
1475 1306 1802 1375 conspicuus

190 1403 492 1472 episcopus
522 1395 1008 1456 Mediolanensium
1038 1399 1273 1454 civitatis
1298 1401 1370 1456 ibi
1399 1401 1800 1458 multitudinem

192 1505 307 1551 non
342 1510 482 1566 opus
513 1509 636 1550 esse
663 1492 926 1566 suggerit,
945 1493 1035 1547 ubi
1065 1493 1266 1548 veritas
1296 1509 1406 1547 non
1441 1493 1713 1549 laboraret
1741 1495 1797 1551 in

190 1587 474 1658 pluribus,
503 1586 548 1640 si
579 1585 752 1640 locata
782 1592 927 1641 esset
955 1585 1005 1639 in
1030 1587 1216 1655 paucis
1252 1603 1265 1638 :
1296 1599 1463 1655 seque
1485 1599 1674 1642 eorum
1707 1591 1796 1658 qui

189 1690 388 1735 contra
425 1690 668 1735 aSIarent
707 1678 1126 1746 assertionibus,
1166 1687 1221 1734 et
1241 1679 1558 1734 sacerdotes
1584 1681 1797 1736 vicina-

1919 491 1937 524 ‹
1985 481 2127 539 true,
2147 472 2192 527 si
2221 483 2379 542 putas
2404 489 2508 527 non
2533 485 2658 529 esse
2679 473 2776 527 Dei
2801 471 2997 528 Filium
3026 472 3447 542 smitam.
3482 492 3500 524 ι

1983 566 2035 620 6.
2072 565 2346 620 Palladius
2367 566 2545 621 dixit:
2574 565 2803 623 «Vestro
2831 566 3013 623 studio
3043 565 3243 623 factum
3273 575 3382 632 est,
3401 566 3512 622 sic-

1912 667 1968 711 ut
1999 668 2022 694 ε
2056 657 2222 712 dictat
2270 659 2430 712 lectio
2462 673 2616 713 sacra
2651 672 2678 712 a
2711 658 2864 714 vobis
2893 661 3203 730 prolata,ut
3225 673 3334 714 non
3363 670 3509 716 esset

1911 751 2164 820 generale
2190 761 2246 806 et
2280 751 2501 820 plenum
2532 749 2828 806 concilium
2855 771 2868 806 :
2896 752 3214 808 absentibus
3245 755 3511 808 consorti-

1910 843 2012 898 bus
2041 844 2267 906 nostris,
2303 857 2404 898 nos
2429 845 2770 914 respondere
2793 859 2898 898 non
2928 859 3243 915 possumus.
3271 861 3296 897 r

1979 933 2304 989 Ambrosius
2326 935 2616 1005 episcopus
2645 934 2785 988 dixit
2817 952 2830 986 :
2867 954 2888 986 ‹
2925 935 3030 1002 Qui
3070 945 3202 990 sunt
3228 945 3512 992 consortes

1912 1027 2074 1082 vestri
2098 1025 2122 1079 ?
2155 1047 2174 1079 ι

1979 1119 2249 1176 Palladius
2276 1121 2413 1176 dixit
2441 1138 2453 1174 :
2494 1138 2514 1172 ι
2548 1118 2861 1175 Orientales
2890 1119 3156 1190 episcopi.
3200 1139 3220 1172 ι

1981 1211 2031 1262 7.
2075 1210 2394 1267 Ambrosius
2430 1212 2727 1282 episcopus
2753 1210 2930 1264 dixit:
2964 1229 2985 1261 ‹
3024 1211 3243 1267 Interim
3267 1211 3394 1281 quia
3421 1226 3508 1266 su-

1914 1320 1932 1353 ‹
1970 1304 2279 1373 periorihus
2309 1304 2648 1374 temporibus
2677 1303 2970 1358 conc-ilium
3021 1305 3102 1356 sic
3153 1302 3356 1358 iactam
3402 1312 3504 1366 est,

1911 1415 1930 1447 ι
1965 1405 2025 1450 ut
2048 1395 2360 1453 Orientales
2391 1398 2444 1450 in
2472 1395 2718 1451 Orientis
2748 1395 2992 1464 partibus
3019 1396 3304 1450 constituti
3342 1396 3510 1450 ita-be-

1911 1508 1930 1541 ι
1969 1499 2095 1544 rent
2117 1490 2434 1551 concilium,
2467 1487 2852 1543 Occidentales
2879 1490 2932 1540 in
2963 1486 3298 1551 Occidente;
3330 1501 3429 1542 nos
3455 1489 3508 1542 in

1911 1599 1930 1632 ‹
1967 1579 2275 1636 Occidentis
2309 1579 2551 1650 partibus
2572 1579 2852 1634 constituti
2869 1578 3224 1634 convenimus
3249 1578 3317 1634 ad
3341 1578 3507 1649 Aqui-

1908 1689 1927 1724 t
1962 1673 2249 1730 leiensium
2275 1674 2575 1736 civitatem,
2616 1670 2635 1709 ί
2667 1672 2824 1741 juxta
2869 1671 3220 1740 imperatoris
3266 1686 3509 1742 pracep-

189 1789 312 1827 rum
363 1787 435 1826 ex
487 1769 639 1826 italia
679 1772 957 1826 civitatum
990 1771 1124 1826 satis
1175 1771 1499 1840 abundeque
1544 1771 1792 1831 sufﬁcere

1919 1783 1931 1816 r
1965 1773 2100 1820 tum.
2133 1765 2379 1834 Denique
2403 1766 2574 1821 etiam
2595 1763 2885 1833 praefectus
2916 1762 3084 1817 italiae
3114 1762 3507 1829 litterasdedit,

189 1879 356 1936 posse
378 1863 652 1934 suggerit;
673 1863 696 1893 °
723 1861 1102 1918 abstinendum
1132 1864 1525 1918 venerabilium
1550 1865 1790 1920 virorum

191 1959 517 2029 fatigatione
547 1958 885 2023 censuimus,
914 1972 983 2012 ne
1011 1958 1134 2028 quis
1167 1957 1254 2012 vel
1284 1967 1498 2011 maturo
1529 1973 1647 2013 aevo
1674 1974 1794 2029 gra-

189 2055 293 2119 vis,
343 2053 427 2107 vel
459 2052 730 2124 corporali
759 2051 1040 2107 debilitate
1070 2050 1376 2117 confectus,
1409 2052 1496 2107 vel
1529 2053 1792 2108 laudabili

191 2154 512 2216 paupertate
544 2144 858 2211 mediocris,
917 2145 1158 2201 insuetas
1212 2155 1424 2215 repetat
1481 2152 1675 2201 terras.
1727 2148 1795 2202 Et

193 2239 423 2309 reliqua.
479 2257 497 2290 ι

193 2395 460 2445 Αωιοθιυε
477 2393 652 2445 lectam
677 2393 784 2446 Arii
803 2393 1060 2458 epistolium
1073 2393 1298 2446 dannari
1326 2408 1357 2444 a
1388 2393 1615 2447 Palladio
1636 2396 1751 2460 petit
1775 2413 1793 2450 .°

249 2475 328 2528 hic
347 2477 718 2542 tergiversatur,
742 2485 786 2528 et
815 2477 908 2528 nisi
928 2477 979 2528 in
1002 2477 1218 2544 generali
1250 2478 1452 2529 concilio
1475 2485 1616 2544 negat
1639 2492 1689 2530 se
1712 2491 1792 2532 re,-

252 2570 592 2625 τραπείη-ναξ
608 2564 788 2614 Patres
810 2561 1110 2612 anathemate
1136 2561 1408 2626 perrellunt
1439 2574 1542 2625 eos,
1559 2560 1643 2626 Qui
1676 2559 1794 2612 Filii

249 2643 337 2696 Dei
370 2643 446 2696 vel
481 2643 778 2696 divinitatem
810 2644 884 2698 ul
915 2644 1234 2697 calamitatem
1266 2652 1511 2708 negarent.
1550 2644 1794 2711 Emtgium

249 2737 520 2794 rumpatur
539 2727 663 2780 ineo
676 2726 954 2793 Palladius,
966 2729 1093 2793 quod
1109 2744 1159 2780 se
1178 2729 1321 2794 fateri
1337 2727 1525 2781 dictitat
1549 2729 1793 2780 Christum

248 2829 415 2867 verum
445 2827 552 2866 esse
577 2814 665 2865 Dei
691 2813 887 2866 Filium.
914 2816 1030 2877 Ejus
1052 2813 1188 2880 fraus
1210 2815 1260 2865 in
1280 2815 1549 2880 confitendo
1571 2818 1794 2868 eumdem

247 2912 346 2949 esse
372 2899 529 2948 Deum
553 2903 697 2959 atque
720 2895 1034 2962 unigenitum.
1071 2900 1244 2950 Postea
1268 2900 1502 2950 transitur
1522 2901 1588 2950 ad
1615 2899 1794 2952 Christi

246 2979 670 3045 immortalitatem,
682 2986 824 3040 atque
844 2979 904 3030 ab
921 2993 978 3030 ea
995 2980 1062 3030 ad
1085 2981 1388 3045 sapientiam,
1401 2996 1432 3032 a
1451 2995 1548 3048 qua
1567 2981 1791 3035 similiter

246 3067 308 3116 ad
332 3065 620 3125 bonitatem;
647 3056 730 3114 ubi
751 3077 884 3115 more
917 3077 1006 3115 suo
1030 3061 1292 3116 Palladius
1322 3073 1523 3116 conatur
1556 3064 1787 3118 illudere.
1877 3109 1880 3118 .

1906 1876 1924 1908 ι
1959 1866 2016 1912 ut
2044 1858 2089 1912 si
2118 1857 2318 1912 vellent
2357 1857 2655 1911 orientales
2685 1852 3002 1917 convenire,
3038 1853 3092 1906 in
3115 1860 3386 1922 pett-State
3411 1853 3510 1907 ha-

1904 1965 1924 1999 t
1958 1948 2189 2004 herent:
2223 1948 2320 2004 sed
2351 1949 2476 2018 quia
2528 1949 2770 2004 scierunt
2809 1946 3268 2002 consuetudinem
3319 1946 3509 2018 hujus-

1904 2059 1922 2092 ι
1962 2041 2127 2104 modi,
2155 2052 2214 2095 ut
2240 2043 2290 2095 in
2316 2044 2530 2096 oriente
2553 2041 2904 2094 orientalium
2923 2049 3072 2097 esset
3087 2040 3398 2106 concilium,
3427 2043 3507 2096 in-

1903 2153 1922 2186 ‹
1963 2145 2044 2190 tra
2091 2134 2448 2190 Occidentem
2495 2133 2963 2198 Occidentalium;
2998 2133 3122 2188 ideo
3174 2142 3504 2203 putaverunt

1903 2246 1922 2279 ι
1962 2243 2069 2282 non
2103 2241 2226 2283 esse
2253 2227 2608 2282 veniendum.
2653 2245 2668 2278 I

1971 2321 2026 2376 8.
2066 2321 2336 2377 Palladius
2359 2321 2497 2376 dixit
2535 2341 2546 2376 :
2586 2339 2605 2372 ι
2641 2321 2950 2390 lmperattrr
2976 2329 3168 2376 noster
3196 2320 3500 2377 Gratianus

1892 2413 2055 2484 jussit
2083 2413 2386 2470 Orientales
2427 2414 2614 2468 venire
2639 2431 2650 2466 :
2673 2427 2837 2483 negas
2867 2421 2924 2466 tu
2945 2412 3178 2482 iussisse
3190 2414 3354 2470 eum?
3377 2415 3501 2484 Ipse

1898 2505 2193 2575 imperator
2221 2505 2375 2559 nobis
2396 2505 2532 2571 dixit
2558 2520 2618 2558 se
2647 2503 2956 2559 Orientales
2974 2503 3207 2574 iussisse
3234 2504 3441 2559 venire.
3473 2525 3492 2557 ι

1971 2595 2291 2650 Ambrosius
2311 2597 2598 2664 episcopus
2615 2595 2752 2650 dis-it
2777 2612 2789 2647 :
2811 2607 2832 2647 ι
2858 2595 3055 2666 Utique
3070 2593 3256 2665 jussit,
3277 2596 3492 2666 quinou

1903 2709 1922 2741 ι
1961 2689 2232 2760 prohibuit
2263 2688 2366 2743 huc
2392 2689 2599 2743 venire.
2645 2708 2663 2740 ι

1969 2780 2246 2836 Palladius
2271 2781 2408 2834 dixit
2439 2798 2451 2833 :
2489 2797 2509 2832 ο
2546 2780 2654 2836 Sed
2681 2793 2748 2834 ne
2776 2780 3027 2835 v‘enircnt
3049 2787 3138 2834 tua
3190 2781 3384 2849 petitio
3410 2780 3460 2834 fe
3480 2812 3494 2824 -

1895 2876 1969 2929 cit
2001 2890 2014 2927 :
2049 2883 2073 2920 ι
2103 2874 2204 2928 sub
2228 2873 2408 2942 specie
2437 2871 2588 2928 fat-iam
2607 2872 2904 2928 voluntatis
2934 2873 3038 2927 hoc
3084 2875 3412 2943 impetrasti,
3440 2883 3495 2930 ct

1896 2967 2157 3020 distulisti
2177 2966 2487 3020 concilium.
2529 2983 2549 3017 ι

1969 3059 2021 3115 9.
2062 3059 2382 3114 Ambrosius
2408 3060 2694 3130 cpiscopus
2713 3058 2877 3113 dixit:
2903 3073 2922 3111 t
2950 3057 3066 3113 Non
3109 3072 3242 3128 opus
3273 3067 3359 3115 est
3374 3059 3494 3114 diu-

248 3149 434 3200 Deittde
469 3154 634 3198 utrum
661 3147 752 3198 Dei
784 3146 965 3198 Filiam
995 3147 1364 3212 omnipotente»:
1387 3188 1400 3210 ,
1442 3156 1605 3199 utrum
1641 3149 1790 3200 etiam
1818 3149 1862 3212 C
1901 3171 1918 3202 ‹
1956 3153 2064 3206 tius
2083 3152 2321 3222 evagari,
2351 3151 2620 3220 responde
2666 3164 2828 3205 nunc.
2863 3151 3008 3205 Bene
3035 3150 3177 3205 dixit
3204 3150 3374 3206 Arius
3404 3167 3494 3206 eo-

239 3230 459 3294 judieem
479 3243 594 3282 eum
615 3238 862 3296 agnoscat,
887 3237 1122 3296 urgetur:
1141 3231 1208 3282 ad
1227 3243 1336 3296 qua:
1356 3238 1459 3293 post
1476 3230 1676 3284 mltum
1689 3238 1790 3284 ter-

250 3311 616 3378 giversationem
633 3312 772 3365 solita
790 3313 940 3364 utitur
964 3313 1029 3363 ad
1052 3311 1246 3377 plenum
1271 3311 1531 3366 concilium
1555 3328 1790 3377 provoca-

246 3396 382 3448 tione.
412 3395 514 3448 Sub
535 3395 640 3449 tuac
657 3395 817 3450 Attalo
837 3396 1148 3450 condemnato
1169 3432 1184 3455 ,
1223 3394 1304 3460 qui
1326 3397 1621 3461 respondere
1644 3397 1790 3450 etitrm

245 3479 501 3538 recusabat
519 3519 536 3542 ,
570 3477 831 3534 Palladius
852 3481 1098 3534 auditores
1121 3479 1269 3535 laicos
1301 3480 1419 3546 petit
1442 3520 1455 3544 ,
1493 3491 1536 3534 et
1560 3484 1788 3534 condem-

246 3570 404 3618 natur.

259 3694 309 3748 5.
334 3693 664 3748 Ambrosius
683 3693 978 3762 episcopus-
995 3691 1134 3747 dixit
1168 3709 1180 3745 :
1212 3711 1230 3742 ι
1264 3692 1408 3748 Ecce
1428 3692 1580 3764 quod
1601 3692 1790 3749 Chris-

188 3802 211 3835 t
259 3785 439 3839 tianus
463 3785 745 3839 constituit
769 3786 1088 3853 imperator.
1111 3783 1296 3842 Noluit
1323 3785 1582 3853 injuriam
1607 3783 1788 3840 lacere

192 3896 212 3928 ι
258 3875 678 3940 sacerdotibus;
715 3877 859 3945 ipsos
902 3876 1228 3945 interpretes
1255 3875 1542 3934 constituit
1571 3877 1788 3944 episco-

190 3988 212 4022 σ
261 3983 378 4040 pos.
412 3972 488 4026 Ac
519 3985 615 4040 per
643 3968 773 4034 hoe,
813 3969 1066 4040 quoniam
1099 3969 1152 4022 in
1182 3965 1507 4024 sacerdotali
1531 3966 1784 4024 Concilio

191 4081 214 4114 ι
257 4062 626 4126 considerans,
651 4061 920 4131 responde
941 4060 1010 4115 ad
1031 4075 1094 4115 ea
1117 4074 1240 4129 quae
1259 4059 1360 4113 tibi
1385 4067 1782 4129 proponuntur.

193 4173 212 4206 t
260 4156 372 4210 Arii
405 4156 640 4226 epistola
687 4157 823 4210 lecta
855 4165 938 4211 est
985 4174 996 4209 :
1058 4156 1224 4210 etiam
1257 4167 1402 4210 nunc
1432 4154 1781 4220 reeitabitur,

193 4267 213 4299 ‹
257 4249 302 4304 si
335 4249 432 4304 tibi
480 4249 648 4320 788
673 4249 906 4305 videtur.
940 4251 982 4304 A
1013 4248 1284 4319 principio
1316 4248 1479 4306 habet
1532 4249 1788 4319 blasphe-

195 4359 214 4394 σ
256 4344 417 4407 mias,
455 4341 636 4396 solum
682 4342 896 4397 Patrem
930 4351 1196 4397 aeternum
1233 4340 1392 4396 dixit.
1425 4340 1484 4397 Si
1515 4341 1610 4397 tibi
1638 4343 1787 4398 vide-

195 4454 214 4486 ο
257 4446 344 4490 tur
378 4435 528 4507 quod
561 4436 654 4490 Dei
687 4434 857 4491 Filius
910 4437 1279 4504 sempiternus
1308 4451 1416 4500 non
1443 4437 1537 4500 sit,
1571 4437 1674 4492 hoc
1701 4437 1786 4507 ip—

1901 3263 1922 3295 c
1960 3245 2068 3298 lum
2100 3257 2360 3300 aeternum
2383 3242 2639 3298 Patrem?
2663 3242 2726 3298 Et
2747 3243 3054 3300 secundum
3069 3241 3378 3313 Scriptores
3391 3242 3494 3298 hoc

1901 3353 1922 3386 ε
1955 3333 2112 3399 dixit,
2141 3350 2207 3388 an
2242 3334 2384 3388 non?
2415 3353 2434 3386 ι

1967 3428 2240 3484 Palladius
2266 3429 2440 3483 dixit:
2470 3445 2490 3480 σ
2527 3426 2641 3482 Non
2677 3426 2774 3481 tibi
2809 3427 3140 3497 respondeo.
3181 3445 3202 3479 ι

1963 3519 2316 3573 Constantius
2355 3518 2648 3588 episcopus
2700 3516 2882 3570 dixit:
2922 3535 2944 3567 ο
2978 3515 3096 3570 Non
3145 3517 3447 3585 respondes
3474 3557 3490 3584 ,

1893 3607 1920 3645 δ
1951 3611 2046 3680 qui
2074 3610 2283 3664 tamdiu
2316 3607 2747 3678 blasphemastii
2784 3626 2802 3658 ι

1963 3700 2238 3756 Eusebius
2259 3698 2554 3768 episcopus
2602 3697 2784 3752 dixit:
2822 3713 2842 3747 I
2885 3695 2997 3751 Sed
3021 3695 3248 3756 debebis
3286 3697 3496 3764 simpli-

1891 3793 2026 3847 citer
2047 3791 2172 3846 fidei
2207 3800 2311 3843 tuae
2363 3788 2593 3856 prodere
2644 3786 2973 3842 libertatem.
3026 3785 3085 3840 Si
3118 3794 3227 3839 ate
3268 3786 3490 3855 gentilis

1891 3883 2132 3952 exigeret
2156 3879 2612 3947 quemadmodum
2649 3880 2704 3932 in
2730 3878 3008 3933 Christum
3051 3877 3331 3942 crederes,
3361 3889 3492 3934 con-

1892 3975 2028 4028 literi
2059 3973 2389 4027 erubescere
2422 3986 2529 4027 non
2551 3971 2804 4026 deberes.
2845 3981 2862 4027 ι

1962 4065 2047 4120 to.
2089 4063 2323 4119 Sabinus
2353 4062 2642 4133 episcopus
2680 4060 2817 4117 dixit
2853 4080 2866 4115 :
2905 4081 2926 4115 ο
2957 4062 3040 4118 Tu
3084 4065 3270 4134 petisti
3301 4074 3360 4125 ut
3402 4080 3487 4122 re-

1889 4156 2284 4228 sponderemus
2315 4173 2326 4207 :
2356 4153 2520 4218 hodie
2538 4169 2602 4210 ex
2625 4153 2906 4210 voluntate
2931 4163 3044 4218 tua,
3071 4164 3127 4209 et
3155 4164 3208 4210 te
3238 4166 3486 4226 urgente,

1889 4253 2280 4314 convenimus,
2307 4257 2360 4304 et
2395 4259 2500 4306 non
2537 4248 2981 4318 eISpeetavimus
2999 4247 3250 4318 reliquos
3271 4247 3488 4314 fratres,

1887 4346 1979 4416 qui
2001 4349 2250 4414 poterant
2267 4343 2472 4398 venire.
2496 4339 2730 4396 Proinde
2751 4340 2972 4396 noti-tibi
2997 4339 3230 4398 liberum
3259 4347 3344 4398 est
3367 4353 3494 4400 eva-

1887 4439 2023 4508 gari.
2052 4437 2331 4493 Christum
2361 4435 2500 4490 dicis
2521 4447 2642 4490 esse
2667 4442 2916 4490 creatum
2933 4433 2955 4487 i
2970 4442 3064 4490 aut
3087 4432 3489 4503 sempiternum

197 4543 212 4576 ι
256 4542 378 4582 sum
407 4526 865 4598 quemadmodum
894 4528 994 4591 vis,
1023 4525 1050 4563 ἀ
1075 4537 1258 4583 astrne
1289 4547 1302 4580 :
1331 4529 1378 4585 si
1406 4528 1778 4586 damnandum
1818 4513 1866 4579 D
1894 4533 2028 4587 ilicis
2050 4545 2176 4586 esse
2196 4528 2394 4588 Fili-um
2421 4528 2564 4585 Dei?
2603 4547 2624 4582 ι

197 4637 217 4673 t
255 4629 438 4690 pilas,
467 4619 688 4676 damna.
737 4618 1096 4688 Evangelium
1123 4634 1362 4686 praesens
1391 4632 1476 4676 est
1504 4662 1517 4685 ,
1551 4631 1606 4676 et
1635 4622 1782 4693 Apo-

1964 4620 2233 4678 Palladius
2276 4619 2458 4678 dixit:
2493 4633 2515 4671 t
2557 4617 2573 4656 ί
2609 4618 2730 4674 Dixi
2761 4618 2878 4684 tibi,
2939 4633 3044 4680 nos,
3093 4619 3218 4678 ideo
3259 4618 3495 4676 diuinitus

254 4741 280 4774 ⁸
304 4735 510 4791 Eadem
539 4734 672 4788 edit.
691 4733 871 4798 Rom,
901 4733 1078 4802 Neque
1099 4733 1271 4808 dubiae
1300 4737 1566 4791 sententiae
1590 4741 1779 4794 rectius
1883 4740 2136 4808 scriptum
2164 4752 2182 4789 :
2210 4735 2403 4808 melius
2428 4727 3094 4808 eod.'l'eli.,_imperatoris,
3118 4733 3360 4790 Gratiani
3389 4739 3500 4792 sci-

194 4808 513 4879 ntanifeuari
552 4815 787 4879 poterant
824 4805 1203 4869 corm'ouersite,
1230 4822 1384 4872 quam
1421 4808 1466 4860 si
1505 4809 1560 4862 in
1591 4811 1782 4866 oborta:

192 4878 538 4934 altercationis
551 4878 830 4947 judicium.

255 4950 282 4989 ι)
314 4950 519 5004 Eadem
541 4950 694 5011 cdit.,
717 4947 914 5016 copiam
941 4947 1240 5000 recidentes.

263 5032 285 5060 ε
321 5019 477 5074 Rom.
521 5019 679 5082 cdit.,
704 5018 1060 5072 abstinendum
1087 5019 1204 5071 ideo
1229 5019 1540 5071 venerabiles
1561 5022 1698 5074 viros
1723 5023 1784 5076 ab

186 5090 387 5146 itineris
419 5092 722 5160 fatigatione
751 5090 1060 5155 censuimus,
1087 5106 1147 5141 ne
1172 5090 1351 5159 quis...
1385 5091 1610 5146 insuetas
1641 5109 1784 5146 eom-

183 5166 369 5217 miaret
400 5174 582 5214 terras.

173 5302 236 5357 υ
259 5231 284 5272 δ
319 5234 467 5288 Edit.
493 5232 762 5303 quaedam,
792 5240 1036 5285 astruere.
1075 5231 1182 5285 Sed
1217 5231 1570 5285 damnandum
1599 5235 1788 5305 putas?

240 5322 418 5357 anma.

240 5322 418 5359 antna.

264 5390 286 5412 υ
321 5373 513 5439 Chiﬂ.,
534 5374 733 5428 indicat
761 5372 910 5430 lectio
941 5388 1101 5428 sacrae
1129 5389 1164 5427 α
1187 5373 1327 5430 vobis
1350 5375 1597 5441 prolata;
1626 5375 1787 5430 Rom.

166 5447 348 5510 cdit.,
389 5447 546 5500 dictat
588 5445 773 5498 diualis
809 5445 1005 5497 sanctio
1046 5459 1065 5497 :
1105 5443 1241 5500 ΤυΙΙ.
1275 5455 1454 5499 autem
1499 5455 1553 5500 et
1592 5446 1786 5511 Lahl).,

163 5521 345 5572 lectio
378 5534 547 5577 sacra,
579 5515 722 5585 quod
763 5530 924 5568 sensu
955 5515 1178 5585 minioque
1201 5514 1476 5570 diversum
1507 5527 1613 5572 est.
1645 5516 1792 5572 Infra

1889 4804 2038 4874 licet,
2071 4808 2226 4876 cujus
2260 4807 2417 4859 unius
2447 4806 2650 4858 mentio
2684 4804 2772 4859 hic
2797 4804 2996 4876 passim
3025 4814 3224 4860 exstat.
3365 4843 3374 4852 .

1964 4891 1988 4927 ε
2033 4875 2173 4934 Edit.
2211 4877 2400 4948 80th.,
2418 4876 2514 4930 sub
2532 4876 2700 4942 specie
2732 4877 2856 4945 piae,
2879 4875 3146 4948 sedfalste
3175 4877 3406 4948 pietatis.

1963 4948 1988 4986 ιι
2033 4949 2135 5015 Qui
2167 4947 2362 4999 tamdiu
2385 4947 2771 5014 blasphemasti,
2807 4946 2948 4999 refer
2971 4946 3086 5000 haec
3119 4946 3280 5002 verba
3313 4949 3377 5002 ad
3402 4967 3493 5009 su-

1891 5021 2134 5093 periorzr
2147 5019 2240 5093 illa
2268 5034 2280 5068 :
2314 5015 2415 5093 Diu
2464 5018 2596 5093 eitr‘a
2621 5019 3128 5093 acta_tractauimus,
3163 5017 3360 5093 quibus
3397 5019 3495 5075 (io-

1891 5086 2078 5148 cemur
2106 5089 2525 5156 disputationem
2549 5086 2661 5154 jam
2689 5088 2840 5154 prius
2882 5091 3158 5158 utrimque
3177 5090 3345 5145 fuisse
3373 5094 3489 5162 agi.

1894 5171 2190 5287 tatinnitum.
2223 5230 2383 5293 cdit.,
2417 5228 2546 5280 Dico
2577 5227 2666 5280 tibi
2705 5245 2798 5281 nos
2825 5229 2939 5282 ideo
2979 5229 3171 5284 dixisse
3193 5231 3298 5294 iam
3319 5235 3458 5288 vobis
3480 5277 3495 5300 ,

1893 5306 2032 5376 quod
2061 5302 2346 5366 veniremus
2369 5299 2780 5376 ut‘conueniretis
2811 5308 2857 5376 et
2882 5316 2967 5376 vos
2981 5315 3000 5364 ;
3018 5301 3141 5376 quia
3165 5305 3496 5376 exspectaba-

1893 5371 2006 5430 mus
2037 5380 2316 5442 consortes,
2343 5371 2435 5425 sed
2463 5387 2563 5442 non
2589 5381 2722 5426 recte
2753 5371 2946 5439 fecistis
2977 5371 3268 5442 subrepere.
3314 5373 3483 5440 Labb.

1893 5462 2027 5502 vero
2081 5453 2136 5500 ct
2183 5441 2342 5496 Chii).
2400 5440 2532 5498 satis
2561 5453 2861 5510 congruunt
2891 5457 3012 5510 eum
3060 5457 3164 5508 ms,
3205 5440 3346 5506 Tell.
3381 5447 3486 5500 nisi

1899 5462 2027 5502 vero
2081 5458 2136 5500 ct
2183 5458 2342 5496 mnu.
2400 5458 2532 5498 salts
2561 5458 2861 5510 congruunt
2925 5458 3012 5495 um
3060 5458 3164 5508 ms,
3206 5458 3346 5506 't’ett.
3381 5458 3486 5500 mst

1899 5519 2040 5588 quod
2089 5515 2246 5572 Chill.
2311 5513 2468 5588 solus
2491 5527 2588 5588 pro
2619 5513 2853 5588 diximus
2882 5458 3052 5588 habet
3082 5514 3502 5588 scripsimus-ie;

159 5597 347 5653 Vero,
386 5589 497 5662 ubi_
523 5581 874 5662 eadem_edi_t.
919 5601 982 5662 ac
1011 5583 1171 5640 Chiﬂ.
1203 5586 1402 5639 habent
1429 5629 1456 5662 ,Α
1474 5589 1794 5662 consortibus
1898 5581 2002 5662 pro
2025 5589 2434 5662 conuinceremus
2461 5581 2584 5652 legit
2610 5598 2733 5638 cum
2765 5583 2933 5662 μαψ).
2963 5586 3502 5662 οοηυορὶπςςωω-ε-ᾀρ-

154 5662 421 5724 nostris;
455 5658 594 5712 Tell.
625 5667 680 5712 et
709 5657 877 5712 Lahb.
925 5657 1136 5728 legunt,
1175 5659 1627 5714 consacerdotibus
1672 5676 1794 5713 nos-
1901 5653 2064 5730 hique
2094 5658 2183 5712 ubi
2209 5672 2304 5730 u_os
2331 5670 2450 5708 cum
2511 5663 2738 5730 utroque
2787 5655 3080 5730 subrepere,
3109 5653 3246 5730 Tell.
3280 5657 3503 5716 exhibet

159 5732 308 5802 iris.
350 5800 376 5802 _
405 5723 411 5724 ί
591 5798 623 5802 η
763 5797 783 5802 _
842 5799 851 5802 Α
878 5798 888 5802 Α
983 5723 1006 5728 ⁷
1060 5796 1109 5802 __
1139 5796 1186 5802 __
1272 5799 1282 5802 _
1904 5723 2187 5802 subripere.
2219 5727 2386 5781 Forte
2412 5740 2480 5802 ait
2496 5723 2751 5802 inaudita
2781 5723 2951 5795 male,
2977 5723 3101 5784 cum
3117 5726 3309 5785 eodem
3335 5745 3500 5788 sensu

284 5800 298 5838 ί
347 5800 504 5864 Rom,
540 5798 698 5863 cdit.,
763 5797 928 5860 Lahb.
964 5807 1017 5852 et
1051 5796 1208 5852 Chili.
1265 5799 1630 5869 imperato-runt
1677 5816 1807 5868 prre-
1907 5795 2059 5857 infra"
2078 5808 2334 5869 ponatur,
2366 5795 2716 5866 subripuistis.
