3954 6164
532 237 590 294 9i
603 239 636 292 9
1865 224 2110 286 SANCTI
2151 227 2473 288 AMBROSII
3705 239 3793 294 920

532 358 692 414 vobis
715 357 1120 422 utveniremus,
1138 361 1194 409 et
1219 351 1671 408 convinceremus
1691 346 1838 419 quod
1855 357 1964 400 non
1978 354 2129 399 recte
2157 349 2207 408 Α
2309 346 2574 403 Eusebius
2607 347 2895 421 episcopus
2926 350 3067 406 dixit
3096 365 3109 403 :
3148 368 3165 400 ι
3192 350 3321 407 Sine
3357 349 3662 418 calliditate,
3690 351 3792 408 lldei

532 451 744 507 lecistis
772 453 1070 520 subrepere
1101 446 1436 518 imperatori.
1472 464 1492 497 ι
2248 450 2356 496 tua:
2381 443 2773 512 professionem
2803 444 2972 500 debes
2999 459 3292 516 exponere.
3329 463 3349 498 ι

609 546 792 616 789.
832 543 1154 599 Ambrosius
1178 541 1469 612 episcopus
1504 536 1644 593 dixit
1677 554 1689 589 :
1722 554 1740 586 ι
1765 535 2000 605 Legatur
2029 532 2142 602 epi-
2317 531 2590 589 Palladius
2619 534 2798 590 dixit:
2838 553 2857 587 ι
2895 536 3104 608 thuid
3130 537 3359 593 concilio
3394 540 3791 595 reservamus?»

546 657 564 688 ι
601 637 743 690 stola
772 636 1025 702 Palladii,
1052 646 1234 690 utrum
1266 632 1427 688 nobis
1455 630 1558 686 hoc
1580 626 1942 693 mandaverit,
1968 634 2023 682 et
2046 625 2142 680 do-
2317 627 2405 682 15.
2448 626 2771 684 Ambrosius
2802 630 3094 700 episcopus
3121 631 3260 686 dixit
3286 648 3301 687 :
3334 649 3352 683 ι
3388 631 3544 686 Omni
3571 647 3658 688 ore
3690 647 3796 688 con-

545 747 563 783 t
602 728 816 785 cebitur
846 729 992 801 quod
1022 729 1186 784 etiam
1217 742 1362 782 nunc
1385 724 1538 780 fallit.
1578 742 1597 776 ι
2250 741 2268 772 ‹
2303 721 2578 777 demnatio
2605 721 2749 779 facta
2772 725 2930 780 estin
2960 741 3107 790 eum,
3139 726 3230 797 qui
3269 735 3490 797 negaret
3519 726 3607 783 Dei
3634 727 3796 784 Filium

615 823 887 880 Palladius
907 822 1046 877 dixit
1074 839 1087 876 :
1128 839 1146 872 ‹
1182 820 1418 890 Legatur
1447 817 1628 890 plane.
1661 833 1682 867 ι
2249 832 2267 865 ι
2308 816 2731 885 sempiternum.
2761 817 2987 890 Negavit
3009 819 3194 884 Arius;
3229 819 3369 874 hunc
3391 820 3627 890 sequitur
3647 821 3794 876 Palla-

607 920 859 992 Episcopi
888 917 1148 972 dixerunt
1175 932 1188 969 :
1227 934 1246 966 ς
1275 914 1578 984 Imperator
1596 925 1718 966 cum
1737 917 1884 965 esset
1902 921 2139 978 praesens
2249 928 2266 959 ι
2306 909 2448 978 dius,
2477 911 2568 981 qui
2593 927 2700 967 non
2730 913 2845 966 vult
2874 911 3244 968 condemnare
3271 912 3433 984 790
3471 913 3665 968 Arium.
3705 913 3796 968 lta-

539 1015 777 1087 Syrmio,
814 1022 871 1067 tu
900 1011 1050 1066 illum
1081 1007 1469 1078 interpellasti,
1492 1021 1562 1059 an
1590 1005 1706 1074 ipse
1737 1012 1790 1058 te
1828 999 2090 1071 compulit
2116 999 2140 1054 ?
2247 1022 2266 1055 ‹
2301 1018 2407 1073 que
2431 1013 2613 1058 utrum
2645 1004 2802 1074 hujus
2847 1005 3126 1075 probanda
3181 1007 3450 1061 sententia
3473 1006 3560 1073 sit,
3586 1006 3798 1063 conside-

538 1109 602 1162 Et
624 1093 950 1161 addiderunt
980 1118 993 1155 :
1027 1100 1167 1170 Quid
1197 1100 1265 1154 ad
1297 1099 1402 1154 ista
1427 1095 1764 1167 respondes?
1786 1113 1805 1146 ι
2248 1112 2267 1144 ‹
2306 1102 2422 1150 rate
2451 1113 2464 1149 :
2495 1104 2552 1150 et
2592 1105 2774 1151 utrum
2823 1096 3128 1152 secundum
3183 1096 3493 1168 Scripturas
3527 1096 3693 1164 dicat,
3724 1106 3800 1154 aut

609 1196 882 1252 Palladius
909 1192 1190 1262 respondit
1220 1208 1232 1245 :
1264 1209 1282 1242 ι
1326 1186 1846 1244 Dixitmihi:Vade.
1874 1184 2135 1241 Diximus:
2245 1207 2262 1240 ι
2301 1198 2493 1245 contra
2550 1190 2885 1260 Scripturas,
2934 1190 3243 1262 intelligere
3297 1190 3444 1246 licet.
3493 1190 3696 1246 Lectum
3732 1201 3800 1246 est

534 1291 866 1357 Orientales,
912 1287 1168 1344 conventi
1218 1285 1393 1339 sunt?
1436 1292 1462 1320 ⁸
1492 1281 1624 1337 Ait:
1659 1279 1927 1335 Conventi
1987 1287 2133 1332 sunt.
2245 1301 2264 1335 ι
2311 1284 2458 1339 enim
2503 1301 2516 1337 :
2560 1283 2894 1354 Sempiterna
2965 1284 3127 1338 uirtus
3191 1282 3289 1337 Dei
3354 1291 3503 1353 atque
3560 1283 3796 1337 divinitas.

532 1383 802 1456 Numquid
827 1382 874 1437 si
895 1380 1205 1438 Orientales
1234 1394 1344 1433 non
1393 1376 1626 1432 fuissent
1663 1373 1946 1440 conventi,
1980 1386 2136 1427 num-
2243 1397 2261 1429 ι
2310 1374 2405 1431 Dei
2442 1379 2603 1432 uirtus
2642 1375 2880 1432 Christus
2935 1388 3007 1431 est
3055 1375 3252 1448 (Rom.
3314 1392 3352 1441 1,
3384 1375 3514 1446 20)?
3559 1375 3611 1432 Si
3662 1376 3801 1446 igitur

536 1477 664 1548 quid
693 1491 794 1532 nos
819 1472 1300 1530 convenissemus?
1337 1490 1356 1523 ι
2245 1488 2264 1521 ‹
2303 1471 2634 1541 sempiterna
2688 1471 2783 1526 Dei
2846 1471 3017 1526 virtus
3064 1481 3177 1538 est,
3237 1469 3596 1541 sempiternus
3641 1469 3797 1540 utique
3922 1503 3923 1554 ι

605 1569 696 1624 ll.
730 1567 1052 1623 Ambrosius
1087 1565 1376 1635 episcopus
1419 1562 1598 1618 dixit:
1635 1581 1654 1614 ι
1686 1562 2038 1632 Sequestrata
2065 1560 2137 1615 sit
2247 1580 2265 1613 ι
2296 1561 2550 1619 Christus
2574 1571 2694 1628 est;
2724 1564 2846 1634 quia
2869 1563 3120 1620 Christus
3145 1573 3229 1620 est
3260 1563 3361 1621 Dei
3389 1565 3557 1620 virtus
3587 1583 3605 1616 ι
3631 1563 3669 1636 (l
3691 1561 3792 1618 Cor.

537 1680 556 1712 ‹
593 1675 756 1716 causa
787 1657 1176 1724 Orientalium,
1204 1657 1531 1712 sententiam
1564 1665 1707 1710 tuam
1741 1654 1903 1710 hodie
1922 1667 2132 1724 quaero.
2240 1668 2278 1720 ι,
2305 1653 2382 1726 8).
3922 1647 3923 1726 ξ

542 1773 560 1803 ι
601 1752 715 1807 Arii
747 1753 845 1808 tibi
886 1750 1115 1820 epistola
1164 1750 1308 1804 lecta
1351 1759 1476 1804 est:
1510 1749 1654 1804 soles
1677 1757 1726 1803 te
1750 1748 2015 1805 Arianum
2043 1763 2140 1802 ne-
2171 1735 2221 1797 B
2319 1747 2588 1805 Eusebius
2615 1750 2904 1826 episcopus
2931 1748 3070 1804 dixit
3104 1769 3118 1805 :
3156 1769 3175 1802 ‹
3212 1749 3339 1806 llaec
3368 1749 3500 1807 fides
3525 1758 3691 1806 nostra
3715 1759 3799 1817 cst,

542 1864 560 1895 ‹
598 1859 746 1915 gare.
776 1843 886 1898 Aut
907 1842 1100 1898 damna
1125 1840 1287 1896 hodie
1314 1840 1527 1906 Arium,
1557 1849 1650 1894 aut
1669 1839 1921 1896 defende.
1959 1861 1978 1893 ι
2246 1837 2365 1895 haec
2411 1840 2771 1911 intelligentia
2823 1839 3112 1896 catholica.
3162 1840 3263 1908 Qui
3306 1839 3429 1898 haec
3469 1855 3572 1897 non
3610 1840 3801 1907 dixerit,

607 1933 884 1988 Palladius
906 1933 1046 1988 dixit
1073 1951 1084 1986 :
1119 1951 1138 1984 ι
1167 1931 1286 1987 Νοη
1310 1940 1395 1988 est
1421 1931 1762 1988 auctoritatis
1790 1940 1924 1998 tuae;
1948 1941 2007 1988 ut
2037 1932 2141 1990 hoc
2242 1932 2553 1989 anathema.
2607 1952 2624 1984 ι

537 2045 567 2082 a
591 2042 677 2083 me
697 2042 930 2098 quaeras.
971 2045 990 2079 ι
2313 2027 2516 2084 Omnes
2543 2027 2788 2097 episcopi
2818 2027 3075 2083 dixerunt
3108 2045 3122 2081 :
3163 2047 3180 2079 ι
3214 2029 3544 2085 Anathema.
3581 2048 3600 2082 »

607 2121 878 2177 Eusebius
894 2119 1182 2191 episcopus
1208 2119 1384 2175 dixit:
1421 2138 1442 2171 ι
1472 2119 1591 2176 Non
1623 2120 1899 2178 credimus
1920 2123 2140 2193 religio-
2319 2121 2401 2176 ιι.
2433 2118 2705 2175 Eusebius
2733 2119 3026 2190 episcOpus
3051 2119 3195 2174 dixit
3234 2138 3249 2175 :
3288 2139 3308 2172 ι
3350 2120 3659 2192 Specialitcr
3690 2119 3800 2175 dicit

540 2230 662 2270 sum
714 2215 1104 2283 imperatorem
1157 2213 1305 2268 aliud
1363 2212 1564 2270 dixisse
1591 2255 1628 2289 ,_
1671 2229 1834 2286 quam
1896 2217 2132 2287 scripsit.
2241 2215 2416 2272 solum
2468 2215 2683 2272 Patrem
2729 2215 3142 2286 sempiternum,
3185 2225 3243 2271 et
3293 2214 3498 2272 Filium
3547 2214 3800 2287 aliquando

535 2306 885 2377 ttEpiscopos
899 2305 1399 2378 jussitconvenire:
1427 2321 1534 2361 non
1555 2309 1736 2377 potuit
1764 2307 1858 2364 tibi
1874 2309 1976 2364 soli
2001 2323 2136 2365 con-
2240 2311 2495 2382 coepisse.
2538 2331 2557 2364 ι
3274 2295 3284 2310 ³

535 2408 617 2455 tra
644 2399 972 2470 rescriptum
985 2398 1364 2468 suumdicere,
1385 2401 1575 2458 utsine
1589 2402 1950 2460 orientalibus
1969 2419 2135 2460 causa
2312 2404 2589 2462 Palladius
2635 2406 2780 2462 dixit
2817 2425 2830 2460 :
2883 2424 2902 2458 ς
2937 2406 3130 2463 Arium
3176 2419 3280 2462 nec
3311 2405 3448 2475 vidi,
3474 2419 3572 2463 nec
3597 2403 3700 2461 scio
3722 2403 3798 2474 qui

533 2492 760 2547 minime
788 2490 1086 2548 diceretur.
1118 2511 1137 2547 ι
2239 2500 2330 2556 sit.
2365 2519 2385 2553 ι

605 2584 880 2641 Palladius
911 2584 1048 2640 dixit
1078 2601 1092 2640 :
1127 2603 1145 2637 ι
1183 2584 1241 2641 Si
1272 2584 1388 2641 ltali
1438 2586 1542 2642 soli
1593 2587 1732 2657 iussi
1769 2597 1896 2646 sunt
1930 2603 2138 2647 conve-
2311 2594 2582 2652 Eusebius
2609 2596 2905 2666 episcopus
2935 2593 3118 2650 dixit:
3156 2612 3176 2645 ‹
3213 2593 3338 2649 Arii
3359 2590 3673 2664 blasphemia
3695 2603 3795 2660 pro-

536 2678 701 2734 Ilire?
737 2696 757 2731 ι
2238 2688 2347 2744 lata
2393 2698 2499 2756 est,
2545 2690 2600 2744 in
2649 2702 2752 2759 qua
2803 2695 2967 2758 negat
3017 2685 3115 2742 Dei
3162 2684 3370 2741 Filium
3420 2683 3794 2756 sempiternum.

606 2775 870 2843 Evagrius
901 2775 1190 2848 presbyter
1210 2785 1266 2832 et
1286 2776 1494 2848 legatus
1519 2776 1691 2833 dixit:
1721 2796 1740 2831 ‹
1770 2777 1984 2836 Utente
2003 2795 2136 2852 qua—
2239 2783 2390 2840 Hanc
2418 2782 2704 2855 perﬁdiam
2737 2782 2966 2838 damnas
2989 2795 3112 2836 cum
3141 2788 3394 2845 auctore,
3417 2786 3509 2833 aut
3533 2773 3747 2832 asseris?
3775 2791 3791 2824 ι

535 2876 664 2922 tuor
693 2866 831 2933 dies,
861 2875 916 2923 et
941 2876 1067 2922 ante
1087 2868 1310 2924 biduum
1341 2869 1701 2939 responderet
1725 2887 1786 2927 se
1814 2871 2131 2928 affuturum.
2309 2876 2582 2933 Palladius
2608 2875 2746 2931 dixit
2772 2892 2784 2929 :
2813 2893 2831 2926 ‹
2862 2872 2963 2930 Ubi
2986 2871 3289 2928 auctoritas
3315 2871 3474 2946 pleni
3489 2865 3689 2926 concilii
3708 2878 3793 2920 non

531 2956 674 3026 Quid
702 2973 832 3021 ergo
861 2959 1259 3030 exspectabas?
1305 2960 1688 3030 Orientalium,
1721 2972 1780 3018 ut
1806 2963 1966 3030 dicis,
2002 2980 2136 3022 con-
2237 2978 2344 3037 est,
2376 2985 2483 3025 non
2513 2969 2660 3025 dico.
2704 2987 2722 3020 ι

527 3049 758 3104 sortium
792 3057 1008 3105 tuorum
1043 3060 1066 3088 ο
1089 3051 1416 3107 sententiam
1441 3053 1901 3123 exspectandam?
1926 3053 2019 3113 Sic
2036 3057 2131 3114 de-
2169 3125 2202 3132 _
2309 3062 2400 3119 15.
2444 3060 2769 3117 Ambrosius
2811 3061 3103 3132 episcopus
3144 3058 3284 3115 dixit
3322 3077 3336 3114 :
3385 3077 3405 3111 ι
3444 3056 3659 3114 Dubitas
3697 3060 3794 3124 post

531 3140 698 3195 buisti
727 3140 1008 3205 mandare,
1041 3155 1147 3196 non
1176 3142 1492 3211 promittere
1512 3143 1844 3201 conﬂictum.
1884 3166 1903 3199 ›
2157 3125 2202 3190 C
2238 3174 2258 3208 ι
2305 3155 2484 3212 divina
2528 3154 2734 3226 judicia
2781 3125 3046 3210 damnare
3093 3153 3284 3208 Arium
3312 3194 3330 3221 ,
3373 3167 3498 3208 cum
3557 3145 3796 3218 crepuerit

600 3230 873 3287 Palladius
896 3231 1063 3287 dixit:
1088 3250 1107 3285 ‹
1129 3231 1266 3300 Quia
1295 3235 1451 3304 quasi
1483 3235 1550 3291 ad
1573 3238 1866 3294 concilium
1906 3240 2125 3310 plenum
2237 3269 2255 3303 ι
2304 3249 2550 3305 medius?
2588 3267 2609 3302 ι
2654 3248 2725 3303 Et
2751 3247 2964 3304 addidit
2995 3263 3010 3300 :
3049 3265 3069 3299 ‹
3107 3245 3304 3301 Dicant
3334 3245 3501 3302 etiam
3529 3242 3688 3301 sancti
3713 3236 3793 3294 viri

533 3335 811 3389 veneram,
845 3322 957 3378 vidi
988 3338 1097 3379 non
1127 3326 1446 3383 convenisse
1497 3338 1782 3386 consortes
1811 3346 1984 3399 meos,
2012 3332 2038 3370 ἀ
2069 3343 2128 3390 ut
2237 3360 2254 3393 ‹
2301 3342 2464 3412 legati
2491 3339 2797 3397 Gallorum.
2839 3359 2858 3392 ι

530 3416 905 3481 convenirem,
929 3426 986 3472 et
1013 3416 1254 3473 dicerem
1284 3421 1584 3476 secundum
1608 3421 1915 3492 iussionem
1935 3439 2125 3496 agere-
2298 3434 2650 3490 Constantius
2675 3433 2968 3504 episcopus
2995 3441 3052 3488 et
3070 3432 3285 3504 legatus
3317 3431 3595 3490 Gallorum
3624 3426 3746 3485 dixit
3779 3437 3792 3477 :

527 3507 598 3562 tis
629 3507 680 3562 in
713 3508 1086 3578 prtejudicium
1113 3511 1276 3568 futuri
1305 3513 1556 3570 Concilii.
1591 3534 1611 3568 ι
2237 3548 2256 3581 ι
2300 3527 2453 3584 Hanc
2481 3527 2818 3597 impietatem
2843 3527 2964 3598 ejus
2992 3523 3231 3581 hominis
3257 3534 3318 3581 et
3343 3539 3562 3595 semper
3598 3521 3792 3577 damna-

594 3599 684 3655 12.
723 3600 1044 3659 Ambrosius
1065 3605 1355 3677 episcopus
1384 3606 1552 3663 dixit:
1575 3626 1595 3661 ‹
1633 3607 1705 3667 Ut
1732 3608 1894 3667 hodie
1923 3611 2130 3669 reside-
2229 3621 2427 3688 vimus,
2458 3628 2513 3677 et
2534 3634 2678 3676 nunc
2700 3619 3022 3676 damnamus
3045 3633 3155 3675 non
3182 3620 3364 3675 solum
3395 3619 3616 3682 Arium;
3645 3611 3728 3670 sed
3749 3619 3793 3665 et

530 3713 549 3745 α
589 3709 797 3786 remus,
829 3695 946 3766 ipse
968 3697 1219 3768 exegisti.
1266 3700 1509 3772 Denique
1544 3701 1710 3758 etiam
1738 3702 1898 3760 hodie
1923 3713 1979 3759 tu
2008 3707 2126 3776 ipse
2228 3715 2559 3786 quicumque
2587 3713 2784 3769 Filium
2817 3713 2912 3768 Dei
2938 3727 3045 3769 non
3073 3712 3282 3768 dixerit
3309 3712 3708 3783 sempiternum.
3742 3722 3758 3755 ι

531 3804 553 3838 ι
585 3785 777 3844 dixisti
837 3789 964 3858 quia
1021 3789 1304 3846 christiani
1354 3791 1422 3847 ad
1470 3794 1802 3853 christianos
1850 3797 2122 3854 venimus.
2252 3785 2255 3786 7
2299 3807 2624 3864 Ambrosius
2663 3807 2955 3878 episcopus
3002 3806 3143 3862 dixit
3182 3825 3195 3860 :
3249 3824 3268 3858 ι
3319 3805 3460 3875 Quid
3505 3805 3658 3861 etiam
3684 3797 3790 3855 dicit

534 3900 554 3934 ι
584 3879 924 3940 Christianos
955 3884 1120 3955 igitur
1149 3900 1250 3943 nos
1280 3889 1542 3957 probasti.
1591 3889 1895 3947 Promisisti
1919 3901 1972 3948 te
1992 3907 2124 3949 con-
2235 3921 2253 3953 ι
2299 3900 2555 3957 dominus
2605 3914 2760 3957 meus
2807 3899 3034 3956 Justus?
3081 3919 3099 3952 ι

531 3991 555 4025 ε
584 3973 938 4044 llictaturum,
990 3978 1289 4047 promisisti
1323 3989 1346 4016 θ
1372 3989 1424 4036 te
1446 3981 1737 4038 allaturum
1758 3992 1854 4039 aut
1877 3995 2124 4057 accepta-
2298 3993 2483 4050 Justus
2511 3995 2809 4065 episcopus
2829 4002 2887 4050 et
2907 3993 3118 4065 legatus
3142 3991 3430 4050 Gallorum
3461 3992 3630 4049 dixit:
3659 4004 3679 4040 t
3702 3982 3788 4054 Qui

533 4084 554 4117 ‹
593 4075 772 4122 turum
795 4082 918 4125 esse
954 4069 1242 4127 rationem.
1299 4072 1557 4130 Libenter
1597 4076 1778 4147 itaque
1814 4079 2123 4150 accepimus
2229 4085 2425 4142 Filium
2474 4085 2570 4142 Dei
2614 4095 2948 4142 coaeternum
2995 4100 3121 4141 cum
3153 4085 3315 4142 Patre
3361 4100 3472 4142 non
3509 4083 3785 4141 conﬁtetur.

532 4177 554 4212 ι
593 4161 966 4230 praefationem
989 4172 1157 4220 tuam.
1189 4164 1508 4237 Optavimus
1528 4178 1588 4224 ut
1612 4171 1767 4242 quasi
1793 4171 2124 4232 christianus
2227 4178 2521 4235 anathema
2549 4179 2838 4235 habeatur.
2873 4195 2893 4231 ι
3490 4230 3491 4233 η

529 4270 551 4303 ι
588 4253 828 4311 venires.
855 4255 1040 4313 Obtuli
1061 4257 1157 4313 tibi
1189 4259 1474 4327 epistolam
1503 4259 1642 4330 Arii,
1691 4277 1852 4332 quam
1900 4267 2122 4338 scripsit
2295 4271 2499 4328 Omnes
2527 4272 2774 4343 episcopi
2801 4271 3098 4328 dixerunt:
3139 4290 3160 4324 ι
3201 4273 3534 4330 Anathema.
3571 4291 3589 4324 ι

528 4361 549 4394 ι
584 4343 768 4412 Arius,
800 4345 869 4402 de
895 4347 1052 4417 cujus
1102 4350 1323 4406 nomine
1368 4351 1552 4407 dicitis
1576 4367 1676 4408 vos
1705 4354 1962 4424 injuriam
2003 4357 2117 4414 fre-
2297 4365 2388 4422 16.
2430 4365 2756 4423 Ambrosius
2795 4366 3089 4436 episcopus
3133 4364 3274 4421 dixit
3309 4385 3322 4420 :
3379 4386 3400 4420 ι
3436 4366 3622 4422 Dicant
3645 4360 3786 4418 etiam

528 4451 549 4486 ι
587 4445 824 4529 quenter
849 4439 1142 4494 sustinere.
1171 4440 1360 4497 Dicitis
1389 4443 1537 4514 quod
1560 4445 1750 4502 Arium
1780 4462 1892 4504 non
1921 4463 2119 4521 sequa-
2143 4516 2190 4529 _
2229 4475 2247 4508 ι
2297 4457 2557 4512 Afrorum
2589 4456 2789 4527 legati,
2823 4467 2849 4503 κ
2880 4458 2973 4529 qui
3003 4457 3250 4515 omnium
3293 4459 3505 4516 civium
3531 4459 3630 4514 huc
3663 4461 3786 4509 attu-

523 4544 544 4578 ι
581 4528 735 4584 mini.
770 4528 944 4586 Hodie
969 4539 1159 4602 aperta
1187 4531 1351 4589 debet
1374 4549 1496 4592 esse
1517 4539 1790 4595 sententia
1820 4557 1835 4595 :
1864 4551 1960 4597 aut
1983 4516 2114 4601 con-
2142 4516 2198 4578 Ῑ)
2227 4566 2247 4600 ι
2294 4549 2410 4605 lere
2431 4516 2747 4605 sententias.
2773 4516 2809 4601 ἰ

524 4637 560 4718 ¢_
584 4619 976 4718 dentnaillumi
1011 4626 1359 4718 autastrue‘
1390 4629 1676 4700 quibusvis
1704 4632 2050 4692 lectionibus.
2089 4659 2106 4691 ι
2289 4643 2441 4699 Felix
2473 4644 2763 4715 episcopus
2785 4652 2842 4700 et
2867 4643 3079 4715 legatus
3104 4645 3283 4703 dixit:
3315 4665 3337 4700 ι
3376 4647 3436 4704 Si
3469 4647 3586 4718 quis
3612 4643 3782 4700 Filium

515 4710 617 4809 Et_
609 4711 815 4809 addidit
842 4733 855 4768 :
886 4733 906 4766 ‹
935 4715 1080 4787 Ergo
1104 4717 1261 4788 juxta
1287 4721 1575 4791 epistolam
1601 4724 1714 4779 Arii
1741 4724 1992 4784 Christus
2015 4730 2110 4787 Dei
2219 4737 2317 4794 Dei
2345 4710 2626 4809 negaverit
2654 4710 3074 4808 sempiternum,
3103 4749 3159 4795 et
3199 4710 3533 4797 comternum
3576 4747 3782 4807 negave-

519 4822 539 4856 ‹
575 4805 746 4864 Filius
770 4823 880 4865 non
907 4821 992 4866 est
1021 4813 1427 4883 sempiternus?
2217 4829 2308 4896 rit,
2339 4805 2447 4884 non
2479 4828 2633 4885 solus
2662 4843 2764 4901 ego
2779 4805 3003 4900 legatus
3025 4805 3194 4886 totius
3215 4829 3489 4887 Africanae
3517 4805 3781 4900 provincia:

577 4901 855 4960 Palladius
896 4905 1033 4962 dixit
1064 4924 1078 4961 :
1134 4927 1154 4960 ‹
1181 4907 1291 4965 Nos
1343 4910 1581 4969 diximus
1636 4915 1958 4985 probaturos
2008 4934 2107 4976 nos
2215 4921 2414 4978 damno
2447 4940 2461 4978 :
2491 4923 2591 4980 sed
2632 4932 2690 4979 et
2717 4933 2947 4980 cunctus
2975 4923 3179 4980 chorus
3205 4923 3585 4989 sacerdotalis,
3614 4919 3695 4992 qui
3722 4914 3778 4971 ad

511 4993 867 5087 christianos,
892 4997 991 5055 sed
1017 4999 1072 5055 in
1097 5001 1335 5057 concilio
1360 5003 1540 5072 pleno.
1561 5004 1677 5062 Non
1699 5006 1853 5065 vobis
1879 5025 2106 5082 respon-
2215 5015 2362 5072 hunc
2384 5023 2586 5072 cretum
2614 5016 3022 5074 sanctissimum
3053 5031 3142 5076 me
3166 5017 3336 5087 misit,
3355 5017 3519 5074 etiam
3546 5015 3654 5087 ipse
3671 5017 3778 5066 ante

508 5084 703 5145 demus
723 5090 948 5148 omnino
971 5092 1026 5148 in
1056 5093 1432 5164 prmjudicium
1456 5098 1672 5154 concilii
1700 5099 1886 5157 futuri.
1929 5120 1949 5154 ι
2212 5105 2508 5164 damnavit.
2549 5125 2569 5161 υ

573 5331 599 5359 ει
640 5322 724 5377 Ait
737 5321 1027 5409 νεγςοηνεεζιμὶ
1054 5333 1200 5409 sunt,
1244 5324 1491 5409 deerant.
1497 5324 1552 5380 in
1578 5325 1710 5409 edit.
1751 5327 1922 5409 _Rom.
1972 5345 2094 5402 qua:
2199 5334 2324 5388 dum
2336 5334 2657 5409 jussionern.
2680 5344 2740 5409 με
2763 5337 2991 5393 dicerem
3012 5352 3077 5409 ne
3101 5337 3300 5409 aliquid
3325 5339 3548 5408 egeritis.

500 5408 602 5479 nos
623 5409 690 5479 ex
720 5393 846 5479 cod.
879 5393 1040 5479 Tell”
1068 5394 1240 5479 ιτξιιψ.
1274 5404 1330 5450 et
1355 5393 1513 5479 Chiﬂ:
1535 5399 1917 5479 .restituimus.
1990 5393 2006 5402 ’
2198 5476 2210 5479 _
2272 5415 2296 5443 °
2330 5393 2413 5479 Ita
2452 5406 2574 5479 cod.
2600 5393 2740 5462 Tell.
2771 5409 2873 5463 nisi
2902 5407 3048 5478 quod
3098 5393 3200 5478 pro
3221 5393 3526 5474 allat't'trum,
3553 5409 3689 5479 lapsu
3716 5404 3768 5459 li-

571 5467 611 5548 b.
641 5465 871 5545 Eadem.
897 5465 1054 5534 edit.,
1084 5463 1375 5537 Episcopos
1401 5467 1740 5524 occidentales
1775 5475 1939 5545 jussit
1962 5489 2087 5529 con-
2195 5476 2363 5532 brarii
2394 5476 2656 5545 scriptum
2684 5487 2790 5545 est,
2818 5463 3117 5534 ablaturum
3145 5495 3163 5532 :
3188 5484 3239 5534 in
3291 5481 3422 5536 edit.
3457 5463 3630 5536 autem
3659 5477 3766 5532 dee-

497 5549 688 5620 vemr'e.
1163 5611 1166 5615 ι
1219 5610 1247 5620 Δ.
1398 5609 1442 5620 _
1477 5609 1513 5620 η
1594 5607 1617 5620 _
1673 5609 1686 5620 _
1712 5611 1724 5620 _
1889 5613 1941 5620 __
1967 5613 2018 5620 __
2197 5557 2302 5620 rat,
2331 5556 2420 5620 ttnt
2446 5556 2855 5620 acceptaturum.

569 5621 600 5692 ε.
633 5607 794 5692 Rom.
824 5606 980 5676 edit.,
1008 5610 1375 5692 prtesentiam;
1398 5609 1563 5679 Tell.,
1594 5607 1763 5667 Labb.
1797 5620 1854 5668 et
1883 5613 2044 5670 Chii].
2066 5657 2085 5686 ,
2269 5606 2301 5656 τ’
2333 5619 2488 5692 Rom.
2507 5606 2649 5692 _cdit.
2679 5621 2820 5684 sola,
2849 5621 3110 5692 quibusvis
3125 5623 3430 5678 rationibus.

493 5681 1277 5767 'etglegljgptgxfgectapdgvn.”
1471 5763 1518 5767 η
1561 5764 1572 5767 Λ
1742 5732 1770 5767 λζ
1923 5758 1943 5767 π
2067 5681 2080 5686 ⁷
2209 5705 2225 5767 λ
2267 5697 2293 5736 8
2334 5681 3070 5767 Edi_t._llorr1.‘et_Cbill.,Aqui
3095 5693 3325 5749 omnium
3378 5695 3565 5767 Africa
3603 5704 3755 5750 σαερνδ

559 5747 584 5781 ιε
629 5745 770 5801 Edit.
802 5732 1277 5815 nauseantis:
1299 5765 1438 5822 vero,
1461 5763 1519 5810 ut
1547 5732 1868 5812 convenit-cm
1895 5758 2077 5812 tecum
2190 5732 3214 5820 άοὼᾶῗῗὲιῖνὸἶῖεῖὴῐῗᾶί’ίῖἶῖὶῖιῖἰῖ
