3954 6164
549 323 656 381 933
1897 319 2144 378 SANCTI
2183 317 2505 377 AMBROSII
3721 317 3811 376 935

553 443 798 496 Christus
849 453 1045 492 nomen
1092 437 1384 491 humanum
1427 444 1549 501 est;
1582 444 1637 490 et
1677 435 2001 503 respondete
2047 448 2145 488 vos
2173 441 2221 501 Α
2257 451 2275 484 ι
2315 431 2615 487 secundum
2654 431 2992 486 divinitatem
3023 430 3183 486 habet
3215 428 3689 486 immortalitatem.
3722 431 3815 484 lEoe

555 534 708 590 inihi.
743 554 761 586 ι
2255 544 2276 576 ι
2313 525 2408 595 qui
2437 534 2621 596 negat,
2649 524 2897 580 diabolus
2921 533 3024 580 est.
3060 544 3077 576 ι

623 625 888 680 Eusebius
917 623 1208 694 episcopus
1239 622 1374 678 dixit
1426 641 1438 677 :
1497 641 1517 674 ι
1554 621 1692 692 Quid
1721 617 2012 692 superduis
2044 619 2144 674 im-
2323 617 2593 672 Palladius
2621 618 2795 672 dixit:
2828 635 2847 668 ι
2885 616 3001 687 Ego
3027 615 3215 672 Arium
3243 632 3350 670 non
3379 616 3556 671 novi.»
3701 677 3705 680 ι

551 715 817 772 moraris?
842 715 976 770 Cum
1008 716 1281 786 legeretur
1309 716 1560 788 impietas
1593 715 1747 780 Arii,
1773 715 1865 784 qui
1889 711 1991 767 hoc
2016 711 2148 766 dicit
2321 709 2415 764 26.
2458 709 2780 765 Ambrosius
2807 711 3094 779 episcopus
3118 707 3251 763 dixit
3281 727 3294 762 :
3329 727 3348 760 ‹
3379 707 3524 780 Ergo
3552 709 3686 764 male
3707 709 3820 766 dixit

551 810 618 864 de
650 809 829 873 Patre,
858 808 986 878 quia
1023 807 1178 861 solus
1219 806 1380 861 habet
1435 808 1902 862 immortalitatem
1934 846 1948 870 ,
2007 812 2149 859 attu-
2257 821 2276 854 ι
2315 804 2498 865 Arius,
2529 818 2652 858 cum
2680 804 2844 858 etiam
2879 800 3048 856 Filius
3091 801 3187 856 Dei
3236 802 3430 856 habeat
3475 801 3820 856 immortalita-

552 903 663 958 listi
691 900 1061 955 testimonium
1087 900 1153 954 ad
1176 914 1502 954 consensum
1552 899 1848 968 impietatis
1880 898 1991 952 Arii
2026 938 2043 964 ,
2081 912 2146 951 ex
2258 913 2276 945 ι
2317 904 2422 949 tem
2461 895 2758 950 secundum
2804 894 3164 950 divinitatem.
3205 913 3224 946 ι
3255 895 3318 952 Et
3358 893 3602 948 addidit:
3637 914 3653 945 ι
3695 894 3820 950 Bene

554 993 812 1062 Aposwlo
838 991 1028 1046 dicens
1061 1010 1074 1046 :
1111 992 1213 1059 Qui
1240 993 1380 1045 solus
1403 990 1547 1044 habet
1576 991 2016 1045 immortalitatem
2038 1032 2051 1053 ,
2100 999 2150 1043 et
2260 1005 2278 1038 ι
2316 986 2453 1041 dixit
2480 1003 2634 1057 ergo,
2660 1003 2727 1040 an
2757 986 2934 1042 male?
2969 1005 2988 1038 ι

554 1087 716 1140 larem
748 1084 1151 1139 inaccessibilem
1177 1084 1373 1138 habitat
1396 1083 1439 1155 (1
1464 1082 1600 1137 Tim.
1629 1098 1705 1148 γι,
1733 1081 1842 1155 16).
1872 1083 1980 1138 Sed
1998 1082 2041 1137 si
2071 1085 2148 1138 ln-
2327 1081 2600 1136 Palladius
2629 1081 2798 1136 dixit:
2834 1100 2853 1133 ‹
2885 1081 2998 1136 Non
3028 1081 3333 1138 consentio.
3373 1100 3391 1132 ι

552 1178 968 1250 telligis,tutius
997 1187 1202 1232 naturae
1225 1177 1568 1248 dignitatem,
1591 1178 1646 1233 in
1681 1179 1770 1233 Dei
1805 1179 2026 1234 nomine
2052 1193 2150 1233 ex—
2327 1172 2648 1227 Ambrosius
2685 1173 2972 1243 episcopus
3000 1172 3174 1228 dixit:
3211 1190 3229 1224 ι
3256 1171 3354 1226 Cui
3387 1187 3497 1227 non
3536 1172 3825 1227 conseptis?

554 1269 792 1340 pressit:
827 1269 1108 1340 Siquidem
1142 1270 1195 1323 in
1230 1268 1329 1324 Dei
1353 1267 1574 1326 nomine
1597 1270 1760 1325 Pater
1781 1280 1835 1325 et
1866 1267 2039 1324 Pinus
2058 1271 2152 1325 de-
2262 1282 2280 1314 ‹
2318 1263 2617 1317 Anathema
2649 1264 2752 1328 illi,
2773 1265 2865 1334 qui
2901 1279 3006 1317 non
3044 1264 3279 1332 explicat
3311 1263 3434 1318 lidei
3465 1265 3774 1318 libertatem.
3807 1282 3821 1315 I

554 1365 858 1434 signantur.
902 1379 922 1413 ι
1466 1403 1468 1406 .
2325 1359 2531 1412 Omnes
2556 1358 2800 1428 episcopi
2829 1358 3129 1413 dixerunt:
3170 1377 3188 1408 ‹
3223 1357 3554 1413 Auathema.
3592 1377 3610 1410 ι

627 1455 900 1510 Palladius
921 1454 1097 1509 dixit:
1136 1473 1154 1505 ι
1192 1455 1258 1510 Et
1277 1469 1378 1526 ego
1401 1469 1530 1521 vos,
1582 1455 1727 1525 quod
1765 1455 2100 1528 interrogavi
2131 1499 2146 1523 ,
2325 1451 2595 1506 Palladius
2621 1450 2794 1507 dixit:
2833 1469 2853 1503 ι
2889 1451 3065 1507 Dicite
3091 1449 3236 1523 quod
3270 1452 3468 1518 vultis,
3505 1452 3622 1522 ejus
3657 1461 3730 1508 est
3757 1452 3828 1506 di-

556 1550 890 1621 respondere
921 1549 1191 1607 noluistis.
1229 1569 1250 1602 ι
2257 1541 2452 1600 viuitas
2482 1543 2828 1598 immortalis.
2867 1561 2886 1593 ι

625 1645 716 1699 24.
766 1643 1086 1699 Ambrosius
1115 1643 1408 1713 episcopus
1462 1643 1641 1699 dixit:
1681 1661 1700 1694 ι
1736 1644 1941 1714 Aperte
1985 1643 2056 1698 de
2101 1653 2151 1702 ιο
2328 1634 2648 1690 Ambrosius
2674 1635 2959 1706 episcopus
2985 1634 3122 1688 dixit
3151 1653 3164 1687 :
3199 1653 3218 1685 ι
3257 1633 3441 1704 Cujus,
3472 1634 3664 1701 Patris,
3691 1651 3750 1688 an
3779 1643 3827 1688 et

563 1758 581 1787 ι
621 1738 944 1792 sententiam
973 1750 1166 1806 quaero
1200 1754 1212 1789 :
1247 1736 1420 1791 Filius
1451 1736 1546 1791 Dei
1580 1737 1745 1791 habet
1775 1737 2152 1791 immortalia.
2261 1747 2280 1779 ι
2321 1728 2484 1783 Filii?
2515 1747 2534 1780 ‹
2573 1728 2642 1783 Et
2668 1727 2876 1782 addidit
2907 1746 2918 1781 :
2955 1747 2974 1780 ι
3012 1727 3204 1783 Multas
3250 1729 3558 1799 impietates
3585 1730 3834 1800 Congessit

562 1852 580 1884 ‹
614 1845 719 1888 tem
753 1829 1052 1887 secundum
1080 1830 1491 1901 generationem
1521 1830 1795 1897 divinam,
1827 1845 1895 1884 an
1923 1844 2033 1885 non
2062 1830 2156 1884 ba-
2185 1838 2234 1898 Β
2265 1841 2283 1874 t
2325 1823 2508 1876 Arius.
2536 1821 2643 1878 Sed
2673 1822 2738 1876 ad
2766 1822 2870 1876 alia
2901 1832 3260 1877 transeamus.
3295 1840 3314 1873 ι

562 1925 801 1980 «bet?»

2331 1915 2423 1970 27.
2467 1915 2534 1969 Et
2558 1916 2843 1970 recitatum
2873 1923 2995 1970 est:
3032 1933 3051 1966 ι
3088 1914 3275 1970 Solum
3306 1915 3628 1986 sapientem.
3661 1933 3678 1968 ι

631 2019 902 2076 Palladius
933 2021 1110 2076 dixit:
1140 2039 1160 2074 ι
1197 2017 1510 2077 Secundum
1565 2017 1976 2090 generationem
2023 2015 2158 2070 divi-
2333 1995 2604 2062 Palladius
2633 2008 2805 2062 dixit:
2839 2026 2856 2059 ι
2891 2007 3051 2062 Pater
3089 2021 3116 2060 a
3161 2021 3221 2062 se
3259 2007 3438 2077 sapit:
3470 2007 3511 2061 F
3519 2007 3638 2062 ilius
3678 2017 3834 2061 autem

560 2129 683 2168 nam
715 2115 1168 2185 incorruptibilis,
1197 2125 1253 2171 et
1279 2130 1377 2186 per
1401 2128 1626 2169 carnem
1648 2121 1897 2168 mortuus
1924 2121 2029 2166 est.
2063 2129 2080 2163 ι
2261 2102 2479 2172 sapiens
2512 2117 2616 2154 non
2645 2110 2749 2154 est.
2795 2117 2816 2152 ι

631 2209 952 2266 Ambrosius
977 2212 1268 2282 episcopus
1291 2210 1428 2264 dixit
1459 2227 1472 2264 ε
1509 2228 1530 2262 ο
1562 2208 1680 2264 Non
1721 2205 1984 2264 divinitas
2013 2221 2158 2263 ωοιο.
2331 2195 2652 2250 Ambrosius
2677 2195 2966 2264 episcopus
3000 2193 3172 2248 dixit:
3208 2211 3228 2243 ι
3269 2192 3409 2263 Ergo
3439 2191 3606 2248 Filius
3644 2201 3740 2246 non
3767 2200 3838 2246 est

566 2316 584 2350 ι
618 2309 708 2352 tua
741 2309 846 2367 est,
871 2300 966 2356 sed
993 2315 1122 2355 caro
1152 2311 1366 2356 mortua
1393 2311 1500 2356 est.
1534 2319 1554 2354 ι

2274 2306 2285 2339 ι
2325 2289 2562 2360 sapiens,
2593 2303 2716 2341 cum
2745 2288 2860 2356 ipse
2881 2286 2952 2340 sit
2975 2285 3239 2356 sapientia
3272 2283 3316 2356 (1
3348 2286 3468 2339 Cor.
3501 2301 3541 2350 ι,
3570 2283 3695 2355 24)ἳ
3720 2283 3835 2339 Nam

632 2393 904 2449 Pauadius
934 2393 1116 2449 dixit;
1154 2412 1172 2446 ι
1211 2393 1356 2450 Ante
1390 2408 1490 2448 vos
1521 2393 1654 2450 mihi
1689 2392 2035 2463 respondete,
2063 2411 2082 2446 ,
2267 2399 2286 2432 ι
2325 2390 2380 2435 et
2420 2394 2518 2434 nos
2553 2379 2807 2443 dicimus,
2839 2379 2962 2449 quia
2994 2393 3059 2432 ex
3093 2377 3255 2431 Patre
3300 2385 3457 2432 natus
3491 2387 3574 2431 est
3607 2375 3783 2431 Filius.
3817 2394 3831 2425 ι

633 2488 953 2543 Ambrosius
974 2488 1267 2559 episcopus
1283 2488 1424 2542 dixit
1454 2506 1467 2540 :
1499 2506 1518 2539 ι
1545 2487 1713 2542 Filius
1745 2487 1835 2542 Dei
1860 2485 2158 2548 secundum
2336 2471 2606 2527 Eusebius
2648 2471 2938 2541 οιιὶεεορυε
2965 2468 3142 2524 dimi
3181 2488 3200 2519 ί
3237 2467 3332 2522 ES‘
3371 2468 3574 2538 aliquid
3611 2480 3712 2521 iam
3755 2467 3838 2520 ί¹¹¹⁸

573 2598 590 2630 ι
630 2580 976 2635 divinitatem
1039 2580 1201 2634 habet
1258 2580 1728 2635 immortalitatem
1759 2619 1776 2644 ,
1824 2593 1892 2634 an
1931 2593 2041 2632 non
2069 2577 2134 2632 ba

2274 2563 2441 2633 pium,
2483 2574 2588 2618 tam
2620 2561 2940 2634 profanum,
2985 2577 3145 2634 quam
3191 2561 3332 2632 quod
3379 2561 3519 2616 dixit
3559 2562 3835 2639 Sapientem

567 2694 585 2727 ι
628 2675 759 2730 bet?
787 2684 807 2708 η
831 2675 937 2730 Sed
970 2685 1023 2728 et
1047 2675 1160 2744 jam
1187 2673 1402 2730 fraudes
1432 2683 1486 2728 et
1516 2675 1740 2729 insidias
1781 2681 1900 2728 tuas
1929 2686 2035 2729 non
2071 2686 2128 2728 se

1343 2688 1402 2730 es
1432 2683 1486 2728 et
1516 2675 1740 2729 insidias
1781 2681 1900 2728 tuas
1929 2686 2035 2729 non
2071 2686 2162 2728 se-
2265 2657 2462 2712 Filium
2497 2657 2587 2713 θεῖ
2617 2657 2852 2728 Ilegare?
2885 2676 2902 2709 ι

577 2783 593 2815 t
631 2765 866 2820 cundum
913 2764 1028 2818 Arii
1061 2765 1456 2836 professionem
1509 2764 1843 2836 prodidisti?
1874 2783 1894 2816 ι
1924 2764 1990 2818 Ει
2011 2763 2167 2818 addi-
2337 2751 2609 2806 Palladius
2653 2750 2830 2805 dixit:
2868 2769 2887 2803 ι
2925 2749 3199 2820 Sapientia
3246 2749 3479 2817 dicitur,
3519 2751 3638 2822 quis
3686 2758 3837 2820 potest

573 2855 654 2909 dit
693 2873 704 2908 :
746 2875 764 2906 ι
795 2857 900 2922 Qui
923 2855 1116 2910 Filium
1139 2857 1232 2912 Dei
1262 2865 1427 2928 negat
1446 2856 1646 2911 habere
1669 2855 2162 2925 immortalitateﬂi,
2267 2845 2587 2914 sapientiam
2617 2842 2928 2912 denegare?
2965 2860 2984 2893 ι

574 2966 592 2998 ‹
625 2947 754 3017 quid
777 2947 935 3002 vobis
962 2946 1223 3002 videtur?
1257 2968 1276 3000 ι
2336 2936 2657 2990 Ambrosius
2704 2935 2996 3004 episcOpus
3049 2933 3191 2990 dixit
3231 2953 3243 2988 :
3292 2952 3310 2985 ι
3355 2932 3584 3004 Sapiens
3631 2943 3740 3000 est,
3783 2947 3838 2986 an

637 3039 839 3095 Omnes
861 3039 1420 3110 episcopidixerunt:
1459 3057 1478 3092 ι
1517 3038 1819 3099 Anathema
1841 3038 2160 3100 habeatur.»
2267 3029 2413 3083 “0"?
2453 3047 2470 3079 ι

639 3133 732 3188 25.
762 3131 1038 3188 Palladius
1075 3131 1212 3186 dixit
1242 3149 1254 3184 :
1303 3150 1322 3182 ι
1367 3131 1528 3188 Salus
1577 3132 1794 3194 divinus
1844 3134 2166 3192 immortalis
2341 3118 2612 3174 P-‘nadius
2637 3118 2771 3175 ἀίιῖῑ
2804 3137 2815 3174 ε
2855 3139 2874 3172 ί
2909 3118 3186 3189 διψῖθῐηιί³
3215 3126 3316 3174 εει·
3354 3139 3372 3171 ³

569 3235 678 3279 est.
722 3244 741 3277 ι
2189 3213 2234 3279 C
2343 3213 2662 3267 Ambrosius
2700 3213 2994 3283 episcopus
3037 3212 3212 3267 dixit:
3248 3231 3266 3263 ι
3301 3212 3532 3284 Sapiens
3559 3228 3712 3286 ergo,
3738 3226 3839 3268 cum

641 3318 969 3374 Ambrosius
993 3319 1282 3390 episcopus
1329 3318 1465 3374 dixit
1495 3336 1510 3373 :
1562 3337 1581 3370 ι
1617 3319 1812 3374 Astute
1835 3327 1894 3374 et
1918 3319 2062 3384 hoc,
2107 3329 2164 3374 ut

1210 3333 1282 3374 ius
1329 3318 1510 3374 dixit:
1562 3337 1581 3370 ι
1617 3319 1812 3374 Astute
1835 3327 1894 3374 et
1918 3319 2062 3384 hoc,
2107 3329 2164 3374 ut
2276 3325 2294 3359 ι
2338 3307 2408 3362 sit
2437 3307 2720 3376 sapientia.
2753 3326 2771 3358 ι

575 3431 593 3463 ι
627 3412 695 3466 de
727 3411 822 3467 Dei
853 3411 994 3466 Filio
1022 3411 1154 3466 nihil
1185 3413 1462 3481 exprimas
1484 3410 1785 3475 evidenter.
1816 3421 1872 3466 et
1891 3409 2159 3480 egodico:
2343 3399 2612 3454 Palladius
2669 3400 2805 3454 dixit
2846 3417 2859 3456 :
2916 3417 2934 3448 ε
2982 3399 3289 3455 Secundum
3349 3399 3666 3469 Scripturas
3715 3396 3842 3454 vobis

572 3524 594 3562 ι
623 3506 1096 3562 lmmortalitatem
1125 3505 1285 3562 habet
1307 3505 1402 3560 Dei
1441 3505 1614 3561 Filius
1641 3503 1938 3560 secundum
1963 3504 2130 3560 divini

1184 3505 1285 3562 ibet
1307 3505 1402 3560 Dei
1441 3505 1614 3561 Filius
1641 3503 1938 3560 secundum
1963 3504 2161 3560 divini-
2270 3492 2691 3562 respondetltus.
2729 3512 2745 3544 ι

575 3620 593 3653 ι
637 3611 819 3666 tatem,
853 3609 944 3654 aut
975 3615 1112 3670 nega
1139 3601 1264 3670 quia
1295 3616 1401 3654 non
1428 3598 1591 3656 habet
1618 3598 2106 3658 immortalitatem.

2341 3585 2663 3640 Ambrosius
2709 3585 2999 3655 episcopus
3046 3583 3223 3639 dixit:
3257 3602 3275 3638 ι
3310 3584 3488 3640 Etiam
3533 3585 3839 3656 sapientem,

641 3693 912 3748 Palladius
933 3693 1078 3748 dixit
1106 3710 1119 3746 :
1151 3711 1169 3744 ‹
1194 3691 1444 3748 Christus
1469 3700 1712 3748 mortuus
1738 3701 1843 3755 est,
1872 3706 1941 3746 an
1965 3690 2106 3746 non?
2141 3709 2160 3743 ι

2280 3693 2294 3727 ι
2333 3687 2591 3746 quantum
2623 3677 2802 3742 video,
2831 3675 3027 3731 Filium
3077 3676 3169 3731 Dei
3212 3675 3485 3731 Palladius
3535 3694 3728 3750 negare
3767 3690 3841 3729 co-

642 3786 968 3842 Ambrosius
998 3787 1286 3856 episc0pus
1310 3785 1483 3840 dixit:
1518 3803 1537 3836 ‹
1563 3783 1874 3840 Secundum
1898 3798 2120 3844 carnem
2150 3800 2162 3837 :
2277 3790 2295 3822 ι
2337 3781 2497 3826 Italus
2521 3780 2627 3827 est.
2669 3791 2688 3824 ι

578 3896 596 3929 ‹
639 3879 818 3931 anima
845 3886 1029 3932 nostra
1059 3893 1166 3932 non
1209 3878 1470 3942 moritur;
1523 3877 1785 3946 scriptum
1835 3887 1919 3931 est
1959 3875 2106 3934 enim
2149 3892 2162 3928 :
2343 3863 2608 3920 Eusebius
2637 3862 2926 3934 θβῖεοοβυε
2951 3863 3126 3918 dimi
3161 3879 3178 3912 ⁴
3213 3861 3316 3930 Qui
3351 3872 3509 3936 "€531
3545 3859 3734 3917 Filium
3765 3857 3843 3914 θεῖ

575 3988 595 4022 ι
629 3969 804 4027 Nolite
835 3970 1029 4026 timere
1069 3986 1166 4027 eos
1215 3971 1308 4043 qui
1349 3969 1613 4027 occidunt
1636 3985 1838 4042 corpus
1869 4011 1885 4036 ,
1930 3971 2136 4026 animan

1528 3982 1613 4026 int
1636 3985 1838 4042 corpus
1869 4011 1885 4036 ,
1930 3971 2166 4026 animam
2271 3958 2594 4028 sapientem,
2623 3957 2913 4012 anathema
2942 3956 3032 4010 ﬁt.
3073 3975 3089 4007 ι

578 4082 596 4113 ‹
635 4070 814 4116 autem
847 4080 953 4118 non
985 4072 1210 4134 possunt
1238 4063 1492 4119 occidere
1518 4062 1738 4136 (Matth.
1770 4079 1868 4128 xu,
1896 4061 2010 4132 28).
2031 4059 2139 4116 Cun

2034 4059 2166 4116 Cum
2344 4051 2548 4105 Omnes
2577 4049 2821 4120 episcopi
2848 4047 3122 4115 dixerunt,
3153 4066 3173 4100 ί
3207 4047 3538 4103 Anathema.
3577 4067 3595 4098 ι

581 4171 599 4203 ι
632 4155 795 4225 igitur
823 4157 1003 4210 anima
1035 4165 1222 4211 nostra
1257 4155 1396 4210 mori
1420 4171 1529 4210 non
1561 4155 1729 4225 possit
1758 4194 1773 4220 ,
1821 4163 1980 4224 putas
2023 4153 2167 4224 quod
2342 4145 2430 4201 28.
2477 4143 2744 4200 Eusebius
2769 4145 3062 4215 episc0pus
3088 4143 3272 4197 dixit:
3309 4161 3327 4194 ι
3364 4141 3537 4197 Etiam
3567 4138 3843 4199 Secundia-

580 4266 597 4297 ‹
632 4246 884 4303 Christus
913 4249 1211 4304 secundum
1241 4248 1584 4304 divinitatem
1607 4256 1854 4303 mortuus
1883 4247 2000 4302 sit?
2029 4266 2048 4299 ι
2273 4256 2376 4297 nus
2401 4241 2466 4296 ad
2497 4243 2598 4294 hoc
2627 4237 2978 4309 respondeat.
3014 4257 3032 4290 ι

645 4338 922 4394 Palladius
947 4340 1084 4394 dixit
1118 4358 1130 4394 :
1171 4357 1190 4392 ‹
1229 4340 1416 4395 Mortis
1463 4340 1890 4410 appellationem
1915 4355 2083 4410 quare
2112 4348 2167 4394 tu
2343 4333 2585 4404 Cumque
2610 4331 2984 4389 Secundianus
3009 4332 3286 4398 reticeret,
3315 4330 3638 4386 Ambrosius
3659 4327 3847 4397 episco-

570 4431 797 4487 hort‘es?
835 4450 853 4482 ι
2273 4444 2373 4498 pus
2413 4428 2547 4483 dixit
2575 4446 2588 4481 :
2621 4446 2639 4480 ε
2672 4428 2770 4496 Qui
2821 4437 2962 4482 tacet
2986 4467 3004 4492 ,
3035 4427 3302 4498 integrum
3334 4424 3451 4480 vult
3481 4423 3680 4479 habere
3718 4419 3846 4490 judi-

641 4524 963 4580 Ambrosius
992 4523 1280 4595 episcopus
1316 4524 1496 4579 dixit:
1536 4543 1555 4577 ι
1595 4523 1764 4582 [mmo
1804 4538 1911 4579 non
1942 4521 2166 4594 horreo,
2279 4542 2297 4576 ι
2331 4525 2494 4579 cium.
2535 4543 2553 4576 ›
2587 4522 2656 4578 Ει
2684 4522 2931 4578 addidit:
2969 4539 2988 4574 ι
3025 4520 3213 4580 Solum
3257 4519 3474 4575 Patrem
3515 4518 3712 4574 bonum
3739 4527 3844 4568 cum

578 4636 597 4670 ε
635 4619 728 4674 sed
760 4622 1024 4675 contiteor
1050 4618 1077 4658 ι’
1110 4620 1408 4676 secundum
1437 4635 1657 4675 carnem
1688 4634 1895 4686 meam;
1919 4629 2002 4675 est
2023 4620 2167 4676 enim
2197 4615 2250 4676 1)
2283 4635 2302 4668 ι
2339 4617 2491 4682 dicit,
2520 4615 2715 4671 Filium
2747 4614 3030 4670 confessus
3057 4621 3163 4679 est,
3193 4628 3260 4667 an
3295 4610 3546 4682 negavit?
3580 4629 3597 4662 ι

579 4729 598 4762 ‹
637 4711 797 4784 793
828 4727 922 4782 per
952 4727 1112 4784 quem
1135 4727 1162 4765 a
1187 4713 1376 4767 mortis
1404 4713 1633 4768 vinculis
1656 4727 1774 4768 sum
1807 4713 2104 4768 revinctus.
2141 4730 2161 4764 ι
2348 4709 2621 4764 Palladius
2661 4708 2797 4765 dixit
2830 4725 2842 4760 :
2877 4725 2900 4760 ι
2935 4706 3226 4776 Legimus:
3260 4703 3373 4775 Ego
3415 4720 3530 4757 sum
3569 4711 3733 4775 pastor
3772 4697 3849 4752 bo-

647 4807 920 4862 Palladius
942 4808 1117 4862 dixit:
1153 4827 1172 4861 ι
1203 4807 1428 4863 Mortem
1457 4809 1728 4878 separatio
1756 4805 1882 4862 facit
1906 4807 2168 4877 spiritus;
2278 4822 2375 4861 nus
2405 4802 2582 4874 (Joan.
2612 4821 2668 4869 x,
2702 4801 2827 4876 tl);
2867 4811 2922 4860 et
2963 4814 3060 4856 nos
3101 4797 3390 4870 negamus?
3416 4798 3551 4868 Quis
3586 4812 3688 4852 non
3721 4791 3848 4848 dicat

573 4914 695 4953 nam
742 4900 1000 4955 Christus
1045 4899 1214 4956 Filius
1264 4901 1363 4957 Dei
1409 4916 1631 4958 carnem
1680 4900 1944 4978 suscepit,
1975 4911 2030 4958 et
2073 4916 2171 4972 per
2277 4897 2476 4953 bonum
2508 4897 2600 4950 Dei
2630 4893 2863 4950 Filium?
2901 4912 2921 4945 ι

572 5006 797 5048 carnem
830 5004 1080 5050 mortuus
1109 5004 1214 5050 est.
1259 5015 1277 5048 ι
2351 4989 2672 5045 Ambrosius
2721 4988 3008 5058 episcopus
3057 4985 3196 5040 dixit
3233 5002 3245 5039 :
3293 5003 3311 5035 ‹
3357 4984 3496 5052 Ergo
3553 4981 3724 5036 bonus
3775 4983 3847 5030 est

642 5087 962 5143 Ambrosius
980 5088 1268 5158 episcopus
1288 5087 1426 5143 dixit
1449 5105 1462 5142 :
1491 5105 1512 5139 ι
1541 5088 1813 5158 Scriptum
1835 5096 1919 5142 est
1944 5099 1966 5127 ε
1984 5084 2170 5143 Chris—
2281 5101 2300 5135 ε
2337 5083 2590 5140 Christus
2607 5081 2632 5133 7
2665 5098 2686 5133 ι

581 5199 601 5233 ‹
640 5192 751 5237 tum
781 5196 1020 5253 passum.
1049 5182 1357 5239 Secundum
1387 5197 1604 5238 carnem
1632 5181 1797 5254 igitur
1839 5196 2031 5254 passus
2059 5188 2166 5247 est,
2349 5173 2624 5232 Palladius
2658 5171 2796 5228 dixit
2826 5188 2839 5227 :
2880 5189 2898 5223 ‹
2933 5167 3135 5232 Bonus.
3170 5193 3188 5221 ι

647 5429 672 5456 ³
704 5420 863 5476 Rom.
899 5419 1060 5494 edi_t.,
1104 5419 1212 5475 Sed
1233 5424 1350 5494 jam
1387 5421 1596 5494 fraudes
1625 5430 1672 5476 et
1700 5420 1916 5478 insidias
1947 5429 2064 5494 tua;
2091 5436 2171 5494 σιτ
2276 5409 2678 5494 observandum
2706 5404 3846 5494 voeem‘rettiiaetuairrﬁlioecontextunﬁg:

571 5472 1406 5561 cundum—iicteige'ns‘uquiideni
1431 5472 1600 5562 tingi;
1629 5472 1919 5558 Haedina}
1950 5472 2169 5560 siqu—ad
2278 5486 2482 5562 tionem
2524 5481 2824 5562 involvere,
2865 5488 2945 5562 ut.
2966 5476 3070 5562 illa:
3100 5477 3226 5562 alia:
3258 5475 3778 5562 reclustt's‘rtft‘egms
3801 5472 3846 5516 εί

575 5563 721 5635 aliud
751 5544 814 5618 ei‘
831 5564 1146 5635 praesidium
1181 5544 1591 5635 s'uﬂ'ragaretti’r.
1636 5544 1918 5635 *γ’
2016 5544 2058 5635 _'
2081 5544 2118 5546 Π

2159 5544 2168 5548 ’
2277 5555 2482 5635 similes
2507 5572 2518 5604 :
2547 5553 2830 5635 quodnon
2861 5547 3115 5630 videntur
3141 5544 3438 5606 advenisse
3472 5544 3720 5635 R‘ornaui.

645 5615 799 5688 ille?
821 5615 946 5690 eoa;
975 5615 1380 5690 remigant:
1408 5615 1588 5692 L555;
1618 5645 1674 5692 et
1701 5633 1896 5698 Chill.;
1929 5639 1984 5688 at
2015 5630 2171 5685 nom.

2319 5637 2378 5698 κθ
2414 5615 2781 5698 Ιῖθιηξ-θςῇιη
2828 5635 3039 5698 passum
3087 5619 3142 5672 in
3189 5633 3432 5698 earnm...
3479 5615 3706 5698 ᾼνὶαηιεε
3752 5615 3843 5698 est:

575 5682 946 5760 edidi-oritur
966 5682 1604 5766 reiin'xii'iti'liaieuieeba
1970 5682 2176 5760 iunia;
2283 5697 2401 5751 alim
2427 5709 2548 5750 eum
2579 5693 2716 5748 Tell.
2742 5682 2865 5750 cod.
2893 5693 3171 5753 «utilium,
3194 5689 3250 5750 in
3275 5702 3444 5754 σφιν.
3469 5693 3526 5740 ει
3546 5682 3841 5760 praeterunt,

582 5772 843 5853 Christum
891 5787 1149 5853 mortuam
1189 5796 1314 5836 esse.
1348 5781 1491 5849 Ejua-
1521 5795 1742 5847 nauaque
1780 5787 1946 5833 morte
1983 5776 2177 5853 diaboli
2279 5767 2516 5823 diabolus
2545 5777 2638 5821 est.

579 5844 794 5896 vinculis
835 5845 1086 5899 revinctus
1114 5865 1147 5901 a
1181 5853 1359 5904 mortis
1388 5844 1664 5921 'poteatate'
1705 5867 1819 5906 sum
1861 5859 2056 5907 erutus.
2109 5848 2176 5900 At
