3936 6168
173 351 266 409 ΘΗ
1343 355 1828 416 EPISTOLARUM
1870 358 2156 417 CLASSIS
2195 361 2236 416 1.
3337 365 3438 424 926

232 467 532 523 Atnbrosius
555 468 839 540 episcopus
867 467 1041 524 dixit:
1080 489 1097 521 ο
1137 469 1273 527 Male
1301 487 1434 543 ergo
1465 472 1626 528 Arius
1675 473 1741 530 de
1771 475 1814 535 Λ
1853 493 1871 528 t
1912 474 2054 542 Filii,
2086 475 2162 532 sic
2201 476 2395 534 Filium
2445 478 2540 534 Dei
2581 479 2702 534 dico
2744 489 3020 552 potentem
3058 482 3197 538 sicut
3237 493 3291 538 et
3338 485 3440 539 Pa-

176 581 192 615 r
225 563 329 617 solo
363 561 518 617 Patre
548 559 704 629 dixit,
734 577 856 617 eum
889 560 1050 616 etiam
1076 571 1100 598 ³·
1129 560 1294 618 Filius
1328 561 1422 619 Dei
1455 565 1593 622 Deus
1620 579 1734 620 om-
1847 585 1865 617 ς
1911 577 2069 622 trem.
2102 567 2326 626 Dubitas
2368 586 2497 644 ergo
2528 573 2778 628 conﬁteri
2827 574 3113 630 Dominum
3163 585 3438 646 potentem

175 672 191 705 ‹
226 655 371 709 nibus
401 655 490 708 sit.
531 671 548 705 ι
1845 679 1864 714 t
1903 675 2025 718 esse
2058 661 2154 718 Dei
2185 663 2420 722 Filium?
2451 685 2468 718 ι

229 746 486 803 Palladius
509 747 683 804 dixit:
720 765 738 800 ι
772 745 874 818 Qui
907 747 1107 803 bonum
1142 763 1249 804 non
1271 746 1405 804 dicit
1430 747 1733 818 Cbrismm,
1911 753 2181 813 Palladius
2203 755 2372 812 dixit:
2407 775 2426 811 ι
2460 757 2578 814 Jam
2609 758 2742 828 dixi,
2777 762 3076 820 secundum
3116 761 3438 833 disputatio-

171 841 295 896 male
318 840 468 896 dicit.
506 860 526 895 ι
1047 898 1056 904 ,
1839 860 1988 914 nem,
2019 857 2176 918 prout
2197 863 2510 919 possumus,
2544 853 2934 924 respondemus
2961 855 3146 919 vobis;
3171 869 3267 909 vos
3294 856 3436 909 enim

225 931 308 988 29.
350 931 613 989 Eusebius
642 933 937 1006 episcopus
960 931 1129 988 dixit:
1168 953 1187 986 α
1225 934 1500 991 Christum
1535 936 1736 995 bonum
1838 935 1940 990 soli
1984 936 2146 992 vultis
2197 953 2320 994 esse
2357 939 2608 1011 jndices:
2639 957 2734 996 vos
2771 944 3072 1014 litigatores
3100 959 3223 1000 esse
3252 945 3436 1001 vultis.

165 1023 308 1100 796
329 1024 639 1082 confiteris?
669 1024 801 1080 Nam
826 1035 884 1082 et
903 1039 1004 1096 ego
1028 1026 1202 1083 bonus
1231 1043 1372 1082 sum.
1407 1028 1534 1084 Mihi
1561 1029 1732 1085 dixit:
1839 1025 1954 1082 Non
1987 1028 2140 1085 vobis
2171 1031 2566 1102 respondemus
2597 1051 2739 1090 nunc
2760 1079 2775 1104 ,
2807 1037 2902 1092 sed
2934 1038 2985 1092 in
3015 1038 3250 1093 concilio
3278 1055 3442 1109 gene-

166 1117 314 1190 Euge,
339 1134 479 1174 serve
507 1118 637 1174 bone
665 1117 883 1190 (Matth.
932 1135 1065 1185 xxv,
1093 1117 1208 1192 20).
1239 1128 1294 1175 ct
1321 1139 1335 1175 :
1364 1117 1535 1175 Homo
1577 1120 1738 1179 bonus
1840 1117 1936 1170 Pali
1968 1126 2022 1173 et
2053 1119 2214 1192 pleno
2239 1124 2694 1192 respondebimus
2725 1127 2898 1182 vobis.

164 1214 337 1282 profert
361 1214 422 1267 de
449 1213 690 1266 thesauro
718 1229 812 1267 suo
839 1212 972 1267 bona
1008 1233 1026 1266 ι
1063 1213 1216 1278 (Luc.
1252 1229 1327 1277 Vl,
1357 1213 1470 1285 45).
1909 1209 2230 1267 Ambrosius
2261 1213 2552 1286 episcopus
2592 1217 2765 1271 dixit:
2803 1237 2822 1270 t
2858 1220 3160 1278 Anathema
3201 1220 3302 1287 illi,
3347 1221 3437 1292 qui

227 1302 483 1360 Palladius
511 1303 688 1359 dixit:
725 1322 743 1355 σ
781 1303 899 1359 Jam
931 1303 1067 1373 dixi,
1101 1303 1254 1360 vobis
1289 1321 1395 1360 non
1430 1305 1736 1376 respondeo
1844 1319 1862 1351 ι
1902 1311 2064 1374 negat
2093 1303 2376 1359 Dominum
2412 1315 2686 1376 potentem
2719 1307 3018 1364 Christum.
3058 1329 3076 1361 ι

164 1411 312 1466 usque
335 1396 398 1451 ad
427 1396 643 1469 plenum
666 1395 979 1454 concilium.
1018 1415 1037 1449 ι
1907 1392 2109 1451 Omnes
2133 1395 2374 1468 episcopi
2405 1398 2696 1454 dixerunt:
2734 1421 2752 1454 t
2789 1399 3111 1459 Anathema.
3151 1423 3169 1456 ι

224 1489 524 1546 Ambrosius
551 1488 843 1560 episcopus
867 1487 1005 1546 dixit
1035 1506 1047 1542 :
1081 1507 1100 1541 ι
1130 1487 1305 1544 Judaei
1332 1488 1582 1545 dicebant
1608 1490 1732 1560 quia
1907 1487 1996 1543 55.
2039 1487 2172 1544 Item
2218 1491 2502 1546 recitatum
2539 1502 2662 1548 est:
2696 1513 2715 1546 ι
2753 1495 2941 1550 Solum
2989 1504 3287 1566 potentem,
3321 1483 3438 1553 o’m-

168 1602 183 1635 ‹
216 1585 374 1639 bonus
399 1592 481 1640 est
509 1584 695 1658 (Joan.
733 1600 829 1650 vn,
857 1584 948 1652 12)
978 1601 991 1638 :
1023 1591 1079 1640 et
1113 1581 1276 1639 Arius
1304 1591 1463 1656 negat
1492 1583 1613 1656 quia
1644 1582 1734 1639 Fi-
1837 1578 1985 1634 Itium
2009 1579 2268 1650 judicem.
2307 1601 2326 1634 ι

167 1691 182 1724 ι
215 1674 311 1732 lius
329 1675 422 1732 Dei
452 1675 627 1732 bonus
647 1684 750 1730 est.
785 1694 804 1727 ι
1906 1671 2179 1729 Palladius
2221 1673 2358 1730 dixit
2389 1692 2401 1729 :
2437 1693 2458 1728 ι
2487 1675 2740 1732 Omnium
2761 1676 2994 1748 judicem
3021 1673 3047 1714 ά
3075 1678 3268 1733 Filium
3317 1680 3436 1734 Dei.

220 1767 476 1824 Palladius
501 1769 680 1824 dixit:
713 1787 732 1820 ‹
761 1767 896 1838 Quis
922 1777 1100 1838 potest
1128 1770 1230 1825 hoc
1259 1769 1498 1840 negare?
1532 1789 1552 1824 ι
1835 1761 1933 1819 Est
1961 1765 2053 1835 qui
2084 1764 2200 1830 dat,
2225 1775 2309 1820 est
2336 1770 2426 1836 qni
2457 1768 2676 1836 accipit.
2711 1787 2729 1820 ι

162 1858 400 1918 Eusebius
443 1863 740 1934 episcopus
785 1860 958 1918 dixit:
997 1879 1015 1912 ‹
1053 1859 1236 1916 Bonus
1280 1868 1362 1916 est
1406 1875 1538 1934 ergo
1590 1859 1730 1919 Dens
1761 1853 1806 1914 Β
1905 1856 2231 1913 Ambrosius
2261 1859 2551 1930 episcopus
2589 1859 2768 1915 dixit:
2809 1880 2827 1914 ι
2862 1862 2964 1917 Per
2995 1862 3225 1934 gratiam
3263 1861 3436 1928 dedit,

159 1951 307 2010 Filius
331 1954 446 2012 Dei.
480 1974 500 2009 ο
1841 1967 1859 2000 t
1898 1943 2058 2026 795
2087 1963 2156 2005 an
2198 1965 2295 2021 per
2334 1951 2620 2006 naturam?
2656 1951 2724 2006 Et
2765 1952 3077 2009 hominibus
3107 1953 3436 2024 datnrjudi-

217 2045 469 2102 Palladius
525 2045 714 2102 dixit:
761 2065 779 2098 ι
826 2045 1008 2100 Bonus
1065 2045 1223 2100 Pater
1275 2045 1477 2100 bonum
1536 2043 1728 2101 Filium
1843 2059 1863 2093 ‹
1899 2045 2065 2097 cium.
2105 2065 2124 2096 ι

159 2140 340 2209 genuit.
378 2159 395 2193 ι
1907 2135 2176 2191 Palladius
2226 2136 2362 2192 dixit
2409 2155 2422 2191 :
2471 2155 2490 2190 ο
2531 2137 2748 2193 Patrem
2821 2139 3082 2209 majorem
3138 2139 3314 2207 dicis,
3363 2156 3430 2194 an

211 2234 292 2296 50.
331 2236 654 2296 Ambrosius
700 2235 991 2307 episcopus
1028 2231 1206 2294 dixit:
1247 2254 1264 2287 ι
1300 2235 1365 2292 Ει
1409 2249 1508 2290 nos
1555 2234 1729 2292 bonos
1835 2229 1982 2284 non?
2020 2249 2038 2281 ι

163 2341 178 2375 t
208 2325 375 2395 genuit
393 2326 548 2400 (Gen.
575 2344 624 2394 ι,
645 2327 770 2396 51);
793 2327 886 2383 sed
911 2342 1022 2383 non
1047 2327 1343 2383 secundum
1367 2325 1724 2384 divinitatem.
1905 2323 2224 2379 Ambrosius
2265 2323 2555 2402 episcopus
2585 2324 2723 2380 dixit
2755 2344 2768 2380 :
2805 2344 2824 2375 ‹
2860 2325 3053 2382 Postea
3086 2327 3432 2396 respondebo

162 2433 177 2466 ε
210 2417 360 2474 Deum
385 2421 588 2476 bonum
621 2419 715 2476 Dei
747 2419 944 2476 Filium
975 2418 1132 2476 dicis.
1174 2439 1193 2473 ι
1839 2435 1856 2468 ε
1897 2411 2010 2471 tibi.
2052 2433 2069 2467 ο

217 2509 472 2567 Palladius
497 2513 641 2569 dixit
667 2531 680 2567 :
712 2531 731 2566 ι
771 2509 939 2568 Filius
966 2512 1060 2567 Dei
1090 2512 1264 2567 bonus
1289 2519 1395 2566 est.
1433 2528 1452 2562 ›
1904 2507 2180 2564 Palladius
2209 2508 2344 2566 dixit
2373 2529 2385 2559 :
2425 2527 2442 2560 ‹
2479 2507 2596 2580 Ego
2626 2508 2719 2568 tibi
2747 2523 2851 2563 non
2885 2509 3216 2579 respondeo,
3252 2511 3296 2564 si
3321 2527 3429 2565 non

218 2601 520 2668 Ambro~ius
573 2605 868 2678 episcopus
918 2601 1100 2658 dixit:
1147 2621 1166 2654 ς
1215 2601 1374 2656 Vides
1418 2615 1549 2673 ergo
1605 2601 1725 2676 quia
1833 2601 2137 2671 respondes
2162 2601 2314 2658 mihi.
2355 2621 2375 2654 ι

162 2712 179 2744 ο
210 2694 460 2752 Christum
487 2698 722 2765 bonum,
749 2697 948 2752 bonum
979 2697 1169 2762 tilium,
1195 2711 1305 2751 non
1334 2696 1532 2750 bonum
1561 2695 1725 2750 l‘teum
1904 2691 2170 2750 Eusebius
2199 2695 2491 2766 cpiscolius
2518 2695 2659 2750 dixit
2693 2711 2704 2746 :
2745 2713 2764 2745 ‹
2803 2693 2915 2748 Nisi
2948 2694 3286 2764 impietatem
3314 2695 3430 2750 Arii

162 2805 178 2840 t
211 2787 362 2856 dicis;
390 2791 528 2861 quod
561 2806 597 2846 a
629 2799 683 2846 te
708 2792 990 2862 qumritur.
1028 2809 1047 2848 ι
1079 2789 1141 2844 Ει
1167 2787 1408 2845 addidit:
1445 2807 1463 2841 t
1494 2787 1594 2858 Qui
1627 2788 1726 2844 hoc
1830 2800 1898 2841 ex
1939 2786 2130 2842 ordine
2163 2785 2530 2853 damnaveris,
2583 2785 2958 2858 interrogandi
2993 2801 3097 2841 non
3143 2788 3238 2842 tibi
3271 2787 3425 2841 dabi-

162 2897 322 2938 rnum
361 2881 386 2924 δ
427 2884 631 2942 Filium
684 2885 777 2940 Dei
835 2884 1001 2942 Deum
1056 2899 1162 2940 non
1217 2883 1542 2952 conﬁtetur,
1593 2900 1727 2941 ana-
1834 2896 1954 2938 mus
1975 2880 2312 2938 facultatem.
2349 2901 2368 2933 ι

161 2993 176 3025 t
211 2975 392 3034 thema.
425 3001 443 3032 ι
1905 2976 2175 3032 Palladius
2201 2975 2374 3030 dixit:
2413 2993 2431 3026 ε
2468 2974 2584 3031 Non
2610 2975 2702 3031 tibi
2731 2972 3060 3046 respondeo.
3093 2994 3110 3027 ι

214 3069 399 3128 Omnes
419 3072 670 3146 episcopi
701 3071 994 3128 dixerunt:
1030 3090 1050 3125 α
1087 3072 1408 3130 Anathema.
1445 3092 1464 3125 ι
1904 3067 2227 3124 Ambrosius
2270 3069 2562 3142 episcopus
2607 3067 2744 3122 dixit
2774 3085 2788 3120 :
2825 3086 2843 3119 ι
2889 3065 3062 3122 Filius
3087 3063 3197 3122 'Dei
3219 3111 3232 3134 ,
3286 3066 3431 3122 sicut

215 3159 296 3219 3i.
332 3163 458 3220 Item
490 3164 787 3222 recitavit:
819 3183 840 3217 ι
871 3162 1059 3221 Solum
1092 3173 1389 3236 potentem.
1426 3183 1445 3216 ι
1838 3184 1858 3217 x
1894 3167 2090 3221 lectum
2125 3174 2227 3229 est.
2257 3165 2425 3238 judex
2454 3175 2557 3230 est,
2591 3181 2660 3220 an
2697 3164 2845 3221 non?
2881 3185 2898 3217 ι

214 3255 512 3312 Ambrosius
564 3255 863 3327 episcupus
908 3255 1089 3312 dixit:
1129 3275 1147 3308 ι
1186 3255 1384 3312 Potens
1429 3264 1514 3312 est
1557 3255 1726 3312 Filius
1755 3240 1801 3306 C
1903 3257 2178 3314 Palladius
2228 3255 2410 3312 dixit:
2448 3277 2466 3309 ‹
2498 3257 2553 3312 Si
2611 3273 2716 3312 non
2769 3255 3071 3327 respondes
3116 3254 3274 3321 mihi,
3327 3271 3428 3326 ego

161 3362 176 3394 ε
209 3345 314 3414 Dei,
339 3365 405 3404 an
435 3351 588 3406 non?
625 3369 644 3402 ι
1832 3351 1950 3416 tibi,
1987 3360 2043 3405 ut
2070 3352 2259 3422 impio,
2294 3365 2400 3406 non
2432 3349 2760 3422 reSpondeo.
2804 3370 2824 3404 ›

153 3480 160 3487 .
216 3439 466 3500 Palladius
491 3442 671 3500 dixit:
708 3462 727 3496 ι
756 3441 858 3512 Qui
882 3445 1062 3511 omnia
1089 3443 1236 3514 fecit,
1260 3460 1366 3500 tton
1393 3453 1477 3502 est
1502 3445 1727 3518 potens?
1906 3445 1998 3500 54.
2031 3443 2352 3499 Ambrosius
2395 3443 2682 3516 episcopus
2730 3442 2868 3497 dixit
2898 3461 2908 3495 :
2948 3460 2965 3492 ι
3007 3441 3180 3495 llabes
3211 3439 3424 3510 profes-

155 3528 236 3598 Qeii
261 3535 428 3590 omnia
457 3536 615 3600 fecit,
642 3536 823 3592 minus
853 3536 1065 3606 potest?
1093 3554 1116 3589 ι
1838 3553 1857 3586 ι
1893 3534 2100 3589 sionem
2134 3551 2334 3597 meam.
2364 3550 2468 3608 qua
2517 3533 2862 3606 respondebo
2894 3533 3013 3598 tibi,
3051 3533 3268 3587 Interim
3306 3548 3429 3602 per-

213 3624 515 3685 Ambrosius
567 3629 860 3699 episcopus
907 3629 1083 3684 dixit:
1124 3649 1142 3682 ε
1180 3627 1324 3701 Ergo
1375 3630 1540 3686 Arius
1585 3631 1726 3686 male
1839 3644 1857 3677 t
1898 3626 2106 3695 legatur
2149 3625 2379 3698 epistola
2411 3623 2550 3678 Arii.
2590 3641 2608 3674 ι
2655 3623 2722 3675 Et
2763 3621 3006 3674 addidit:
3045 3638 3063 3671 r
3091 3620 3148 3674 In
3191 3622 3425 3690 epistola

158 3733 174 3765 ι
207 3717 345 3775 dixit.
379 3740 397 3773 δ
431 3721 494 3777 Et
522 3719 776 3778 addidit:
813 3739 830 3771 ι
868 3720 965 3775 Vel
989 3721 1042 3776 in
1070 3721 1173 3778 hoc
1195 3722 1422 3780 damnas
1447 3720 1672 3780 Arium?
1701 3742 1720 3774 ι
1835 3736 1854 3770 ‹
1894 3718 2007 3772 Arii
2058 3718 2305 3771 invenies
2346 3724 2402 3770 et
2449 3715 2553 3768 hoc
2597 3713 2967 3784 sacrilegium,
3010 3711 3155 3780 quod
3204 3721 3258 3764 tu
3308 3727 3424 3765 mo-

213 3809 464 3872 Palladius
508 3815 692 3872 dixit:
726 3832 747 3878 t
780 3813 936 3882 Unde
965 3817 1080 3872 scio
1109 3817 1201 3890 qui
1231 3815 1338 3872 sit?
1370 3817 1481 3887 Ego
1513 3831 1611 3888 pro
1639 3831 1726 3872 me
1834 3828 1852 3861 ι
1889 3805 2028 3864 “ris.
2064 3828 2082 3859 ι

153 3907 434 3972 respondeo
462 3909 588 3966 tibi.
622 3926 641 3961 ι
1903 3898 2182 3954 Palladius
2231 3898 2367 3954 dixit
2417 3916 2428 3950 :
2477 3915 2495 3948 ι
2530 3897 2640 3966 Ego
2682 3897 2773 3966 qui
2827 3896 3134 3964 interrogo,
3185 3910 3292 3948 non
3345 3912 3427 3950 re-

211 3995 516 4057 Ambrosius
542 3999 840 4071 episc0pus
870 3999 1008 4056 dixit
1035 4019 1046 4054 :
1081 4018 1100 4052 ι
1136 4010 1157 4038 ο
1184 3997 1353 4055 Filius
1385 3998 1602 4060 Domini
1629 4001 1724 4058 Dei
1828 3989 2158 4062 Sltondelisi
2190 4009 2208 4042 ι

159 4084 334 4145 «Deus
363 4102 559 4162 potens
591 4092 718 4147 est?
754 4109 773 4142 ι
1901 4085 2169 4141 Eusebius
2225 4084 2520 4155 episcopus
2570 4081 2744 4137 dixit:
2776 4100 2793 4132 ι
2842 4081 3036 4136 Filium
3103 4081 3199 4137 Dei
3258 4082 3422 4138 Deum

213 4179 469 4242 Palladius
495 4184 674 4242 dixit:
709 4202 728 4238 ι
763 4185 984 4242 Potens.
1020 4203 1039 4236 ›
1828 4179 2091 4249 aequalem
2131 4177 2383 4233 dicimus.
2422 4194 2442 4228 ι

212 4277 520 4340 Ambrosius
564 4282 855 4353 episcopus
891 4280 1032 4337 dixit
1060 4295 1073 4336 :
1109 4297 1128 4334 r
1161 4257 1304 4336 Deus
1333 4279 1508 4335 bontts
1537 4279 1665 4334 est?
1699 4299 1718 4336 ι
1899 4272 2172 4329 Palladius
2200 4271 2378 4328 dixit:
2409 4289 2429 4323 ι
2455 4269 2535 4326 Tn
2559 4267 2726 4341 judex
2763 4282 2846 4334 es,
2879 4266 2957 4322 tui
2988 4276 3312 4336 exceptores
3339 4265 3427 4321 hic

210 4367 468 4438 Palladius
489 4374 627 4432 dixit
656 4391 669 4427 :
704 4393 726 4430 ι
753 4373 873 4436 lam
899 4372 1012 4430 dixi
1041 4372 1236 4430 Filium
1265 4371 1362 4436 Dei
1389 4371 1722 4444 unigenitum
1827 4375 1976 4423 sunt.
2017 4385 2037 4420 ι

152 4471 258 4514 esse
283 4472 580 4532 potentem.
617 4483 636 4517 ι
1900 4460 2227 4517 Ambrosius
2267 4460 2558 4536 episcopus
2601 4456 2739 4514 dixit
2773 4475 2785 4510 :
2821 4476 2838 4509 ι
2870 4455 3126 4514 Scribant
3175 4454 3288 4518 tui,
3335 4454 3426 4524 qni

212 4550 518 4612 Ambrosius
566 4557 860 4628 episcopus
899 4555 1087 4627 dixit:
1125 4574 1146 4609 ο
1194 4557 1475 4622 Dominum
1527 4565 1720 4630 poten-
1835 4573 1852 4607 σ
1893 4555 2102 4612 volunt.
2137 4574 2154 4607 ι

158 4657 172 4689 ί
207 4652 324 4700 tem.
363 4668 382 4702 ι
745 4675 780 4707 ο

1896 4647 1984 4703 55.
2021 4645 2297 4702 Palladios
2319 4644 2494 4701 dixit:
2525 4663 2543 4696 ι
2576 4643 2738 4699 Pater
2781 4642 2952 4711 major
2980 4649 3085 4705 est,
3111 4655 3178 4693 an
3223 4636 3371 4692 non?
3402 4655 3419 4688 ι

212 4734 470 4798 Palladius
495 4743 671 4800 dixit:
701 4761 722 4798 ς
755 4743 953 4800 Filium
981 4743 1077 4800 Dei
1106 4753 1402 4818 potentem.
1437 4763 1454 4798 ι
1899 4738 2172 4794 Eusebius
2213 4737 2506 4807 episcopus
2551 4734 2728 4790 dixit:
2761 4751 2779 4785 ι
2812 4731 3122 4790 Secundum
3168 4727 3423 4784 divinita-

213 4827 294 4883 52.
335 4834 660 4891 Ambrosius
683 4837 972 4908 episcopus
998 4836 1172 4891 dixit:
1209 4855 1228 4889 ι
1264 4836 1521 4892 Petentes
1546 4845 1603 4893 et
1628 4837 1726 4891 ho-
1829 4842 1936 4888 tem
1981 4831 2205 4901 aequalis
2255 4840 2338 4884 est
2370 4828 2543 4883 Filius
2585 4827 2755 4882 Patri.
2810 4827 2990 4881 Habes
3032 4826 3086 4880 in
3129 4823 3426 4893 Evangelia

157 4935 172 4967 ι
208 4923 370 4980 mines
395 4940 557 4993 sunt;
585 4927 847 4998 scriptum
886 4937 970 4983 est
1001 4929 1144 4984 enim
1174 4946 1187 4982 :
1219 4927 1361 4996 Quid
1393 4928 1638 4999 gloriaris
1671 4931 1724 4984 in
1827 4925 1972 4998 quod
1995 4923 2164 4980 Judzei
2211 4921 2680 4992 persequebantur
2722 4937 2886 4982 enm;
2921 4921 3044 4990 quia
3101 4935 3206 4972 non
3249 4919 3424 4972 Solum

155 5027 171 5058 ι
204 5016 419 5085 malitia,
452 5021 540 5089 qui
568 5032 748 5092 potem
777 5038 829 5075 es
855 5022 910 5075 in
935 5021 1202 5089 iniquitate
1233 5020 1404 5092 (Psal.
1436 5037 1510 5085 LI,
1535 5021 1630 5089 3)?
1661 5023 1726 5077 Et
1827 5017 2075 5075 solvebat
2119 5015 2427 5079 sabbatum,
2481 5013 2576 5069 sed
2629 5023 2685 5069 et
2731 5014 2947 5069 Patrem
3000 5029 3157 5068 suum
3210 5013 3427 5067 dicebat

155 5117 170 5149 α
204 5104 318 5160 alibi
341 5109 487 5164 :Cum
511 5113 767 5182 iuﬁrmor,
791 5123 908 5166 tunc
930 5123 1107 5183 potens
1126 5130 1238 5167 sum
1264 5112 1328 5184 (ll
1346 5111 1464 5168 Cor.
1488 5129 1584 5177 xtl,
1605 5113 1718 5184 10).
1831 5114 2024 5175 Deum,
2053 5110 2318 5180 aequalem
2359 5123 2418 5171 se
2455 5107 2658 5163 faciens
2686 5109 2798 5163 Deo
2827 5107 3010 5177 (Joan.
3038 5124 3090 5173 v,
3123 5111 3146 5162 i
3157 5106 3234 5178 8).
3269 5107 3422 5174 Quod

154 5209 170 5242 t
205 5193 330 5253 Illud
369 5219 397 5257 a
427 5212 478 5260 te
507 5206 747 5277 requiro,
784 5213 842 5259 ut
870 5205 1187 5260 conﬁtearis
1218 5205 1504 5260 Dominum
1532 5215 1724 5275 poten-
1829 5219 1962 5275 ergo
1989 5203 2136 5273 impii
2171 5213 2562 5273 persequentes
2593 5201 2832 5258 confessi
2874 5213 3026 5266 sunt,
3059 5217 3158 5254 nos
3196 5200 3426 5254 creden-

154 5298 170 5331 ί
204 5291 302 5343 lem
353 5307 474 5349 esse
521 5295 796 5351 Christum
850 5295 939 5350 Dei
993 5294 1192 5351 Filium
1236 5313 1249 5351 :
1295 5303 1389 5349 ant
1436 5297 1480 5349 si
1530 5311 1718 5368 negas,
1829 5308 1910 5353 tes
1932 5311 2131 5366 negare
2161 5310 2266 5350 non
2299 5309 2608 5367 possumus.
2650 5315 2668 5346 ι

154 5389 170 5421 σ
204 5387 394 5438 astrue.
448 5385 582 5442 Nam
615 5389 704 5459 qui
745 5403 904 5442 unam
951 5389 1248 5459 potentiam
1286 5387 1408 5444 dico
1447 5389 1626 5444 Patris
1663 5401 1720 5446 et
1898 5389 2224 5445 Ambrosius
2256 5391 2546 5461 episcopus
2578 5388 2714 5444 dixit
2746 5405 2759 5442 :
2787 5387 2853 5442 Et
2881 5386 3016 5441 alibi
3045 5386 3210 5441 habes
3237 5402 3248 5437 :
3280 5405 3297 5437 ‹
3325 5384 3425 5450 Qui

213 5559 400 5638 [Edih
423 5564 590 5638 Bom.
631 5577 689 5628 et
724 5568 912 5635 Chiﬂ.,
943 5568 1122 5626 Filiae
1149 5569 1245 5627 Dei
1273 5571 1436 5628 bonas
1463 5569 1602 5628 Deus
1626 5571 1716 5636 ait,
1896 5570 1925 5612 δ
1958 5573 2117 5628 Rom.
2142 5571 2300 5638 edit,
2337 5570 2534 5627 Filium
2567 5569 2661 5626 Dei
2692 5587 2794 5626 non
2823 5570 3114 5638 conﬁtetur.

150 5623 273 5712 :l'ell.
314 5647 375 5688 ac
418 5623 656 5712 ea»;
673 5623 860 5712 ma.
896 5623 1131 5704 amata.
1168 5623 1254 5700 ait.
1280 5623 1557 5712 ’Et‘ipdsi‘
1579 5623 1717 5696 atra;
1903 5657 1921 5682 τ
1958 5623 2170 5702 magn;
2182 5623 2357 5700 1.3a:
2390 5623 2592 5708 nam,
2609 5623 2789 5697 rus...
2814 5623 3090 5697 Dét'neus
3121 5648 3298 5712 pomis
3327 5651 3420 5705 est,

150 5710 345 5788 ξεξςειξξ,
382 5706 482 5788 tibi
514 5710 668 5788 ωλι..
697 5711 969 5788 Citam
984 5714 1208 5788 eorum;
1237 5713 1360 5776 cod.
1394 5706 1530 5766 Teii.
1562 5713 1717 5788 exhi-_
1823 5733 1891 5769 an
1908 5717 2058 5788 non?
2089 5717 2155 5769 Et
2188 5717 2324 5770 infra
2347 5715 2532 5788 iDcus
2563 5706 2684 5788 ergo
2717 5714 2880 5788 bonus
2906 5725 2980 5769 est
3011 5706 3207 5788 Filius.

555 5768 958 5850 Detini'bonuiit.
993 5768 1168 5855 Magis.
1188 5768 1610 5851 “accommodate
1648 5785 1714 5839 ad
2339 5768 2540 5871 Filium
2697 5768 2945 5871 proﬁteor
2971 5803 2988 5853 ξ
3022 5783 3112 5849 sed
3143 5781 3298 5840 Pater
3329 5795 3424 5846 est.

153 5854 431 5916 sequentia.-
1089 5854 1092 5855 ν
1821 5859 1910 5938 qui
1937 5860 2063 5932 dat;
2091 5867 2137 5913 et
2167 5856 2337 5914 Filius
2364 5867 2459 5926 eu,
2489 5860 2577 5931 qui
2605 5854 2808 5929 recipit.
