3936 6168
522 271 628 330 927
1774 272 1782 284 ⁷
1869 272 1950 328 SA
1960 267 2115 328 NCT!
2145 269 2469 328 AMBllOSll
3703 270 3798 329 928

525 406 545 440 ι
582 406 701 445 cum
728 390 932 445 essetin
962 390 1131 460 [arma
1158 387 1278 453 Dei,
1327 404 1429 444 non
1461 389 1704 460 rapinam
1730 389 2010 444 arbitratus
2050 399 2122 443 est
2150 392 2204 452 Α
2228 390 2456 445 nitatem
2489 388 2631 458 quod
2672 388 2897 459 mqualis
2937 388 3082 445 Patri
3115 387 3283 445 Filius
3327 390 3422 445 sit.
3452 388 3696 460 Accipiat
3716 404 3797 444 au-

525 498 545 533 ‹
581 497 692 536 esse
734 498 788 535 se
825 481 1073 551 mqualem
1106 479 1254 545 Deo;
1299 481 1388 536 sed
1423 491 1579 536 semet
1621 482 1787 553 ipsum
1814 483 2122 549 exinanivit,
2229 496 2336 540 tem
2369 484 2493 555 quia
2523 483 2695 538 Filius
2729 481 2825 537 Dei
2853 482 3151 538 secundum
3172 481 3524 538 divinitatem
3555 481 3798 551 majorem

525 591 544 626 ι
580 573 802 644 formam
841 573 972 627 servi
1014 573 1295 644 αεείρὶεηε,
1337 574 1391 628 in
1429 574 1820 629 similitudinem
1859 576 2126 628 hominum
2226 594 2336 634 non
2372 577 2555 633 habet.
2589 575 2860 646 Scriptum
2890 585 2972 630 est
3006 593 3019 630 :
3053 575 3273 629 Abrahae
3300 591 3416 628 cum
3446 575 3798 644 repromixiuet

526 685 544 717 ι
578 669 746 738 factus
768 665 1008 720 obediens
1036 683 1194 737 usque
1215 667 1283 720 ad
1307 678 1522 722 mortem
1550 686 1569 720 ι
1606 666 1833 740 (Philip.
1869 684 1926 734 ιι,
1956 667 2034 738 6).
2060 668 2127 722 Et
2229 670 2439 726 Deus...
2469 671 2712 741 quoniam
2739 669 2938 724 nullum
2985 670 3145 723 alium
3176 668 3388 722 habebat
3427 669 3690 738 majorem,
3722 683 3800 737 per

530 778 548 811 ι
581 757 794 813 addidit
824 775 840 812 :
878 776 897 810 ι
923 758 1091 814 Vides
1119 760 1243 828 quia
1267 758 1318 814 in
1343 761 1516 814 forma
1546 760 1640 814 Dei
1664 759 1888 830 aequalis
1915 759 2128 815 estiEt
2226 779 2372 832 quem
2394 766 2620 835 juraret,
2644 761 2840 834 juravit
2874 777 2962 827 per
3002 769 3155 814 semet
3183 761 3350 830 ipsum
3383 758 3574 830 (Hebr.
3593 774 3666 822 vt,
3699 759 3795 830 13).

534 869 553 904 ι
589 851 834 920 formam,
886 850 1087 922 inquit,
1117 853 1248 906 servi
1287 851 1724 924 accepit(lbid.).
1757 853 1815 908 ln
1845 868 1953 924 quo
1995 868 2126 923 ergo
2226 854 2393 910 Vides
2424 855 2586 924 igitur
2612 853 2972 924 Scripturam,
3007 853 3132 923 quia
3176 851 3384 906 nullum
3435 851 3603 906 alium
3646 850 3797 920 majo-

533 963 552 996 ι
591 945 770 1000 minor
807 943 931 1000 est?
980 943 1290 1000 Secundum
1325 945 1555 1002 formam
1593 946 1782 1017 utique
1821 947 1988 1014 servi,
2018 961 2125 1001 non
2229 963 2344 1002 rem
2390 947 2570 1010 habet,
2615 961 2712 1016 per
2738 961 2901 1014 quem
2927 945 3157 1015 juraret.
3193 943 3363 998 Filius
3391 954 3572 997 autem
3615 950 3710 1006 est,
3738 941 3796 997 de

535 1057 554 1091 ι
593 1039 711 1095 Dei.
755 1059 773 1091 ι
2228 1056 2337 1110 quo
2364 1039 2567 1095 dicitur
2593 1039 2852 1109 quoniam
2884 1038 3001 1108 ipse
3048 1037 3200 1092 visus
3247 1045 3332 1091 est
3371 1034 3643 1100 Abrahae;
3670 1035 3796 1090 unde

602 1130 867 1185 Eusebius
910 1129 1203 1201 episcopus
1243 1130 1418 1186 dixit:
1457 1149 1476 1184 ι
1508 1131 1662 1187 Sicut
1702 1132 1758 1187 in
1783 1131 1954 1187 forma
1983 1132 2126 1187 servi
2229 1141 2286 1188 et
2332 1132 2408 1187 ait
2453 1149 2466 1185 :
2519 1131 2780 1186 Abraham
2820 1132 2954 1186 diem
2998 1146 3165 1185 meum
3211 1129 3372 1196 vidit,
3420 1139 3470 1183 et
3508 1128 3701 1199 gavisus
3736 1137 3797 1183 est

529 1221 884 1286 constitutus,
935 1220 1165 1275 inferior
1210 1236 1372 1277 servo
1417 1236 1524 1276 non
1557 1222 1657 1277 fuit
1692 1239 1706 1277 :
1738 1224 1810 1277 ita
1859 1223 1912 1278 in
1954 1221 2127 1278 forma
2233 1222 2423 1296 (Joan.
2455 1241 2571 1292 vm,
2601 1224 2716 1296 56).

529 1315 626 1370 Dei
657 1315 1014 1380 constitutus,
1038 1313 1270 1370 inferior
1298 1316 1410 1371 Deo
1439 1332 1564 1372 esse
1587 1332 1694 1373 non
1726 1318 1922 1388 potuit.
1961 1337 1979 1370 ι
2304 1318 2582 1374 Palladius
2608 1319 2747 1374 dixit
2774 1335 2786 1372 :
2825 1337 2843 1368 ‹
2882 1318 3040 1373 Pater
3070 1315 3243 1386 major
3275 1323 3382 1371 est.
3422 1333 3442 1367 ι

599 1407 688 1461 56.
731 1405 1060 1460 Ambrosius
1095 1406 1393 1477 episcopus
1438 1407 1580 1463 dixit
1615 1425 1628 1461 :
1665 1426 1684 1459 ι
1714 1407 1824 1463 Aut
1871 1409 1959 1464 dic
2002 1410 2127 1481 quia
2302 1410 2570 1466 Eusebius
2601 1412 2886 1481 cpiscopus
2925 1409 3064 1464 dixit
3098 1425 3112 1463 :
3148 1426 3165 1457 ‹
3195 1406 3429 1475 Quando
3470 1415 3532 1462 ut
3577 1406 3709 1462 Deus
3733 1405 3800 1459 lo-

535 1520 554 1554 r
589 1501 894 1557 secundum
919 1502 1259 1560 divinitatem
1289 1506 1470 1560 minor
1493 1513 1578 1560 est
1607 1516 1632 1543 δ
1661 1505 1834 1562 Filius
1865 1506 1984 1562 Dei.
2020 1526 2038 1557 ›
2232 1511 2389 1559 cutus
2427 1512 2528 1571 est,
2565 1503 2828 1572 majorem
2877 1517 2987 1556 non
3030 1499 3219 1555 habuit
3252 1518 3265 1555 :
3295 1498 3518 1570 quando
3561 1507 3618 1554 ut
3659 1498 3797 1554 homo

599 1596 877 1653 Palladius
904 1597 1045 1653 dixit
1073 1616 1086 1652 :
1119 1618 1137 1650 ‹
1169 1597 1334 1655 Pater
1368 1601 1547 1671 major
1569 1611 1675 1656 est.
1712 1621 1730 1653 ι
2233 1595 2470 1661 locutus,
2512 1597 2774 1665 majorem
2810 1595 3011 1650 habuit.
3050 1613 3079 1644 ι·

602 1690 928 1747 Ambrosius
982 1692 1275 1763 episcopus
1324 1693 1515 1749 dixit:
1575 1713 1592 1746 ι
1639 1693 1952 1752 Secundum
2009 1709 2129 1751 car-

2305 1686 2393 1742 59.
2426 1686 2701 1742 Palladius
2726 1686 2901 1743 dixit:
2935 1705 2954 1737 ‹
2987 1685 3154 1741 Pater
3182 1685 3371 1757 genuit
3412 1683 3628 1752 Filium,
3657 1684 3795 1741 Pater

537 1797 683 1842 nem.
721 1802 741 1835 ι
2160 1771 2208 1833 Β
2236 1777 2628 1833 misitFilium.
2667 1798 2688 1831 ι

600 1876 876 1933 Palladius
929 1877 1065 1934 dixit
1104 1896 1116 1933 :
1162 1897 1181 1932 ‹
1219 1879 1324 1947 Qui
1377 1895 1456 1935 me
1505 1881 1663 1947 misit,
1716 1885 1885 1954 major
1931 1892 2005 1938 eu
2050 1900 2131 1938 me
2305 1874 2623 1952 Ambrosius
2659 1873 2951 1944 episcopus
2981 1873 3111 1928 dixit
3148 1890 3160 1927 :
3199 1890 3217 1922 σ
3260 1871 3566 1927 Anathema
3595 1870 3686 1936 illi,
3720 1870 3798 1941 qui

531 1971 710 2046 (Joun.
755 1989 869 2042 xiv,
897 1974 1016 2045 27).
1062 1974 1207 2031 Caro
1254 1975 1420 2030 missa
1467 1984 1551 2032 est
1578 1991 1608 2032 a
1651 1976 1790 2042 Deo,
1835 1986 1930 2032 aut
1957 1976 2131 2033 Filius
2239 1989 2257 2021 ι
2293 1980 2455 2039 negat
2481 1967 2674 2024 Filium
2705 1967 3009 2024 secundum
3047 1967 3392 2022 divinitatem
3428 1965 3678 2037 aequalem
3711 1964 3798 2020 Pa-

534 2067 667 2124 Dei?
695 2086 713 2119 t
2243 2082 2260 2114 ι
2294 2062 2381 2118 Iri.
2416 2083 2434 2116 ι

600 2157 926 2213 Ambrosius
955 2160 1247 2231 episcopus
1276 2161 1419 2216 dixit
1446 2178 1457 2215 :
1501 2180 1519 2213 ί
1547 2161 1761 2218 Falsari
1804 2177 1836 2218 a
1863 2163 2017 2219 vobis
2046 2163 2130 2218 di-
2301 2157 2502 2212 Omnes
2529 2157 2771 2227 episcopi
2808 2156 3066 2213 dixerunt
3091 2173 3104 2211 :
3142 2174 3160 2207 ‹
3189 2154 3520 2210 Anathema.
3557 2172 3576 2206 ι

533 2269 554 2300 ι
592 2250 747 2306 vinas
799 2250 1110 2322 Scripturas
1143 2251 1305 2308 hodie
1348 2254 1807 2324 comprobemus;
1856 2255 1935 2311 sic
1981 2255 2128 2310 enim
2305 2249 2578 2306 Palladius
2615 2250 2792 2305 dixit:
2829 2269 2847 2302 σ
2886 2250 3056 2306 Filius
3103 2249 3388 2320 subjectus
3431 2249 3610 2318 Patri,
3648 2245 3796 2303 Filius

533 2361 551 2394 ι
586 2342 850 2412 scriptum
879 2351 965 2398 est
995 2361 1007 2396 :
1041 2342 1235 2398 Pacem
1262 2362 1427 2400 meam
1454 2346 1521 2401 do
1547 2347 1710 2416 vobis,
1740 2364 1923 2418 pacem
1965 2365 2128 2402 meam
2230 2353 2500 2416 praecepta
2531 2343 2707 2399 Patris
2739 2342 3003 2398 cu5todit.
3041 2363 3060 2396 ι

533 2452 552 2485 σ
583 2435 818 2505 relinquo
872 2436 1032 2489 vobis.
1072 2434 1100 2474 ι)
1143 2435 1266 2491 Νοη
1313 2438 1547 2493 turbetur
1590 2455 1682 2494 cor
1715 2449 1978 2495 vestrum:
2025 2457 2127 2496 non
2303 2435 2624 2491 Ambrosius
2671 2435 2962 2504 episcopus
2999 2434 3136 2490 dixit
3176 2451 3190 2488 :
3231 2454 3250 2488 ‹
3283 2434 3583 2506 Subjectus
3625 2446 3797 2488 secun-

533 2543 552 2577 ‹
587 2528 846 2597 quomodo
866 2527 948 2582 hic
978 2529 1204 2584 mundus
1234 2530 1345 2596 dat,
1373 2547 1468 2602 ego
1500 2532 1566 2586 do
1595 2533 1756 2588 vobis.
1799 2532 1862 2587 Si
1887 2535 2131 2606 diligere-
2237 2547 2256 2580 ‹
2286 2528 2414 2584 dum
2447 2527 2629 2584 carnis
2662 2529 2951 2583 rationem.
2978 2527 3253 2582 Cteterum
3294 2536 3353 2582 et
3380 2528 3500 2599 ipse
3536 2523 3798 2582 meministi

534 2639 552 2671 ι
590 2621 653 2674 tis
693 2637 789 2685 me,
823 2621 1115 2690 gauderetis
1139 2623 1262 2692 quia
1287 2623 1422 2688 dixi,
1453 2624 1585 2679 vado
1627 2624 1696 2677 ad
1725 2623 1977 2690 Patrem;
2005 2628 2128 2697 quia
2238 2639 2257 2672 ι
2295 2620 2418 2690 quia
2449 2620 2630 2704 legisti
2659 2638 2672 2675 ε
2705 2617 2872 2673 Nemo
2899 2619 3034 2673 venit
3063 2619 3130 2673 ad
3156 2636 3236 2674 me
3261 2619 3369 2673 niSi
3400 2635 3548 2691 quem
3569 2617 3714 2673 Ραιετ
3733 2627 3797 2670 οι-

534 2729 553 2762 (
590 2709 749 2766 Pater
775 2715 945 2784 major
972 2729 1050 2768 me
1079 2724 1172 2768 est.
1205 2713 1323 2769 Non
1355 2714 1492 2770 dixit
1524 2733 1537 2769 :
1570 2714 1675 2786 Qui
1700 2731 1788 2771 me
1811 2715 1976 2782 misit,
2013 2733 2088 2770 ma

1475 2727 1492 2770 ι
1524 2733 1537 2769 :
1570 2714 1675 2786 Qui
1700 2731 1788 2771 me
1811 2715 1976 2782 misit,
2013 2733 2127 2772 ma-
2237 2730 2256 2764 ι
2299 2715 2513 2767 traxerit
2547 2733 2566 2766 ι
2602 2711 2778 2784 (Joan.
2806 2729 2881 2780 v1,
2913 2712 3024 2783 4i).

535 2822 553 2855 ι
583 2803 672 2874 jor
697 2819 784 2859 me
810 2813 894 2859 est
930 2825 948 2858 ι
980 2806 1198 2880 (lbid.).
1709 2869 1712 2874 ,
2304 2807 2542 2861 Sabinus
2569 2806 2856 2876 episcopus
2883 2805 3021 2861 dixit
3050 2824 3061 2860 :
3099 2825 3118 2858 ‹
3157 2806 3311 2863 Dicat
3336 2808 3387 2863 si
3421 2806 3703 2864 secundum
3728 2803 3796 2858 di-

596 2897 878 2953 Palladius
907 2898 1046 2955 dixit
1078 2919 1090 2953 :
1126 2920 1143 2952 ί
1181 2901 1344 2957 Pater
1375 2902 1550 2971 major
1580 2910 1685 2957 est.
1723 2921 1742 2954 ›
2228 2902 2510 2956 vinitatem
2542 2900 2819 2970 subjectus
2853 2910 2936 2955 est
2963 2897 3130 2966 Patri,
3154 2915 3223 2955 an
3249 2901 3554 2957 secundum
3576 2900 3795 2956 incarna-

602 2991 926 3046 Ambrosius
969 2992 1261 3063 episcopus
1289 2993 1468 3048 dixit:
1507 3013 1525 3045 ‹
1562 2995 1863 3049 Anathema
1903 2995 2002 3061 illi,
2033 2997 2125 3068 qui
2231 2994 2470 3050 tionem?
2501 3012 2519 3045 ι

537 3104 556 3137 ι
594 3086 798 3141 divinis
828 3085 1128 3156 Scripturis
1149 3088 1301 3142 addit
1335 3089 1565 3159 aliquid,
1593 3098 1686 3144 aut
1708 3089 1928 3146 minuit.
1958 3112 1977 3144 ι
2167 3156 2194 3159 _
2302 3088 2392 3142 40.
2426 3086 2698 3142 Palladius
2727 3085 2864 3141 dixit
2892 3105 2904 3140 :
2939 3105 2957 3140 ι
2983 3087 3128 3158 Ergo
3151 3085 3313 3142 Pater
3344 3088 3522 3159 major
3547 3096 3646 3144 est.
3670 3104 3686 3136 ι

603 3179 767 3251 796
785 3177 986 3234 Omnes
1009 3179 1251 3250 episcopi
1280 3156 1538 3236 dixerunt
1565 3191 1580 3236 :
1611 3201 1630 3234 ι
1663 3182 1993 3239 Anathema.
2029 3203 2046 3236 ι
2151 3156 2197 3219 C
2301 3179 2621 3234 Ambrosinus
2663 3179 2953 3249 episcopus
2996 3156 3138 3233 dixit
3171 3195 3185 3233 :
3229 3196 3248 3230 σ
3294 3178 3364 3234 Et
3413 3156 3541 3236 alibi
3571 3176 3794 3248 scriptum

603 3270 694 3326 57.
731 3280 752 3308 ο
781 3270 1056 3326 Palladius
1081 3270 1247 3326 dixit:
1272 3291 1290 3324 ‹
1327 3272 1486 3328 Pater
1516 3274 1690 3343 major
1719 3284 1805 3330 est
1829 3275 1990 3331 Filio.
2031 3295 2047 3329 ι
2237 3289 2256 3324 ‹
2291 3281 2374 3327 est
2400 3291 2410 3324 :
2443 3271 2648 3326 Fidelis
2681 3271 2847 3337 Deus,
2876 3287 2974 3341 per
3002 3285 3162 3342 quem
3192 3273 3376 3326 vocati
3421 3272 3554 3327 estis
3593 3271 3640 3325 in
3669 3281 3794 3324 com-

601 3363 932 3419 Ambrosius
960 3363 1254 3434 episcopus
1285 3365 1424 3419 dixit
1454 3382 1467 3419 :
1500 3384 1518 3418 ι
1555 3365 1866 3422 Secundum
1903 3383 2126 3424 carnem
2237 3384 2255 3417 ‹
2292 3365 2603 3418 munionem
2635 3363 2756 3418 Filii
2785 3363 2905 3434 ejus
2932 3363 2973 3432 (l
3003 3360 3123 3418 Cor.
3155 3379 3196 3430 ι,
3225 3360 3302 3434 9).
3332 3363 3450 3434 Ego
3476 3364 3595 3418 dico
3615 3361 3793 3417 Patrem

537 3455 758 3511 «Filius
813 3456 994 3511 minor
1047 3464 1132 3512 est
1184 3456 1378 3525 Patre,
1435 3458 1736 3514 secundum
1787 3459 2124 3516 divinitatem
2237 3475 2256 3507 ι
2291 3456 2553 3524 majorem
2605 3469 2726 3510 esse
2774 3454 3071 3510 secundum
3136 3454 3320 3509 carnis
3379 3454 3791 3524 assumptionem.

535 3568 554 3601 ‹
587 3549 816 3619 :equalis
837 3559 920 3604 est
947 3549 1099 3604 Patri
1133 3567 1146 3604 :
1177 3550 1283 3621 legi
1319 3550 1488 3622 igitur
1517 3551 1612 3606 Dei
1637 3551 1836 3607 Filium
1861 3553 2126 3620 aequalem
2238 3568 2257 3601 ‹
2291 3562 2451 3619 quam
2503 3547 2741 3618 Suscepit
2775 3547 2948 3603 Filius
2990 3545 3109 3615 Dei,
3151 3560 3257 3602 non
3303 3547 3597 3603 secundum
3625 3541 3792 3599 divini-

537 3660 556 3693 ι
591 3641 763 3708 Patri,
801 3643 946 3698 sicut
973 3643 1087 3714 jam
1137 3653 1189 3699 et
1220 3645 1429 3714 prolata
1470 3645 1810 3716 exemplaria
1860 3655 2129 3702 testantur
2238 3663 2256 3695 ί
2297 3651 2481 3698 tatem.
2523 3662 2541 3696 ι
2737 3707 2745 3715 ,

540 3754 559 3788 ι
593 3735 769 3808 (Prol.
815 3751 940 3804 cxv,
989 3736 1101 3807 16).
1137 3737 1450 3794 Secundum
1491 3754 1717 3794 carnem
1771 3749 1952 3795 autem
1997 3741 2127 3811 quid
2305 3735 2578 3790 Palladius
2607 3735 2744 3790 dixit
2776 3754 2787 3788 :
2823 3753 2842 3788 ι
2868 3735 3000 3804 Quae
3024 3735 3167 3790 enim
3213 3734 3553 3806 comparatio
3579 3739 3656 3788 est
3689 3726 3790 3784 Filii

541 3847 560 3882 ε
595 3830 818 3885 miraris
854 3830 1154 3898 minorem;
1185 3847 1307 3888 cum
1335 3831 1535 3888 dixerit
1567 3847 1626 3888 se
1655 3847 1873 3888 servum
1908 3832 2125 3904 (Matth.
2235 3827 2368 3882 Dei?
2408 3827 2478 3882 Et
2521 3842 2650 3882 caro
2693 3835 2875 3897 potest
2920 3827 3104 3882 dicere
3146 3844 3159 3880 :
3195 3826 3342 3881 Deus
3391 3842 3478 3882 me
3506 3824 3667 3894 major
3692 3816 3791 3874 est?

539 3942 556 3974 ι
592 3939 705 3988 xxi,
735 3924 852 3995 42),
885 3940 1009 3980 cum
1038 3925 1240 3982 dixerit
1278 3941 1338 3982 se
1379 3926 1642 3998 lapidem,
1683 3941 1805 3982 cum
1837 3926 2033 3982 dixerit
2071 3943 2130 3983 se
2232 3918 2372 3974 Caro
2393 3921 2746 3990 loquebatur,
2779 3928 2868 3974 aut
2892 3919 3180 3985 divinitas;
3205 3919 3329 3990 quia
3355 3919 3428 3975 ibi
3457 3927 3572 3975 erat
3598 3913 3783 3971 caro?!

540 4032 558 4065 ε
595 4030 840 4070 vermem
870 4015 1045 4088 (Psal.
1080 4035 1196 4082 xxi,
1227 4017 1302 4090 7),
1330 4019 1473 4090 :cun:
1519 4018 1725 4074 dixerit
1757 4033 1817 4074 se
1856 4019 2127 4074 minorem
2305 4013 2480 4085 797i
2503 4013 2822 4070 Ambrosius
2867 4013 3154 4085 episcopus
3205 4011 3342 4067 dixit
3391 4031 3404 4067 :
3461 4030 3480 4064 ‹
3519 4011 3647 4066 Caro
3694 4005 3790 4060 sine

538 4125 558 4158 ‹
592 4107 837 4178 angelis;
871 4109 996 4180 quia
1047 4112 1312 4180 scriptum
1342 4122 1428 4166 est
1457 4130 1469 4164 :
1502 4110 1781 4166 Minorasti
1823 4128 1938 4166 eum
1971 4113 2128 4183 paulo
2239 4122 2258 4155 ι
2297 4107 2474 4159 anima
2507 4120 2613 4159 non
2643 4105 2902 4176 loquitur.
2931 4123 2950 4157 ι

538 4216 557 4250 ι
593 4199 763 4255 minus
793 4200 856 4256 ab
882 4201 1080 4275 angelis
1113 4221 1132 4255 ι
1160 4201 1335 4275 (Ρεαι.
1365 4219 1482 4271 vni,
1508 4202 1590 4275 6).
2306 4197 2575 4253 Eusebius
2605 4199 2894 4269 episcopus
2923 4196 3064 4252 dixit
3089 4213 3102 4251 :
3140 4214 3159 4248 ι
3199 4195 3342 4251 Deus
3370 4197 3425 4252 in
3454 4191 3791 4260 carneloquc-

601 4295 877 4351 Palladius
921 4296 1101 4350 dixit:
1136 4315 1155 4349 ι
1189 4297 1358 4368 impie
1405 4313 1504 4353 vos
1558 4308 1871 4355 asserentes
1927 4299 2124 4356 video:
2231 4291 2392 4346 batur
2422 4290 2718 4346 secundum
2748 4301 2990 4353 Carnem.
3033 4287 3251 4359 quando
3290 4287 3507 4344 dicebat
3538 4304 3549 4340 =
3583 4282 3707 4351 Quid
3725 4292 3791 4332 ἠε

534 4402 641 4443 non
670 4387 1065 4459 respondemus
1099 4387 1256 4444 vobis
1281 4389 1399 4444 sine
1427 4389 1789 4445 auditoribus.
1825 4411 1845 4442 ι
2233 4385 2597 4457 persequimini
2644 4385 2897 4439 hominem
2939 4381 3120 4456 (Joan.
3173 4397 3297 4448 vm,
3349 4381 3485 4452 40)?
3537 4377 3657 4445 Quis
3706 4374 3788 4428 hoc

602 4478 839 4535 Sabinus
869 4482 1164 4552 episcopus
1203 4480 1377 4534 dixit:
1413 4499 1433 4532 ‹
1472 4481 1644 4536 Nemo
1683 4481 1929 4551 requirat
1954 4482 2023 4537 ab
2061 4497 2128 4536 eo
2231 4477 2444 4533 dixit?»

528 4575 884 4640 sententiam,
915 4574 1006 4644 qui
1057 4582 1165 4629 tam
1202 4573 1504 4631 innumeris
1543 4576 1834 4632 sententiis
1873 4574 2124 4648 blaSphe-
2154 4555 2204 4618 θ
2300 4572 2574 4628 Palladius
2599 4573 2771 4628 dixit:
2819 4592 2838 4625 ι
2877 4571 3048 4628 Filius
3078 4571 3197 4628 Dei.
3229 4590 3249 4625 ι

529 4667 714 4722 mavit.
749 4687 768 4721 ι
2303 4667 2628 4722 Ambrosius
2675 4665 2963 4737 cpiscopus
3008 4651 3198 4722 dixit?
3227 4684 3247 4718 ‹
3279 4665 3427 4722 Deus
3473 4674 3596 4735 ergo
3640 4652 3784 4712 Filius

603 4757 875 4815 Palladius
899 4758 1036 4815 dixit
1063 4777 1075 4815 :
1111 4778 1131 4812 ‹
1169 4760 1288 4816 Νοη
1317 4761 1476 4818 vobis
1503 4761 1926 4834 respondemus.
1960 4783 1979 4815 ι
2187 4748 2194 4755 ’
2239 4778 2258 4812 ι
2296 4758 2394 4816 Dei
2423 4769 2508 4816 est
2537 4760 2838 4815 secundum
2869 4759 3238 4829 divinitatem,
3261 4769 3316 4815 et
3338 4758 3501 4815 homo
3526 4763 3601 4812 est
3620 4762 3784 4806 secun-

601 4851 692 4907 38.
735 4852 973 4909 Sabinus
1012 4853 1306 4926 episcopus
1345 4854 1526 4911 dixit:
1559 4875 1578 4908 ‹
1607 4856 1690 4912 Ab
1731 4857 1987 4913 omnibus
2012 4856 2123 4926 jam
2237 4851 2260 4906 ι’
2290 4855 2418 4910 dum
2449 4869 2693 4912 carnem.
2732 4873 2752 4907 ι

528 4943 822 5001 damnatus
850 4937 937 5001 est
956 4945 1231 5002 Palladius
1257 4965 1271 5003 :
1303 4947 1423 5003 Arii
1445 4948 1798 5020 blasphemia:
1823 4950 1999 5005 multo
2028 4950 2127 5004 mi-
2303 4949 2574 5005 Palladius
2604 4949 2740 5005 dixit
2772 4967 2786 5004 :
2825 4969 2843 5001 ‹
2877 4949 3110 5005 Carnem
3141 4950 3400 5022 suscepit.
3440 4967 3459 5001 ι

531 5053 694 5093 nores
741 5048 869 5094 sunt
909 5056 1072 5110 quam
1115 5040 1367 5097 Palladii.
1408 5042 1476 5097 Et
1513 5058 1638 5098 cum
1685 5043 1960 5099 Palladius
2002 5059 2125 5100 sur-
2304 5042 2572 5100 Eusebius
2610 5044 2901 5115 episcopus
2933 5042 3110 5098 dixit:
3155 5042 3343 5115 «Ergo
3376 5036 3611 5098 humanis
3633 5027 3781 5088 verbis

531 5133 783 5200 rexisset,
828 5141 991 5203 atque
1038 5133 1184 5190 foras
1230 5136 1382 5190 exire
1421 5137 1687 5192 voluisset
1719 5155 1731 5190 :
1758 5137 1902 5203 Ideo,
1951 5138 2126 5207 inquit
2235 5152 2364 5193 usus
2386 5147 2490 5197 est.
2528 5158 2547 5191 ι

527 5227 768 5281 surrexit
813 5227 1107 5293 Palladius,
1151 5231 1408 5298 quoniam
1456 5232 1664 5302 apertis
1715 5232 2122 5302 Scripturarum
2304 5230 2575 5287 Palladius
2631 5232 2811 5287 dixit:
2855 5251 2874 5284 ‹
2904 5232 3135 5288 Carnem
3166 5231 3456 5287 humanam
3499 5217 3731 5290 suscepi“
3757 5229 3774 5262 ’

525 5320 855 5376 testimoniis
879 5322 1316 5378 convincendum
1353 5337 1477 5378 esse
1515 5325 1799 5401 secernit,
1846 5326 1990 5380 sicut
2011 5326 2124 5396 jam
2303 5324 2394 5380 41.
2427 5325 2750 5381 Ambrosius
2791 5329 3075 5399 episcopus
3112 5326 3291 5382 dixit:
3327 5345 3347 5378 ι
3387 5324 3533 5380 Dicat
3555 5315 3664 5388 quia
3691 5318 3776 5363 non

524 5414 810 5470 convictus
838 5425 963 5483 est;
991 5418 1071 5473 sic
1101 5418 1246 5473 enim
1279 5417 1483 5474 lectum
1511 5427 1617 5485 est,
1648 5419 1954 5476 secundum
1982 5420 2123 5475 divi-
2240 5435 2258 5468 ‹
2297 5415 2596 5472 secundum
2615 5415 2956 5475 divinitatem
2985 5418 3275 5490 Apostolus
3295 5417 3322 5455 ἀ
3346 5415 3478 5474 dixit
3497 5409 3773 5478 ευδὶεθωων

597 5560 624 5588 ιι
653 5549 893 5623 lta_'l‘ell.
925 5559 981 5606 et
1006 5551 1179 5608 Labb.
1203 5569 1218 5617 ;
1244 5564 1298 5608 at
1318 5553 1477 5608 Rom.
1502 5555 1635 5610 edit.
1658 5564 1714 5610 et
1740 5555 2119 5623 Chill.,Filius
2225 5565 2354 5613 ante
2380 5556 2512 5610 vado
2541 5556 2598 5611 in
2628 5557 2761 5616 edit.
2788 5559 2947 5615 Rom.
2979 5560 3346 5617 desideratur.

529 5619 709 5699 Patre.
728 5620 996 5699 Qontinuo
1014 5637 1148 5699 vero
1175 5635 1434 5699 βρεμι)ςο
1447 5624 1610 5679 Pater
1634 5629 1805 5699 major
1827 5619 1934 5692 est;
1957 5627 2116 5683 Rom.
2304 5639 2326 5699 εξ
2360 5627 2458 5682 Hic
2487 5643 2677 5684 versus
2704 5629 2756 5685 in
2783 5631 2944 5697 Chill.
2977 5641 3121 5692 totus
3149 5633 3502 5688 desideratur.

679 5689 1055 5790 assae;
1077 5683 1463 5790 missae
2534 5683 2712 5770 ίεειιιδί
2728 5683 3656 5774 ναιέςέεῑδιέάεῑῑιίιὶεάῖιεῖάικονιειηι
3751 5699 3770 5758 λ

673 5749 797 5810 Non
822 5749 1055 5815 'tttrbetttr
1085 5749 1172 5816 cor
1199 5749 1445 5830 castrain.
1479 5749 1711 5824 sicut—ei
1754 5765 1981 5828 verbum
2008 5762 2119 5824 dial
