3936 6168
150 261 235 317 939
1312 243 1804 302 EPISTULARUM
1844 244 2125 303 CLASSIS
2164 246 2203 300 l.
3297 247 3403 305 950

145 391 162 425 ι
189 371 272 428 sed
313 367 604 426 secundum
635 379 884 430 carnem;
917 362 1182 433 scriptum
1225 368 1312 417 est
1351 361 1497 418 enim
1527 383 1540 413 ι
1590 360 1699 414 Hn-

1877 362 2151 417 Palladius
2178 360 2317 416 dixit
2350 378 2361 414 :
2407 360 2464 416 Si
2497 361 2684 428 vultis,
2714 370 3032 433 exceptorcs
3080 364 3254 420 nostri
3307 381 3401 422 ve-

148 485 162 516 ‹
193 465 388 518 miliarii
417 463 764 532 sentetipsum,
797 461 966 530 factus
1002 457 1240 513 obedienc
1278 472 1435 526 usque
1459 456 1528 509 ad
1557 471 1699 510 mor-
1803 453 1977 516 niant,
2010 461 2058 508 et
2090 453 2170 508 sic
2199 462 2369 508 totum
2397 453 2720 524 excipiatur.
2760 472 2778 504 ι
2865 453 2867 455 ’

142 577 157 610 ι
188 567 274 612 tem
300 554 517 628 (Philip.
547 569 609 620 ιι,
642 552 718 622 8).
761 551 819 606 In
843 565 953 621 quo
973 564 1106 620 ergo
1129 557 1359 604 mortem
1380 547 1652 619 gustavit?
1672 566 1691 600 ι
1863 545 2096 602 Sabinus
2110 546 2403 617 episcopus
2415 547 2552 602 dixit
2569 547 3010 604 :rAdducatsuos
3024 558 3360 620 exceptores.
3377 569 3396 603 ι

195 646 444 703 Palladius
464 644 605 700 dixit
637 661 651 699 :
687 662 705 694 ι
737 642 873 711 Quia
895 656 956 698 se
978 640 1302 696 liumiliavit.
1336 659 1356 692 ι
1873 639 2147 695 Palladius
2171 639 2340 696 dixit:
2370 659 2388 691 ι
2419 639 2587 698 Plcno
2613 641 2846 698 concilio
2877 641 3029 698 vobis
3052 643 3407 713 respondebi-

192 737 490 794 Ambrosius
533 735 824 806 episcopus
861 733 1039 789 dixit:
1078 751 1096 784 ι
1125 732 1244 788 Non
1277 729 1554 798 divinitas,
1599 731 1696 788 sed
1800 747 1942 788 mus.
1968 753 1989 785 ι

139 845 294 886 «οπο
337 827 615 884 bumiliata
658 834 742 880 est
785 833 951 894 atque
980 823 1248 893 subjecta.
1284 841 1303 875 ›
1339 822 1410 877 Ει
1442 822 1652 878 addidit
1683 840 1695 876 :
1870 827 1964 884 44.
1995 828 2319 887 Ambrosius
2355 832 2646 904 episcopus
2683 832 2869 888 dixit:
2911 853 2930 885 ι
2968 833 3178 889 Attalus
3209 833 3260 888 in
3299 842 3405 889 tra-

138 922 476 979 rCreaturam
521 919 819 992 perfectam
870 917 1010 974 bene
1038 916 1178 973 dixit
1218 917 1403 985 Arius,
1450 931 1520 971 an
1556 915 1698 972 male
1808 939 1826 972 ι
1861 930 2008 978 ctatu
2057 923 2261 980 Nicmni
2306 925 2528 982 concilii
2569 926 2915 997 subscripsit.
2963 925 3134 997 Neget
3179 927 3405 992 factum,

140 1035 154 1069 ι
186 1016 338 1072 dixit?
371 1034 389 1067 ι
1807 1032 1825 1066 σ
1857 1014 1986 1086 quia
2011 1017 2160 1071 venit
2202 1016 2270 1072 ad
2297 1018 2616 1075 concilium.
2666 1021 2817 1076 Dicat
2863 1019 3028 1076 hodie
3057 1027 3234 1076 utrum
3276 1019 3404 1076 sub-

192 1107 448 1165 Palladius
474 1107 644 1165 dixit:
678 1127 696 1160 ι
718 1108 832 1180 Ego
856 1107 952 1164 tibi
985 1121 1091 1163 non
1119 1104 1428 1178 respondeo
1454 1105 1696 1162 auctori-
1808 1125 1827 1159 ‹
1862 1108 2142 1178 scripserit
2162 1109 2215 1166 in
2234 1118 2464 1167 tractatu
2486 1110 2690 1167 Nicaani
2707 1111 2946 1180 concilii,
2969 1126 3038 1168 an
3057 1127 3224 1169 non.»
3241 1111 3410 1168 Cum-

140 1222 156 1257 ι
186 1212 331 1260 tatem
360 1218 466 1258 non
495 1203 742 1260 habenti.
773 1223 792 1256 ι
1801 1217 1905 1273 que
1951 1203 2164 1259 Attalus
2203 1203 2484 1272 reticeret,
2533 1204 2859 1262 Ambrosius
2906 1205 3197 1276 episcopus
3222 1205 3362 1262 dixit
3387 1222 3404 1259 :

190 1295 494 1352 Ambrosius
509 1295 802 1366 episcopus
817 1295 957 1351 dixit
991 1313 1050 1350 ς(
1077 1294 1342 1352 Proﬁtere
1365 1294 1512 1366 quod
1536 1293 1692 1350 vis?»
1807 1313 1826 1346 ‹
1865 1295 2077 1351 Attalus
2124 1297 2412 1368 presbyter
2459 1297 2588 1354 licet
2633 1300 2777 1354 inter
2802 1298 3036 1355 Arianos
3077 1298 3170 1365 sit,
3218 1304 3401 1354 tamen

189 1386 447 1444 Palladius
471 1387 608 1444 dixit
640 1405 653 1442 :
694 1407 714 1441 ‹
742 1387 858 1444 Non
887 1389 1194 1460 respondeo
1224 1388 1398 1444 vobis.
1426 1407 1444 1442 ›
1809 1405 1827 1438 ‹
1862 1386 2027 1442 liabet
2073 1387 2452 1444 auctoritatem
2493 1388 2749 1460 loquendi
2784 1407 2800 1444 :
2859 1389 3032 1446 libere
3085 1388 3406 1460 proﬁteatur

189 1479 268 1534 ιε.
298 1479 525 1538 Sabinus
568 1483 862 1552 episcopus
901 1481 1036 1538 dixit
1077 1500 1089 1535 :
1136 1501 1154 1534 ι
1186 1486 1213 1514 ⁸
1259 1483 1366 1538 Pro
1413 1482 1544 1538 Ario
1589 1495 1699 1537 non
1807 1495 1825 1528 ι
1861 1484 2041 1532 utrum
2072 1478 2459 1548 subscripserit
2486 1479 2540 1535 in
2565 1489 2798 1536 tractatu
2827 1479 3034 1538 Nicmni
3056 1481 3276 1538 concilii
3301 1479 3404 1536 sub

134 1574 420 1643 respondes,
449 1575 516 1631 ad
540 1575 870 1646 interrogata
895 1591 1004 1632 non
1035 1575 1370 1646 respondes?
1399 1595 1418 1628 ι
1809 1590 1828 1623 r
1866 1572 2125 1643 episcopo
2152 1587 2252 1626 suo
2275 1573 2599 1643 Agrippino,
2627 1588 2696 1628 an
2722 1589 2852 1629 non.
2891 1593 2910 1626 ι

194 1667 440 1724 Palladius
466 1668 606 1725 dixit
635 1687 649 1723 :
686 1687 704 1720 ι
725 1669 833 1724 Pro
860 1670 996 1725 Ario
1020 1685 1123 1741 ego
1152 1683 1260 1725 non
1292 1669 1570 1740 respondi.
1603 1688 1623 1722 ι
1872 1665 2090 1720 Attalus
2114 1664 2254 1720 dixit
2283 1681 2295 1718 :
2331 1683 2351 1718 ε
2383 1663 2502 1720 Jam
2529 1665 2718 1720 dixisti
2749 1681 2836 1721 me
2859 1665 3152 1736 aliquodes
3180 1665 3404 1721 damna-

190 1759 402 1816 Sabinus
425 1761 718 1832 episcopus
731 1761 875 1817 dixit
897 1780 910 1815 :
932 1780 951 1812 ι
977 1761 1160 1831 Usque
1189 1761 1324 1817 adeo
1342 1761 1696 1831 respondisti,
1727 1755 1776 1816 B
1807 1766 1916 1812 tum
1947 1775 1962 1812 :
1995 1773 2104 1812 non
2135 1756 2230 1812 tibi
2258 1757 2584 1828 respondeo.
2620 1777 2639 1809 ›

134 1861 181 1906 ιιι
217 1851 396 1908 Filium
448 1853 544 1910 Dei
595 1868 828 1925 negares
881 1863 1181 1925 potentem,
1239 1869 1470 1925 negares
1508 1867 1698 1909 verum
1875 1849 2198 1906 Ambrosius
2268 1851 2558 1922 episcopus
2607 1849 2748 1906 dixit
2794 1868 2808 1906 :
2865 1871 2883 1904 ι
2916 1850 3297 1924 Subscripsisti
3349 1851 3406 1908 in

136 1940 293 1997 Deum.
327 1962 345 1995 ι
1809 1961 1827 1993 ι
1865 1951 2092 1998 tractatu
2120 1945 2338 1999 concilii
2364 1945 2593 2012 Nicarni,
2622 1961 2690 2000 an
2722 1947 2878 2002 non?
2909 1967 2928 1999 ι

190 2033 442 2092 Palladius
486 2037 626 2093 dixit
657 2054 672 2094 :
724 2057 744 2091 ί
796 2039 918 2112 Ego
957 2047 1011 2096 te
1040 2039 1280 2110 judicem
1331 2055 1444 2096 non
1496 2040 1694 2112 patior,
1870 2035 2084 2090 Attalus
2107 2035 2279 2091 dixit:
2318 2055 2337 2088 ε
2363 2035 2480 2092 Νοιι
2509 2037 2604 2092 tibi
2629 2039 2957 2107 respondeo.
2995 2058 3016 2092 ι

134 2139 266 2195 quem
293 2128 578 2200 impietatis
603 2145 798 2202 arguo.
831 2108 868 2182 »ἡ
913 2108 923 2120 “
1044 2108 1050 2110 ἡ
1498 2108 1512 2112 ’
1870 2126 1963 2183 45.
1994 2127 2268 2184 Palladius
2293 2129 2469 2185 dixit:
2503 2149 2522 2182 ι
2556 2129 2715 2186 Modo
2755 2129 2920 2186 vultis
2948 2139 3235 2190 tractatum
3285 2133 3398 2202 plc-

191 2216 402 2277 Sabinus
436 2222 728 2292 episcopus
769 2222 906 2278 dixit
935 2241 948 2278 :
988 2243 1007 2276 ι
1045 2224 1169 2295 Ipse
1210 2239 1308 2280 nos
1342 2224 1568 2296 coegisti
1603 2239 1695 2280 se-
1801 2234 1928 2273 num
1957 2219 2168 2285 haberi.
2197 2233 2266 2274 an
2294 2235 2402 2275 non
2427 2221 2451 2274 ‘l
2479 2239 2497 2271 ι

135 2305 301 2365 dere.»
1869 2310 2222 2367 Chromatius
2268 2313 2553 2384 presbyter
2595 2313 2770 2369 dixit:
2809 2333 2827 2365 ι
2869 2324 2892 2351 ο
2921 2314 3238 2370 Creaturam
3290 2330 3400 2371 non

186 2400 437 2462 Palladius
462 2405 609 2462 dixit
638 2422 654 2462 :
694 2425 712 2458 ‹
742 2406 988 2463 Mandavi
1019 2418 1079 2463 ut
1101 2407 1391 2474 sederetis,
1423 2415 1482 2463 ut
1500 2422 1695 2479 argue-
1799 2401 2032 2473 negasti,
2061 2411 2346 2473 potentem
2375 2404 2607 2475 negasti.
2639 2405 2834 2461 Omnia
2856 2407 3089 2478 negasti,
3120 2423 3240 2478 qua:
3269 2406 3405 2464 ﬁdes

61 2485 63 2488 ﬁ
131 2511 223 2551 rem
248 2511 354 2554 vos.
384 2497 561 2568 Quare
595 2499 950 2570 subripuistis
989 2501 1335 2572 imperatori?
1378 2500 1450 2558 Ut
1476 2501 1694 2572 plenum
1797 2495 2066 2551 catholica
2096 2494 2398 2567 profitetur.
2437 2515 2456 2550 ιι

130 2595 383 2651 concilium
413 2611 518 2653 non
547 2604 726 2664 esset,
749 2596 1083 2666 obripuistis.
1119 2615 1136 2648 ι
1869 2587 2103 2643 Sabinus
2135 2589 2429 2661 episcOpus
2453 2590 2600 2647 dixit
2631 2609 2643 2647 :
2683 2610 2701 2644 ι
2733 2592 2926 2648 Testes
2948 2607 3138 2650 sumus
3170 2611 3268 2651 nos
3299 2595 3400 2650 At-

185 2687 482 2743 Ambrosius
507 2688 810 2759 episcopus
835 2686 1011 2742 dixit:
1045 2705 1064 2737 ι
1094 2687 1227 2741 Cum
1252 2686 1366 2742 Arii
1391 2686 1694 2757 impietates
1799 2680 1962 2736 talum
1990 2682 2382 2754 subscripsisse
2403 2685 2457 2740 in
2479 2687 2713 2743 concilio
2740 2687 2984 2757 Nicaeno,
3011 2698 3066 2745 et
3088 2704 3233 2745 nunc
3255 2690 3404 2748 nolle

134 2778 478 2851 «legerentur,
537 2789 607 2839 et
650 2782 904 2855 impietas
953 2791 1040 2836 tua
1084 2781 1287 2853 pariter
1333 2782 1688 2838 condemnata

1281 2798 1287 2813 ι
1333 2782 1693 2838 condemnata
1796 2775 2152 2843 respondere.
2183 2777 2319 2845 Quid
2336 2779 2556 2835 cunctis
2579 2779 2835 2836 videtur?

133 2889 149 2922 ι
173 2883 390 2946 est,qu:e
413 2874 702 2933 consensit
723 2874 940 2930 Arianae
977 2875 1263 2945 impietati.
1289 2875 1317 2913 ι)
1351 2876 1557 2932 Placuit
1597 2876 1694 2931 tibi
1864 2867 2108 2939 Cumque
2148 2869 2357 2926 Attalus
2400 2870 2695 2939 reticeret.
2739 2873 3059 2930 AmbI'OSiIIS
3107 2874 3399 2946 episcopus

134 2983 150 3016 ι
177 2965 222 3021 in
242 2969 458 3038 epistola
481 2968 668 3026 media
691 2968 978 3025 lectionem
1010 2983 1337 3039 proponere,
1359 2985 1519 3040 quam
1544 2968 1693 3024 vole-
1795 2958 1931 3014 dixit
1956 2976 1969 3012 :
1999 2977 2016 3010 ι
2049 2959 2204 3016 Dicat
2229 2970 2406 3017 utrum
2432 2963 2818 3036 subscripserit
2841 2967 2897 3021 in
2917 2974 3151 3023 tractatu
3179 2965 3403 3025 concilii

133 3057 254 3114 «bas
278 3078 291 3115 :
320 3077 645 3134 responsum
676 3061 769 3118 tibi
799 3070 883 3117 est
907 3061 1364 3132 quemadmodum
1392 3060 1565 3118 Filius
1592 3061 1687 3116 Pa-

835 3070 883 3117 st
907 3061 1364 3132 quemadmodum
1392 3060 1565 3118 Filius
1592 3061 1693 3116 Pa-
1803 3051 2073 3122 (,Niczeni,
2105 3070 2172 3110 an
2207 3057 2348 3111 non?
2371 3075 2389 3108 ι

134 3160 298 3209 «trem
325 3157 586 3225 majorem
621 3154 839 3221 dixerit,
881 3169 947 3210 eo
985 3154 1130 3225 quod
1173 3154 1470 3210 secundum
1513 3152 1696 3208 carnis
1724 3145 1769 3208 C
1871 3145 1963 3200 46.
2011 3147 2290 3206 Palladius
2318 3149 2458 3206 dixit
2490 3169 2503 3205 :
2539 3171 2557 3204 ι
2592 3153 2868 3226 Exceptor
2896 3165 3080 3214 vester
3113 3165 3172 3214 et
3215 3166 3405 3215 noster

133 3264 149 3297 ι
173 3251 544 3321 susceptionem
566 3251 734 3306 Pater
753 3249 928 3320 major
949 3259 1036 3305 est
1059 3264 1146 3303 eo.
1177 3248 1514 3319 Proposuisti
1535 3248 1697 3303 etiam
1801 3248 1970 3308 stent,
2000 3249 2055 3296 et
2076 3243 2255 3299 omnia
2277 3245 2539 3302 scribam,
2574 3267 2593 3300 ι

136 3357 149 3387 ι
180 3341 453 3412 subjectum
481 3358 610 3400 esse
641 3341 835 3396 Filium
878 3342 1000 3408 Dei;
1031 3348 1088 3397 et
1131 3343 1184 3396 in
1236 3343 1337 3398 hoc
1373 3356 1690 3412 responsum

1876 3331 2195 3391 Valerianus
2221 3337 2508 3410 episcopus
2537 3339 2710 3397 dixit:
2747 3361 2765 3394 ‹
2798 3342 2920 3400 .lam
2949 3360 3071 3417 qua:
3099 3343 3309 3412 dixisti,
3348 3352 3405 3400 et

136 3446 152 3481 ι
181 3432 266 3488 tibi
293 3444 390 3502 est,
420 3436 543 3508 quia
592 3434 872 3504 subjectus
906 3433 1077 3488 Filius
1115 3432 1212 3488 Dei
1249 3433 1548 3490 secundum
1581 3449 1698 3490 car-
1801 3441 1922 3496 qum
1950 3429 2179 3498 negasti,
2210 3432 2416 3502 scripta
2449 3441 2578 3488 sunt
2606 3436 2809 3491 omnia.
2842 3456 2861 3489 ι

137 3537 153 3571 ι
186 3539 292 3579 nem
318 3536 418 3595 est,
446 3544 557 3584 non
609 3526 905 3582 secundum
938 3525 1301 3581 divinitatem.
1358 3526 1538 3582 [labes
1570 3542 1691 3596 pro-

1495 3543 1538 3582 ,5
1570 3542 1698 3596 pro-
1875 3517 2151 3576 Palladius
2178 3520 2314 3577 dixit
2343 3539 2355 3576 :
2389 3542 2408 3575 ί
2451 3524 2619 3580 Dicite
2639 3527 2782 3596 quod
2812 3529 2996 3585 vultis.
3030 3549 3049 3581 ι

137 3615 452 3677 tlessionem
493 3628 764 3687 nostram,
805 3633 950 3674 nunc
991 3619 1115 3674 audi
1157 3627 1373 3675 etetera.
1432 3619 1691 3686 Quoniam

1875 3609 2199 3668 Ambrosius
2245 3613 2536 3685 episcopus
2583 3617 2762 3673 dixit:
2797 3636 2816 3668 ι
2867 3620 3003 3686 Quia
3049 3623 3247 3688 saepius
3293 3625 3409 3680 vult

136 3709 266 3766 (tibi
306 3729 631 3785 responsum
669 3721 786 3783 εει,
827 3713 1100 3785 responde
1132 3725 1155 3753 c
1196 3714 1262 3770 ad
1307 3729 1392 3780 ea,
1447 3730 1569 3785 qua,
1617 3715 1699 3770 ιθ-
1811 3719 1830 3753 t
1867 3701 2114 3759 damnari
2147 3704 2444 3773 Palladius,
2481 3708 2571 3778 qui
2609 3708 2722 3777 jam
2759 3708 3074 3780 frequenter
3119 3712 3410 3770 damnatus

135 3818 153 3852 ι
179 3813 376 3873 suum,
406 3826 424 3860 ι
1811 3813 1830 3846 ι
1864 3805 1969 3861 est,
2004 3795 2123 3865 lego
2149 3795 2438 3865 epistolam
2464 3798 2607 3865 Arii,
2638 3817 2800 3870 quam
2830 3802 2923 3856 ille
2951 3803 3126 3858 noluit
3147 3804 3417 3860 condem-

189 3893 272 3954 45.
308 3898 577 3957 Palladius
621 3898 799 3955 dixit:
840 3918 859 3952 ‹
908 3897 1026 3954 Non
1062 3899 1157 3955 tibi
1186 3898 1523 3969 respondeo;
1575 3899 1702 3970 quia

1458 3914 1523 3964 o;
1575 3899 1702 3970 quia
1806 3901 1935 3942 nare
1966 3904 1980 3940 :
2013 3889 2344 3956 proﬁtemini
2372 3890 2502 3960 quid
2533 3891 2688 3947 vobis
2714 3892 2964 3948 videtur?
2994 3914 3012 3946 ι

132 4002 453 4065 qumcumque
475 4011 581 4066 ego
605 3993 736 4058 dixi,
767 4008 873 4049 ηοη
917 4003 1045 4049 sum,
1082 3993 1282 4064 scripta
1311 4012 1324 4047 ;
1364 4003 1550 4049 vesjm
1578 4003 1702 4048 ian-
1879 3981 2338 4053 Omnesepiscopi
2370 3983 2668 4040 dixerunt:
2701 4005 2720 4037 ι
2753 3987 3012 4058 Legatur.
3038 4009 3057 4043 ι
3090 3990 3162 4046 Et
3183 3992 3410 4050 recitata

135 4084 381 4141 tummodo
422 4087 743 4144 scribuntur
771 4087 936 4142 verba
962 4105 973 4139 :
1005 4102 1112 4140 non
1142 4086 1296 4141 vobis
1323 4085 1648 4155 respondeo.
1679 4106 1697 4139 ι
1808 4084 1928 4131 est:
1963 4093 1981 4127 (
2020 4073 2157 4130 N310
2182 4085 2362 4132 alitem
2391 4091 2501 4132 non
2530 4079 2791 4147 pulalive,
2824 4099 2842 4132 ι
2879 4090 2934 4135 et
2958 4082 3190 4154 reliqua.

191 4174 492 4235 Ambrosius
521 4178 816 4249 episcopus
842 4177 981 4233 dixit
1005 4195 1017 4228 :
1051 4196 1070 4228 ι
1097 4177 1288 4232 Omnia
1320 4177 1474 4233 vides
1514 4177 1698 4234 scribi.
1881 4168 2201 4224 Αωιποδίιιε
2223 4171 2515 4242 episcopus
2535 4171 2672 4229 dixit
2699 4189 2712 4228 ε
2735 4193 2752 4224 ί
2781 4173 3061 4244 Respondi
3091 4178 3185 4233 libi
3207 4179 3274 4235 de
3299 4196 3414 4237 Illa-

139 4281 156 4312 ‹
183 4264 404 4341 Denique
420 4288 540 4342 qua:
566 4270 768 4341 scripta
792 4279 939 4338 sunt,
965 4269 1243 4326 abundant
1261 4269 1327 4324 ad
1353 4266 1707 4341 tumdimpie-
1816 4279 1834 4312 ι
1862 4260 2010 4331 jore,
2035 4261 2294 4332 respondi
2323 4263 2419 4320 tibi
2448 4272 2504 4320 et
2545 4263 2614 4320 de
2639 4264 2889 4337 subjecto
2936 4283 2949 4320 :
3002 4283 3147 4324 nunc
3192 4279 3248 4325 et
3298 4271 3417 4342 ipsc

142 4370 156 4404 ‹
190 4359 300 4414 tatis
345 4362 630 4419 indicium.
669 4381 689 4414 ι
739 4362 805 4417 Et
845 4360 1055 4417 addidit
1087 4377 1101 4414 :
1143 4379 1161 4412 ι
1205 4359 1522 4418 Creaturam
1569 4362 1706 4418 dicis
1817 4373 1836 4407 ί
1870 4353 2160 4425 responde.
2197 4376 2216 4408 ι

140 4462 156 4495 ‹
184 4447 464 4522 Christum,
497 4471 570 4509 an
599 4453 797 4524 negas?
833 4473 852 4505 ι

1881 4449 1972 4504 47.
2007 4449 2278 4508 Palladius
2300 4452 2474 4510 dixit:
2498 4452 2617 4510 Non
2643 4454 2990 4527 respondebo
3010 4456 3111 4514 nisi
3135 4456 3418 4515 auditores

193 4540 450 4603 Palladius
477 4547 656 4602 dixit:
696 4564 714 4596 ι
750 4545 868 4602 Νοιι
900 4546 1228 4618 respondeo.
1260 4565 1278 4598 ι
1728 4557 1784 4617 1)
1807 4545 2028 4602 veniant
2059 4553 2181 4616 post
2208 4546 2546 4605 Dominicam
2579 4549 2747 4606 diem.
2785 4570 2804 4603 ι

193 4633 342 4708 798
369 4637 693 4695 Ambrosius
735 4639 1025 4710 episc0pus
1073 4637 1217 4693 dixit
1247 4655 1261 4692 :
1295 4657 1313 4689 ‹
1343 4639 1484 4694 Ante
1516 4637 1706 4694 horam
1879 4639 2202 4696 Ambrosius
2232 4643 2525 4714 episcopus
2565 4644 2705 4699 dixit
2741 4662 2755 4698 :
2804 4664 2824 4699 ‹
2871 4645 3110 4702 Veneras
3150 4653 3414 4701 tractatu-

143 4741 158 4774 ι
189 4727 312 4786 citra
337 4743 535 4799 actam,
567 4747 691 4788 cum
737 4732 1007 4804 legeretur
1038 4733 1161 4802 quia
1187 4731 1349 4787 Arius
1394 4733 1530 4788 dixit
1555 4747 1705 4789 crea-
1816 4750 1834 4784 ι
1873 4747 1985 4798 rus,
2019 4731 2117 4789 sed
2144 4743 2500 4805 posteaquam
2531 4735 2710 4806 objeci
2734 4737 2831 4792 tibi
2860 4778 2876 4804 ,
2909 4737 3095 4792 vidisti
3129 4738 3419 4808 epistolam

142 4835 158 4868 ι
191 4827 350 4880 turam
376 4825 674 4893 Christum,
700 4825 904 4896 negasti
929 4824 1203 4881 :oblatum
1226 4833 1310 4879 est
1342 4825 1461 4893 tibi,
1484 4825 1708 4880 utdam-
1817 4844 1834 4876 ‹
1875 4825 2012 4891 Arii,
2042 4839 2208 4894 quam
2238 4824 2505 4882 damnare
2536 4827 2782 4896 noluisti,
2818 4842 3070 4884 asserere
3091 4839 3272 4884 autem
3310 4844 3421 4885 non

141 4925 159 4960 ί
188 4926 331 4973 nares
371 4918 676 4989 perﬁdiam,
727 4918 947 4973 noluisti
996 4935 1008 4971 :
1070 4919 1156 4973 vel
1199 4933 1342 4974 nunc
1389 4919 1476 4975 dic
1525 4929 1702 4976 utrum
1818 4935 1837 4966 ‹
1878 4925 2060 4986 potes;
2095 4915 2301 4972 idcirco
2331 4931 2475 4972 nunc
2501 4917 2704 4988 refugis
2727 4927 2783 4974 et
2806 4920 3099 4976 cavillaris.
3124 4920 3419 4977 Plenaricl

144 5019 161 5054 ι
192 5015 338 5065 natus
363 5027 430 5067 ex
468 5011 629 5068 Patre
664 5010 912 5067 Christus
951 5010 1045 5079 sit,
1077 5025 1147 5065 an
1178 5010 1436 5066 creatus?
1469 5030 1486 5062 ι
1820 5031 1837 5063 ‹
1887 5012 2062 5082 ipsum
2125 5012 2298 5069 recito
2355 5014 2423 5070 ad
2480 5014 2718 5086 singula.
2785 5016 2882 5074 Dic
2949 5027 3132 5076 utrum
3173 5018 3426 5077 Christus

201 5179 225 5206 ελ
264 5169 456 5231 Eadem
478 5176 610 5233 edit.
629 5175 815 5242 Rom.,
844 5172 951 5229 Pro
969 5172 1094 5228 Aria
1115 5170 1416 5243 respondes,
1447 5169 1514 5224 ad
1532 5180 1709 5226 nostra
1887 5183 1909 5245 (ξ
1941 5170 2084 5245 ﬁdit.
2116 5169 2302 5245 Bonn,
2335 5171 2494 5245 adeo
2518 5188 2634 5244 qua:
2658 5184 2964 5245 sequuntur.

138 5239 561 5320 inl‘etj'pgglq‘nop
589 5239 920 5320 responde};
1013 5317 1021 5320 _
1064 5316 1074 5320 _
1201 5239 1245 5320 '_
1274 5315 1285 5320 Δ
1349 5314 1358 5320 .
1535 5314 1547 5320 μ
1611 5313 1624 5320 _
1885 5241 1913 5281 ἀ
1939 5242 2086 5320 gilii.
2119 5241 2280 5320 R01“.
2308 5239 2560 5320 CL‘Lﬁbi,
2593 5239 2875 5314 ἰηιρὶὲιαιὶδ
2891 5248 3176 5320 judicium.

201 5309 689 5388 ESiéTelleabb.
714 5315 944 5372 etChiﬁ.
972 5316 1077 5370 nisi
1103 5316 1248 5386 quod
1273 5314 1504 5368 habetur
1535 5314 1593 5388 in
1611 5313 1714 5369 hoc
1896 5322 1920 5388 (ξ
1949 5312 2111 5388 Boni.
2143 5309 2865 5388 editquilium'creaturam
2891 5309 2998 5373 non
3024 5321 3244 5388 negasti.

143 5379 336 5457 ultimo,
362 5389 414 5441 in
443 5379 611 5444 inedia
633 5387 867 5456 epistola:
893 5379 1431 5453 lectione-proponere
1458 5385 1594 5457 quod
1616 5401 1714 5457 Δυοη
1864 5455 1870 5457 Α
1899 5382 1921 5457 τᾼ
1961 5383 2039 5438 lta
2069 5383 2191 5457 cod.
2219 5384 2363 5441 Tell.
2398 5401 2429 5442 a
2458 5402 2566 5457 quo
2602 5403 2710 5442 non
2751 5389 2955 5445 abeunt
2979 5379 3148 5447 Labb.
3177 5403 3231 5446 et
3258 5389 3422 5446 Chill.

143 5450 266 5528 Iebus
292 5471 308 5509 :
336 5466 507 5528 totum
552 5450 686 5516 vero
728 5459 905 5512 locum
957 5457 1114 5512 llorn.
1148 5450 1298 5512 'edit.
1335 5455 1559 5525 prml‘crt
1612 5455 1716 5511 hoc
1820 5455 1926 5510 nisi
1967 5455 2111 5528 quod
2145 5457 2239 5528 ille
2264 5450 2525 5528 punctuin
2567 5458 2846 5526 postponit
2886 5461 3053 5517 verbo
3098 5463 3293 5526 recito;
3339 5461 3433 5517 hic

143 5523 288 5604 modo
312 5527 561 5604 :_Pl_acuit
593 5531 681 5584 tibi
711 5539 766 5582 ut
793 5528 904 5580 Arii
932 5529 1152 5597 epistola
1175 5523 1426 5604 legeretur
1457 5542 1475 5582 :
1517 5528 1716 5581 dictum
1820 5523 2002 5604 autem
2028 5527 2158 5604 illud
2193 5523 2422 5604 praeﬁgit
2451 5523 2717 5604 adverbio
2747 5540 2920 5604 utrum
2961 5550 2980 5587 :
3013 5547 3251 5604 quocum
3274 5523 3430 5589 redit.

146 5602 219 5672 est.
239 5605 290 5675 ut
310 5597 670 5675 dubitationth
695 5615 1029 5675 proponeres,
1064 5597 1241 5667 quant'
1260 5599 1495 5675 volebas;
1525 5615 1715 5667 propo-
1820 5597 1982 5652 Rom.
2007 5599 2169 5655 etiam
2188 5597 2525 5675 conveniret,
2549 5601 2654 5653 nisi
2676 5601 2837 5675 (rudes
2868 5619 2968 5673 pro
2987 5597 3130 5675 potes
3152 5604 3432 5674 reposuis-

146 5664 281 5741 ruixti
303 5670 438 5737 quod
466 5668 603 5726 Filio
618 5664 774 5724 Paier
792 5664 970 5741 'major
997 5664 1166 5726 est}...
1197 5669 1332 5740 quod
1367 5664 1575 5724 Patren:
1605 5664 1716 5724 nia-
1822 5680 1927 5737 set,
1951 5680 2005 5726 ct
2027 5681 2153 5728 ante
2180 5673 2340 5727 recito
2359 5673 2653 5728 dictionem
2679 5664 3262 5748 iterum'app'osuissc't.

146 5747 297 5796 torem
317 5737 504 5796 dixerit
531 5739 704 5796 Filius
732 5739 850 5796 Dei.

143 5747 297 5801 iorem
317 5741 504 5798 dixerit
531 5741 704 5798 Filius
732 5741 850 5796 Dei.
