3936 6168
537 212 641 269 955
1902 207 1984 262 SA
1993 206 2148 262 ΝΟἶί
2186 204 2504 262 AMBROSII
3719 205 3810 264 936

533 326 719 394 dium,
760 328 851 398 qui
903 321 1272 394 blasphemias
1313 321 1432 377 Arii
1477 335 1580 376 nec
1623 321 1889 377 damnare
1937 321 2137 386 voluit,
2167 321 2334 390 Aqui
2381 318 2656 374 Christum
2710 316 2997 372 Dominum
3041 318 3212 373 Deum
3259 331 3449 373 verum
3495 316 3714 374 similem
3761 328 3812 374 et

535 421 633 478 sed
663 421 833 490 magis
859 419 976 488 ipse
1014 415 1300 472 confessus
1327 423 1409 471 est
1436 456 1452 482 ,
1482 413 1631 484 juste
1672 429 1737 470 ac
1767 415 1964 471 merito
2013 428 2136 469 esse
2239 413 2406 485 803
2434 412 2700 484 aequalem
2725 411 2871 466 Patri
2896 411 3022 466 dum
3051 426 3158 467 non
3189 410 3511 478 conﬁtetur,
3543 413 3702 468 immo
3725 429 3812 470 ne-

538 512 890 576 damnatum,
940 515 997 564 et
1024 507 1165 564 Deus
1191 507 1374 576 novit,
1407 515 1461 563 et
1509 506 1748 562 ﬁdelium
1803 507 2136 564 conscientia

540 600 952 661 condemnavit.
996 619 1015 653 ι

606 696 699 752 60.
741 693 1144 764 Exuperantius
1208 692 1500 763 episcopus
1549 691 1908 749 Dertonensis
1961 691 2136 746 dixit:

541 808 561 842 ε
593 785 930 852 Palladium,
983 785 1075 856 qui
1118 794 1325 841 sectam
1370 785 1488 841 Arii
1533 785 1620 840 vel
1669 784 1790 855 ejus
1834 783 2137 839 doctrinam

539 884 800 940 damnare
826 883 1038 948 noluit,
1081 883 1176 939 sed
1222 882 1493 948 defendit,
1525 889 1582 936 ut
1629 881 1812 936 caeteri
1856 885 2141 934 consortes

540 976 650 1032 mei
680 975 1105 1042 damnaverunt,
1135 974 1300 1030 etiam
1327 983 1382 1030 et
1406 987 1507 1044 ego
1532 971 1864 1028 condemno.
1903 989 1922 1022 ι

619 1075 648 1105 ι
681 1067 982 1124 Bassianus
1009 1065 1298 1137 episcopus
1341 1064 1645 1120 Laudensis
1687 1063 1855 1118 dixit:
1890 1080 1908 1112 ‹
1947 1060 2142 1116 Audivi

542 1164 682 1218 sicut
707 1171 764 1217 et
789 1160 976 1217 caeteri
1007 1166 1296 1216 consortes
1319 1157 1467 1230 mei,
1500 1158 1807 1229 impietates
1829 1155 1983 1223 Arii,
2008 1169 2142 1224 quas

545 1256 824 1313 Palladius
850 1270 961 1310 non
998 1255 1174 1311 solum
1204 1269 1312 1309 non
1350 1252 1772 1319 condemnavit,
1803 1249 1899 1305 sed
1939 1247 2140 1305 conﬁr-

541 1349 746 1406 mavit:
778 1348 866 1403 hic
892 1346 1183 1402 anathema
1214 1343 1313 1410 sit,
1347 1353 1403 1400 et
1430 1341 1738 1398 sacerdotio
1761 1339 2083 1411 privabitur.
2116 1358 2135 1392 ι

613 1443 704 1500 61.
737 1440 765 1480 ι’
793 1439 1066 1496 Philaster
1095 1437 1386 1507 episcopus
1415 1434 1700 1490 Brixianus
1725 1433 1899 1488 dixit:
1938 1450 1957 1484 ι
1991 1430 2144 1486 ΒΙειεο

545 1535 793 1609 phemias
819 1541 876 1590 et
904 1531 1242 1603 iniquitatem
1279 1527 1544 1595 Palladii,
1590 1527 1680 1598 qui
1711 1525 1969 1581 Arianam
2015 1523 2143 1579 duc-

544 1631 743 1687 trinam
772 1626 1021 1697 sequitur
1049 1633 1106 1681 et
1145 1622 1424 1689 defendit,
1476 1636 1579 1676 una
1607 1634 1730 1676 cum
1761 1617 2016 1674 omnibus
2041 1630 2144 1688 ego

544 1716 929 1776 condemnavi.
974 1735 992 1769 ι

621 1821 643 1848 ο
671 1807 1028 1866 Constantius
1049 1805 1338 1877 episcopus
1359 1803 1758 1860 Sciscianensis
1779 1800 1944 1857 dixit:
1976 1818 1994 1851 ‹
2023 1797 2149 1854 Pal-

543 1903 786 1971 ladium,
840 1902 935 1974 qui
977 1901 1349 1972 blasphemias
1403 1906 1461 1954 et
1503 1897 1815 1967 impietates
1879 1893 1996 1950 Arii
2037 1906 2147 1947 non

542 1996 972 2063 condemnavit,
997 1996 1142 2051 sicut
1167 2003 1222 2051 et
1247 1992 1434 2049 caeteri
1475 1990 1895 2048 consacerdotes
1919 1987 2056 2056 mei,
2095 1994 2150 2044 et

545 2106 648 2164 ego
678 2104 879 2146 censeo
908 2086 1297 2144 damnandum.
1337 2104 1356 2138 ι

617 2180 645 2218 ά
676 2179 1007 2236 Heliodorus
1054 2179 1346 2250 episcopus
1395 2175 1724 2232 Altiniensis
1772 2173 1936 2230 dixit:
1974 2190 1994 2224 ι
2046 2169 2148 2238 Qui

544 2275 829 2350 perﬁdiam
883 2273 998 2329 Arii
1042 2272 1393 2339 omniumque
1451 2269 1873 2334 hatrcticorum,
1915 2278 2148 2336 quorum

543 2386 776 2430 consors
799 2379 884 2426 est
907 2366 1215 2436 Palladius,
1244 2365 1402 2436 cujus
1433 2364 1702 2435 insipiens
1729 2377 1824 2417 cor
1844 2402 1859 2428 ,
1887 2360 1976 2431 qui
2011 2355 2152 2412 veri-

547 2472 716 2522 tatem
746 2478 855 2518 non
888 2472 974 2519 est
993 2461 1280 2518 confessus
1298 2501 1312 2528 ,
1339 2473 1462 2514 cum
1504 2457 1718 2514 caateris
1744 2449 2150 2512 consacerdoti-

552 2560 658 2617 bus
687 2557 827 2615 meis
857 2555 1188 2612 condemno.
1231 2572 1250 2605 ι

623 2653 715 2710 62.
752 2663 775 2688 ι’
808 2649 964 2706 Felix
995 2649 1288 2720 episcopus
1335 2642 1649 2700 Jadertinus
1691 2640 1860 2695 dixit:
1896 2655 1915 2689 ι
1968 2634 2150 2690 Palla-

549 2748 732 2812 dium,
758 2745 848 2815 qui
875 2741 1245 2812 blaSphemias
1272 2737 1403 2795 dicit
1441 2737 1493 2791 in
1524 2735 1723 2792 Filium
1770 2733 1914 2788 sicut
1942 2731 2113 2785 Arius
2133 2767 2152 2796 ,

551 2853 679 2896 cum
707 2835 959 2892 omnibus
989 2833 1196 2904 pariter
1243 2829 1581 2886 condemno.
1617 2845 1637 2879 ›

622 2928 943 2986 Theodorus
973 2927 1264 2993 episcopus
1293 2918 1687 2978 Octodorensis
1716 2919 1885 2974 dixit:
1925 2937 1944 2970 ‹
1974 2916 2151 2974 Palla-

548 3019 730 3086 dium,
769 3018 862 3089 qui
885 3014 1165 3071 Christum
1200 3016 1368 3070 Deum
1393 3025 1579 3066 verum
1602 3051 1617 3077 ,
1668 3021 2003 3066 coaeternum
2049 3011 2151 3065 Pa-

2241 509 2421 579 gavit,
2453 507 2861 562 damnationem
2897 505 3083 576 judico
3129 520 3255 562 cum
3309 504 3532 561 caneris
3580 506 3815 563 fratribus

2243 599 2380 656 meis
2412 597 2431 636 ί
2467 597 2954 655 consacerdotibus
2983 598 3190 655 sortiri.
3223 619 3242 652 ι

2314 691 2403 746 64.
2438 691 2722 746 Amantius
2763 690 3052 761 episcopus
3077 689 3350 747 Niciensis
3378 690 3518 747 dixit
3551 709 3564 746 :
3605 710 3623 743 ι
3657 692 3816 749 Palla-

2243 785 2391 841 dium
2424 826 2440 852 ,
2495 784 2584 856 qui
2626 794 2830 840 sectam
2870 784 2988 839 Arii
3026 799 3134 840 non
3173 784 3452 841 destruxit
3485 825 3500 852 ,
3544 787 3818 842 secundum

2243 878 2700 936 consacerdotum
2728 893 2974 936 meorum
2999 878 3266 949 judicium
3299 880 3466 936 etiam
3498 889 3555 936 et
3581 895 3678 952 ego
3703 895 3822 936 con-

2243 971 2464 1028 demno.
2504 989 2522 1023 ι

2314 1064 2612 1122 Januarius
2639 1065 2932 1137 episcopus
2960 1065 3100 1121 dixit
3127 1083 3140 1119 :
3171 1085 3190 1118 ‹
3238 1065 3394 1122 Sicut
3423 1081 3614 1122 omnes
3646 1081 3825 1122 consa-

2244 1157 2495 1214 cerdotes
2522 1158 2628 1214 mei
2650 1158 3048 1215 damnaverunt
3072 1157 3401 1225 Palladium,
3428 1158 3502 1213 ita
3522 1167 3579 1214 et
3603 1173 3702 1230 ego
3721 1159 3824 1230 pari

2239 1253 2449 1324 judicio
2477 1268 2603 1310 eum
2634 1268 2834 1310 censeo
2864 1267 2989 1310 esse
3011 1252 3405 1310 damnandum.
3445 1273 3465 1306 ι

2247 1407 2609 1464 Seeundianus
2648 1406 2914 1464 Christum
2959 1425 3240 1480 agnoscere
3270 1406 3442 1464 Deum
3471 1426 3642 1465 verum
3674 1410 3821 1464 inter-

2317 1501 2538 1571 pellatus
2568 1499 2767 1568 eadem,
2795 1519 2898 1573 qua
2923 1499 3226 1568 Palladius,
3267 1502 3596 1558 cavillatione
3629 1513 3829 1557 conatur

2319 1589 2501 1646 Patres
2530 1591 2814 1662 ludiﬁcari.

2175 1714 2224 1774 Β
2321 1725 2413 1784 65.
2449 1727 2670 1784 Etcum
2702 1739 2726 1777 κ
2769 1727 3148 1786 Seeundianus
3186 1731 3590 1802 subripuisset,
3621 1733 3831 1788 Ambroo

2251 1821 2365 1876 sius
2393 1822 2684 1892 episcopus
2714 1821 2850 1877 dixit
2881 1839 2896 1881 :
2937 1843 2956 1876 ι
2989 1823 3234 1890 Audisti,
3265 1824 3634 1892 Secundiane,
3664 1825 3834 1896 cujus-

2257 1934 2275 1966 ‹
2325 1914 2468 1970 modi
2521 1915 2797 1971 Palladius
2846 1916 3048 1987 impius
3097 1918 3470 1984 sententiam,
3528 1918 3833 1974 sacerdotali

2250 2029 2276 2062 .‹
2323 2007 2558 2064 concilio
2584 2007 2872 2064 damnatus
2901 2009 3204 2081 exceperit;
3234 2010 3364 2066 licet
3389 2010 3727 2081 displicuerit
3748 2027 3835 2066 no-

2257 2119 2276 2151 ι
2323 2099 2409 2156 bis
2446 2099 2590 2169 quod
2643 2096 2791 2170 'ejus,
2847 2100 2952 2156 hoc
2999 2109 3116 2168 est,
3158 2101 3384 2157 Palladii
3427 2118 3536 2158 non
3577 2103 3839 2159 horrueris

2257 2212 2277 2246 ‹
2323 2193 2641 2259 amentiam,
2673 2201 2858 2250 tamen
2887 2193 2955 2250 de
2993 2202 3049 2250 te
3086 2193 3271 2263 aliqua
3302 2195 3618 2264 specialiter
3643 2211 3835 2266 quieto.

2260 2305 2278 2338 ι
2324 2285 2516 2342 Utrum
2575 2284 2673 2342 Dei
2735 2285 2933 2342 Filium
2995 2287 3285 2342 Dominum
3351 2297 3604 2345 nostrum
3667 2289 3837 2345 .lcsum

2260 2399 2277 2431 ι
2324 2379 2626 2445 Christum,
2654 2393 2847 2433 verum
2876 2378 2964 2434 vel
2987 2393 3097 2434 non
3126 2394 3319 2436 verum
3349 2379 3522 2436 Deum
3554 2380 3736 2436 dicas?
3764 2399 3781 2433 ι

2324 2471 2699 2528 Seeundianus
2726 2470 2863 2526 dixit
2896 2487 2909 2524 :
2942 2488 2961 2522 ι
2992 2470 3096 2538 Qui
3128 2480 3293 2543 negat
3314 2472 3486 2528 Deum
3515 2487 3704 2528 verum
3731 2485 3839 2528 esse

2254 2561 2475 2618 Patrem
2516 2560 2730 2617 Domini
2758 2569 2814 2616 et
2841 2561 2938 2616 Dei
2967 2563 3143 2618 nostri
3180 2562 3313 2618 Jesu
3351 2561 3587 2630 Christi,
3627 2579 3730 2620 non
3766 2571 3839 2620 est

2255 2653 2623 2710 christianos:
2661 2650 2688 2689 ιι
2725 2667 2828 2710 nec
2868 2653 2960 2723 qui
2999 2663 3163 2726 negat
3199 2654 3490 2712 Dominum
3530 2655 3724 2712 Filium
3755 2655 3837 2711 Dei

2254 2762 2468 2803 verum.
2504 2766 2524 2799 ι

2324 2839 2646 2896 Ambrosius
2676 2841 2964 2912 episcopus
3003 2841 3140 2898 dixit
3182 2859 3196 2897 :
3245 2861 3264 2896 ι
3315 2843 3490 2901 Deum
3527 2859 3716 2901 verum
3753 2843 3834 2899 Dei

2260 2951 2277 2984 ι
2326 2931 2524 2987 Filium
2564 2933 2889 2990 conﬁteris?
2926 2953 2945 2987 ι

2328 3025 2710 3082 Seeundianus
2738 3026 2922 3081 dixit:
2959 3045 2977 3080 ‹
3012 3027 3214 3083 Verum
3243 3027 3338 3085 Dei
3364 3028 3586 3098 Filium,
3620 3028 3834 3102 unigeni-

548 3112 618 3168 tri
647 3108 878 3180 negavit,
928 3120 1029 3161 nec
1055 3104 1412 3160 christianum
1443 3100 1592 3156 hunc
1614 3144 1629 3170 ,
1665 3116 1766 3158 nec
1809 3100 2147 3158 sacerdotem
2176 3097 2222 3159 C
2257 3127 2370 3172 ιυηι
2401 3117 2495 3173 θεῖ
2525 3116 2724 3173 Filium
2751 3133 2940 3174 verum
2965 3119 3110 3175 dico,
3151 3139 3171 3174 ι

548 3205 664 3261 ullo
686 3202 848 3260 modo
877 3214 1189 3257 censemus.
1232 3217 1252 3249 ι

615 3296 878 3353 Dominus
892 3291 1184 3363 episcopus
1208 3289 1747 3360 Gratianopolitanus
1771 3288 1940 3345 dixit:
1969 3307 1989 3340 ‹
2022 3288 2147 3343 Pal-

545 3391 747 3448 ladium
779 3389 833 3445 in
860 3385 1088 3458 perﬁdia
1111 3384 1228 3441 Arii
1258 3391 1668 3456 permanentem
1701 3384 1757 3438 in
1789 3390 2140 3453 perpetuum,

542 3484 684 3540 sicut
713 3491 769 3538 et
807 3480 1006 3536 fratres
1035 3477 1470 3542 damnaverunt,
1501 3475 1663 3532 etiam
1709 3484 1764 3532 et
1806 3489 1908 3546 ego
1945 3488 2145 3530 censeo

546 3591 669 3634 esse
694 3573 1086 3633 damnandum.
1121 3590 1140 3624 ι

621 3670 712 3727 65.
744 3667 1008 3725 Proculus
1051 3666 1345 3738 episcopus
1373 3662 1732 3720 Massiliensis
1772 3663 1947 3718 dixit:
1981 3681 1999 3714 ι
2029 3661 2148 3717 Pal-

549 3761 784 3826 ladium,
833 3758 927 3831 qui
957 3757 1071 3814 Arii
1115 3756 1482 3828 blaSphemias
1529 3754 1631 3810 sub
1694 3758 1927 3825 quadam
1984 3753 2147 3823 impia

546 3853 866 3911 haireditate
907 3866 1015 3906 non
1043 3849 1456 3905 condemnando
1483 3847 1763 3914 defendit,
1811 3846 1956 3902 sicut
2001 3845 2147 3901 hunc

544 3955 601 4002 et
648 3944 1005 4015 plurimorum
1031 3943 1144 4012 jam
1174 3941 1580 3997 venerabilium
1632 3940 1977 3998 sacerdotum
2016 3955 2143 3996 sen-

544 4037 713 4094 tentia
759 4035 1136 4106 blasphemum
1179 4035 1524 4106 designavit,
1569 4045 1736 4106 atque
1774 4051 1802 4088 a
1832 4033 2142 4091 sacerdotio

544 4127 783 4185 alienum
812 4127 971 4197 dixit,
1002 4128 1075 4183 ita
1116 4143 1238 4184 mea
1286 4129 1489 4198 pariter
1533 4127 1804 4184 sententia
1848 4127 1904 4183 in
1946 4141 2142 4197 perpe-

545 4232 698 4292 tuum
743 4222 1165 4281 condemnatum
1208 4223 1476 4295 designat.
1513 4243 1531 4276 ι

617 4317 886 4388 Diogenes
915 4316 1204 4386 episcopus
1231 4315 1536 4371 Genuensis
1556 4315 1732 4371 dixit:
1767 4335 1784 4367 ‹
1814 4315 2137 4381 Palladium,

2325 3209 2765 3267 06.Ambrosius
2803 3211 3095 3282 episcopus
3133 3212 3272 3269 dixit
3314 3231 3328 3267 :
3366 3231 3386 3266 ι
3423 3214 3634 3272 Verum
3672 3214 3830 3273 Domi-

2258 3321 2276 3354 ι
2323 3317 2452 3357 num
2475 3301 2611 3358 dicis
2631 3302 2654 3357 ἲ
2681 3322 2700 3355 ›
3487 3354 3496 3362 .

2323 3395 2700 3453 Seeundianus
2731 3397 2906 3454 dixit:
2943 3419 2962 3453 ι
2996 3399 3199 3456 Verum
3231 3400 3574 3473 unigenitum
3605 3403 3782 3459 Filium
3817 3415 3826 3451 :

2249 3488 2374 3560 quis
2405 3497 2567 3559 negat
2591 3505 2780 3546 verum
2812 3491 3012 3548 Filium
3037 3493 3170 3550 Dei?
3200 3513 3218 3547 ι

2327 3579 2597 3652 Eusebius
2633 3581 2926 3652 episcopus
2963 3583 3105 3638 dixit
3137 3601 3150 3637 :
3190 3603 3209 3636 ‹
3257 3583 3375 3641 Νοιι
3416 3585 3626 3643 sufﬁcit
3662 3586 3676 3624 ί
3707 3582 3826 3657 quod

2252 3672 2448 3728 Filium
2489 3673 2586 3730 Dei
2627 3675 2965 3746 unigenitum
3003 3677 3308 3744 conﬁteris;
3353 3694 3478 3734 nam
3520 3679 3629 3736 hoc
3663 3691 3826 3735 omnes

2249 3766 2580 3822 conﬁtentur
2611 3786 2622 3820 :
2654 3767 2752 3824 sed
2786 3769 2890 3826 hoc
2911 3781 3117 3837 movet,
3140 3771 3288 3842 quod
3319 3771 3481 3828 Arius
3504 3773 3645 3830 dixit
3669 3770 3825 3828 Domi-

2251 3874 2378 3912 num
2418 3859 2597 3915 solum
2636 3860 2876 3930 Patrem,
2917 3863 3095 3918 solum
3135 3878 3323 3919 verum
3358 3881 3372 3918 :
3404 3867 3625 3936 negavit
3652 3864 3821 3920 Filium

2251 3954 2348 4009 Dei
2386 3953 2672 4008 Dominum
2712 3969 2924 4011 verum.
2951 3955 3284 4026 Simpliciter
3310 3956 3510 4012 Filium
3543 3956 3637 4014 Dei
3679 3956 3818 4010 Deum

2251 4062 2439 4101 verum
2469 4045 2794 4102 conﬁteris?
2823 4065 2843 4099 ι

2323 4138 2702 4194 Seeundianus
2742 4139 2880 4195 dixit
2914 4156 2927 4194 :
2969 4159 2988 4193 ι
3033 4141 3165 4210 Quis
3194 4142 3363 4198 fuerit
3391 4142 3580 4210 Arius,
3613 4143 3819 4212 ignoro:

2249 4229 2376 4296 quid
2401 4228 2599 4285 dixerit
2624 4229 2833 4288 nescio.
2870 4230 3078 4287 Mecum
3107 4232 3352 4303 loqueris
3374 4233 3533 4290 vivus
3556 4232 3622 4288 ad
3643 4231 3818 4285 vivum.

2251 4315 2388 4378 illud
2419 4321 2542 4379 dico
2569 4322 2715 4394 quod
2741 4322 2996 4380 Christus
3027 4323 3165 4380 dixit
3195 4343 3208 4380 :
3245 4325 3258 4376 i
3302 4326 3638 4398 Unigenitum
3662 4322 3742 4393 qui
3761 4328 3822 4375 cst

615 4471 642 4540 εξ
681 4459 931 4540 ῌ-ιιξξίδιιί
980 4457 1173 4540 hujus,
1211 4472 1314 4538 seu
1357 4457 1682 4540 Bassiliani;
1709 4466 1767 4540 ut
1810 4468 2040 4540 vocatur
2080 4461 2133 4516 in
2163 4463 2214 4524 D
2251 4535 2260 4540 _
2317 4464 2337 4502 ί
2367 4465 2503 4540 Tell.
2535 4466 2659 4540 cod.
2683 4507 2699 4532 ,
2739 4468 3097 4540 damnationes
3127 4470 3240 4540 ejus
3283 4483 3402 4540 cum
3433 4467 3633 4540 cretei-is
3662 4460 3820 4534 fratri-

540 4531 663 4589 cod.
695 4531 860 4594 Tell.,
889 4527 1094 4584 mentio
1121 4527 1181 4582 ﬁt
1211 4527 1264 4582 in
1288 4527 1526 4583 secunda
1549 4528 1615 4582 ad
1641 4527 1879 4583 Felicem
1895 4530 2132 4586 Comen-

537 4619 655 4661 sem
703 4601 968 4672 epistola,
1014 4614 1174 4672 Vnum.
1221 4603 1281 4666 l,
1328 4597 1396 4653 ad
1441 4614 1604 4668 quem
1657 4601 1836 4654 locum
1877 4603 2133 4658 nonnulla

534 4675 700 4732 etiam
736 4671 1169 4729 observavimus.
2117 4736 2120 4740 Ι

604 4745 632 4784 b
672 4745 947 4800 Philaster
989 4741 1192 4814 ingenii
1221 4741 1306 4796 sui
1338 4751 1752 4814 monumentum
1793 4743 2018 4814 reliquit
2070 4745 2131 4800 li-

533 4817 740 4874 bellum
774 4815 844 4872 de
879 4813 1228 4879 Haeresibus,
1275 4821 1330 4867 at
1370 4813 1541 4868 multo
1587 4814 1872 4869 clariorem
1919 4813 2130 4872 sancti-

537 4889 663 4944 tatis
704 4901 818 4942 suat
845 4885 1163 4956 memoriam
1189 4882 1246 4939 in
1277 4882 1550 4956 diplychis
1580 4884 1984 4941 Ecclesiasticis
2005 4926 2018 4953 ,
2074 4887 2128 4942 in

537 4958 738 5031 quibus
765 4957 833 5012 ad
862 4955 1076 5031 xv_kal_.
1096 4955 1332 5031 Augusti
1363 4955 1723 5031 renuntiatur.

611 5042 634 5069 ο
675 5029 1028 5086 Constantius
1057 5027 1160 5098 hic,
1182 5042 1213 5081 a
1241 5027 1478 5093 Sciscia,
1528 5042 1649 5098 quae
1693 5027 1820 5082 urbs
1849 5028 1901 5082 in
1937 5027 2133 5084 ﬁnibus

533 5100 832 5156 Pannonia:
858 5104 966 5155 sita
983 5108 1068 5154 est
1088 5139 1104 5164 ,
1133 5097 1332 5152 dicitur
1360 5097 1706 5155 Sciseiensis.
1732 5099 1797 5152 Et
1825 5098 1952 5154 hinc
1982 5099 2136 5154 colli-

531 5187 628 5243 gas
650 5185 829 5243 neque
850 5171 1014 5226 etiam
1040 5171 1183 5243 hunc
1209 5184 1334 5224 esse
1355 5210 1368 5233 ,
1400 5169 1468 5223 ad
1491 5186 1667 5243 quem
1711 5171 1967 5243 superior
2011 5171 2100 5240 epi
2119 5201 2133 5212 -

530 5240 673 5299 stola
699 5240 766 5297 ad
792 5240 1169 5297 Constantium
1221 5249 1442 5295 exarata
1484 5240 1618 5304 fuit;
1649 5255 1771 5294 cum
1812 5241 1880 5295 ab
1931 5242 2130 5308 lmola,

529 5328 652 5382 qua:
680 5315 926 5384 proxima
963 5311 1226 5384 Ecclesia:
1255 5310 1415 5384 hujus
1444 5308 1752 5365 Constantii
1781 5311 2009 5378 dicitur,
2039 5311 2124 5365 ni-

527 5380 642 5444 mio
670 5380 959 5439 intervallo
985 5383 1154 5437 distet
1180 5380 1405 5438 Sciscia.

601 5452 630 5493 ά
669 5453 947 5511 Heliodori
969 5453 1275 5510 doctrinam
1315 5466 1380 5506 ac
1406 5450 1666 5522 pietatem
1694 5452 1904 5522 aliquot
1933 5454 2125 5510 l-liero-

525 5526 688 5600 nymi
708 5527 958 5596 epistolis
977 5525 1351 5600 consignatam
1395 5522 1698 5600 habemus:
1728 5526 1846 5589 ejus
1873 5540 2003 5600 vero
2030 5542 2126 5600 no-

527 5593 652 5654 nien
677 5597 732 5651 in
747 5593 1070 5652 sanctorum
1093 5593 1218 5648 albo
1239 5593 1501 5662 scriptum
1527 5593 1725 5663 legitur
1741 5610 1798 5649 ιιι
1817 5611 1943 5649 non.
1970 5595 2120 5651 Julii.

602 5677 626 5702 ε
668 5666 866 5735 Eclicis
896 5666 1160 5720 Jadertini
1184 5666 1300 5735 sive
1318 5663 1590 5735 Jadrensis
1615 5666 1775 5719 sedes
1795 5667 2122 5735 episcopalis

527 5743 647 5792 erat
673 5734 902 5806 Jadera,
941 5737 1076 5792 urbs
1102 5733 1415 5805 Dalmatiae,
1447 5734 1609 5792 hodie
1633 5735 1773 5792 Zara
1806 5733 2047 5793 Veccltia.

2242 4535 2334 4611 lius
2364 4539 2492 4592 nteis
2512 4579 2528 4604 ,
2557 4537 2636 4592 uel
2665 4538 3122 4611 consacerdotibus
3146 4535 3264 4611 ejus
3290 4537 3485 4592 sociari
3508 4553 3528 4592 :
3555 4536 3679 4611 edit.
3710 4546 3819 4611 vero

2241 4607 2383 4680 inter
2413 4622 2472 4680 se
2504 4603 2896 4675 consentiunt,
2937 4611 3046 4674 nisi
3071 4603 3216 4680 qno'd
3251 4624 3350 4679 pro
3387 4603 3816 4664 consacerdatibus

2240 4676 2404 4751 habet
2431 4679 2621 4751 Rom.,
2645 4697 2763 4734 cum
2791 4676 3166 4736 sacerdotibus.
3252 4676 3265 4679 ’
3734 4743 3744 4751 ,
3786 4741 3795 4751 ,

2313 4760 2337 4831 I}
2367 4749 2525 4805 Rom.
2561 4743 2695 4806 edit.
2726 4752 2867 4817 sola,
2899 4751 3267 4831 Sgaundianus
3289 4767 3343 4806 se
3368 4751 3641 4822 paululum
3668 4743 3816 4800 subri-

2236 4824 2452 4893 puisset,
2476 4832 2524 4877 et
2552 4832 2727 4893 postea
2751 4824 3087 4878 convenisset.
3467 4891 3514 4893 _,
3565 4891 3574 4893 _
3741 4882 3792 4893 ...

2307 4889 2334 4927 1‘
2365 4882 2568 4963 Eadem
2605 4892 2739 4949 edit.
2787 4893 2906 4949 sola
2932 4935 2946 4958 ,
2977 4895 3117 4950 idem
3151 4893 3241 4963 qui
3268 4901 3420 4962 negat
3451 4891 3706 4963 Christum
3733 4882 3814 4938 Fi-

2238 4963 2364 5015 lium
2387 4962 2485 5017 Dei
2509 4981 2702 5019 verum.
2739 4965 2807 5019 Et
2837 4965 2976 5021 infra
3009 4984 3024 5020 :
3053 4962 3226 5020 DeiF
3231 4965 3381 5019 ilium
3408 4962 3715 5033 unigenitum
3743 4970 3814 5031 rc—

2237 5050 2353 5086 rum
2387 5033 2586 5088 Filium
2618 5033 2716 5090 Dei
2744 5035 2880 5089 dico.
2917 5037 2985 5091 Et
3007 5037 3172 5092 etiam
3201 5051 3311 5091 non
3339 5034 3514 5090 nmlto
3538 5041 3682 5102 post,
3710 5041 3810 5080 um-

2237 5103 2894 5182 genitum_CI_zristum_quis
2924 5118 3075 5182 negat
3099 5107 3124 5182 3

2316 5174 2331 5212 ί
2365 5177 2440 5230 Ita
2465 5175 2626 5242 Tell.,
2648 5161 2818 5234 Labb’.
2848 5188 2905 5233 et
2924 5161 3085 5234 Cliill.
3120 5178 3278 5232 nom.
3306 5184 3487 5231 autem
3514 5173 3664 5236 edit,
3687 5161 3810 5236 quod

2237 5261 2413 5300 verum
2429 5245 2644 5300 Filium
2673 5247 2895 5305 Dei.....
2935 5248 3052 5304 Hoc
3083 5264 3204 5303 vero
3241 5248 3565 5316 potissimum
3593 5258 3678 5316 nos
3713 5251 3805 5316 m0-

2237 5326 2318 5370 vet
2342 5356 2357 5380 ,
2386 5318 2525 5388 quod
2563 5320 2717 5373 Arius
2744 5319 2877 5373 dixit
2907 5320 3076 5375 Deum
3103 5306 3271 5374 solum
3305 5317 3512 5372 Patrem
3542 5306 3802 5388 solum-lto.-

2233 5378 2355 5440 num
2385 5378 2410 5443 :-
2429 5390 2631 5459 negavit
2652 5406 2770 5445 vero
2793 5389 2995 5446 Filium
3016 5390 3116 5447 Dei
3144 5388 3314 5444 Deum
3339 5403 3534 5444 verum.
3565 5378 3805 5450 εἰηιριίάο

2231 5468 2307 5512 ter
2333 5475 2476 5524 ergo,
2508 5470 2616 5515 etc.
3343 5475 3348 5478 ·
3670 5517 3712 5524 -.
3733 5514 3744 5524 .

2307 5476 2678 5586 ἱἭὲιῖιῗέἫίι.
2702 5532 2815 5589 sola
2839 5533 2972 5588 dixit
2997 5549 3016 5588 :
3040 5532 3352 5599 Unigenitus
3393 5531 3500 5599 qui,
3530 5535 3636 5599 etc.
3659 5511 3794 5599 Cltlﬂ-

2231 5608 2287 5656 et
2328 5600 2523 5669 Labb.,
2557 5584 3438 5676 assii'isigaaia“raiiii.z.s,
3480 5584 3680 5666 reliqua
3717 5584 3796 5640 dc‘

2229 5681 2376 5727 sunt.
