3936 6168
113 229 230 288 937

1293 246 1788 308 EPISTOLARUM
1829 253 2106 313 CLASSIS
2146 257 2184 313 l.

3305 276 3408 334 938

107 351 163 402 in
193 351 307 404 sinu
347 350 521 408 Patris
548 352 730 425 (Joan.
757 373 796 421 ι,
824 359 956 432 18);
987 373 1116 431 ergo
1137 361 1476 433 unigenitum
1505 365 1699 422 Filium
1732 367 1783 427 A
1813 386 1832 418 ι
1879 370 2199 442 subreptum
2232 415 2244 438 ,
2300 377 2589 434 confirmet
2639 383 2971 438 sententiam
3026 399 3204 445 suam.
3262 392 3421 452 Dicat

108 457 170 497 se
210 447 400 500 asserit
438 445 618 503 Patris
662 466 675 502 :
721 449 890 508 Filius
931 453 1095 524 igitur
1134 454 1448 525 unigenitus
1485 467 1569 511 est
1608 457 1704 514 Dei

109 533 278 591 Filius
306 551 484 592 verus.
537 557 557 591 ι

180 629 269 685 67.
291 631 616 688 Ambrosius
645 637 938 706 episcopus
973 639 1149 696 dixit:
1187 659 1206 692 α
1245 641 1390 697 Deus
1411 658 1573 698 verus
1595 652 1701 712 est,

110 739 129 773 ι
175 730 202 758 ει
233 737 383 778 verus
412 723 509 779 Dei
541 723 712 781 Filius
744 728 926 784 Deus?
949 748 968 781 ι
1003 731 1072 786 Ει
1097 731 1306 788 addidit
1338 753 1350 788 :
1386 753 1403 786 ι
1430 733 1485 790 1η
1507 734 1704 790 divinis

109 833 130 866 ς
174 815 328 872 libris
353 817 624 887 scriptum
657 831 744 877 est
774 840 788 876 :
821 823 962 889 Quia
988 827 1072 896 qui
1088 830 1275 899 jurant
1300 845 1456 897 super
1486 840 1696 896 terram,

106 927 126 958 ε
161 908 414 980 jurabunt
455 909 626 967 Deum
664 930 840 970 verum
865 915 1046 987 (Esai.
1078 935 1224 986 var,
1255 918 1365 992 16).
1410 921 1565 990 Quod
1596 923 1702 978 uli-

110 1020 128 1052 ‹
172 1017 274 1072 que
295 1002 365 1059 de
395 1003 616 1061 Christo
635 1021 762 1065 esse
794 1025 902 1064 non
925 1011 1152 1067 dubium
1177 1023 1280 1069 est.
1312 1013 1422 1069 Nos
1451 1029 1579 1086 ergo
1609 1031 1701 1072 ve-

107 1114 125 1145 ς
171 1113 287 1151 rum
322 1097 491 1154 Deum
533 1101 897 1170 proﬁtemur:
936 1115 992 1161 et
1032 1106 1170 1162 lides
1211 1115 1398 1162 nostra
1431 1109 1547 1163 haec
1587 1116 1695 1174 est,

107 1209 123 1241 ι
169 1200 225 1245 et
251 1191 540 1261 professio,
566 1196 690 1265 quia
719 1200 1034 1269 unigenitus
1071 1200 1250 1256 Patris
1273 1201 1447 1255 Filius
1481 1211 1566 1256 est
1602 1217 1696 1256 ve-

107 1301 123 1331 ι
172 1298 264 1337 rus
291 1283 458 1339 Deus.
503 1285 599 1342 Dic
627 1296 684 1344 et
723 1299 776 1344 tu
817 1290 886 1346 de
925 1291 1039 1348 Deo
1078 1307 1230 1359 vero,
1270 1291 1466 1348 deinde
1499 1291 1696 1347 Filium

109 1393 125 1426 ι
173 1375 343 1430 Deum
372 1393 586 1433 verum.
630 1399 647 1432 ι

166 1468 540 1526 Secundianus
561 1472 695 1528 dicit
724 1491 736 1526 :
777 1490 796 1526 ί
828 1473 906 1530 De
933 1475 1045 1530 Deo
1073 1491 1224 1532 vero.
1258 1496 1277 1528 ι

163 1561 329 1635 804
350 1564 443 1620 68.
470 1565 794 1624 Ambrosius
819 1569 1110 1641 episcopus
1139 1570 1277 1627 dixit
1305 1588 1318 1625 :
1350 1590 1368 1622 ε
1397 1571 1572 1628 Filius
1597 1572 1695 1628 Dei

111 1671 127 1704 ς
174 1654 314 1710 Deus
343 1669 508 1714 verus
538 1659 666 1714 est?
695 1679 715 1713 ›

161 1727 535 1803 Secundianus
559 1749 698 1806 dixit
731 1770 743 1806 :
778 1770 797 1804 ι
824 1749 853 1791 ι)
885 1753 1026 1824 Ergo
1056 1754 1309 1810 mendax.
1343 1775 1360 1806 ›

164 1838 489 1897 Ambrosinus
513 1845 802 1914 episconus
837 1846 976 1901 dixit
1005 1864 1020 1900 :
1061 1867 1080 1900 ‹
1113 1846 1167 1902 1η
1201 1847 1302 1902 huc
1333 1847 1580 1904 {tandem
1615 1848 1690 1903 fa-

107 1949 121 1983 t
165 1933 264 2000 cis,
301 1944 360 1988 ut
390 1950 498 1989 non
532 1935 700 1991 Deum
731 1953 920 1993 verum
951 1938 1102 1994 dicas
1129 1981 1144 2005 ,
1176 1939 1269 1994 sed
1300 1944 1464 1995 Deum
1495 1940 1686 2011 unige-

105 2041 120 2073 ι
165 2026 335 2080 nitnm
364 2042 579 2092 verum,
609 2043 674 2084 ac
697 2045 794 2099 per
825 2029 928 2085 hoc
957 2030 1042 2086 dic
1075 2032 1399 2102 simpliciter
1437 2051 1450 2086 :
1481 2031 1685 2104 Ugnige-

104 2131 120 2165 ι
164 2114 309 2171 nitus
332 2116 430 2172 Dei
455 2117 627 2172 Filius
661 2117 806 2176 Deus
833 2135 994 2176 verus
1018 2131 1120 2176 est.
1164 2142 1182 2175 ι

154 2207 531 2265 Secundianus
575 2208 714 2266 dixit
765 2229 778 2265 :
839 2229 857 2263 ‹
917 2210 1268 2284 Uuigeuitum
1309 2213 1420 2269 dixi
1462 2213 1557 2270 Dei
1597 2212 1687 2268 Fi-

99 2315 114 2347 t
162 2296 315 2353 lium.
358 2317 380 2351 ι

1814 480 1833 513 ι
1880 479 2012 533 ergo
2050 467 2389 535 unigenitum
2430 470 2706 528 Christum
2751 473 2845 530 Dei
2882 477 3080 534 Filium
3115 482 3287 541 Deum
3328 504 3416 547 ve-

1813 574 1832 605 (
1879 573 2023 612 ΙῚΙΙΪΙ.
2065 578 2083 612 ι

1879 648 2258 709 Secundianus
2286 654 2426 711 dixit
2461 676 2474 711 :
2511 677 2528 710 ‹
2568 659 2686 716 .lam
2721 660 2853 717 dixi.
2892 661 3034 730 Quid
3063 667 3198 724 mihi
3229 680 3411 728 extor-

1805 757 1971 812 quere
2003 746 2084 800 vis
2112 748 2385 818 amplius?
2420 769 2438 803 t

1879 835 2198 892 Ambrosius
2227 841 2518 912 episcopus
2547 843 2684 898 dixit
2715 863 2727 899 :
2782 864 2800 897 ς
2839 847 2976 915 Quid
3004 849 3222 907 dixisti?
3247 853 3410 912 Certe

1810 945 1828 979 ‹
1881 927 1900 966 τ
1945 929 1989 983 si
2030 929 2268 988 dixisses
2309 943 2491 1003 tanta,
2535 937 2678 1007 quod
2717 938 2955 1009 gloriose
2993 941 3223 1013 dicitur,
3265 962 3411 1019 saape

1809 1037 1828 1069 ‹
1872 1023 2228 1091 repetendum
2263 1034 2369 1081 est.
2411 1047 2431 1080 ι

1873 1112 2250 1172 Secundianus
2293 1119 2432 1175 dixit
2470 1139 2482 1173 :
2531 1141 2548 1173 ι
2589 1123 2802 1180 Dictum
2834 1137 2963 1182 est:
2997 1129 3080 1185 Sit
3118 1149 3284 1189 sermo
3324 1151 3405 1191 ve-

1801 1215 1920 1272 ster,
1956 1218 2032 1262 est
2059 1220 2155 1270 est,
2185 1227 2287 1265 non
2317 1229 2418 1267 non
2450 1213 2682 1287 (Matth.
2714 1235 2766 1282 ιν,
2797 1220 2908 1292 57).
2953 1243 2970 1274 ›

1872 1299 1960 1390 72.
1988 1301 2313 1360 Ambrosius
2343 1307 2636 1378 episc0pus
2657 1311 2796 1366 dixit
2829 1331 2842 1366 :
2882 1333 2900 1365 ι
2935 1314 3037 1382 Qui
3069 1318 3200 1374 dicit
3227 1321 3403 1390 ipsum

1809 1409 1826 1440 ‹
1870 1389 2087 1448 Patrem
2134 1395 2360 1463 Filium,
2402 1400 2702 1470 sacrilegus
2739 1414 2844 1458 est.
2882 1405 2996 1462 lioc
3029 1425 3056 1462 a
3105 1418 3156 1465 te
3186 1389 3403 1477 quam»,

1807 1500 1826 1533 ‹
1873 1490 1930 1537 ut
1958 1483 2106 1539 dicas
2137 1486 2205 1543 de
2235 1488 2343 1543 Deo
2373 1504 2502 1546 vero
2527 1491 2695 1548 Deum
2724 1511 2913 1552 verum
2949 1499 3045 1555 Dei
3079 1500 3278 1557 Filium
3309 1520 3404 1559 na-

1805 1592 1824 1624 t
1873 1584 2007 1631 tum.
2044 1596 2062 1629 ι

1872 1668 2253 1728 Secundianus
2279 1673 2417 1729 dixit
2450 1694 2462 1729 :
2506 1696 2523 1730 ‹
2554 1678 2669 1748 Ego
2699 1680 2898 1736 Filium
2932 1699 2961 1737 a
2994 1684 3107 1740 Deo
3136 1688 3404 1756 genitum,

1720 1749 1767 1809 Β
1798 1769 1822 1806 8
1852 1761 2068 1818 dicente
2096 1765 2215 1834 ipso
2247 1784 2260 1820 :
2291 1767 2462 1824 Genui
2489 1780 2536 1825 te
2563 1771 2747 1842 (Psat.
2779 1789 2893 1840 crx,
2923 1773 3019 1842 5);
3049 1788 3100 1833 et
3125 1749 3402 1838 conﬁten;

1797 1859 1903 1907 tem
1928 1868 1988 1909 se
2015 1857 2258 1925 genitum
2283 1875 2428 1931 esse,
2462 1861 2609 1916 dico.
2650 1882 2669 1915 ι

1865 1948 1954 2002 75.
2015 1951 2344 2007 Ambrosius
2385 1955 2683 2027 episcopus
2724 1959 2860 2014 dixit
2904 1979 2915 2014 ;

1799 2057 1816 2090 ι
1867 2039 2014 2097 Deus
2042 2059 2205 2100 verus
2233 2046 2353 2101 est?
2388 2067 2408 2100 ι
3342 2119 3344 2121 ,

1862 2130 2244 2191 Secundianus
2261 2137 2431 2192 dixit:
2455 2158 2474 2190 ί
2498 2141 2561 2195 Et
2589 2157 2713 2197 cum
2731 2146 3115 2202 nominietiam
3142 2151 3319 2216 addis.
3341 2163 3398 2209 et

1791 2239 2003 2286 verum.
2021 2227 2176 2280 audis
2199 2229 2376 2297 qualis
2403 2230 2455 2284 in
2490 2240 2542 2286 te
2562 2233 2694 2288 ﬁdes
2723 2235 2816 2300 sit,
2833 2245 2888 2291 ct
2910 2237 3240 2295 christianus
3258 2259 3319 2298 es
3338 2246 3392 2297 ?)

1861 2316 2131 2374 Eusebius
2175 2321 2467 2390 episcOpus
2509 2324 2646 2379 dixit
2696 2343 2709 2379 :
2765 2347 2784 2380 ι
2833 2330 2934 2395 Qui
2976 2334 3195 2400 negavit
3244 2336 3395 2390 illum

2967 1981 2985 2013 ‹
3034 1963 3078 2018 Α
3123 1966 3235 2023 Deo
3273 1983 3406 2025 vero

156 2389 244 2445 69.
300 2388 574 2447 Eusebius
622 2393 911 2463 episcopus
949 2395 1089 2450 dixit
1128 2413 1146 2450 :
1191 2416 1211 2448 ‹
1260 2397 1372 2454 lloc
1417 2398 1684 2455 Photinus
1787 2407 1959 2464 Deum
2008 2388 2243 2467 verum?
2292 2388 2458 2470 Arius
2500 2424 2558 2472 et
2604 2388 2882 2475 Palladius
2932 2388 3170 2492 negavit.
3219 2425 3297 2482 Tu

96 2497 110 2530 t
151 2497 258 2537 non
293 2492 476 2553 negat,
507 2483 611 2539 hoc
643 2485 916 2542 Sabellius
941 2487 1253 2546 conﬁtetur.
1299 2510 1316 2542 ι

149 2576 476 2633 Ambrosius
525 2579 819 2650 episcopus
866 2579 1008 2636 dixit
1061 2601 1074 2636 :

94 2685 108 2718 ι
149 2669 450 2726 conﬁtetur
476 2713 490 2738 ,
528 2670 654 2741 jure
692 2671 1024 2740 damnatur;
1065 2689 1130 2731 ac
1167 2691 1266 2746 per
1304 2675 1406 2732 hoc
1443 2691 1590 2748 sa-pe
1630 2686 1682 2734 te

93 2779 109 2812 ι
147 2765 422 2820 convenio
452 2805 468 2832 ,
525 2765 656 2822 licet
695 2767 1003 2823 cavillando
1044 2770 1332 2839 negaveris
1369 2772 1679 2828 veritatem.

92 2873 108 2907 ι
143 2856 262 2912 Non
285 2873 478 2930 quer
511 2869 567 2913 ut
597 2861 979 2917 tantummodo
1008 2863 1348 2933 unigenitum
1374 2879 1562 2921 verum
1593 2865 1681 2921 Fi-

93 2968 108 3001 t
147 2950 281 3007 lium
312 2951 468 3007 dicas
488 2952 610 3016 Dei,
636 2953 730 3008 sed
758 2956 926 3010 etiam
959 2955 1128 3010 Deum
1158 2971 1368 3012 verum.
1404 2976 1422 3010 t

141 3044 524 3102 Secundianus
563 3046 700 3102 dixit
740 3064 754 3100 :
799 3047 1058 3104 Veritatis
1100 3065 1189 3106 tne
1238 3065 1459 3106 servum
1508 3051 1672 3122 proﬁ-

1787 2497 1956 2554 Deutn
1985 2502 2150 2574 805
2197 2520 2384 2561 verum
2424 2507 2637 2576 credis,
2685 2509 2854 2567 debes
2893 2513 3214 2584 simpliciter
3249 2519 3398 2574 desi-

1132 2601 1151 2634 ‹
1197 2583 1264 2638 Ει
1302 2583 1393 2655 qui
1432 2585 1534 2642 hoc
1572 2600 1680 2642 non
1784 2607 1973 2663 gnare.

1858 2685 1946 2740 74.
1992 2687 2317 2745 Ambrosius
2343 2693 2639 2765 episcotius
2677 2695 2816 2752 dixit
2851 2717 2862 2750 :
2906 2719 2922 2750 ι
2959 2699 3014 2754 Si
3045 2717 3150 2756 non
3193 2703 3398 2760 dixeris

1791 2795 1810 2829 ι
1857 2779 2026 2834 Deum
2059 2797 2248 2838 verum
2290 2783 2359 2839 de
2399 2785 2513 2842 Deo
2554 2803 2684 2844 vero
2712 2797 2899 2845 natum
2933 2806 3082 2871 esse,
3116 2793 3394 2852 Christum

1792 2891 1808 2925 t
1865 2875 2096 2944 negasti.
2139 2894 2158 2927 ι

1853 2965 2228 3023 Secundianus
2261 2968 2440 3024 dixit:
2479 2989 2498 3022 ι
2537 2971 2911 3044 Interrogatus
2947 2975 3015 3031 de
3045 2977 3219 3048 Filio,
3269 2980 3395 3035 dedi

1783 3074 2108 3129 responsum
2145 3081 2158 3116 :
2210 3064 2670 3133 quemadmodum
2703 3067 2960 3124 deberem
2996 3070 3239 3140 proﬁteri
3261 3113 3274 3137 ,
3306 3088 3392 3128 re-

87 3143 208 3194 teor.
239 3138 378 3207 Quae
406 3138 557 3206 dico,
589 3155 698 3195 non
733 3140 1090 3196 scribuntur:
1121 3152 1176 3198 et
1205 3159 1328 3214 qua:
1349 3144 1508 3209 dicis,
1546 3143 1680 3199 scri-

1822 3154 2002 3222 pondi.
2021 3150 2053 3190 ιι
2073 3154 2355 3213 Habemus
2369 3168 2606 3215 vestram
2623 3161 3046 3231 expositionem,
3070 3162 3388 3232 aﬂ'eremus,

87 3227 300 3285 buntur.
329 3228 609 3287 Christum
635 3247 828 3289 verum
867 3233 961 3290 Dei
991 3232 1192 3289 Filium
1229 3235 1376 3292 dico.
1407 3235 1540 3303 Quis
1580 3251 1678 3291 ne-

87 3335 162 3392 gat
183 3324 390 3380 Filium
425 3325 522 3380 Dei
553 3341 738 3382 verum
770 3327 933 3383 esse?
962 3346 982 3380 ι

147 3416 235 3473 το.
287 3417 613 3474 Ambrosius
653 3418 946 3489 episcopus
983 3417 1124 3475 dixit
1165 3437 1177 3474 :
1226 3440 1244 3473 ‹
1299 3433 1320 3461 ο
1366 3421 1472 3490 Qui
1517 3430 1680 3499 negat

93 3527 108 3561 ι
153 3510 324 3568 Deum
365 3527 554 3569 verum
593 3512 933 3583 unigenitum
973 3513 1071 3570 Dei
1112 3513 1309 3571 Filium
1335 3558 1350 3583 ,
1390 3517 1678 3574 anathema

96 3623 109 3656 t
147 3606 237 3660 sit.
283 3623 302 3656 ›

149 3696 531 3754 Secundianus
583 3697 719 3754 dixit
761 3716 774 3752 ε
822 3717 842 3752 ‹
891 3699 1058 3756 Deum
1111 3716 1298 3758 verum
1340 3704 1676 3776 unigenitum

89 3785 270 3844 Filium
315 3789 413 3845 Dei
453 3807 466 3843 :
507 3787 535 3827 ἀ
566 3790 709 3858 Quid
751 3791 884 3847 mihi
924 3794 1222 3864 proﬁteris,
1262 3799 1407 3866 quod
1447 3813 1554 3854 non
1596 3806 1681 3854 est

89 3885 388 3955 Scriptum?
426 3904 445 3938 ι

148 3977 476 4034 Ambrosius
516 3977 808 4050 episcopus
847 3979 986 4036 dixit
1025 3997 1042 4037 :
1089 4000 1108 4034 ‹
1153 3981 1417 4052 Apertum
1456 3983 1678 4038 sacrile-

97 4085 113 4118 t
151 4071 299 4141 gium
340 4080 428 4126 est
459 4111 476 4137 ,
526 4071 746 4141 quando
793 4071 1071 4129 Christum
1121 4073 1217 4130 Dei
1267 4073 1465 4129 Filium
1515 4073 1678 4131 Arius

95 4177 110 4210 t
150 4162 319 4218 Deum
351 4178 541 4218 verum
569 4165 806 4235 negavit.
850 4184 869 4218 ι

149 4255 529 4312 Secundianus
565 4257 701 4313 dixit
743 4277 756 4312 :
804 4279 822 4312 ι
867 4259 1054 4315 Jesum
1093 4259 1372 4316 Christum
1415 4271 1439 4298 ο
1479 4261 1678 4317 Filium

94 4341 170 4403 Dei
199 4348 392 4417 Deum,
425 4348 519 4419 qui
551 4349 801 4407 Christus
829 4352 1043 4408 dicatur
1069 4351 1240 4408 Filius
1269 4367 1455 4420 verus,
1485 4353 1677 4409 Filium

93 4434 175 4496 Dei
201 4441 324 4498 dico
361 4459 374 4495 :
407 4442 504 4498 sed
532 4457 719 4499 verum
753 4445 920 4500 Deum
951 4462 1061 4501 non
1090 4455 1177 4502 est
1204 4448 1492 4516 scriptum.
1534 4466 1554 4498 ι

1787 3245 2014 3316 legatur.
2061 3264 2079 3298 ›

1855 3338 2177 3394 Ambrosius
2206 3339 2379 3396 dixit:
2420 3361 2439 3394 ‹
2477 3341 2650 3398 llodie
2678 3343 2875 3400 aﬂ‘crre
2907 3345 3197 3414 debueras,
3221 3358 3390 3404 etule-

1791 3449 1808 3482 ι
1859 3447 1976 3486 rum
2013 3441 2068 3487 lu
2094 3435 2470 3505 subterfugere
2492 3437 2727 3491 conaris.
2762 3435 2776 3474 ί
2806 3436 3210 3495 Professiunetu
3240 3456 3269 3496 a
3300 3459 3390 3499 me

1789 3541 1809 3576 ι
1857 3524 2060 3592 exigis;
2087 3535 2142 3581 et
2173 3527 2571 3594 professionem
2602 3544 2632 3584 a
2662 3537 2714 3583 te
2735 3531 2916 3600 exigo.
2947 3531 3093 3587 Deus
3115 3548 3278 3588 verus
3307 3547 3392 3590 est

1790 3636 1809 3670 ί
1859 3619 1952 3674 Dei
1982 3617 2194 3674 Filius?
2225 3639 2244 3671 ι

1854 3710 2228 3766 Secundianus
2265 3709 2446 3764 dixit:
2487 3729 2506 3761 ‹
2546 3711 2873 3782 Unigenitus
2911 3721 2996 3766 est
3038 3713 3052 3763 t'
3104 3715 3247 3769 Deus
3287 3717 3384 3773 Dei

1783 3802 1975 3858 Filius.
2012 3801 2079 3856 Et
2104 3817 2206 3871 ego
2233 3817 2355 3856 eum
2390 3803 2667 3872 interrogo
2697 3819 2710 3854 :
2750 3801 3074 3872 Unigenitus
3100 3806 3216 3859 est?
3256 3825 3274 3856 ι

1856 3894 1943 3948 75.
1976 3892 2299 3947 Ambrosius
2337 3893 2626 3962 episcopus
2663 3893 2800 3947 dixit
2832 3910 2846 3947 :
2891 3902 2920 3939 κ
2960 3895 3122 3952 Ratio
3164 3912 3385 3966 permo-

1789 4001 1808 4034 ι
1855 3994 1978 4039 veat
2004 3998 2125 4049 nos,
2150 3992 2206 4038 et
2232 3983 2479 4051 impietas
2507 3991 2563 4037 et
2589 3984 2909 4052 insipientia
2941 3996 3052 4041 tua.
3090 3987 3104 4025 ι
3135 3988 3269 4046 Cum
3302 3993 3386 4048 di-

1789 4097 1809 4130 ι
1855 4077 1934 4133 cis
1963 4078 2133 4132 Deum
2175 4092 2360 4132 verum
2403 4077 2796 4147 unigenitttm,'
2825 4094 2934 4134 non
2973 4081 3145 4137 Deum
3189 4101 3380 4143 verum

1789 4190 1808 4224 ‹
1855 4170 1993 4226 dicis
2037 4188 2050 4224 :
2099 4169 2197 4225 sed
2243 4185 2432 4225 verum
2491 4169 2850 4240 unigenitum.
2910 4172 2988 4227 Ac
3024 4190 3120 4242 per
3150 4176 3290 4245 hoc,
3325 4189 3382 4234 ut

1790 4283 1809 4316 ι
1859 4267 2014 4320 istam
2042 4263 2254 4319 adimas
2280 4265 2673 4336 qumstionem,
2708 4265 2780 4320 ita
2816 4268 3088 4338 responde
3114 4286 3128 4322 :
3154 4269 3235 4325 Ex
3272 4271 3385 4327 Deo

1790 4376 1810 4409 ‹
1855 4373 1988 4413 vero
2017 4357 2158 4412 Dens
2185 4372 2347 4413 verus
2371 4357 2495 4413 est?
2527 4375 2545 4409 ι

1857 4432 2235 4506 Secundianus
2269 4448 2407 4504 dixit
2449 4466 2462 4502 :
2503 4467 2522 4501 ‹
2569 4449 2709 4520 Ergo
2745 4450 2885 4506 Deus
2927 4451 3094 4508 Deum
3137 4468 3244 4509 non
3285 4471 3383 4525 ge-

151 4535 237 4589 7l.
266 4535 591 4592 AmbroSius
622 4538 912 4608 episcopus
949 4539 1086 4595 dixit
1127 4559 1140 4593 :
1189 4559 1208 4594 σ
1254 4540 1503 4596 Nondum
1536 4541 1674 4597 resi—
1698 4526 1753 4587 Ῑ)
1779 4541 1932 4596 nuit?
1959 4551 1998 4578 ω
2024 4541 2168 4597 Deus
2195 4557 2356 4597 verus
2391 4541 2480 4597 ille
2518 4541 2610 4612 qtti
2647 4551 2772 4610 est,
2812 4543 2954 4614 quod
2993 4552 3112 4611 est,
3149 4548 3378 4616 genuit;

99 4640 114 4671 ε
150 4627 308 4712 puiin
346 4629 371 4683 ?
411 4647 428 4680 ι
467 4628 536 4683 Ει
562 4629 765 4699 adjecit
796 4650 809 4686 :
850 4650 869 4685 ι
906 4631 984 4688 Ne
1013 4634 1141 4705 quid
1171 4634 1249 4690 illi
1280 4636 1525 4691 videatur
1549 4650 1673 4692 esse

153 4771 176 4798 °
209 4763 405 4842 Eadem
432 4766 598 4842 Rom.
632 4769 786 4842 edit.,
820 4787 966 4825 verus
1002 4771 1094 4826 Dei
1133 4770 1347 4827 Filius?
1376 4772 1674 4842 Respondet

93 4825 152 4910 ξι
198 4837 339 4890 addit
361 4853 397 4914 ξ
423 4835 488 4891 In
542 4839 730 4914 divinis
770 4825 1086 4914 ieuionibus
1127 4825 1395 4914 scriptun:
1412 4825 1676 4914 estquid

86 4901 323 4985 jurantes.
361 4909 426 4963 Et
457 4921 576 4978 post
605 4912 743 4967 duos
772 4928 992 4969 versus:
1028 4913 1143 4969 Nos
1191 4901 1313 4985 eigo
1343 4901 1676 4969 Filium'Dei

93 4983 272 5040 verum,
305 4993 413 5034 etc.

151 5044 180 5083 ¹³
207 5049 343 5127 Tell.
377 5059 434 5127 et
473 5049 677 5127 Lahh.,
715 5054 852 5126 Ergo
879 5056 1102 5110 mendax
1129 5056 1447 5127 unigenitus.
1493 5057 1560 5110 Et
1588 5057 1672 5111 in-

94 5109 158 5197 ira
191 5136 204 5172 :
235 5119 340 5176 Sed
381 5121 543 5176 Deum
591 5109 1022 5197 unigenitumlu
1052 5109 1419 5197 sequentibus
1453 5109 1672 5181 demum

95 5196 279 5266 Vocem
297 5196 859 5266 veruqttrsemel’atque
891 5199 1083 5254 iterum
1119 5196 1564 5266 praetermittunt.

159 5273 177 5343 ς
209 5264 374 5343 iidem
401 5264 544 5343 Tell.
570 5277 628 5343 et
654 5264 846 5343 l._alth..
867 5268 982 5343 Qui
1014 5264 1163 5343 negat
1193 5270 1536 5340 unigenitum.

154 5330 177 5369 ⁴¹
206 5333 363 5410 Rom.
395 5336 555 5410 edit.,
588 5337 736 5410 Quid,
750 5338 878 5410 mihi
900 5330 1112 5410 profer}
1133 5342 1159 5395 ?

158 5405 510 5479 ?_Ront.cdit.
546 5408 683 5473 sola,
717 5405 917 5479 Filium
939 5405 1053 5474 Dei,
1078 5411 1198 5479 quia
1217 5409 1455 5467 Christus
1487 5411 1679 5464 dicitur

100 5464 250 5530 Filius
295 5476 415 5541 Dei,
448 5494 624 5532 verum
655 5464 847 5535 Filiuttt
879 5478 977 5535 Dei
997 5464 1114 5537 dico
1136 5483 1265 5537 :sed
1304 5500 1475 5538 verum
1506 5481 1674 5536 Deum

98 5552 183 5618 non
210 5559 283 5601 est
317 5549 591 5618 scriptum.

161 5613 176 5690 ξ
219 5613 608 5675 ΕθάριηῚίοηι.
638 5621 794 5685 edit.,
828 5622 890 5678 Si
919 5638 1092 5678 verum
1131 5626 1390 5680 multoties
1421 5625 1672 5690 dixisses,

98 5681 248 5766 adhuc
271 5691 580 5766 respondere
596 5681 833 5766 deberes.
864 5692 1007 5748 Nam
1025 5696 1163 5766 quod
1189 5696 1428 5766 gloriose,
1463 5705 1568 5751 etc.

160 5765 179 5804 δ
196 5759 363 5817 Rom.
383 5761 546 5830 edit.,
571 5763 771 5818 dicente
789 5762 947 5819 Patre
974 5782 993 5819 :
1019 5759 1135 5838 Ego
1156 5759 1308 5821 hodie
1335 5767 1490 5837 genui
1513 5775 1599 5834 te;
1628 5774 1679 5820 et

627 5851 904 5917 Ρηιιοι.
965 5855 1136 5919 XVI.

1780 4651 1944 4691 unum
1972 4650 2183 4702 verum,
2216 4635 2553 4706 unigenitum
2586 4635 2781 4690 Filium
2805 4637 3036 4706 genuit?
3068 4657 3086 4688 ι

1782 4773 2053 4835 conﬁtente
2085 4788 2137 4825 se
2159 4771 2415 4842 genuisse,
2444 4771 2766 4842 unigenitum
2799 4769 2894 4825 Dei
2920 4788 3091 4824 uerum
3121 4776 3380 4835 essedico.

1856 4842 1882 4880 ιι
1918 4844 2060 4897 Ιεᾷιιίῑ.
2090 4839 2280 4907 Rom.,
2313 4839 2576 4894 Habemus
2625 4853 2852 4895 nostram
2906 4844 3293 4914 expositionem.
3324 4889 3338 4904 .
3368 4888 3383 4903 .

1783 4914 2047 5039 “glscit”.
2076 4991 2130 5037 et
2157 4981 2307 5036 Lahh
2341 5022 2354 5043 ,
2385 4981 2761 5054 professionem
2781 4998 2812 5034 a
2837 4984 3104 5054 me_ea:ige.

1860 5056 1874 5106 i
1925 5056 2082 5109 lium.
2127 5054 2287 5118 edit.,
2319 5048 2611 5106 uerus'Dei
2653 5048 2848 5106 Filius.
2898 5051 2967 5105 Et
3009 5048 3101 5125 ego
3133 5064 3180 5110 te
3227 5059 3385 5114 inter-

1778 5143 2003 5252 τοέίθέεο
2029 5193 2173 5248 Te“.
2204 5203 2252 5249 ει
2286 5192 2456 5268 Lam).
2492 5192 2652 5268 Rom.
2681 5202 2863 5268 autem
2892 5193 3050 5268 edit.,
3084 5195 3240 5252 Ratio
3267 5217 3387 5268 per-

1783 5279 1977 5323 moveat
2014 5281 2128 5328 nos,
2160 5274 2208 5339 et
2250 5280 2354 5318 non
2403 5265 2635 5335 impiems
2656 5279 2676 5330 ;
2705 5261 2888 5331 ChilL,
2928 5264 3146 5322 Ratione
3174 5261 3388 5339 per'mo.

1783 5348 1895 5394 ueat
1925 5355 2018 5392 nos
2047 5337 2310 5405 impietas.
2693 5389 2700 5396 ,
3175 5337 3182 5339 “
3413 5386 3417 5390 .

1860 5408 1877 5446 1
1908 5410 2050 5463 Edit.
2081 5404 2410 5471 Runt.,Cunt
2430 5407 2560 5479 dicis
2576 5405 2774 5479 Filium
2796 5409 3386 5479 verum‘unigenitum...

1784 5491 1839 5535 ut
1866 5479 2234 5557 istantdilnas.
2266 5478 2524 5557 Sedusios
2543 5477 2860 5557 cujusquam
2881 5476 3173 5557 θυμηδεῖς».
3284 5535 3290 5557 Σ

1853 5561 1894 5588 ω
1919 5550 2120 5621 Eadem
2145 5549 2300 5616 edit.,
2332 5547 2529 5603 Filium
2553 5565 2658 5621 non
2683 5547 2854 5621 genuit
2870 5547 2905 5621 Δ1⁷
2929 5548 3071 5621 Deus
3099 5567 3245 5608 verus
3274 5555 3387 5621 il!e,

1784 5625 1870 5691 qui
1892 5623 2006 5676 est?
2035 5619 2105 5675 Et
2128 5621 2252 5690 quid
2282 5630 2376 5684 est,
2406 5619 2623 5691 genuit?
2668 5617 2770 5671 nisi
2795 5617 2916 5691 quia
2945 5619 3082 5674 Deus
3112 5639 3293 5679 unum.
3326 5617 3393 5682 Et

1785 5687 1953 5764 infra.
1991 5687 2307 5764 unigenitum
2336 5687 2509 5745 verum
2539 5689 2689 5758 dico,
2722 5696 2769 5742 et
2813 5687 2981 5744 Deum
3007 5708 3224 5760 verum;
3269 5697 3392 5754 alia!

1788 5779 1853 5821 ac
1879 5763 2020 5822 Tell.
2053 5771 2114 5819 ut
2141 5764 2194 5820 in
2227 5772 2396 5820 textu.

2755 5855 2912 5917 '30
