3936 6168
125 236 220 294 945

1297 234 1790 298 EPISTOLARUM
1827 241 2111 300 CLASSIS
2149 243 2190 298 Ι.

3293 249 3401 306 946

122 359 300 407 vestrm
328 349 737 421 tranquillitatis
759 350 1000 414 statutis,
1029 363 1096 405 ne
1117 349 1447 406 Arianorum
1475 350 1699 420 perlidia
1727 359 1782 420 Α
1804 354 2055 425 gationes
2083 354 2304 426 prodire
2335 365 2361 404 ε
2394 369 2502 412 ιιοιι
2544 365 2782 427 poterat,
2831 358 3108 415 instruens
3149 369 3205 417 et
3235 337 3405 417 infor-

120 443 272 514 possit
303 441 539 498 ulterius
563 441 642 496 vel
675 441 864 507 latere,
896 441 980 497 vel
1011 457 1274 512 serpere;
1305 442 1507 498 etenim
1564 443 1699 499 eli’eo

117 548 249 593 ctum
275 535 498 590 concilii
525 534 758 590 decretis
781 543 1072 604 putamusl
1093 536 1315 591 minime
1340 535 1654 592 defuturum
1682 556 1696 592 :

117 643 227 685 nam
252 637 525 689 quantum
548 626 613 681 ad
640 637 820 696 partes
852 637 1066 695 spectat
1087 626 1412 692 occidentis,
1445 627 1552 682 duo
1584 638 1701 682 tan~

120 730 220 777 tum
264 720 470 790 reperti
513 729 674 786 sunt,
717 719 810 790 qui
852 719 1118 774 auderent
1164 718 1405 790 profanis
1437 730 1490 776 et
1521 721 1700 790 impiis

117 816 321 870 vocibus
342 813 572 870 obviare
591 813 845 882 concilio,
864 813 950 869 vix
972 813 1227 885 angulum
1250 813 1502 885 Ripensis
1521 813 1700 870 Daciae

117 908 320 965 turbare
343 907 624 963 consueti.

176 1002 227 1056 2.
259 999 286 1039 δ
313 999 479 1055 Aliud
523 1009 606 1056 est
628 1014 738 1071 quo
775 1000 946 1070 magis
973 1001 1224 1072 angimur
1248 1040 1263 1064 ,
1295 1001 1363 1056 de
1389 1015 1498 1072 quo
1523 1041 1538 1067 ,
1569 1016 1700 1072 quo-

118 1093 244 1149 niam
279 1091 683 1156 convenimus,
727 1090 826 1146 l'uit
867 1092 972 1146 rite
1001 1090 1380 1158 tractandum;
1415 1107 1483 1147 ne
1514 1100 1700 1162 posset

119 1197 269 1242 totum
295 1199 505 1256 corpus
532 1183 785 1241 Ecclesiae
829 1193 943 1240 toto
972 1184 1107 1240 orbe
1145 1183 1402 1239 dimisum
1428 1227 1443 1252 ,
1489 1195 1540 1239 et
1575 1185 1698 1239 uni-

117 1294 259 1335 versa
301 1279 546 1334 turbare.
587 1277 722 1333 Nam
766 1276 899 1333 licet
934 1276 1249 1348 frequenter
1276 1279 1698 1334 convenerimus

122 1385 138 1412 ε
183 1372 433 1430 Ursinum
489 1388 597 1427 non
651 1373 899 1442 potuisse
950 1372 1216 1440 obrepere
1264 1372 1452 1442 pietati
1499 1381 1699 1428 vestrte

118 1467 364 1538 (quamvis
394 1467 644 1538 quietum
673 1464 810 1520 nihil
837 1480 961 1520 esse
1007 1467 1284 1535 patiatur,
1335 1475 1390 1520 et
1433 1467 1576 1522 inter
1619 1473 1699 1522 tot

117 1558 322 1614 bellicas
353 1559 714 1614 necessitates
745 1557 995 1628 obreptio
1029 1558 1338 1628 importuna
1381 1559 1696 1625 tentetur),

119 1661 279 1707 tamen
305 1668 372 1708 ne
411 1663 604 1707 sancta
637 1666 791 1706 mens
822 1662 1003 1706 vestra
1031 1691 1045 1714 ,
1082 1649 1358 1722 animique
1392 1649 1698 1720 tranquilli-

1802 464 1961 504 mans
1991 449 2446 521 quemadmodum
2472 465 2572 521 pax
2605 451 2864 507 Ecclesia:
2893 453 3204 509 turbaretur
3229 472 3241 509 :
3270 471 3412 527 qno-

1803 557 1923 598 rum
1955 541 2140 598 furore
2170 543 2514 615 respirabat,
2549 543 2692 614 quod
2725 559 2914 600 eorum
2947 554 3134 616 posset
3160 546 3402 605 fautores

1803 642 1860 689 et
1885 634 2065 689 socios
2091 634 2350 690 emercri.

1872 723 1928 779 4.
1971 723 2103 780 Cum
2136 725 2297 797 igitur
2319 726 2577 796 scriptum
2605 727 2675 782 sit
2709 745 2722 782 :
2758 726 3074 782 ereticum
3101 739 3216 799 post
3246 746 3402 786 una»:

1803 817 2173 888 correptionem
2201 819 2370 873 devita
2399 817 2538 888 (Tit.
2571 836 2660 885 ιιι,
2695 820 2839 889 10);
2893 835 3015 876 cum
3067 831 3121 876 et
3149 823 3288 878 alius
3314 823 3402 878 vir

1801 920 1992 965 sancto
2014 910 2227 966 locutus
2247 909 2478 980 Spiritu,
2507 912 2708 968 dixerit
2733 913 3087 969 declinandas
3117 914 3400 985 bnjusmo-

1801 1001 1854 1056 di
1889 1001 2108 1067 bestias,
2144 1017 2244 1058 nec
2272 1003 2599 1058 salutatione
2621 1005 2961 1074 recipiendas
2985 1005 3063 1076 (ll
3087 1003 3247 1060 Joan.
3285 1006 3402 1077 10),

1801 1109 1976 1163 neque
2003 1107 2348 1164 congressu:
2405 1094 2677 1164 quomodo
2730 1095 2844 1150 tieri
2907 1105 3118 1164 potest,
3169 1107 3227 1152 ut
3274 1113 3400 1154 eum

1801 1201 1962 1258 quem
1993 1186 2239 1242 societati
2277 1200 2466 1242 eorum
2512 1189 2773 1242 insertum
2812 1188 3065 1249 vidimus.
3097 1204 3205 1244 non
3233 1191 3400 1245 etiam

1801 1287 2130 1335 assertorem
2171 1278 2413 1352 perﬁdiae
2438 1279 2775 1351 judicemns?
2826 1280 2966 1350 Quid
2989 1284 3149 1338 etiam
3180 1285 3222 1339 si
3251 1284 3404 1341 delo-

1802 1371 1920 1427 ret?
1945 1379 2123 1427 tamen
2148 1370 2318 1424 totius
2347 1371 2497 1426 orbis
2521 1370 2747 1426 Romani
2778 1382 2942 1441 caput
2971 1373 3268 1429 Romanam
3305 1376 3407 1432 Ec-

1801 1463 2047 1528 clesiam,
2091 1473 2251 1532 atque
2293 1463 2440 1518 illam
2470 1472 2868 1519 sacrosanctam
2910 1465 3294 1536 Apostolorum
3341 1469 3406 1523 ii-

1799 1555 1946 1620 dem,
1977 1571 2044 1611 ne
2073 1556 2276 1611 turbari
2317 1556 2546 1622 sineret,
2581 1556 2916 1612 obsecranda
2964 1557 3062 1612 fuit
3109 1559 3401 1616 clementia

1801 1661 2016 1719 vestra;
2041 1652 2165 1707 inde
2187 1652 2329 1708 enim
2358 1652 2411 1707 in
2436 1667 2626 1707 omnes
2655 1653 2976 1708 venerandae
3000 1656 3408 1711 communionis

118 1752 207 1807 tas,
237 1761 352 1815 qu:e
376 1745 638 1800 omnibus
664 1742 953 1798 consulere
982 1743 1168 1813 gestit,
1196 1742 1488 1814 importuni
1522 1742 1692 1796 homi-
1725 1744 1774 1806 B
1795 1744 1921 1815 jura
1949 1743 2250 1800 dimanant.
2281 1744 2348 1799 Et
2378 1744 2499 1800 ideo
2527 1745 2762 1815 petimus
2791 1755 2849 1802 et
2876 1761 3134 1815 rogamus
3157 1757 3214 1802 ut
3241 1746 3405 1803 obre-

119 1836 190 1889 nis
215 1836 466 1890 simulata
511 1835 832 1890 adulatione
867 1832 1153 1900 ﬂectatur,
1197 1834 1572 1904 deprecandos
1602 1848 1698 1888 vos

121 1937 164 1981 et
189 1927 555 1997 obsecrandos
581 1969 596 1993 ,
639 1927 684 1981 si
724 1925 1015 1998 dignanter
1040 1925 1239 1981 ducitis
1259 1968 1276 1992 ,
1315 1925 1654 1980 aestimamus
1678 1966 1694 1992 ,

119 2036 212 2075 non
237 2021 409 2076 solum
437 2029 820 2090 praecaventes
843 2019 1047 2085 futura,
1074 2017 1168 2074 sed
1199 2018 1692 2100 etiam‘prteterita,

121 2125 222 2181 qua:
243 2113 352 2182 jam
385 2112 567 2183 ipsius
594 2113 900 2168 temeritate
919 2119 1070 2181 gesta
1095 2119 1245 2174 sunt,
1274 2110 1696 2179 perhorrescen-

123 2212 206 2259 tes.
229 2203 353 2260 Nam
377 2206 423 2260 si
447 2206 690 2277 aliquam
714 2204 855 2259 viam
879 2211 1070 2258 nactus
1097 2201 1259 2258 luerit
1278 2201 1541 2270 audaciae,
1565 2201 1696 2272 quid

124 2312 213 2353 non
238 2298 323 2354 ille
346 2297 692 2354 confundat?

178 2391 226 2444 5.
260 2391 361 2447 Sed
399 2392 446 2447 si
493 2391 658 2446 unius
689 2389 967 2444 miseratio
1007 2403 1106 2445 vos
1146 2387 1427 2443 inﬂectere
1473 2394 1694 2457 potest,

123 2482 267 2538 multo
291 2486 458 2555 magis
487 2500 594 2540 vos
625 2483 866 2554 precatio
905 2483 1154 2538 omnium
1197 2490 1413 2536 moveat
1441 2479 1698 2534 sacerdo-

123 2582 234 2630 tum.
264 2577 395 2644 Quis
429 2577 589 2634 enim
622 2585 870 2631 nostrum
917 2575 968 2630 ei
998 2572 1403 2630 communionis
1431 2572 1699 2628 societate

118 2664 369 2737 jungetur,
400 2683 536 2724 cum
575 2667 875 2722 indebitum
903 2666 1007 2721 sibi
1038 2664 1266 2736 gradum
1302 2679 1564 2734 usurpare
1603 2679 1696 2720 co-

124 2770 262 2813 natus
289 2761 396 2827 sit,
432 2775 544 2817 nec
569 2761 694 2829 jure
731 2759 797 2813 ad
835 2774 957 2814 eum
999 2758 1235 2828 potuerit
1276 2756 1603 2827 pervenire;
1646 2765 1702 2813 et

123 2864 261 2921 quem
299 2854 617 2926 importune
659 2853 976 2918 ali'ectavit,
1019 2853 1486 2922 importunissime.
1531 2853 1696 2926 811

125 2955 345 3013 repetere
367 2947 672 3004 moliatur?
693 2946 1000 3002 Turbarum
1026 2943 1052 2983 ά
1087 2949 1246 3000 toties
1275 2945 1583 3010 damnatus,
1615 2947 1697 2999 in-

125 3036 248 3092 cedit
285 3040 459 3096 adhuc
507 3040 664 3111 quasi
709 3039 1003 3110 prtetcritis
1043 3053 1150 3092 non
1198 3037 1697 3108 perhorrescendus

1803 1837 1963 1908 pendi
1985 1838 2035 1892 ei
2067 1837 2311 1893 adimere
2339 1836 2640 1909 dignemini
2682 1837 3017 1894 facultatem.

1795 1953 1800 1958 ·
1873 1931 1926 1986 5.
1941 1929 2155 1987 Scimus
2181 1931 2486 1986 clementia:
2507 1939 2704 1986 vestra:
2729 1939 2980 1986 sanctum
3013 1931 3309 2000 pudorem;
3334 1948 3402 1990 ne

1800 2021 1987 2075 auditu
2015 2032 2198 2076 vestro
2219 2021 2436 2092 indigna
2469 2022 2710 2093 ingerat,
2759 2038 2866 2076 non
2909 2022 3089 2078 aliena
3120 2023 3188 2079 ab
3221 2024 3405 2080 ofﬁcio

1799 2119 1855 2167 et
1884 2112 2104 2166 nomine
2130 2111 2439 2168 sacerdotis
2468 2113 2856 2181 interstrepat,
2890 2128 2998 2168 non
3031 2115 3400 2171 inverecunda

1801 2203 1954 2257 vobis
1986 2203 2240 2270 loquatur
2269 2219 2281 2255 :
2327 2217 2489 2272 quem
2519 2218 2645 2258 cum
2678 2204 2883 2259 habere
2909 2207 3213 2273 oportuerit
3243 2208 3403 2262 testi-

1803 2295 2043 2349 monium
2077 2293 2238 2348 etiam
2277 2293 2346 2348 ab
2379 2293 2462 2348 his
2491 2295 2581 2362 qui
2608 2293 2738 2348 loris
2767 2303 2893 2348 sunt
2940 2293 2995 2363 (Ι
3018 2293 3157 2348 Tim.
3184 2312 3272 2360 ιιι,
3298 2298 3396 2367 7),

1801 2386 1947 2457 quali
1977 2386 2289 2441 testimonio
2309 2393 2362 2440 et
2389 2385 2536 2440 vives
2565 2385 2770 2455 proprii
2801 2387 3078 2454 prosecuti
3102 2396 3250 2452 sunt,
3281 2389 3398 2444 cle-

1807 2478 2005 2532 mentia
2036 2486 2213 2532 vestra
2256 2476 2569 2532 meminisse
2601 2475 2873 2548 dignetur.
2912 2476 3088 2532 Pudet
3124 2478 3270 2533 enim
3317 2479 3398 2534 di—

1803 2585 1954 2638 cere,
1989 2568 2413 2624 inverecundum
2443 2577 2527 2622 est
2555 2583 2847 2624 recensere
2869 2584 3030 2639 quam
3053 2569 3231 2639 turpis
3259 2571 3401 2626 fama

1804 2666 1922 2736 ejus
1977 2664 2228 2720 convicio
2282 2663 2632 2720 sauciaverit.
2666 2665 2784 2732 Quo
2814 2663 3008 2718 saltem
3039 2664 3245 2734 pudore
3267 2679 3402 2720 con-

1803 2759 2024 2814 strictus
2048 2759 2419 2814 conticescere
2439 2758 2714 2813 debuisset
2737 2775 2754 2824 ;
2781 2758 2902 2813 etsi
2925 2759 3147 2814 haberet
3167 2758 3402 2829 aliquam

1804 2852 2192 2908 conscientiam
2245 2851 2568 2918 sacerdotis,
2615 2867 2800 2921 pacem
2851 2851 3134 2919 Ecclesiae,
3167 2869 3403 2909 concor-

1802 2948 2055 3018 diamque
2086 2946 2366 3001 ambitioni
2395 2961 2508 3001 sue
2531 2956 2588 3001 et
2614 2945 2795 3000 studio
2819 2955 3170 3017 praceptaret.
3200 2947 3399 3002 Verum

1803 3041 1965 3111 longe
2017 3038 2226 3094 alienus
2267 3039 2338 3093 ab
2373 3040 2520 3094 omni
2577 3038 2936 3106 verecundia,
2971 3054 3070 3110 per
3096 3038 3402 3096 abscissum

124 3133 378 3202 exemplis.
410 3135 524 3204 Qui
561 3134 886 3205 plerumque
914 3134 1094 3206 (sicut
1127 3133 1180 3188 in
1216 3134 1318 3189 hoc
1341 3134 1577 3188 concilio
1601 3148 1698 3189 co-
1725 3139 1772 3202 C
1804 3136 2080 3192 hominem
2102 3135 2476 3202 Paschasium,
2509 3133 2828 3204 signiferum
2861 3133 3061 3190 luroris
3091 3135 3195 3202 sui,
3223 3134 3404 3190 missis

126 3226 403 3297 gnovimus,
432 3238 493 3286 et
521 3227 780 3298 vidimus)
804 3243 927 3282 cum
960 3227 1180 3282 Arianis
1212 3227 1499 3296 copulatus
1529 3235 1697 3298 atque

125 3317 417 3386 coniunctus
447 3331 576 3378 erat
599 3330 622 3356 ε
653 3335 719 3376 eo
749 3331 1014 3390 tempore,
1047 3334 1155 3390 quo
1183 3319 1406 3375 turbare
1436 3319 1698 3374 Mediola-

128 3421 320 3466 nensem
347 3414 651 3471 Ecclesiam
673 3425 818 3470 coetu
844 3411 1149 3468 dete~tabili
1173 3412 1500 3467 moliebatur
1530 3411 1548 3450 ί
1571 3427 1696 3468 cum

130 3495 328 3560 Valente
357 3525 372 3562 :
402 3521 553 3562 nunc
579 3514 706 3562 ante
731 3506 1037 3576 Synagogze
1062 3505 1206 3560 tores
1232 3546 1246 3570 ,
1291 3520 1436 3560 nunc
1463 3505 1516 3560 in
1544 3506 1699 3560 Aria-

128 3603 292 3650 norum
320 3599 578 3656 domibus
604 3598 841 3654 miscens
871 3597 1082 3652 occulta
1107 3598 1364 3664 concilia,
1391 3605 1446 3651 cl.
1466 3612 1594 3653 suos
1621 3597 1701 3653 eis

123 3680 362 3757 iungens;
395 3701 450 3748 et
487 3690 749 3761 quoniam
783 3689 900 3759 ipse
937 3698 1126 3760 aperte
1159 3689 1211 3744 in
1246 3704 1437 3746 eorum
1465 3705 1703 3762 congre-

189 3827 294 3904 aita
321 3831 456 3904 Reg.
481 3831 608 3888 cod.
638 3839 692 3886 et
713 3829 1032 3887 Sirmondus
1059 3849 1072 3884 :
1099 3841 1155 3886 at
1183 3830 1312 3886 edit.
1335 3830 1494 3884 Rom.
1526 3830 1699 3898 addit,

133 3911 210 3950 MC
231 3900 280 3952 id
308 3900 521 3959 lemére.

188 3965 212 4006 δ
231 3971 376 4047 Rom.
398 3976 537 4030 edit.
550 4015 564 4040 ,
581 3977 697 4047 jam
713 3974 923 4047 turbare
935 3975 1192 4027 consueti.
1211 3974 1318 4047 Sed
1333 3973 1478 4027 aliud
1491 3983 1564 4047 est
1579 3989 1703 4047 pro-

134 4047 227 4106 Ρ¹εν
243 4045 376 4116 Quod
403 4044 1138 4116 magisanitttaangimur....
1155 4056 1201 4098 et
1225 4046 1461 4116 universa
1483 4044 1698 4116 findere.

195 4113 464 4184 ciUrsxnus
495 4118 583 4170 hic
610 4118 726 4170 sive
755 4113 1040 4170 Ursicinus
1060 4157 1075 4178 ,
1100 4117 1190 4183 qni
1225 4114 1510 4184 presbyter
1543 4130 1573 4168 a
1615 4114 1704 4168 Li-

136 4179 265 4251 berio
289 4186 482 4251 factus,
512 4186 746 4242 basilica:
772 4185 928 4241 Julia:
957 4179 1262 4240 titittisterio
1292 4179 1540 4240 addictus
1559 4193 1699 4250 erat,

135 4250 190 4303 ab
218 4255 385 4328 iisqui
416 4250 764 4315 adha-serant
788 4255 1210 4328 eidemjaiberio
1233 4299 1246 4318 .
1276 4257 1480 4328 electus
1510 4256 1615 4328 fuit
1645 4256 1698 4310 in

135 4325 420 4387 Pontiﬁcem
449 4372 465 4391 .
496 4338 554 4383 nt
585 4329 818 4383 Damaso
847 4327 942 4396 qui
972 4325 1168 4381 Felicis
1199 4327 1449 4398 partibus
1478 4326 1703 4382 studue-

136 4404 208 4467 ἴθι
233 4438 246 4459 .
283 4411 335 4454 et
374 4402 720 4455 ministrabat
759 4401 810 4452 in
855 4398 1215 4453 Laurentiana
1252 4439 1268 4460 ,
1309 4409 1699 4467 opponeretur.

140 4462 536 4528 llocdissidinm
576 4485 737 4540 qunm
783 4470 1045 4538 plurimas
1086 4471 1228 4524 inter
1269 4462 1458 4524 ﬁdeles
1499 4484 1706 4538 pugnas

137 4547 190 4610 ac
212 4541 378 4597 cades
404 4543 612 4606 intulit,
651 4556 879 4610 quarum
910 4556 1126 4594 causam
1171 4543 1222 4595 in
1266 4540 1553 4594 Damasum
1580 4540 1704 4609 qui-

139 4606 242 4689 delm
263 4615 547 4689 refundere
567 4606 835 4689 conantur
857 4611 1199 4689 Marcellinus
1224 4621 1384 4689 atque
1403 4606 1706 4689 Faustinus

141 4677 467 4754 Schismatici,
501 4685 698 4754 quibus
723 4684 886 4737 etiam
927 4682 1172 4738 subsidio
1199 4677 1350 4738 venit
1389 4683 1706 4738 Ammianus

143 4747 393 4824 religionis
432 4747 746 4811 christianum
774 4763 998 4823 apertus
1037 4755 1211 4808 hostis
1244 4772 1256 4808 :
1293 4769 1482 4808 verum
1519 4755 1708 4824 quanti

141 4815 298 4878 limere
345 4836 592 4897 oporteat
646 4815 953 4897 huiusmodi
1013 4815 1708 4897 hominumtestimonia,

145 4900 284 4966 ειεπω
321 4895 423 4953 non
451 4899 618 4952 videt.
645 4895 809 4951 Certe
835 4896 1124 4951 Damasum
1155 4895 1370 4950 abunde
1399 4912 1428 4948 τι
1456 4895 1713 4966 (τιιΙιιιιῙί-

143 4956 312 5039 iterant
337 4983 456 5024 cum
485 4968 720 5025 Joventii
750 4982 813 5020 ac
843 4967 1153 5039 Prmlextati
1197 4956 1579 5039 ρτωςθςιρτυιίι
1600 4965 1717 5039 μευ-

146 5025 237 5094 bis.
268 5045 369 5093 tmn
405 5039 766 5095 Valentiniani
798 5038 969 5108 ipsius
999 5025 1285 5092 sententiae
1316 5038 1570 5108 Ursinum
1600 5035 1713 5090 Ro-

148 5113 222 5154 ma
246 5112 651 5177 expellentium;
697 5107 936 5164 maxime
964 5123 1094 5163 vero
1122 5109 1481 5163 conciliorum
1517 5107 1716 5162 Roma-

151 5183 320 5231 norum
358 5191 412 5236 cl
450 5183 609 5246 huius
650 5179 1015 5247 Aquileiensis
1035 5179 1265 5248 judicia,
1293 5178 1468 5249 elogia
1497 5187 1712 5249 sancto-

152 5253 254 5322 rum
276 5253 543 5310 Ambrosii
572 5263 733 5322 atque
762 5250 1078 5322 Hieronymi
1109 5267 1124 5304 :
1161 5265 1224 5306 ac
1250 5248 1470 5322 demum
1509 5248 1714 5316 Rullni,

154 5308 373 5393 Socratis
397 5308 733 5393 aliorumque
756 5308 1143 5378 historicorum
1177 5319 1509 5377 testimonia.

218 5382 402 5470 “'Cod.
421 5396 581 5467 Reg.,
611 5382 755 5448 toties
779 5395 1049 5448 damnatos
1068 5395 1293 5448 incessit.
1319 5436 1332 5448 .
1372 5435 1386 5449 .
1413 5435 1424 5446 .
1459 5393 1558 5460 Qui
1583 5393 1721 5462 quod

153 5453 375 5530 Ριενὶᾳιιε.
408 5453 516 5524 etc:

220 5532 384 5609 {Quo
411 5537 620 5594 facilius
669 5535 1000 5609 intelligatur
1048 5536 1339 5609 quodnam
1375 5547 1587 5609 tempus
1633 5534 1720 5590 hic

156 5592 723 5677 quigitetui-Iadverte
766 5592 1020 5663 Ursinum
1045 5592 1247 5670 [quem
1276 5605 1342 5661 ad
1369 5592 1720 5674 exstinguen-

155 5662 576 5746 qwllvsediti'onis
601 5662 904 5732 incendium
931 5662 1058 5730 utin:
1101 5662 1206 5731 366
1231 5677 1486 5746 eiecerat,
1531 5662 1590 5731 [Iul
1607 5679 1719 5746 jam

156 5728 950 5821 asatagis;eaeis:an...
970 5728 1217 5817 sequenti
1238 5728 1721 5803 sensisses;

1733 4651 1784 4712 D

1808 3230 2028 3298 litteris,
2057 3231 2190 3287 serit
2215 3230 2420 3298 turbas,
2451 3230 2685 3300 gentiles
2711 3230 2876 3302 812
2905 3244 3148 3300 quosque
3176 3243 3238 3283 ac
3280 3242 3402 3299 per-

1807 3325 1949 3380 (litos
1978 3323 2226 3380 homines
2257 3323 2530 3378 concitare
2551 3331 2800 3378 conatur.

1878 3417 1931 3472 6.
1969 3416 2200 3472 Oramus
2227 3416 2407 3486 igitur,
2437 3422 2499 3468 ut
2542 3415 2652 3484 jam
2683 3424 2738 3468 et
2763 3413 2963 3484 populo
2994 3414 3242 3470 Romano
3262 3455 3277 3481 ,
3308 3415 3401 3484 qui

1805 3519 1928 3578 post
1987 3508 2307 3564 relationem
2366 3505 2604 3577 praefecti
2667 3505 2826 3560 Urbis
2884 3506 3087 3575 pendet
3134 3507 3402 3571 incertus,

1807 3613 1856 3656 et
1885 3603 2038 3657 nobis
2070 3601 2446 3656 sacerdotibus
2495 3600 2845 3653 securitatem
2876 3597 3219 3652 interdictam
3243 3596 3273 3634 ιι
3304 3598 3406 3653 im-

1808 3691 2178 3764 portunissimi
2201 3689 2436 3746 hominis
2463 3688 2769 3758 abjectione
2800 3685 3067 3741 tribuatis.
3089 3686 3210 3753 Quo
3237 3687 3408 3757 impe-

1807 3848 1838 3886 a
1864 3832 2176 3888 Pretextato
2201 3847 2216 3884 :
2242 3831 2336 3884 sed
2364 3845 2486 3885 cum
2517 3831 2621 3886 hoc
2650 3831 2770 3898 ipso
2790 3843 2930 3883 anno
2956 3828 3024 3882 ab
3050 3826 3240 3882 eodem
3268 3844 3407 3899 prte-

1806 3903 1952 3958 i'ecto
1972 3901 2131 3956 Urbis
2159 3903 2210 3954 in
2233 3899 2435 3955 Gallias
2479 3901 2668 3955 fuisset
2701 3900 3044 3963 amaudatus,
3098 3899 3209 3953 illic
3235 3914 3407 3965 usque

1808 3973 1875 4026 ad
1904 3987 1995 4025 an.
2027 3973 2124 4026 ’571
2160 3970 2462 4036 exsulasse,
2492 3988 2600 4040 quo
2619 3971 2721 4025 sibi
2745 3971 2920 4024 exsilii
2945 3970 3208 4038 pomoeria
3234 3971 3406 4025 laxari

1809 4043 2044 4100 obtinuit
2077 4059 2090 4094 :
2125 4041 2192 4095 ad
2243 4052 2576 4110 postremum
2625 4057 2748 4096 cum
2790 4055 2878 4095 an.
2913 4043 3019 4096 578
3048 4042 3198 4097 l'alsis
3222 4041 3407 4097 crimi-

1809 4115 1970 4169 nibus
2021 4115 2331 4174 Damasum,
2379 4128 2476 4181 per
2520 4112 2806 4181 quemdam
2869 4111 3019 4165 Isaac
3063 4113 3309 4167 Juda‘um
3354 4124 3409 4169 et

1809 4185 2237 4239 Christianorum
2289 4198 2568 4238 sacrorum
2624 4183 2960 4238 desertorem
3013 4183 3403 4252 appetit/isset,

1806 4255 1994 4312 Iudaeo
2019 4256 2072 4309 in
2103 4254 2278 4311 Gallia
2313 4257 2566 4310 exsulare
2609 4255 2785 4324 jusso,
2821 4255 2994 4324 ipsum
3030 4254 3082 4308 in
3123 4253 3408 4324 Hispanias

1807 4327 1981 4382 fuisse
2009 4329 2304 4398 relegatum
2331 4342 2345 4398 ;
2405 4326 2549 4382 unde
2575 4335 2763 4394 postea
2789 4326 3084 4381 revertisse
3115 4339 3220 4379 non
3254 4328 3408 4398 inve-

1809 4399 1974 4453 nitur.
2008 4395 2303 4454 Diccndum
2337 4397 2498 4468 igitur
2528 4399 2856 4452 nebulonem
2885 4397 3028 4450 hunc
3049 4412 3116 4451 eo
3147 4395 3408 4461 temporis

1809 4470 2099 4524 intervallo
2121 4512 2135 4533 ,
2167 4485 2278 4538 quo
2312 4469 2539 4524 liberius
2579 4470 2760 4539 vagari
2803 4468 3116 4530 sinebatur,
3150 4468 3400 4539 abusum,

1811 4541 1975 4595 variis
2006 4541 2140 4596 locis
2167 4542 2352 4595 turbas
2375 4538 2670 4607 excitasse,
2714 4554 2778 4595 ac
2829 4539 3138 4599 Mediolani.
3173 4538 3410 4592 maxime

1811 4621 1935 4681 post
1967 4611 2330 4668 Valentiniani
2376 4613 2612 4666 senioris
2653 4626 2972 4681 excessum,
3005 4625 3129 4664 sese
3157 4607 3409 4681 Arianis,

1814 4679 1874 4737 ut
1903 4683 1990 4738 hic
2019 4683 2238 4745 dicitur,
2297 4683 2666 4751 conjunxisse.
2702 4681 2812 4737 Nec
2835 4679 3078 4750 proiecto
3101 4680 3359 4734 abhorret
3383 4693 3416 4733 a

1815 4755 2117 4814 verisimili,
2147 4756 2190 4808 si
2214 4753 2500 4807 credamus
2524 4755 2592 4807 ab
2614 4752 2902 4807 Ambrosio
2924 4751 3027 4805 hos
3059 4751 3206 4822 ipsos
3236 4761 3416 4804 mutus

1815 4825 2057 4880 Gratiani
2088 4825 2410 4878 auctoritate
2456 4828 2664 4892 sortitos
2698 4824 2953 4886 indicari;
2994 4837 3116 4877 cum
3147 4822 3322 4892 prima
3346 4822 3415 4875 ad

1816 4911 1942 4952 eum
1971 4895 2201 4965 epistola
2235 4893 2337 4964 ipsi
2367 4903 2585 4964 pr0pter
2614 4893 2878 4949 redditam
2921 4894 3178 4948 Ecclesia:
3228 4906 3414 4963 pacem

1855 4968 2016 5035 ratias
2044 4967 2177 5035 agit.

1815 4982 2338 5090 grafuzztzrg'i’atente
2369 5034 2422 5090 in
2452 5035 2588 5090 edit.
2633 5036 2794 5090 Rom.
2840 5033 3268 5104 praetermissum
3310 5044 3419 5089 est.

1818 5107 2064 5177 lntellige
2089 5117 2270 5162 autem
2300 5121 2407 5160 non
2439 5105 2720 5162 Valentem
2753 5106 3112 5169 Mursensem,
3164 5119 3222 5161 ut
3247 5104 3414 5160 Labb.

1815 5180 2073 5236 admonet
2095 5178 2147 5232 in
2173 5187 2299 5248 nota
2333 5177 2614 5248 marginali
2640 5197 2652 5232 :
2679 5177 2774 5234 sed
2806 5177 3184 5246 Petavianum,
3215 5177 3282 5232 de
3309 5191 3417 5247 quo

1819 5251 2085 5322 superiori
2110 5247 2362 5322 epistola.

1897 5317 1922 5369 ὲ
1962 5319 2115 5378 Hunc
2148 5317 2322 5375 locum
2355 5317 2516 5374 Rom.
2551 5320 2683 5376 edit.
2709 5321 2778 5375 ita
2811 5319 3110 5375 reﬁnxerat
3134 5361 3149 5386 ,
3193 5335 3296 5375 non
3326 5334 3421 5391 po-

1826 5401 1983 5458 terat,
2015 5409 2098 5448 eos
2119 5433 2134 5456 ,
2162 5407 2381 5462 quorum
2411 5391 2588 5460 favore
2613 5391 2919 5463 respirabat,
2949 5407 3049 5461 quo
3070 5393 3231 5460 magis
3253 5401 3419 5463 posset

1831 5467 2060 5536 fautores
2110 5475 2155 5518 et
2177 5460 2354 5518 socios
2408 5464 2653 5536 entereri,
2700 5460 3418 5536 'iustruxit'erinformavit,

1830 5531 2262 5604 quemadmodum
2291 5550 2394 5602 pax
2417 5533 2657 5589 Ecclesia:
2682 5535 2994 5589 turbaretur.
3023 5531 3185 5590 Sirm.
3209 5543 3262 5587 et
3283 5531 3418 5604 Reg.

1825 5601 1949 5664 cod.
1985 5609 2111 5661 utin
2144 5601 2316 5672 textu,
2343 5606 2446 5661 nisi
2478 5607 2622 5676 quod
2653 5622 2751 5676 pro
2776 5605 3081 5675 respirabat,
3112 5603 3278 5662 Sirm.
3303 5601 3422 5658 edi-

1828 5681 1907 5736 dit
1936 5680 2192 5736 sperabat.

1901 5745 2105 5804 hRom.
2137 5749 2298 5814 edit.,
2330 5748 2612 5817 objections
2633 5749 2886 5803 tribuatis.
2927 5748 3040 5816 Quo
3069 5763 3126 5803 ea
3153 5745 3430 5818 impetrata
