3954 6164
127 269 231 326 £53

1320 264 1804 322 EPISTOLARUM
1843 266 2122 325 CLASSIS
2160 269 2198 325 Ι.

3309 272 3414 328 955

126 384 1454 461 gnoveritordinatum,col-tererecomtnunionem
1471 392 1714 437 nostram
1741 383 1799 444 Α
1821 387 2046 455 pariter,
2075 400 2139 439 ac
2170 398 2336 456 super
2354 384 2757 442 Ecclesiasticis
2785 385 3019 457 negotiis
3041 387 3418 444 instruendam

127 494 247 534 cum
275 478 644 534 Orientalibus
666 478 911 548 partibus
934 477 1098 550 817
1127 491 1234 531 non
1263 473 1541 538 videmus;
1576 489 1716 544 prae-

126 573 312 629 sertim
352 587 478 627 cum
520 571 588 626 ab
627 571 816 627 iisdem
857 569 1138 626 Nectarius
1175 568 1376 624 dicitur
1403 567 1554 622 illico
1596 567 1715 622 sine

129 664 526 722 communionis
566 663 843 720 consortio
886 663 1196 727 destitutus,
1243 676 1274 714 a
1317 659 1513 730 quibus
1545 659 1718 714 fuerat

131 760 439 815 ordinatus.

194 851 246 906 6.
285 850 408 906 Non
437 850 726 906 mediocris
754 851 920 922 igitur
948 852 1035 905 bic
1062 847 1368 919 scrupulus.
1417 846 1530 902 Nec
1560 861 1712 916 quae-

125 944 241 998 dam
272 958 381 998 nos
410 945 553 1012 angit
578 942 648 998 de
671 942 973 998 domestico
996 942 1178 997 studio
1197 949 1254 995 et
1274 940 1572 995 ambitione
1591 954 1717 994 con-

127 1035 318 1102 lentio,
349 1034 444 1090 sed
465 1036 776 1089 communio
803 1035 980 1089 soluta
1008 1045 1061 1090 et
1089 1033 1379 1090 dissociata
1410 1031 1712 1101 perturbat.

123 1129 228 1186 Nec
252 1129 508 1185 videmus
537 1144 657 1184 eam
689 1141 851 1198 posse
877 1127 1038 1182 aliter
1061 1127 1388 1192 convenire;
1419 1126 1518 1179 nisi
1548 1133 1640 1178 aut
1671 1123 1716 1178 is

124 1223 387 1280 reddatur
429 1222 923 1292 Constantinopoli,
954 1222 1044 1291 qui
1074 1221 1224 1291 prior
1264 1227 1351 1276 est
1393 1219 1711 1273 ordinatus:

126 1327 214 1373 aut
243 1329 399 1372 certe
426 1332 591 1388 super
616 1317 844 1371 duorum
870 1315 1210 1369 ordinatione
1241 1313 1312 1368 sit
1352 1314 1403 1367 in
1443 1313 1581 1367 urbe
1609 1310 1716 1366 Ro-

125 1427 203 1466 ma
229 1420 478 1465 nostrum
507 1409 976 1479 Orientaliumque
1005 1406 1320 1462 concilium.

190 1507 242 1559 7.
281 1505 474 1574 Neque
523 1504 667 1558 enim
715 1501 996 1572 indignum
1044 1500 1281 1567 videtur,
1335 1502 1598 1570 Auguste,
1657 1511 1716 1556 ut

129 1599 384 1654 Romana:
416 1597 671 1652 Ecclesia
697 1594 993 1660 antistitis,
1024 1593 1487 1664 finitimorumque
1528 1602 1585 1647 et
1612 1593 1718 1648 Ita-

128 1691 291 1745 lorum
323 1689 704 1758 episcoporum
758 1695 785 1724 ει
815 1685 1048 1741 debeant
1092 1683 1277 1738 subire
1323 1693 1632 1750 tractatum,
1687 1684 1713 1723 δ

1819 479 2025 532 nostris
2065 476 2261 534 litteris
2305 479 2712 545 :estimavimus,
2751 478 3056 549 Imperator
3086 481 3423 551 tranquillis-

1819 569 1957 624 sime
1982 585 2045 625 ac
2075 569 2410 626 fidelissime.
2453 569 2636 625 Dolori
2663 570 2814 624 enim
2847 581 2966 626 erat
2995 572 3140 628 inter
3159 571 3423 631 Orienta-

1819 663 1899 719 les
1924 675 2086 733 atque
2119 664 2498 720 Occidentales
2529 663 2831 734 interrupta
2867 677 3039 720 sacrm
3073 668 3418 724 communio-

1820 756 1904 810 nis
1933 769 2054 810 esse
2079 757 2375 811 consortia.

1887 847 1941 901 2.
1985 847 2219 903 Silemns
2235 849 2346 919 jam
2374 864 2606 920 quorum
2630 865 2843 917 errore,
2868 863 3166 922 quorumve
3195 848 3419 916 delicto,

1820 956 1890 996 ne
1929 956 2117 997 serere
2165 941 2377 998 fabulas
2418 952 2475 998 et
2519 943 2752 1012 alloquio
2784 957 2940 998 cassa
2971 943 3274 997 videamur.
3309 940 3420 996 Nec

1819 1048 1920 1088 nos
1964 1043 2206 1091 tentasse
2241 1036 2497 1105 paenitet,
2541 1037 2684 1107 quod
2734 1037 3053 1092 intentatum
3109 1035 3334 1091 caderet
3362 1035 3414 1091 in

1819 1130 2054 1199 culpam.
2085 1128 2195 1184 lsto
2221 1130 2366 1185 enim
2407 1144 2552 1200 saepe
2580 1130 2966 1200 argnebamnr,
3006 1128 3148 1200 quod
3187 1127 3413 1199 postha-

1819 1221 1948 1277 bere
1968 1220 2325 1277 Orientalium
2349 1223 2666 1279 societatem
2683 1264 2699 1289 ,
2733 1231 2790 1279 et
2816 1221 3058 1279 refutare
3083 1223 3310 1294 gratiam
3338 1222 3416 1276 vi-

1818 1314 2092 1370 deremur.

1888 1410 2057 1481 818
2091 1409 2144 1463 5.
2188 1408 2452 1464 Laborem
2495 1409 2625 1480 quin
2655 1409 2822 1464 etiam
2863 1411 3020 1466 nobis
3063 1409 3412 1466 indicendum

1819 1504 2160 1572 putavimus,
2190 1517 2296 1556 non
2326 1518 2424 1572 pro
2457 1503 2640 1568 Italia,
2665 1519 2786 1574 qua:
2812 1502 3130 1573 jamdudum
3171 1504 3240 1558 ab
3264 1505 3418 1560 Aria-

1821 1596 1904 1650 nis
1929 1598 2110 1666 quieta
2139 1604 2300 1666 atque
2329 1611 2521 1651 secura
2566 1606 2687 1662 est,
2735 1612 2834 1652 nec
2876 1597 2982 1651 ulla
3029 1597 3413 1654 haereticorum

1820 1688 2226 1759 perturbatione
2247 1700 2502 1743 vexatur:
2533 1703 2664 1756 non,
2693 1689 2934 1758 inquam,
2961 1704 3059 1759 pro
3081 1689 3268 1756 nobis;
3291 1691 3413 1761 quia

125 1783 206 1852 qui
249 1783 415 1837 unius
447 1780 663 1838 Acholii
709 1779 952 1850 episcopi
1001 1778 1071 1832 ita
1121 1779 1545 1846 exspectandum
1591 1793 1712 1832 esse
1741 1773 1790 1834 Β
1819 1796 1927 1835 non
1955 1781 2249 1850 quteritnus
2279 1796 2399 1851 quas
2442 1790 2624 1835 nostra
2668 1789 2814 1845 sunt,
2848 1779 2944 1836 sed
2994 1797 3116 1848 qua:
3149 1792 3419 1836 suntom-

129 1883 450 1942 putaverunt
480 1871 768 1942 judicium,
810 1879 869 1924 ut
896 1870 963 1924 de
991 1867 1433 1924 Occidentalibus
1473 1869 1717 1940 partibus

127 1962 652 2033 Constantinopolim
688 1961 1030 2018 evocandum
1054 1970 1328 2032 putarent.
1366 1961 1425 2016 Si
1465 1961 1594 2032 quid
1625 1962 1715 2016 uni

127 2056 238 2113 buic
275 2069 623 2114 reservatum
651 2065 764 2120 est,
794 2064 998 2127 quanto
1037 2053 1205 2125 magis
1246 2053 1492 2125 pluribus
1530 2069 1714 2110 reser-

126 2151 344 2207 randum
373 2153 491 2207 est!

187 2246 237 2301 8.
277 2244 394 2300 Nos
441 2251 626 2299 autem
667 2258 697 2298 a
747 2241 1067 2298 beatissimo
1109 2241 1352 2312 principe
1395 2239 1564 2295 fratre
1609 2250 1714 2294 tua:

126 2339 330 2409 pietatis
357 2335 650 2399 admoniti,
683 2345 739 2390 ιιι
765 2345 868 2390 tua;
893 2334 1198 2390 clementiae
1225 2333 1590 2387 scriberemus
1616 2332 1714 2386 im-

124 2432 291 2502 perio;
327 2431 670 2502 postulamus
701 2438 761 2482 ut
789 2429 877 2482 ubi
907 2444 1009 2482 una
1047 2427 1362 2482 communio
1403 2435 1508 2490 est,
1554 2439 1710 2480 com-

124 2539 271 2579 mune
322 2522 464 2579 velit
507 2536 628 2578 esse
657 2521 954 2592 judicium,
1003 2523 1536 2589 concordantemque
1579 2533 1712 2574 con-

123 2630 347 2671 SCHSBHL

624 2710 960 2766 EPISTOLA
1003 2708 1120 2765 XIV
1165 2721 1210 2763 ε.

123 2799 421 2860 Tueooosro
447 2803 587 2873 quod
609 2803 934 2858 restituenda:
959 2803 1092 2856 inter
1123 2803 1420 2855 orientalem
1449 2809 1599 2870 atque
1621 2817 1707 2856 oc-

184 2898 491 2954 cidentalem
522 2897 810 2952 Ecclesium
851 2899 1036 2952 unitati
1068 2914 1276 2977 operam
1300 2897 1541 2962 dedisset,
1571 2915 1712 2952 com-

185 2994 446 3057 mendato,
478 2993 704 3060 episcOpi
733 3007 824 3044 cur
849 2991 913 3044 de
951 3007 1009 3044 ea
1037 3007 1091 3044 re
1136 2991 1452 3062 superiorem
1492 2991 1711 3060 scripse-

183 3088 279 3140 rint
316 3086 630 3155 epistolam,
671 3092 927 3156 exponunt
958 3099 977 3137 :
1007 3082 1206 3136 addqu
1250 3099 1388 3138 cura?
1416 3083 1566 3136 etiam
1613 3083 1712 3136 sibi

1819 1877 1968 1930 nium
2005 1893 2018 1928 :
2067 1891 2172 1928 non
2204 1889 2303 1944 pro
2332 1874 2504 1930 Gallia
2548 1884 2708 1945 atque
2755 1872 2961 1940 Africa,
3005 1889 3128 1945 quae
3177 1875 3416 1930 omnium

1817 1967 2161 2023 sacerdotum
2197 1967 2453 2022 concordi
2498 1968 2763 2022 societate
2794 1968 3101 2036 potiuntur;
3131 1967 3227 2022 sed
3263 1975 3322 2021 ut
3353 1980 3417 2022 ea

1815 2076 1936 2129 qua;
1971 2059 2414 2114 communionem
2459 2069 2699 2113 nostram
2740 2059 2811 2113 de
2849 2060 3088 2115 Orientis
3118 2068 3272 2130 parte
3303 2069 3417 2114 tur-

1815 2153 2100 2220 baverunt,
2123 2161 2584 2224 cognoscerentnr
2614 2155 2666 2206 in
2695 2152 2929 2224 synodo,
2960 2162 3014 2208 et
3045 2155 3224 2210 omnis
3251 2169 3416 2211 eme-

1813 2243 1906 2299 dio
1936 2243 2222 2314 scrupulus
2254 2244 2562 2299 tolleretur.

1884 2337 1938 2390 4.
1979 2337 2095 2392 Non
2131 2337 2303 2392 solum
2339 2338 2484 2392 enim
2525 2337 2594 2393 de
2627 2337 2708 2392 his
2737 2337 2806 2393 de
2835 2339 3032 2409 quibus
3057 2348 3082 2377 ο
3120 2339 3412 2396 clementia

1821 2439 1908 2484 tua
1937 2429 2156 2498 dignata
2183 2438 2267 2484 est
2294 2428 2556 2496 scribere,
2591 2429 2686 2486 sed
2719 2429 2882 2486 etiam
2914 2430 2980 2486 de
3002 2430 3136 2498 illis,
3159 2432 3251 2502 qni
3274 2431 3406 2504 dog.

1817 2537 1902 2576 ma
1943 2521 2129 2576 nescio
2182 2521 2356 2589 quod,
2413 2521 2749 2592 Apollinaris
2789 2524 3071 2589 asseritur,
3119 2524 3171 2578 in
3222 2525 3410 2581 Eccle-

1813 2617 1946 2670 siam
1991 2623 2261 2671 conantur
2313 2615 2596 2683 inducere,
2643 2631 2744 2670 nos
2795 2617 3050 2686 pleraque
3099 2629 3412 2685 moverunt,

1814 2725 1933 2779 qua:
1985 2709 2230 2779 partibus
2291 2710 2505 2764 fuerant
2559 2709 2856 2764 resecando
2917 2709 3310 2779 praesentibus;
3358 2719 3421 2766 ut

1813 2803 2097 2857 c0nvictus
2148 2800 2202 2855 in
2259 2799 2512 2871 dogmate
2561 2815 2726 2864 novo,
2772 2809 2827 2856 et
2871 2800 3198 2871 redargutus
3239 2801 3292 2854 in
3324 2815 3414 2856 cr-

1814 2911 1960 2961 rore,
1989 2909 2332 2964 nequaquam
2357 2893 2458 2947 sub
2495 2893 2736 2964 generali
2766 2894 2889 2949 lidei
2920 2895 3113 2949 lateret
3142 2895 3362 2950 nomine
3407 2914 3420 2949 :

1812 2987 1906 3042 sed
1938 2987 2107 3050 illico,
2139 2986 2281 3056 quod
2311 2986 2575 3041 doctrinae
2607 2986 2919 3057 magisterio
2945 3000 3050 3040 non
3084 2995 3327 3055 teneret,
3357 2997 3420 3042 et

1813 3081 2050 3136 officium
2077 3079 2394 3149 deponeret,
2425 3087 2481 3135 et
2503 3080 2824 3134 vocabulum
2859 3078 3194 3143 sacerdotis;
3226 3093 3325 3134 nec
3351 3079 3417 3133 fl.

185 3152 355 3249 fuisse-
377 3187 436 3230 ut
473 3176 708 3245 [autores
736 3152 1065 3247 'Apollinaris
1095 3176 1595 3230 condemnarentur:
1617 3193 1711 3246 po-
1738 3152 1784 3216 Ο
1817 3175 1929 3232 bra:
1971 3174 2166 3244 aliqua:
2198 3173 2424 3244 posthac
2466 3172 2660 3228 fallere
2701 3171 3072 3244 cupientibus,
3127 3181 3178 3226 et
3213 3172 3422 3239 pra'sti-

185 3282 366 3326 stremo
404 3287 495 3324 nec
520 3286 573 3324 se
609 3267 898 3322 Concilium
939 3269 1160 3340 petendo
1193 3269 1442 3340 iujuriam
1486 3271 1710 3342 cuipiam

185 3365 441 3429 intulisse,
485 3363 1154 3434 necamajoruminstituto
1209 3378 1423 3431 usquam
1464 3362 1712 3430 defecisse

185 3468 441 3514 asserunt.

128 3550 437 3609 Beatissimo
494 3552 806 3622 imperatori
842 3593 857 3616 ,
901 3559 954 3606 et
997 3548 1425 3606 clementissimo
1482 3549 1713 3621 principi

188 3643 523 3706 Tueonosro.
557 3644 864 3700 AIBROSIUS
888 3652 942 3698 et
975 3641 1161 3697 centeri
1215 3642 1455 3712 episcopi
1515 3640 1705 3696 Italian

189 3736 236 3790 l.
277 3738 439 3793 Fidei
469 3747 575 3791 tute
617 3736 808 3790 diffusa
842 3745 955 3790 toto
997 3735 1132 3790 orbe
1177 3735 1414 3804 cognitio
1462 3734 1709 3788 intimum

131 3842 308 3888 nostra:
355 3830 561 3888 mentis
607 3830 868 3886 demulsit
909 3829 1192 3895 affectum;
1243 3845 1451 3897 eoque,
1497 3839 1553 3883 ut
1596 3830 1710 3884 haec

131 3939 320 3996 quoque
348 3926 526 3997 gloria
563 3934 656 3980 tuo
684 3925 910 3996 imperio
939 3938 1240 3992 crearetur,
1271 3926 1414 3995 quod
1446 3927 1708 3982 unitatem

132 4019 425 4076 reddidisse
463 4019 488 4054 ά
517 4019 944 4075 Occidentalium
971 4019 1123 4090 juxta
1156 4029 1316 4087 atque
1345 4017 1704 4074 Orientalium

131 4107 378 4170 Eeclesiis
412 4111 707 4178 videreris,
752 4113 1093 4168 clementiam
1135 4122 1278 4166 tuam
1316 4111 1708 4168 obsecrandam

132 4279 311 4333 serenti
345 4277 680 4335 credendum
708 4253 826 4340 'est,
876 4276 1030 4331 initio
1059 4273 1308 4330 reluctati
1341 4283 1466 4327 sunt
1497 4292 1509 4327 :
1548 4275 1710 4330 tertio

133 4344 324 4404 demum
361 4352 481 4403 lia-c
523 4351 687 4403 etiam
737 4350 908 4416 potuit
946 4362 1071 4403 esse
1116 4345 1327 4400 Maximi
1375 4345 1705 4414 impostura,

133 4429 272 4488 quam
304 4422 401 4477 ille
427 4431 485 4476 nt
509 4420 782 4475 efficacius
809 4419 1030 4475 Latinos
1061 4418 1114 4473 iu
1142 4425 1323 4486 partes
1347 4432 1471 4471 suas
1505 4427 1712 4488 pertra-

136 4483 265 4543 lieret
282 4537 297 4561 ,
327 4503 675 4549 commentus
699 4493 877 4546 fuerit.

195 4566 219 4633 ξ’
253 4559 388 4633 Reg.
415 4564 538 4617 cod.
557 4605 572 4626 ,
603 4578 706 4616 non
734 4562 947 4616 debeant
976 4559 1146 4633 subire
1168 4567 1467 4633 tractqtum.

196 4627 220 4666 δ
257 4627 599 4690 Hermannns
656 4633 750 4686 lib.
795 4649 830 4688 ι
865 4633 996 4686 Vita:
1037 4629 1282 4700 Gregorii
1315 4629 1538 4684 Nazian.
1586 4644 1705 4696 cap.

139 4698 184 4770 ξ.
212 4702 318 4761 hrc
350 4705 636 4761 rn'lerenda
669 4719 789 4758 esse
819 4703 1035 4770 conjieit
1079 4698 1462 4756 ad'historiam
1491 4702 1710 4756 concilii

138 4769 733 4841 ConstantinOpolitani,
776 4775 866 4829 ubi
899 4769 1095 4828 dicitur
1133 4774 1420 4842 episcopos
1466 4773 1516 4826 in
1549 4788 1710 4827 causa

140 4852 188 4896 ut
211 4850 418 4905 videtur
447 4847 642 4904 Meletii
675 4861 736 4899 ac
769 4846 974 4900 Paulini
1008 4847 1148 4899 inter
1168 4859 1226 4898 se
1254 4843 1596 4900 di~sitlentes.
1625 4844 1713 4898 lit-

137 4918 249 4990 teris
277 4936 509 4990 propere
536 4919 602 4971 ad
633 4915 912 4988 Egyptios
942 4926 1008 4990 get
1035 4914 1413 4990 Macedonicos
1440 4915 1709 4969 antistites

140 4985 291 5061 dalis,
312 4985 461 5061 ipsos
490 4985 800 5061 invitasse;_
812 4987 954 5061 quod
975 5002 1170 5061 eorum
1208 4985 1553 5061 auctoritate,
1581 5001 1712 5061 _rna-

141 5057 266 5115 xime
315 5055 450 5117 v'ero
503 5060 714 5116 Acbolii
761 5055 1306 5119 Thessalonicensis,
1356 5055 1703 5109 concordiam

141 5133 326 5202 restitui
361 5149 520 5202 posse
541 5131 897 5186 confiderent.
944 5130 1086 5202 Idem
1114 5141 1274 5202 porro
1295 5133 1378 5202 est
1408 5124 1500 5178 ille
1532 5126 1707 5202 Aelio.

141 5194 231 5274 litis
267 5194 373 5274 qui'
404 5202 771 5274 Theodosium
796 5215 906 5274 __an.
940 5197 1364 5274 380Abaptizavit
1392 5236 1408 5260 ,
1453 5205 1509 5251 et
1555 5197 1710 5265 cujus

144 5269 349 5330 virtutes
373 5275 538 5340 epist.
573 5273 638 5328 l5
665 5272 918 5340 praedicat
951 5269 1291 5326 Ambrosius.

207 5354 226 5382 ε
260 5347 468 5416 Scripta
502 5345 645 5400 circa
673 5359 800 5416 ann.
829 5343 954 5416 582.

207 5419 230 5451 α
269 5411 395 5472 Haec
419 5417 578 5471 verba
601 5413 886 5470 referenda
915 5413 1166 5468 videntur
1195 5411 1260 5465 ad
1288 5411 1390 5466 ista
1413 5411 1714 5484 superioris

145 5484 366 5550 epistolm
389 5504 536 5543 num.
561 5488 616 5547 5,
640 5488 897 5539 conterere
913 5484 1320 5540 communionem
1347 5493 1576 5538 nostram
1602 5499 1716 5536 cum

146 5555 453 5628 orientalibus
466 5561 696 5628 partibus
708 5573 809 5610 non
830 5558 1080 5611 videmus.
1103 5555 1256 5622 Quod
1275 5565 1456 5610 autent
1482 5556 1568 5610 hic
1593 5556 1714 5612 sul)-

144 5622 363 5702 jltngitur
388 5649 400 5686 :
429 5622 659 5686 S'ilemus
679 5633 795 5702 jam
817 5670 830 5693 ,
870 5643 974 5702 etc.
998 5673 1011 5693 ,
1040 5628 1144 5682 hoc
1169 5643 1329 5702 sensu
1363 5628 1626 5702 intellige,
1660 5637 1717 5702 ut

149 5694 321 5767 Patres
340 5712 394 5757 et
415 5707 663 5757 errorem
679 5694 850 5764 fsuum
877 5701 1066 5762 fuisse,
1094 5699 1234 5767 quod
1266 5697 1500 5752 Nectarii
1521 5694 1717 5767 electio

151 5776 200 5821 ut
224 5765 376 5830 fuerit
397 5778 615 5845 peracta
642 5771 1059 5842 ignora‘vissent,
1094 5765 1390 5840 agnuscant
1409 5786 1422 5840 ;
1441 5765 1722 5825 etMaximi

1737 4590 1792 4650 Ι)

1813 3269 2021 3340 giarum
2062 3275 2368 3322 commenta
2409 3275 2778 3321 remanerent.
2829 3265 2960 3320 Nam
3002 3265 3094 3335 qui
3140 3264 3423 3319 convictus

1815 3380 1921 3419 non
1953 3364 2115 3419 fuerit
2155 3361 2518 3435 praesentibus
2560 3361 2821 3430 partibus,
2855 3359 2997 3429 quod
3029 3373 3157 3414 vere
3187 3369 3422 3427 augusto

1816 3458 2208 3528 principalique
2251 3470 2518 3526 reSponso
2545 3462 2634 3509 tua
2659 3453 2948 3510 clementia
2979 3453 3250 3516 definivit,
3283 3450 3302 3489 τ
3331 3467 3420 3506 rc-

1817 3554 2096 3611 ferendam
2126 3567 2342 3621 semper
2367 3550 2609 3606 ansulam
2640 3547 2957 3618 quaestionis
2985 3547 3233 3616 arripiet.

1891 3650 1944 3704 5.
1989 3648 2067 3702 Eo
2117 3647 2279 3716 igitur
2321 3642 2730 3700 obsecravitnus
2778 3649 2802 3686 ις
2843 3639 3186 3693 sacerdotale
3238 3640 3424 3692 conci-

1820 3743 1978 3808 lium,
2036 3749 2096 3794 ut
2144 3736 2343 3792 nemini
2394 3738 2579 3791 liceret
2640 3731 2979 3788 mendacium
3027 3731 3079 3784 in
3140 3729 3420 3784 absentem

1818 3844 2147 3900 componere
2167 3867 2183 3893 ,
2213 3836 2268 3881 et
2295 3827 2350 3880 in
2379 3825 2610 3880 concilio
2639 3825 3007 3877 discuteretur
3037 3819 3164 3888 quid
3187 3829 3335 3874 esset
3364 3821 3422 3874 in

1821 3936 1970 3976 vero.
2003 3919 2186 3985 Itaque
2214 3931 2321 3970 non
2359 3915 2503 3968 cadit
2533 3914 2584 3966 in
2618 3927 2712 3967 eos
2742 3910 3057 3966 intentionis
3083 3910 3166 3965 vel
3194 3907 3425 3965 facilita-

1818 4015 1884 4070 tis
1911 4012 2020 4067 ulla
2046 4008 2306 4079 suspicio,
2332 4007 2420 4078 qui
2449 4004 2630 4060 omnia
2662 4001 3023 4073 praesentibus
3052 4002 3295 4073 partibus
3318 4001 3422 4060 ob-

1820 4113 2126 4166 servarunt.

1811 4273 2108 4334 delictum;
2135 4267 2284 4339 quod
2313 4264 2546 4322 concilio
2577 4259 2877 4317 mendaciis
2902 4259 3014 4314 suis
3042 4273 3105 4314 ac
3132 4257 3417 4316 fraudibus

1817 4343 2187 4412 imposuisset.

1891 4398 1912 4451 εἶ
1957 4413 2092 4468 llinc
2121 4409 2412 4483 intelligas.
2447 4423 2547 4483 nec
2586 4420 2692 4460 non
2723 4421 2789 4459 ex
2835 4420 2900 4460 eo
2937 4401 3080 4483 quod
3113 4398 3251 4483 infra
3285 4399 3418 4470 legi-

1818 4495 1904 4540 tur
1925 4529 1940 4548 ,
1968 4493 2194 4555 augusto
2225 4473 2598 4555 principalique
2616 4493 2881 4541 responso,
2918 4473 3104 4555 primis
3133 4473 3421 4553 episcopo-

1819 4573 1937 4612 rum
1970 4551 2166 4610 litteris
2199 4551 2548 4621 rescripsisse
2571 4551 2981 4617 imperatorem,
3007 4553 3063 4599 et
3092 4551 3290 4621 seriem
3311 4559 3419 4621 qua

1814 4628 2049 4684 Nectarii
2103 4625 2245 4680 facta
2295 4613 2389 4678 est'
2422 4613 2712 4684 ordinatio,
2752 4633 2856 4672 non
2891 4632 3048 4672 set-us
3091 4630 3155 4669 ac
3203 4613 3418 4669 Maximi

1814 4701 1969 4754 dolos
1997 4713 2060 4753 ac
2091 4697 2298 4752 scelera
2333 4693 2693 4763 signiﬁcasse.
2727 4689 2870 4763 sicut
2913 4696 2968 4740 et
2997 4703 3124 4763 qua:
3166 4685 3231 4738 ad
3282 4684 3420 4738 Pati-

1814 4771 1907 4826 lini
1959 4785 2022 4824 ac
2067 4765 2310 4821 Flaviani
2368 4757 2590 4816 causam
2644 4760 3007 4829 pertinebant.
3069 4757 3194 4829 Ejus
3252 4769 3420 4829 porro

1811 4825 1958 4912 quod
2000 4839 2074 4912 de
2115 4833 2524 4912 Apollittarislis
2553 4825 2794 4912 additur,
2846 4828 3230 4912 nt_tlla.m_entio
3261 4825 3416 4912 fit_in

1813 4896 2043 4977 epistola
2086 4896 2405 4977 superiore;
2455 4913 2507 4957 et
2541 4901 2945 4977 quodammodo
2991 4896 3410 4977 ind-irarbvideo

1811 4969 1898 5038 tur
1930 4997 2036 5034 non
2066 4980 2138 5033 ita
2159 4969 2376 5039 'pridem
2417 4969 2690 5039 cognitam
2729 4973 2830 5025 sibi
2867 4970 3035 5026 fuisse
3064 4970 3210 5024 illam
3238 4969 3416 5024 htrre-

1811 5054 1913 5109 sim
1933 5093 1947 5117 ,
1972 5066 2094 5106 cum
2126 5059 2307 5102 tamen
2341 5059 2460 5100 eam
2488 5043 2602 5113 jam
2631 5054 2762 5096 ante
2793 5042 3056 5096 Damasus
3093 5054 3231 5111 papa
3260 5039 3413 5094 dam-

1815 5133 2087 5249 "3:553:11
2136 5190 2302 5259 Reg.,
2335 5185 2659 5258 referendum
2706 5199 2902 5254 semper
2949 5182 3233 5254 apostolica
3279 5197 3423 5252 qua:-

1817 5266 1997 5322 stt'ouis
2026 5263 2258 5334 arripiet.
2316 5330 2328 5334 Δ
2356 5330 2367 5334 Α
2452 5329 2465 5334 _
2661 5328 2673 5334 _
2734 5326 2746 5334 _
2893 5314 2897 5318 ,
2955 5286 2967 5304 .

1893 5348 1917 5384 ε
1960 5324 2270 5403 Respondet
2316 5330 2403 5384 hic
2452 5329 2606 5384 locus
2658 5326 2779 5382 istis
2819 5325 3120 5403 superioris
3150 5324 3416 5403 epistolae

1821 5409 2001 5464 Verbis
2029 5394 2177 5460 nttm.
2208 5403 2264 5467 6,
2294 5417 2448 5474 super
2493 5406 2712 5474 duorum
2741 5396 3071 5474 ordinatione
3092 5396 3180 5474 .sit
3209 5397 3263 5474 in
3296 5394 3419 5474 urbe

1823 5479 1990 5534 Roma
2020 5465 2259 5531 nostrum
2285 5465 2727 5538 Orientaliumque
2753 5467 3050 5522 concilium.
3083 5465 3238 5535 Quod
3267 5469 3411 5538 enirn

1826 5561 2062 5608 mentem
2090 5562 2245 5602 suam
2285 5547 2336 5598 in
2379 5541 2592 5598 concilii
2625 5536 2988 5607 postulatione
3014 5539 3310 5592 immunem
3339 5536 3418 5588 vi-

1827 5625 1884 5678 tii
1915 5625 2079 5677 fuisse
2098 5661 2112 5683 ,
2145 5631 2246 5672 nec
2273 5613 2519 5671 accusari
2549 5612 2744 5666 merito
2769 5611 3009 5683 potuisse
3032 5608 3415 5683 contendunt;

1829 5694 2078 5748 similiter
2100 5679 2319 5759 quoque
2351 5687 2403 5740 in
2427 5683 2614 5739 eadem
2643 5681 2926 5752 superiore
2956 5679 3188 5759 epistola
3230 5679 3417 5734 crimi-

1832 5763 1995 5821 nandi
2019 5761 2099 5817 sui
2120 5751 2321 5816 causas
2353 5751 2756 5815 anteverterant
2782 5767 2888 5808 non
2918 5766 3028 5810 uno
3054 5751 3192 5809 loco.
