3936 6168
214 264 337 319 97:7

1432 272 1921 359 Eptsrotsnuu
1960 277 2240 339 CLASSIS
2281 281 2319 335 ι.

3418 288 3524 347 9..8

210 384 559 481 imitatorem
588 383 786 454 degere
808 427 822 452 ,
853 393 1015 461 aetate
1044 400 1367 467 Supparem,
1399 405 1507 467 non
1556 392 1818 467 imparem
1850 396 1899 481 ᾼ
1929 409 2073 449 mum
2102 396 2266 451 audio
2290 439 2305 465 ,
2336 411 2437 465 nec
2481 399 2539 467 in,
2571 402 2770 469 vestris
2811 404 3054 474 epistolis
3085 405 3291 474 didici,
3332 408 3427 463 scd
3472 408 3523 467 in

213 477 422 567 spiritu
448 494 465 532 ;
493 487 751 534 caverent
792 494 861 533 ne
904 479 1153 551 exemplo
1197 481 1406 555 Syriaci
1467 486 1697 565 agminis
1726 487 1830 545 sibi

209 566 444 659 quoque
472 570 689 625 cmcitas
716 566 1193 644 effundereturﬂv
1228 572 1358 655 Reg.
1388 593 1482 659 vlt,
1518 579 1540 632 Ι
1572 588 1618 632 et
1657 579 1786 652 seq).

293 656 464 717 6.'Et
494 671 672 716 tamen
723 661 865 717 circa
908 659 1206 734 discipulos
1250 680 1378 722 suos
1425 656 1641 725 diversa
1684 670 1826 727 dona

210 750 432 811 Christi
470 762 619 810 sunt.
662 750 892 813 Elisazus
919 757 1141 831 quidem
1169 761 1222 813 in
1251 759 1549 835 Samariam
1586 766 1827 834 captivas

212 847 374 903 acies
401 844 615 902 induxit
641 847 933 921 Syrorum:
962 861 1180 907 sanctus
1207 863 1386 909 autem
1421 855 1675 912 Acbolius
1699 875 1824 931 pre-

207 940 377 997 cibus
406 940 517 997 suis
563 939 718 1008 fecit,
753 950 812 996 ιιι
852 941 920 998 de
949 944 1191 1014 partibus
1234 946 1562 1015 Macedonia
1594 949 1826 1008 victores

208 1032 455 1106 fugaret.
486 1032 675 1107 Nonne
693 1046 746 1090 et
769 1034 873 1092 hoc
901 1036 1253 1111 intelligimus
1282 1041 1496 1097 virtutis
1526 1045 1824 1111 superioris

207 1122 431 1192 fuisse;
476 1134 534 1182 ut
563 1125 652 1181 ubi
686 1127 841 1181 miles
882 1126 1060 1185 nullus
1089 1130 1308 1196 aderat,
1340 1132 1450 1188 illic
1491 1134 1824 1204 pellerentur

202 1218 340 1274 siue
371 1215 538 1274 milite
559 1215 585 1272 ι
611 1217 802 1275 Nonne
824 1220 1002 1277 ethoc
1025 1224 1285 1278 cmcitatis
1313 1234 1397 1280 est
1418 1268 1432 1291 ,
1463 1236 1521 1281 ut
1546 1225 1819 1301 fugerent,

198 1322 359 1381 quos
398 1308 578 1366 nullus
617 1310 890 1381 urgebat?
939 1311 1046 1367 Sed
1098 1314 1323 1385 urgebat
1371 1325 1427 1371 et
1475 1317 1821 1387 prceliabatur

196 1413 437 1469 sanctus
466 1392 728 1459 Acltolius
763 1418 870 1460 non
911 1404 1106 1481 gladiis
1127 1449 1140 1472 ,
1183 1405 1278 1463 sed
1310 1409 1678 1481 orationibus:
1709 1428 1816 1481 non

197 1495 341 1550 telis
367 1536 383 1559 ,
412 1492 509 1549 sed
541 1490 770 1551 meritis.
1074 1478 1077 1485 ’

280 1587 344 1640 7.
384 1585 468 1643 Att
522 1586 853 1664 incognitum
900 1586 1057 1643 nobis
1108 1598 1189 1666 est
1249 1589 1512 1648 dimicare
1559 1604 1814 1664 sanctos,

194 1678 382 1735 etiam
411 1692 531 1734 cum
565 1676 872 1742 feriantur?
902 1679 1093 1737 Nonne
1134 1681 1342 1753 otiosus
1385 1698 1501 1741 erat
1542 1686 1816 1743 Elismus?

1931 486 2127 541 vestris
2166 485 2365 545 litteris
2391 494 2705 565 recognovi.
2739 493 2868 561 Nam
2912 496 3071 567 quasi
3102 498 3359 567 prmscius
3403 513 3529 557 suc-

1930 594 2209 636 cessurum
2242 583 2368 649 sibi,
2400 587 2808 656 etsi'promissis
2838 591 3080 659 tegebat,
3107 600 3285 647 tamen
3312 592 3527 649 indiciis

1929 671 2291 751 designabat,
2338 677 2581 748 adjutum
2614 696 2673 736 se
2710 680 2829 749 t-jus
2876 697 3003 749 cura
3028 724 3043 749 ,
3091 682 3311 751 labore,
3345 684 3527 741 cilicio

1931 779 2272 835 memorans;
2306 780 2363 831 ut
2396 769 2507 843 jam
2553 771 2831 837 declarare
2861 783 3169 841 consortem
3203 775 3481 833 videretur
3507 818 3523 845 ,

1927 855 2018 926 qui
2052 872 2156 912 non
2187 857 2343 935 quasi
2365 875 2536 915 novus
2563 862 2629 915 ad
2661 877 2931 928 summum
2973 865 3337 935 sacerdotium
3368 868 3524 931 veni-

1928 957 2034 1014 ret,
2071 947 2167 1005 sed
2190 951 2344 1031 quasi
2374 964 2530 1008 vetus
2562 956 2853 1011 sacerdotii
2896 966 3182 1023 enecator
3212 958 3514 1027 acet-deret.

1924 1039 2027 1115 Cui
2041 1036 2265 1113 pulchre
2278 1045 2530 1119 convenit
2547 1046 2748 1107 dictum
2771 1048 2899 1103 illud
2917 1048 3321 1121 Erangelicum:
3350 1050 3517 1122 Euge,

1927 1131 2054 1186 boue
2073 1150 2213 1188 serve
2228 1145 2273 1189 et
2294 1135 2491 1207 ﬁdelia,
2521 1141 2764 1210 quoniam
2785 1157 2940 1211 super
2963 1159 3128 1212 pauca
3155 1141 3326 1212 ﬁdelis
3349 1143 3516 1213 fuisti,

1923 1240 2077 1305 super
2097 1225 2260 1283 multa
2290 1235 2337 1282 te
2363 1230 2671 1285 constituam
2694 1229 2912 1302 (Matth.
2954 1248 3084 1295 xxv,
3113 1230 3228 1303 23).

1998 1316 2084 1375 10.
2127 1315 2255 1377 Htcc
2302 1318 2431 1373 mihi
2468 1320 2536 1376 de
2563 1333 2753 1376 sancto
2795 1323 3026 1378 Acholio
3058 1322 3337 1379 vobiscum
3370 1341 3520 1383 com-

1922 1408 2102 1469 munia
2138 1428 2149 1462 :
2183 1409 2316 1465 illud
2364 1420 2543 1468 tamen
2574 1414 2845 1487 speciale,
2890 1416 3031 1484 quod
3075 1415 3359 1472 devinctus
3397 1433 3516 1491 sum

1920 1500 2091 1579 beatae
2122 1505 2396 1559 memoriae
2426 1507 2575 1587 viro;
2598 1508 2723 1587 quia
2755 1508 2942 1563 tribuit
2976 1509 3106 1564 mihi
3126 1552 3139 1575 ,
3168 1521 3224 1565 ut
3256 1527 3380 1566 eum
3409 1528 3516 1568 non

1920 1592 2248 1671 ignorarem.
2277 1596 2406 1651 Nam
2430 1612 2550 1652 cum
2569 1580 2599 1636 ἶ)
2622 1613 2688 1653 eo
2718 1580 2970 1655 vettiente
2999 1601 3065 1655 ad
3094 1600 3338 1670 Italiam,
3363 1602 3519 1674 aegri-

1920 1685 2104 1740 tudine
2130 1685 2409 1747 confectus
2438 1697 2686 1756 tenercr,
2718 1700 2773 1744 ιιι
2797 1706 2903 1745 non
2935 1707 3149 1762 possem
3179 1708 3469 1749 occurrere
3494 1738 3509 1762 ,

191 1768 433 1824 Otiosus
474 1768 677 1825 scilicet
723 1783 990 1839 corpore;
1041 1771 1136 1827 sed
1188 1774 1436 1830 vibrabat
1480 1779 1671 1849 spiritu
1696 1822 1709 1843 ,
1761 1791 1813 1835 et
1845 1787 1890 1848 Β
1921 1778 2034 1851 ipse
2063 1779 2128 1835 ad
2155 1796 2241 1836 me
2265 1782 2414 1841 venit
2439 1790 2493 1836 et
2516 1781 2774 1857 visitavit.
2806 1782 2926 1852 Quo
2951 1784 3131 1839 studio
3153 1827 3166 1850 ,
3193 1802 3298 1857 qtto
3321 1785 3516 1842 allectu

193 1861 549 1919 orationibus
577 1861 946 1931 praeliabatur,
973 1863 1189 1935 quando
1216 1865 1270 1921 in
1292 1870 1488 1924 castris
1511 1870 1683 1942 Syriae
1709 1885 1813 1927 vox

193 1959 453 2029 equitum
480 1966 535 2015 et
572 1974 672 2014 vox
706 1960 923 2016 virtutis
951 1974 1160 2032 magna:
1197 1963 1559 2041 audiebatur:
1590 1969 1725 2041 adeo
1757 1979 1814 2027 ut

192 2060 465 2127 putarent
491 2051 612 2124 Syri
630 2053 860 2107 aliorum
881 2069 1068 2126 regum
1091 2056 1350 2113 adversus
1372 2074 1430 2113 se
1447 2062 1634 2119 venire
1655 2079 1815 2118 exer-

192 2144 385 2208 citus,
427 2145 518 2216 qui
563 2145 763 2216 populo
810 2140 977 2203 Israel
1022 2148 1338 2220 adjnmento
1392 2152 1606 2220 forent;
1670 2157 1812 2214 unde

196 2237 449 2317 perculsi
479 2252 673 2310 magno
699 2239 953 2315 fugerunt
983 2257 1211 2312 pavore,
1246 2243 1316 2300 ita
1348 2255 1405 2302 ut
1442 2247 1639 2319 leprosi
1681 2266 1811 2320 qna-

195 2337 377 2409 tuor,
421 2328 511 2399 qtti
540 2323 730 2386 mortis
760 2332 966 2402 egreSsi
1012 2333 1227 2389 fuerant
1277 2335 1587 2404 desiderio,
1633 2349 1812 2396 castra

197 2422 453 2477 hostium
480 2423 944 2494 depra-dareutur.
976 2424 1167 2483 Nonne
1198 2428 1250 2481 in
1278 2412 1585 2485 Macedonia
1613 2432 1811 2487 similia

195 2515 476 2571 Dominus
502 2529 598 2595 per
627 2518 902 2595 orationes
929 2521 1101 2574 sancti
1127 2520 1342 2576 Acholii
1372 2520 1499 2578 fecit
1527 2523 1659 2578 mira
1680 2507 1815 2589 ,iaut

198 2529 476 2571 Dominus
572 2532 598 2572 r
627 2529 902 2595 orationes
929 2529 1101 2574 Sancti
1127 2529 1342 2576 Acholii
1372 2529 1499 2578 fecit
1527 2529 1659 2578 mira
1680 2568 1692 2589 ,
1719 2535 1812 2581 attt

198 2622 388 2681 prope
416 2529 620 2680 magna
641 2608 667 2663 Υ
690 2608 805 2665 Non
833 2611 980 2667 enim
1014 2613 1159 2668 inani
1192 2624 1337 2669 metu
1362 2657 1374 2679 ,
1410 2629 1512 2671 nec
1540 2600 1812 2687 superﬂua

194 2694 525 2783 suspicione
545 2744 560 2767 ,
588 2701 685 2756 sed
719 2702 978 2759 sa'viente
1018 2704 1138 2770 lue,
1170 2714 1225 2779 et
1254 2694 1473 2761 ardenti,
1504 2707 1811 2778 pestilentia

198 2795 512 2866 perturbati
549 2794 714 2874 Gothi
740 2810 804 2853 ac
835 2797 1005 2873 territi
1037 2809 1181 2873 sunt.
1226 2799 1468 2870 Denique
1499 2808 1629 2856 tunc
1657 2801 1811 2872 fuge-

195 2896 340 2944 runt
367 2927 383 2953 ,
414 2893 473 2941 ut
497 2886 826 2943 evaderent:
861 2890 1093 2960 regressi
1134 2900 1322 2963 postea
1353 2907 1543 2963 pacem
1587 2908 1812 2965 rogave-

194 2992 376 3047 runt,
404 2990 465 3038 ut
488 2983 755 3038 viverent.
1140 2966 1145 2979 ’

279 3073 342 3132 8.
389 3073 630 3131 Vidimus
661 3077 842 3145 itaque
888 3075 940 3131 iu
973 3077 1106 3131 tanti
1148 3076 1246 3133 viri
1278 3079 1486 3136 meritis
1530 3079 1810 3155 superiora

199 3168 450 3235 saecula,
507 3176 562 3224 et
607 3182 771 3239 opera
824 3173 1244 3240 prophetarum,
1288 3188 1411 3244 quae
1454 3152 1809 3258 legebamus,
1839 3150 1883 3225 β

199 3262 546 3331 aspeximus.
590 3262 755 3330 Quasi
788 3260 1018 3318 Elisreus
1056 3263 1202 3318 inter
1247 3278 1426 3331 arma,
1463 3266 1604 3321 inter
1632 3267 1808 3337 acies,

200 3357 348 3411 dum
395 3354 559 3421 vixit,
609 3364 857 3435 versatus
906 3368 1017 3435 est,
1070 3355 1276 3411 meritis
1320 3357 1433 3413 suis
1477 3373 1812 3435 componens

204 3450 427 3521 praelia.
452 3448 697 3519 Denique
724 3449 812 3503 ubi
843 3430 1111 3504 Securitas
1139 3430 1580 3507 cobabitantibus
1602 3453 1813 3508 reddita

203 3552 293 3597 est
314 3581 335 3607 ,
363 3540 506 3610 quod
550 3540 671 3609 ipso
700 3538 802 3595 fuit
828 3539 1017 3595 durius
1047 3538 1219 3607 bello,
1253 3551 1500 3596 sanctum
1541 3542 1817 3598 exhalavit

201 3632 494 3702 spiritum.
525 3632 689 3700 Quasi
737 3631 883 3686 Elias
910 3647 1080 3701 usque
1107 3632 1173 3688 ad
1213 3633 1413 3689 casiam
1461 3636 1701 3690 elevatus
1731 3644 1815 3691 est

211 3725 314 3796 (IV
350 3724 480 3797 Reg.
509 3739 567 3790 tt,
601 3724 723 3797 Il),
749 3740 857 3781 non
884 3724 1047 3782 curru
1074 3727 1287 3797 quidem
1316 3728 1505 3798 igneo,
1532 3743 1633 3785 nec
1665 3728 1817 3799 equis

206 3818 431 3888 igneis,
475 3815 576 3872 nisi
623 3816 764 3874 (orte
793 3804 883 3872 illa
929 3831 1035 3873 non
1063 3818 1300 3872 vidimus
1321 3862 1334 3884 ,
1364 3834 1464 3874 nec
1493 3817 1545 3873 in
1578 3833 1819 3873 commo-

211 3914 375 3970 tione
400 3910 579 3968 aeris:
612 3912 709 3968 sed
736 3912 789 3967 in
820 3912 1096 3967 voluntate
1113 3913 1277 3985 εει
1307 3921 1359 3967 ct
1386 3911 1698 3981 placiditate
1720 3911 1818 3968 Dei

210 4005 433 4073 nostri,
464 4014 518 4061 et
559 4017 873 4062 sanctorum
905 4005 1219 4077 angelorum
1254 4004 1473 4072 laetitia,
1509 4004 1599 4074 qui
1647 4004 1712 4060 ad
1756 4020 1819 4062 se

209 4107 433 4154 tantum
461 4097 636 4153 virum
669 4100 932 4155 transisse
959 4097 1388 4169 gratulabantur.

286 4192 351 4246 9.
412 4190 576 4246 Certe
628 4190 880 4247 dubitare
934 4190 1025 4246 illa
1081 4204 1425 4258 nequaquam
1482 4203 1816 4259 possumus,

203 4283 663 4357 quandoquidem
682 4282 888 4355 reliqua
909 4288 1298 4354 congruerunt.
1319 4278 1601 4359 Siquidem
1622 4282 1816 4355 eodem

208 4384 536 4441 momento,
585 4391 695 4448 quo
742 4376 836 4432 ille
877 4375 1054 4431 adhuc
1098 4373 1443 4440 elevabatur,
1492 4374 1645 4453 velut
1684 4389 1820 4461 quo-

202 4472 342 4528 dam
367 4479 394 4507 κ
423 4471 694 4527 melotidis
712 4486 828 4526 sum
854 4468 1085 4525 dimisso
1116 4469 1352 4535 amictu,
1384 4477 1634 4524 sanctum
1668 4470 1815 4540 Any-

1917 1871 2035 1953 ipse
2082 1873 2133 1928 in
2184 1891 2304 1949 me,
2341 1884 2393 1930 ct
2422 1892 2520 1947 ego
2570 1879 2621 1933 in
2667 1893 2790 1931 eum
2835 1878 3133 1933 irruimus!
3166 1880 3283 1947 Quo
3313 1880 3515 1951 gemitu

1916 1965 2056 2019 mala
2084 1964 2240 2019 istius
2268 1968 2450 2021 seaculi
2471 2008 2486 2032 ,
2517 1976 2572 2023 et
2601 1984 2663 2022 ea
2693 1985 2812 2039 qua:
2845 1968 2930 2023 hic
2955 1966 3298 2034 acciderent,
3324 1970 3515 2042 deplo-

1916 2057 2187 2110 ravimus!
2225 2059 2295 2111 ita
2329 2067 2386 2112 ut
2414 2059 2775 2129 lacrqurum
2810 2061 3075 2129 proﬂuvio
3100 2072 3302 2117 vestem
3336 2062 3513 2118 infun-

1912 2149 2164 2205 deremus
2186 2192 2201 2218 ,
2230 2151 2356 2229 dum
2386 2152 2715 2227 salutatione
2737 2154 3145 2233 exoptatissima
3164 2196 3179 2220 ,
3208 2165 3396 2211 mutuo
3419 2156 3513 2212 tle-

1914 2241 2147 2321 siderio,
2191 2250 2246 2297 et
2288 2245 2529 2323 expetito
2554 2243 2643 2298 diu
2690 2243 2957 2312 fruimur,
3008 2245 3349 2301 adltteremus
3394 2264 3511 2301 am-

1914 2332 2095 2402 plexu.
2120 2330 2307 2415 Itaque
2332 2333 2474 2404 quod
2501 2335 2607 2386 voti
2640 2333 2746 2390 mei
2768 2342 2903 2415 erat.
2933 2333 3077 2388 illius
3107 2336 3359 2391 beneﬁcii
3385 2336 3503 2403 fuit,

1913 2422 2041 2494 quia
2070 2423 2221 2507 potui
2252 2425 2399 2505 illum
2442 2425 2649 2480 videro.
2693 2424 2825 2480 Nam
2872 2427 2973 2505 etsi
3008 2426 3179 2509 major
3211 2428 3388 2498 portio
3410 2471 3423 2492 ,
3457 2437 3513 2485 et

1913 2523 2128 2592 plenior
2151 2502 2389 2593 cognitio
2422 2521 2493 2577 sit
2538 2533 2560 2560 ο
2606 2523 2659 2576 in
2688 2522 2915 2607 spiritu,
2948 2502 3055 2592 quo
3086 2521 3393 2605 diligimus;
3426 2530 3508 2577 ta-

1913 2632 2035 2671 men
2063 2615 2221 2693 etiam
2248 2617 2299 2698 iu
2326 2617 2493 2693 ligura
2515 2616 2761 2686 corporis
2785 2615 2971 2671 videre
2996 2614 3392 2693 desideramus.
3420 2616 3511 2673 Sic

1911 2708 2198 2779 aliquando
2226 2724 2380 2780 reges
2413 2700 2571 2764 terra:
2611 2708 2927 2779 quaerebant
2955 2706 3150 2763 faciem
3197 2707 3509 2765 Salomonis

1912 2784 2130 2867 videre,
2159 2810 2214 2855 et
2241 2801 2430 2857 audire
2460 2800 2578 2870 ejus
2618 2800 2945 2871 sapientiam
2977 2799 3070 2879 (lIl
3103 2799 3236 2870 Reg.
3271 2816 3325 2867 χ,
3351 2799 3467 2869 ει).

1987 2894 2074 2948 Il.
2118 2893 2373 2949 DisceSsit
2402 2894 2562 2964 igitur
2589 2909 2617 2947 a
2651 2894 2835 2959 nobis,
2869 2900 2925 2947 et
2952 2908 3051 2946 nos
3078 2892 3131 2971 in
3166 2891 3268 2952 huc
3293 2890 3514 2960 reliquit

1912 2986 2067 3040 salo:
2098 2985 2194 3061 sed
2240 2985 2382 3059 quod
2431 2983 2507 3039 illi
2560 2984 2730 3057 utile,
2777 2984 2827 3038 id
2873 2984 3055 3039 multis
3083 2984 3200 3054 ipso
3229 2983 3512 3038 barbarico

1912 3077 2098 3135 furore
2126 3086 2209 3132 cst
2235 3077 2482 3149 gravius;
2515 3077 2640 3148 quia
2682 3078 2831 3133 illum
2862 3077 2963 3131 iste
2992 3075 3296 3148 depellebat
3320 3118 3336 3145 ,
3372 3076 3517 3133 hunc

1920 3172 2075 3226 nobis
2124 3173 2246 3261 quis
2293 3171 2494 3243 poterit
2540 3171 2980 3243 repraesentare?
3011 3170 3114 3226 Sed
3163 3179 3520 3247 reprtescntat

1920 3262 2213 3327 Dominus,
2245 3274 2298 3318 et
2330 3279 2388 3319 sc
2420 3264 2534 3337 ipse
2567 3266 2617 3317 in
2662 3261 2933 3333 discipulo
2979 3271 3355 3331 repraesentat.
3406 3263 3512 3317 lie-

1918 3363 2245 3431 pra-sentant
2274 3353 2475 3429 judicia
2504 3366 2682 3409 vestra
2704 3398 2717 3422 ,
2748 3356 2943 3426 quibus
2986 3354 3188 3409 dictum
3221 3363 3303 3407 est
3334 3372 3346 3409 :
3378 3351 3514 3408 Date

1919 3448 2039 3525 Levi
2086 3436 2384 3525 manifestos
2430 3450 2575 3520 ejus,
2627 3457 2672 3503 et
2723 3450 2988 3503 veritatem
3032 3464 3179 3511 suam
3206 3448 3311 3501 viro
3337 3457 3516 3502 sancto

1919 3524 2356 3619 (Deutnxrtxm,
2414 3539 2525 3614 18).
2575 3540 2808 3595 Detlistis
2858 3540 3202 3597 manifestum
3235 3539 3374 3607 ejus,
3429 3550 3502 3593 ut-

1919 3643 2045 3704 pote
2066 3635 2187 3702 ejus
2209 3633 2549 3697 institutione
2577 3631 2857 3684 inndatum
2889 3648 2900 3682 :
2929 3628 3156 3683 dedistis
3183 3629 3511 3682 imitatorem

1920 3726 2021 3782 viri
2052 3726 2168 3793 ejus
2191 3767 2205 3789 ,
2239 3728 2327 3794 qui
2360 3723 2497 3776 dixit
2518 3723 2656 3791 patri
2692 3736 2790 3775 suo
2809 3728 2863 3775 et
2891 3720 3046 3773 matri
3075 3714 3187 3773 ξιιιῇ
3215 3735 3227 3770 ;
3262 3716 3384 3771 Νοιι
3415 3719 3519 3771 ridi

1924 3831 1971 3872 te
2002 3817 2200 3889 (lbid.,
2227 3815 2321 3887 9);
2350 3822 2404 3868 et
2428 3815 2622 3868 fratres
2651 3830 2778 3867 suos
2804 3828 2906 3865 non
2931 3811 3124 3874 scivit,
3155 3822 3205 3865 et
3233 3810 3374 3864 lilios
3399 3826 3509 3869 non

1922 3904 2599 3979 recognovit:custodivit
2647 3904 2870 3959 verbum
2924 3902 3178 3977 Domini,
3227 3910 3281 3957 ct
3322 3902 3514 3958 Testa-

1923 4008 2161 4057 mentum
2191 4000 2307 4068 ejus
2334 3996 2665 4053 observavit.
2695 3995 3003 4063 Narrabunt
3035 3996 3216 4066 populi
3250 3994 3514 4066 justitiam

1921 4095 2039 4163 ejus
2079 4078 2252 4165 (Ecci.
2287 4106 2434 4152 xuv,
2463 4088 2574 4159 15).
3259 4072 3263 4080 ’

1998 4186 2084 4259 i2.
2127 4185 2274 4249 Talis
2304 4185 2404 4267 virj
2434 4184 2574 4261 vita,
2612 4182 2738 4237 talis
2771 4180 3060 4236 baereditas
3088 4191 3202 4251 est.
3238 4183 3360 4236 talis
3390 4197 3521 4255 con-

1922 4281 2185 4349 versatio,
2238 4278 2358 4359 talis
2394 4276 2689 4347 successio.
2739 4275 2834 4341 Ille
2883 4289 2941 4330 se
2992 4273 3341 4355 monasteriis
3386 4288 3520 4359 puer

1922 4370 2109 4436 dedit,
2160 4381 2214 4426 et
2241 4354 2685 4439 intra'Acbaiam'
2716 4376 2948 4439 angusto
2988 4354 3209 4443 clausus
3258 4354 3474 4436 tugurio
3501 4406 3517 4429 ,

1919 4448 2101 4539 822‘
2133 4466 2300 4545 gratia
2347 4449 2527 4520 tamen
2570 4464 2859 4545 multarum
2912 4472 3179 4518 terrarum
3214 4458 3528 4531 peragravit

200 4565 359 4619 cium
384 4563 707 4632 discipulum
736 4578 892 4620 suum
925 4562 1133 4631 induit,
1175 4570 1232 4617 et
1259 4562 1340 4619 sui
1369 4562 1585 4618 vestivit
1623 4562 1808 4619 infulis
1840 4542 1891 4619 Ι)
1915 4543 2166 4639 divortia.
2205 4542 2282 4613 Ad
2314 4542 2581 4612 summum
2613 4555 2976 4612 sacerdotium
3022 4572 3049 4607 a
3095 4552 3457 4608 Macedonicis
3491 4553 3519 4591 ἀ

204 4654 514 4712 sacerdotii
543 4656 737 4739 :cujtts
765 4642 1021 4712 meritum
1049 4662 1105 4712 et
1130 4654 1361 4734 gratiam
1392 4672 1497 4711 non
1528 4670 1672 4711 mtnc
1695 4656 1809 4727 pri-

290 4917 319 4968 e
359 4905 567 4971 uelutis
588 4902 722 4967 nihil
742 4900 890 4963 aliud
911 4909 995 4959 est
1015 4915 1176 4971 quam
1204 4898 1537 4970 pellisoviua
1564 4916 1579 4965 ;
1604 4899 1811 4971 quippe

207 4979 364 5057 Quod
395 4970 731 5057 ovis-Graec.
751 4975 908 5057 εξῇᾉρν
930 4970 1162 5057 dicatur.
1190 4971 1663 5057 Qttautvi'sva‘j'ttept
1690 4970 1811 5057 .ltnc

206 5034 361 5108 foco
377 5034 643 5119 przecipue
660 5034 732 5119 ad
751 5034 895 5119 'Eliie
908 5116 915 5119 Α
928 5041 1147 5119 pallium
1164 5034 1367 5119 (quod
1403 5034 1547 5094 LXX
1575 5034 1808 5119 aptam

210 5112 419 5179 vocarit
438 5160 452 5180 .
485 5112 802 5173 Anthrosius
848 5115 1090 5179 aliudat;
1136 5112 1278 5167 nihil
1308 5121 1487 5166 tamen
1517 5112 1768 5180 prohibet
1790 5152 1805 5177 ,

209 5194 350 5265 quin
394 5191 544 5265 illum
568 5202 635 5251 ca
659 5202 790 5265 voce
820 5195 1104 5265 propterea
1132 5186 1300 5265 etiam
1327 5198 1488 5236 usum
1519 5189 1808 5265 putemus,

214 5253 277 5319 ιῖι
306 5260 639 5331 signiﬁcaret
667 5256 957 5331 Acbulium
991 5256 1043 5308 in
1075 5256 1395 5331 episcopatu
1428 5253 1810 5331 quoqueAreti-

217 5323 407 5399 nuisse
432 5343 635 5399 Vestem
669 5328 1044 5399 monasticam.
1072 5325 1284 5399 Etenim
1311 5339 1417 5381 non
1446 5324 1621 5378 solum
1644 5323 1815 5399 Atha-

216 5394 410 5471 nasius
444 5398 732 5471 Antonium
764 5414 831 5453 eo
855 5394 1152 5471 indumtlnti
1176 5394 1374 5471 genere
1402 5410 1568 5471 usum
1588 5396 1778 5471 scribit
1799 5435 1815 5459 ,

213 5470 315 5534 sed
344 5466 667 5528 illud‘et‘iam
686 5464 982 5541 commune
1004 5464 1293 5541 AEsyptiis
1322 5464 1602 5541 monachis
1650 5466 1818 5541 fuisse

214 5564 285 5606 ex
334 5544 629 5621 Cassiano,
676 5538 950 5615 palladii),
999 5538 1223 5617 Socrate
1271 5548 1433 5619 atque
1469 5539 1588 5592 aliis
1614 5538 1822 5609 cogno—

348 5631 380 5671 8
401 5625 506 5671 εει.

216 5631 380 5699 scej'e
401 5630 506 5693 est.
946 5684 960 5700 ι
1619 5686 1633 5700 .

216 5682 477 5820 minii."
494 5683 1823 5820 ἐὲςέξιιῖθῗΐὲνὲὣθὲδιιὲ⁰ἳέἐέὲῖξὲνοόἓὲιεὲ¹ὲξι¹ὶξ

213 5752 473 5850 primum
494 5752 708 5831 Αιιοιιι
728 5752 883 5840 "tith
906 5752 1222 5837 "nimimile
1252 5752 1438 5829 n'Os'tt-o
1474 5752 1823 5843 congressum

1915 4656 2231 4711 obsecratus
2285 4654 2526 4725 populis,
2578 4652 2784 4707 electus
2814 4666 2843 4704 a
2897 4648 3308 4712 sacerdotibus;
3343 4645 3523 4700 utubi

2359 4730 2371 4755 Ι

1909 4912 2056 4953 anno
2081 4894 2190 4953 582
2219 4895 2548 4961 attribuunt;
2580 4910 2703 4949 eum
2734 4895 2945 4952 scilicet
2977 4897 3068 4951 ille
3098 4897 3150 4951 in
3192 4895 3401 4951 Italiam
3434 4913 3526 4953 te-

1912 4971 2026 5035 nit,
2054 4967 2287 5023 concilio
2316 4966 2463 5037 quod
2494 4966 2688 5022 eodem
2719 4977 2963 5022 vertente
2994 4983 3137 5023 anno
3163 4968 3350 5023 Romae
3375 4969 3528 5025 habi-

1912 5044 2060 5101 tum,
2104 5038 2300 5108 cuique
2348 5037 2694 5105 Ambrosium
2743 5039 2904 5092 etiam
2954 5037 3267 5095 interfuisse
3294 5040 3525 5107 dicunt,

1913 5124 2155 5180 praesens
2183 5108 2413 5180 futurus.
2661 5179 2667 5180 γ
2710 5179 2715 5180 γ
2820 5108 2825 5115 ’
2860 5179 2865 5180 γ
3068 5108 3073 5117 ’

1992 5191 2013 5221 ε
2055 5179 2257 5234 Omnes
2302 5179 2461 5253 edi_t.,
2492 5179 2545 5232 in
2586 5179 2777 5253 spiritu
2818 5179 2991 5253 uidere
3014 5222 3030 5247 ,
3064 5197 3192 5248 quos
3219 5182 3524 5253 diligimus;

1916 5267 2105 5305 omnes
2133 5264 2261 5305 mss.
2298 5251 2553 5305 omittunt
2584 5250 2798 5323 qttitletn
2834 5251 3055 5323 verbum
3080 5253 3287 5315 videre;
3310 5250 3402 5309 sed
3427 5272 3521 5323 pn-

1918 5326 2085 5405 tiores
2128 5330 2333 5395 tantum
2379 5336 2480 5407 pro
2509 5337 2636 5395 quos
2664 5322 2956 5393 diligimus,
3007 5322 3210 5379 habent
3247 5340 3348 5401 quo
3397 5322 3521 5380 dili-

1920 5409 2109 5467 gmina.

1992 5460 2019 5501 ἀ
2060 5460 2295 5527 Adverte
2324 5463 2429 5535 hoc
2456 5464 2576 5518 loco
2600 5463 2817 5535 populis
2849 5480 2954 5519 non
2987 5464 3217 5535 eligendi
3252 5476 3345 5532 aut
3366 5466 3527 5535 iusti-

1921 5536 2106 5597 tuendi
2139 5532 2374 5606 episcopi
2399 5578 2413 5602 ,
2445 5536 2539 5592 sed
2563 5532 2881 5593 obsecrandi
2904 5544 2960 5592 et
2982 5532 3285 5604 postulandi
3312 5532 3519 5593 tantum

1916 5608 2282 5748 jvuesrgéhribpi.
2321 5611 2397 5667 De
2446 5623 2554 5691 quo
2585 5624 2683 5689 nos
2715 5609 2925 5691 plenius
2971 5607 3109 5685 inira
3161 5609 3211 5683 ip
3244 5611 3404 5685 epist.

1975 5690 2161 5747 ercell.
2268 5690 2277 5691 “
3502 5690 3511 5703 ’
