3936 6168
462 308 568 368 959

1789 299 2035 359 SANC'II
2072 298 2394 359 AMBROSII

3653 299 3772 355 960

456 437 583 484 ante
610 426 744 481 fides
771 433 797 460 α
827 435 920 493 per
950 417 1288 476 sacerdotem
1315 417 1702 486 claudebatur,
1745 417 1818 474 ibi
1863 429 2051 488 postea
2079 417 2136 479 Α
2157 420 2224 474 ad
2271 418 2576 475 subsidium
2602 436 2616 485 ;
2650 420 2721 475 ita
2754 421 2900 476 enim
2930 419 3189 476 aﬂ'ecerat
3231 431 3433 489 corpus
3463 431 3624 473 suum
3653 459 3668 483 ,
3703 427 3775 474 ut

462 532 563 588 per
603 511 942 570 sacerdotem
973 512 1202 568 muralia
1235 511 1588 570 fundamenta
1615 511 1738 569 ﬁdei
1769 514 2062 569 eonfirma-
2164 512 2218 568 in
2247 529 2312 568 eo
2340 513 2600 569 mundum
2627 515 3004 586 crucifigeret,
3049 522 3104 569 et
3131 511 3337 566 mundo
3381 512 3772 581 semetipsum.

468 616 677 664 rentur.

537 701 628 756 i5.
669 697 698 738 δ
729 697 848 755 Non
887 697 992 754 alia
1018 698 1180 754 etiam
1210 697 1329 769 ejns
1371 697 1670 764 discipulus
1717 697 2020 754 imitatione
2045 739 2062 765 ,

466 795 558 866 qui
589 803 644 850 et
683 793 802 865 ipse
829 792 962 846 dixit
1003 792 1141 858 patri
1170 806 1265 845 suo
1294 799 1340 845 et
1367 792 1521 845 matri
1549 806 1656 845 sua:
1679 807 1698 844 :
1727 788 1846 844 Non
1886 790 1990 844 vidi
2017 799 2066 844 te

468 889 652 964 (Deut.
689 903 887 953 χχχιιι,
915 887 950 942 9
979 896 1026 940 el
1053 886 1208 958 seq.).
1241 885 1357 941 Non
1386 886 1520 941 vidit
1540 885 1686 940 enim
1713 884 1927 950 studio,
1959 899 2065 939 non

477 981 609 1037 vidit
637 979 834 1036 affectu
860 996 875 1044 ;
905 987 960 1034 et
990 978 1184 1034 fratres
1215 992 1343 1033 suos
1374 992 1479 1032 non
1509 977 1698 1039 scivit,
1725 976 1852 1047 quia
1881 976 2068 1030 Domi-

467 1091 596 1132 num
645 1073 790 1128 scire
839 1071 1196 1126 desideravit.
1245 1069 1310 1124 Et
1342 1069 1430 1124 hic
1474 1069 1794 1138 recognovit
1841 1066 2067 1122 verbum

474 1168 728 1234 Domini,
759 1176 814 1224 et
832 1165 1128 1221 custodivit
1156 1173 1542 1220 testamentum
1571 1161 1720 1232 ejus,
1751 1170 1803 1218 et
1833 1161 2073 1230 imponet

471 1262 740 1319 honorem
791 1260 845 1316 in
895 1275 989 1315 ara
1034 1261 1156 1327 ejus
1201 1273 1439 1328 semper.
1490 1255 1760 1320 Benedic,
1810 1253 2070 1322 Domine,

473 1356 635 1412 ﬁdem
682 1354 833 1424 ejus,
886 1352 1237 1408 sanctitatem
1269 1392 1284 1416 ,
1335 1349 1700 1406 sedulitatem.
1760 1345 2075 1402 Benedictio

473 1461 563 1508 tua
613 1450 796 1506 veniat
850 1463 1016 1518 super
1064 1455 1226 1515 caput
1275 1445 1425 1514 ejus,
1483 1453 1540 1498 et
1593 1457 1760 1512 super
1806 1440 2072 1496 cervicem

477 1542 667 1614 ipsius.
700 1540 785 1595 Sit
827 1538 1158 1594 honorificus
1203 1535 1346 1590 inter
1392 1533 1591 1589 fratres
1636 1548 1803 1588 suos:
1832 1533 1901 1586 sit
1928 1533 1980 1585 in
2007 1545 2077 1586 eo

474 1634 614 1690 tauri
638 1631 880 1703 species;
915 1639 976 1685 ut
1005 1627 1235 1684 ventilet
1259 1625 1424 1682 corda
1459 1624 1803 1680 inimicorum
1829 1638 2075 1688 suorum,

473 1736 531 1782 et
559 1734 871 1779 sanctorum
901 1730 1112 1776 mentes
1138 1720 1447 1775 demulceat
1473 1761 1488 1786 ,
1515 1729 1568 1774 et
1597 1717 1858 1786 judicium
1889 1731 2076 1772 sacer-

2237 609 2290 664 3.
2317 608 2643 664 Benedictus
2673 609 2960 676 Dominus,
2990 615 3047 662 et
3077 605 3362 661 benedicta
3397 605 3779 661 adolescentia

2166 701 2307 770 ejus,
2337 717 2497 772 quam
2527 703 2705 772 exegit
2728 703 2781 757 in
2809 700 3172 757 tabernaculis
3205 699 3298 754 Dei
3321 698 3494 754 Jacob
3518 739 3534 764 ,
3565 700 3782 767 positus

2170 793 2221 848 in
2253 794 2620 857 monasteriis,
2646 794 2696 849 in
2729 794 2923 862 quibus
2949 809 3073 849 cum
3105 800 3498 862 quzereretura
3535 792 3786 861 parenti-

2170 889 2271 944 bus
2299 887 2379 942 vel
2407 889 2668 958 proximis
2689 931 2702 953 ,
2735 887 2952 942 dicebat
2976 905 2989 941 :
3027 887 3128 954 Qui
3155 895 3272 940 sunt
3301 887 3494 954 fratres
3522 886 3640 948 mei,
3684 895 3787 941 aut

2170 996 2286 1050 qute
2311 990 2474 1034 mater
2510 997 2621 1034 mea
2651 979 2868 1052 (Matth.
2902 995 3013 1046 χιι,
3057 977 3187 1049 18)ῒ
3216 977 3332 1032 Non
3370 977 3498 1032 novi
3533 987 3738 1046 patrem
3760 1019 3785 1046 ,

2173 1073 2256 1128 vel
2281 1085 2543 1139 matrem,
2579 1073 2665 1130 vel
2697 1073 2891 1129 fratres
2924 1089 3108 1139 meos;
3139 1073 3240 1128 nisi
3271 1073 3364 1144 qui
3392 1074 3625 1128 audiunt
3654 1089 3794 1129 ver-

2174 1169 2300 1224 bum
2335 1167 2464 1234 Dei,
2490 1177 2542 1222 et
2567 1168 2789 1224 faciunt.
2825 1167 3153 1223 Benedictus
3179 1167 3344 1223 etiam
3385 1167 3794 1238 processusju-

2175 1260 2412 1315 ventutis
2445 1259 2637 1328 ipsius,
2673 1261 2723 1314 in
2748 1275 2850 1331 qua
2881 1259 2945 1314 ad
2973 1275 3248 1315 summum
3277 1270 3299 1298 ο
3337 1258 3552 1314 electus
3575 1269 3664 1314 est
3691 1274 3795 1315 sa-

2175 1353 2499 1418 cerdotium,
2528 1363 2742 1409 maturo
2758 1352 2869 1423 jam
2905 1354 3166 1422 probatus
3189 1353 3445 1407 virtutum
3478 1353 3792 1424 stipendio.

2179 1446 2338 1504 Venit
2379 1446 2525 1500 enim
2552 1455 2822 1516 tamquam
2861 1443 3031 1499 David
3064 1443 3130 1498 ad
3164 1458 3354 1515 pacem
3390 1443 3580 1514 populi
3607 1442 3801 1499 refor-

2179 1537 2515 1610 mandam(ll
2534 1535 2667 1610 Reg.
2697 1553 2752 1603 v,
2785 1537 2863 1608 5).
2895 1536 3056 1592 Venit
3089 1549 3362 1608 tamquam
3384 1535 3476 1590 illa
3505 1536 3661 1589 navis
3689 1549 3802 1589 au-

2180 1651 2298 1690 rum
2334 1648 2519 1688 secum
2554 1631 2900 1702 intelligibile
2929 1631 3166 1693 vehens.
3200 1640 3256 1685 et
3285 1629 3434 1700 ligna
3457 1628 3703 1697 cedrina,
3730 1638 3803 1685 et

2183 1725 2388 1796 lapides
2417 1724 2688 1794 pretiosOS
2721 1721 2789 1795 (ll
2813 1721 2999 1777 Paral.
3034 1739 3110 1784 Ix,
3141 1720 3257 1792 21),
3287 1718 3314 1757 ά
3341 1730 3396 1777 et
3418 1721 3548 1777 illas
3577 1722 3803 1777 colum-

485 1819 675 1873 dotntn
722 1825 936 1870 tuorum
970 1814 1024 1870 in
1055 1828 1122 1868 eo
1165 1813 1304 1868 sicut
1334 1812 1504 1868 lilium
1551 1809 1746 1866 ﬂoreat
1772 1807 1964 1882 (lbid.,
2012 1808 2080 1863 16
2111 1803 2160 1866 Β
2188 1818 2270 1873 ba;
2302 1830 2508 1889 pennas
2537 1815 2952 1886 dear-gemmas,
2995 1813 3195 1885 quibus
3232 1812 3446 1869 medias
3485 1813 3634 1867 ῖηιει-
3672 1825 3804 1866 sor-

487 1921 536 1966 et
565 1911 701 1981 seq).
730 1906 920 1965 Valete
939 1949 954 1976 ,
989 1908 1212 1971 fratres,
1239 1917 1296 1962 et
1316 1906 1522 1978 diligite
1549 1921 1636 1961 me
1660 1921 1674 1971 ;
1697 1903 1820 1976 quia
1851 1918 1954 1974 ego
1981 1916 2078 1957 vos

486 2003 678 2074 diligo.

1016 2093 1354 2151 EPISTOLA
1395 2091 1533 2149 XVI.

477 2193 676 2249 AMSto
710 2191 765 2245 in
791 2189 996 2245 Acholii
1027 2190 1201 2244 locum
1229 2205 1406 2244 recens
1433 2186 1632 2242 adscito
1661 2185 1992 2259 gratulatur,
2033 2192 2081 2238 et

553 2283 835 2340 decessoris
862 2282 1293 2346 sanctimoniam,
1317 2279 1719 2335 adolescentiam
1739 2279 1793 2332 in
1818 2286 2081 2332 monaste-

554 2378 635 2431 rio
659 2387 922 2442 exactam,
965 2384 1201 2430 ornatam
1226 2373 1495 2428 virtutibus
1514 2374 1836 2444 juventutem
1856 2410 1872 2438 ,
1901 2384 2084 2422 cumu-

561 2472 822 2541 latamque
851 2478 1158 2524 senectutem
1205 2467 1426 2522 laudans
1449 2508 1463 2533 ,
1493 2474 1548 2520 ut
1585 2465 1812 2537 Anysius
1855 2462 2083 2536 ejusdem

556 2564 856 2618 meritorum
880 2578 1142 2617 successor
1167 2560 1258 2630 ﬁat
1279 2602 1293 2626 ,
1322 2568 1651 2630 apprecatur.

756 2658 1057 2710 Auanosws
1089 2653 1382 2724 episcOpus
1411 2652 1618 2706 Aassw
1648 2649 1828 2706 fratri.

559 2751 609 2802 1.
651 2748 980 2804 Iamdudum
1009 2757 1190 2810 teneo,
1219 2745 1322 2799 etsi
1356 2759 1499 2799 nunc
1530 2743 1761 2812 primum
1786 2743 1942 2814 lego;
1972 2758 2086 2799 me-

486 2842 713 2913 ritisque
731 2852 1069 2911 compertum
1095 2839 1288 2902 habeo,
1314 2852 1473 2907 quem
1498 2835 1668 2890 oculis
1696 2850 1800 2888 non
1821 2835 2080 2889 videram.

488 2934 660 2989 Doleo
699 2931 916 3004 quidem
962 2931 1091 2986 illud
1129 2926 1427 2992 accidisse,
1471 2926 1566 2982 sed
1609 2927 1715 2980 hoc
1755 2925 2085 2982 successisse

487 3026 726 3096 gaudeo;
761 3025 886 3094 quia
937 3021 1093 3086 licet,
1141 3019 1438 3089 superstite
1477 3033 1594 3085 me,
1627 3034 1734 3074 non
1780 3019 2084 3089 optaverim

489 3117 621 3172 illud
645 3115 992 3184 contingere;
1015 3111 1233 3182 speravi
1251 3121 1456 3177 tamen,
1482 3119 1608 3180 post
1629 3110 1771 3165 illius
1785 3111 1960 3165 sancti
1983 3111 2082 3165 viri

2185 1921 2270 1968 tes
2305 1925 2500 1966 somno
2541 1911 2690 1981 pacis
2735 1919 2789 1965 et
2827 1907 3234 1979 tranquillitatis
3282 1921 3486 1978 sopore
3530 1905 3805 1962 dormivit

2184 2004 2358 2077 (Psnl.
2391 2019 2554 2071 vatt,
2582 2002 2697 2073 14).

2256 2098 2309 2152 tl.
2341 2097 2440 2152 Est
2465 2097 2611 2152 enim
2658 2104 2972 2151 sanctorum
3015 2095 3177 2152 etiam
3207 2107 3434 2149 somnus
3464 2093 3758 2163 operarius
3783 2133 3802 2159 ,

2185 2188 2481 2246 secundum
2519 2187 2663 2259 quod
2705 2187 2972 2258 scriptum
3029 2195 3146 2242 est:
3176 2185 3290 2258 Ego
3335 2186 3570 2250 dormio,
3609 2195 3658 2240 et
3702 2202 3806 2239 cor

2186 2299 2357 2337 meum
2388 2282 2566 2352 vigilat
2595 2279 2768 2354 (Cant.
2798 2296 2852 2346 v,
2893 2279 2975 2350 2).
3017 2279 3086 2335 Et
3109 2279 3410 2334 secundum
3441 2279 3589 2349 quod
3610 2279 3800 2333 Jacob

2187 2385 2408 2432 sanctus
2439 2373 2592 2448 (Gen.
2626 2390 2792 2429 xxvm
2815 2416 2828 2439 ,
2862 2375 2983 2444 15),
3017 2373 3203 2429 divina
3231 2373 3514 2429 dormiens
3570 2373 3804 2430 videbat

2187 2470 2471 2542 mysteria,
2501 2484 2621 2539 qua:
2646 2467 2878 2539 vigilans
2902 2483 3008 2522 non
3036 2467 3277 2533 viderat,
3306 2467 3376 2523 de
3403 2467 3548 2524 «elo
3578 2466 3648 2522 ad
3674 2477 3801 2524 ter-

2188 2577 2278 2616 ras
2300 2576 2482 2618 aerem
2515 2561 2758 2631 pervium
2783 2563 3010 2627 sanctis,
3042 2560 3426 2629 respicientem
3450 2559 3755 2617 Dominum
3780 2603 3796 2626 ,

2187 2663 2244 2710 et
2263 2656 2606 2727 pollicentem
2637 2664 2794 2711 terrze
2821 2654 2939 2724 ejus
2973 2653 3398 2724 possessionem.
3424 2655 3612 2726 Itaque
3637 2656 3807 2712 brevi

2188 2764 2382 2806 somno
2429 2747 2703 2804 dormiens
2755 2747 3098 2817 impetravit,
3151 2747 3295 2818 quod
3347 2763 3550 2819 magno
3601 2747 3809 2804 labore

2189 2853 2378 2912 postea
2408 2843 2694 2910 acquisivit
2733 2840 3024 2896 baereditas
3067 2840 3206 2911 ejus.
3246 2840 3343 2896 Est
3385 2841 3536 2896 enim
3566 2855 3808 2897 somnus

2187 2944 2498 2989 sanctorum
2537 2933 2759 2989 feriatus
2797 2933 2865 2990 ab
2893 2933 3146 2988 omnibus
3177 2934 3428 3003 corporis
3469 2935 3804 3004 voluptati-

2192 3029 2293 3084 bus
2315 3070 2331 3097 ,
2353 3029 2422 3084 ab
2449 3029 2598 3084 omni
2641 3031 2806 3084 animi
2855 3031 3262 3100 perturbatione
3286 3073 3300 3097 ,
3335 3031 3809 3101 tranquillitatem

2192 3125 2360 3180 menti
2388 3123 2655 3179 invehens
2680 3165 2695 3190 ,
2733 3124 3104 3193 placiditatem
3144 3125 3372 3190 animm;
3421 3134 3484 3180 ut
3517 3135 3808 3196 tamquam

489 3209 716 3268 exitum,
738 3205 845 3259 hoc
863 3203 1043 3258 solum
1070 3216 1228 3272 posse
1253 3201 1445 3256 merito
1472 3202 1790 3258 succedere.
1809 3202 2082 3258 Tenemus
2112 3195 2158 3258 C
2189 3217 2364 3271 solum
2395 3232 2536 3272 nexu
2565 3217 2812 3284 corporis
2828 3231 2888 3272 se
2915 3217 3150 3284 ablevej’
3170 3227 3227 3272 ει
3253 3216 3473 3272 Christo
3489 3195 3805 3274 adigam-cal.

489 3312 621 3368 ergo
654 3306 707 3351 te
729 3303 934 3350 saneta:
965 3294 1242 3348 memoria:
1268 3292 1478 3348 Acbolii
1502 3293 1705 3349 dudum
1732 3293 2086 3362 discipulum,

484 3403 629 3444 nunc
675 3401 1050 3443 successorem
1077 3428 1092 3453 ,
1143 3384 1530 3458 haeredemque
1584 3386 1704 3456 ejus
1738 3387 1824 3442 vel
1861 3386 2090 3442 honoris

486 3482 571 3538 vel
601 3481 812 3552 gratiae.
847 3479 1098 3550 Magnum
1128 3479 1384 3535 meritum
1411 3521 1426 3546 ,
1473 3481 1661 3534 frater.
1689 3477 1915 3535 Gaudeo
1945 3478 2040 3534 tibi
2072 3520 2086 3544 ,

494 3589 564 3630 ne
590 3588 698 3629 uno
720 3571 940 3644 quidem
971 3582 1250 3629 momento
1272 3573 1339 3629 de
1369 3586 1690 3628 successore
1718 3573 1848 3627 tanti
1872 3573 2088 3628 dubita-

490 3676 604 3722 tum
651 3666 773 3721 viri.
827 3664 892 3720 Et
941 3680 1194 3736 magnum
1239 3680 1412 3729 onus,
1443 3663 1652 3730 frater,
1687 3665 1820 3720 tanti
1855 3665 2091 3721 nominis

489 3759 706 3831 pondus
751 3757 998 3821 subisse,
1049 3768 1214 3813 tantae
1261 3759 1454 3824 librae,
1502 3757 1748 3828 tantique
1796 3757 2089 3812 examinis.

487 3852 762 3922 aneritur
792 3851 846 3906 in
879 3861 931 3908 te
957 3851 1218 3909 Acholius
1240 3869 1254 3908 :
1275 3862 1330 3908 et
1354 3852 1496 3908 sicut
1516 3865 1636 3907 erat
1665 3853 1718 3908 in
1747 3852 1946 3909 affectu
1977 3865 2088 3922 tuo,

498 3948 574 4001 ita
608 3947 661 4002 in
684 3946 878 4004 officiis
924 3947 1272 4004 desideratur
1317 3949 1463 4004 illius
1512 3950 1731 4006 virtutis
1755 3993 1772 4017 ,
1836 3951 1984 4006 illius
2012 3951 2095 4007 di-

496 4037 746 4108 sciplime
775 4039 1011 4111 effigies,
1045 4041 1191 4096 illius
1222 4040 1484 4098 fortitudo
1511 4043 1679 4099 animi
1711 4043 1764 4099 in
1790 4052 1897 4100 tam
1933 4045 2090 4101 senili

498 4143 753 4199 corpore.

560 4222 617 4278 2.
663 4222 812 4292 Vidi,
847 4224 1055 4293 fateor,
1090 4227 1306 4294 virum;
1340 4243 1463 4283 nam
1497 4236 1550 4283 et
1582 4227 1688 4286 hoc
1716 4228 1925 4286 meritis
1949 4230 2094 4286 illius

492 4317 670 4374 debeo
693 4359 708 4384 ,
743 4319 886 4390 quod
934 4318 1088 4374 illum
1119 4320 1384 4375 viderim:
1414 4321 1524 4376 vidi
1569 4322 1642 4376 ita
1674 4323 1826 4378 illum
1869 4339 1993 4380 esse
2038 4325 2092 4379 in

492 4426 726 4482 corpore
751 4452 766 4478 ,
801 4419 858 4465 ut
887 4423 1039 4466 extra
1071 4426 1274 4480 corpus
1320 4422 1607 4482 putarem:
1642 4413 1750 4470 vidi
1799 4416 2094 4486 imaginem

489 4503 672 4570 illius,
705 4504 794 4574 qui
848 4518 910 4558 se
956 4504 1072 4558 sive
1104 4503 1157 4558 in
1189 4519 1463 4574 corpore,
1515 4505 1632 4560 sive
1692 4513 1847 4562 extra
1890 4523 2093 4580 corpus

2263 3306 2316 3361 5.
2351 3308 2450 3363 Hic
2475 3315 2556 3364 est
2583 3322 2812 3364 somnus
2841 3309 2952 3363 vita
2981 3317 3301 3364 sanctorum
3323 3350 3340 3377 ,
3383 3324 3549 3380 quam
3581 3310 3812 3366 vivebat

2193 3411 2418 3456 sanctus
2445 3401 2727 3468 Acbolius,
2759 3404 2914 3472 cujus
2961 3402 3250 3458 benedicta
3299 3404 3466 3458 etiam
3513 3411 3806 3461 senectus.

2192 3493 2312 3564 Ipsa
2345 3502 2429 3549 est
2455 3509 2585 3550 vere
2611 3505 2868 3550 senectus
2900 3495 2989 3551 illa
3021 3496 3375 3562 venerabilis,
3404 3513 3529 3567 qua:
3561 3513 3673 3552 non
3704 3513 3811 3555 ea-

2193 3586 2277 3640 nis
2303 3627 2318 3652 ,
2349 3586 2446 3642 sed
2480 3586 2692 3642 meritis
2719 3588 2949 3644 albescit
2981 3588 3137 3662 (Sap.
3167 3605 3219 3643 tv
3244 3629 3261 3655 ,
3303 3589 3393 3659 8);
3441 3605 3506 3644 ea
3534 3600 3619 3646 est
3648 3589 3808 3646 enim

2195 3679 2494 3736 reverentia
2520 3681 2770 3748 canities,
2795 3698 2916 3752 quae
2929 3694 3013 3738 est
3036 3683 3267 3740 canities
3288 3685 3486 3740 anima:
3511 3727 3526 3751 ,
3551 3685 3605 3740 in
3640 3688 3812 3742 canis

2194 3773 2618 3844 cogitationibus
2647 3783 2702 3830 et
2730 3775 2988 3844 Operibns
3027 3775 3314 3848 effulgens.
3345 3777 3486 3845 Qum
3530 3788 3615 3833 est
3644 3780 3808 3834 enim

2195 3881 2322 3924 vere
2351 3878 2483 3921 :etas
2510 3870 2828 3933 senectutis,
2855 3869 2958 3923 nisi
2985 3869 3091 3924 vita
3119 3871 3463 3926 immaculata
3502 3871 3673 3939 (Ibid.
3705 3873 3799 3942 9),

2196 3975 2314 4030 quae
2343 3975 2449 4016 non
2482 3961 2673 4016 diebus
2695 3971 2787 4016 ant
2819 3962 3121 4029 mensibus,
3151 3963 3246 4018 sed
3273 3964 3490 4020 saeculis
3518 3981 3803 4036 prepaga-

2197 4061 2320 4120 tur,
2347 4055 2504 4123 cujus
2529 4054 2650 4111 sine
2696 4055 2801 4110 fine
2837 4065 2921 4110 est
2944 4055 3276 4112 diuturnitas
3299 4098 3314 4124 ,
3355 4059 3477 4116 sine
3514 4059 3812 4118 debilitate

2195 4148 2548 4220 longmvitas?
2573 4136 2690 4218 Quo
2722 4150 2866 4205 enim
2894 4149 3221 4218 diuturnior,
3255 4166 3324 4206 eo
3349 4152 3539 4208 fortior
3567 4171 3581 4207 :
3607 4165 3661 4208 et
3687 4170 3814 4225 quo

2196 4237 2399 4295 diutius
2424 4254 2546 4295 eam
2577 4241 2743 4295 vitam
2773 4239 2971 4296 vixerit
2996 4281 3012 4306 ,
3045 4255 3112 4296 eo
3141 4240 3340 4298 fortius
3371 4244 3425 4299 in
3455 4245 3628 4300 virum
3665 4261 3805 4316 per—

2196 4327 2396 4385 fectmn
2425 4331 2715 4387 excrescit.

2269 4423 2322 4477 6.
2361 4422 2530 4493 Hujus
2559 4424 2720 4494 igitur
2749 4438 3128 4481 successorem
3163 4435 3216 4482 te
3265 4426 3531 4484 Dominus
3567 4443 3676 4484 non
3711 4446 3814 4487 so-

2198 4513 2305 4568 lum
2337 4515 2543 4571 bonore
2567 4556 2581 4580 ,
2613 4515 2710 4571 sed
2741 4517 2906 4572 etiam
2939 4519 3183 4574 moribus
3218 4519 3452 4590 probet,
3499 4533 3554 4578 et
3581 4537 3812 4580 summa

492 4600 749 4657 nesciens
769 4642 785 4667 ,
817 4609 1030 4669 raptum
1060 4599 1128 4653 ad
1157 4599 1465 4668 paradisum
1499 4599 1706 4654 viderat
1737 4599 1803 4674 (Il
1835 4600 1956 4656 Cor.
1987 4618 2088 4671 xu,
2117 4582 2168 4643 D
2195 4606 2423 4662 fundare
2448 4606 2698 4676 dignetur
2717 4610 2926 4679 gratia;
2960 4619 3017 4665 ut
3043 4611 3110 4666 ad
3142 4582 3641 4684 tequoqne’populi
3667 4631 3810 4673 con-

489 4691 594 4764 2);
628 4693 698 4748 ita
731 4693 875 4748 enim
909 4691 1260 4762 percurrebat
1286 4692 1469 4747 omnia
1511 4707 1744 4748 excursu
1777 4692 2086 4762 frequenti,

493 4783 1026 4854 Constantinopolim
1049 4825 1065 4851 ,
1097 4783 1392 4852 Achaiam,
1441 4784 1700 4856 Epirum,
1748 4786 1956 4842 Italiam
1984 4831 1999 4856 ,
2035 4797 2093 4843 ut

483 4877 734 4947 juniores
761 4893 884 4932 eum
919 4891 1025 4932 non
1078 4885 1304 4947 possent
1330 4879 1616 4950 consequi.
1657 4877 1936 4935 Cedebant
1982 4879 2093 4935 for-

488 4970 660 5026 tiores
706 4986 971 5042 corpore,
1004 4974 1130 5045 quia
1177 4983 1301 5029 eum
1333 4972 1454 5029 sine
1510 4974 1902 5047 impedimento
1926 4972 2091 5046 823

486 5078 612 5120 esse
635 5068 880 5136 corpOris
910 5078 1216 5133 noverant;
1252 5078 1311 5124 ut
1338 5084 1405 5126 eo
1436 5080 1647 5125 tantum
1691 5086 1791 5142 pro
1821 5071 2089 5126 velamine
2137 5106 2141 5112 -

488 5168 768 5228 uteretur,
803 5177 910 5218 non
940 5177 1040 5234 pro
1067 5162 1250 5220 ofﬁcio
1275 5183 1292 5222 :
1323 5173 1476 5220 certe
1497 5163 1568 5220 ad
1608 5164 1888 5220 servitium
1916 5207 1931 5232 ,
1978 5179 2088 5220 non

559 5353 585 5382 ι
627 5343 752 5416 Mss.
802 5359 908 5399 non
945 5345 1134 5416 pauci,
1165 5361 1255 5415 per
1298 5345 1613 5416 sacerdotem
1654 5345 1958 5415 claudebat;
1988 5345 2080 5402 sed

483 5430 592 5473 non
619 5415 788 5469 multo
813 5415 995 5487 minus
1011 5430 1201 5471 carere
1222 5415 1436 5472 videtur
1455 5419 1827 5487 corruptione,
1850 5432 2080 5486 quam...

483 5487 842 5543 claudebatur.
893 5486 1032 5552 Quid
1087 5501 1218 5556 ergo
1265 5487 1308 5540 si
1362 5486 1665 5558 legeremus
1709 5489 2088 5542 claudicabat?

484 5560 648 5613 Certe
697 5558 1018 5613 cmtcinnius
1067 5571 1436 5624 opponeretur
1493 5558 2081 5628 sequentimemhro:

479 5629 820 5699 fundamenta
846 5629 968 5698 ﬁdei
996 5629 1448 5699 conﬁrmarentur.
1481 5627 1586 5683 Sed
1613 5627 1884 5699 claudebat
1907 5638 2087 5697 potest

481 5696 650 5769 etiam
684 5696 828 5752 idem
848 5696 1196 5769 significare,
1224 5715 1253 5754 a
1285 5699 1451 5755 verbo
1476 5697 1693 5769 claudeo
1716 5696 1929 5753 senticet
1947 5741 1960 5764 ,
1987 5714 2084 5755 seu

485 5763 694 5825 claudo.
714 5781 832 5834 quae
853 5763 958 5823 non
991 5763 1205 5836 penitus
1233 5771 1484 5826 inusitata
1512 5783 1636 5825 esse
1658 5768 1879 5825 Vossius
1903 5763 2081 5828 decet.

2197 4706 2440 4762 currant,
2470 4697 2539 4752 de
2559 4699 2757 4768 quibus
2784 4699 2937 4755 'dicas
2971 4719 2984 4754 :
3017 4701 3120 4766 Qui
3149 4711 3270 4756 sunt
3289 4705 3402 4766 isti,
3433 4706 3524 4773 qui
3551 4705 3684 4759 sicut
3718 4725 3812 4762 ne-

2201 4792 2332 4848 bula!
2355 4791 2547 4858 uolant,
2572 4801 2618 4846 et
2647 4793 2779 4846 sicut
2801 4793 3050 4849 columth
3072 4811 3187 4848 cum
3203 4795 3364 4863 pullis
3385 4796 3497 4850 suis
3519 4794 3670 4866 (Esa.
3712 4797 3810 4862 60,

2198 4885 2294 4956 8)?
2326 4885 2557 4942 Veniant
2583 4901 2801 4957 quoque
2821 4887 2960 4942 sicut
2985 4902 3153 4943 naves
3168 4887 3395 4943 Tltarsis
3419 4885 3484 4958 (ll
3512 4887 3700 4945 Paral.
3729 4908 3807 4958 1x,

2197 4981 2294 5052 Si)
2314 5023 2329 5048 ,
2369 4995 2490 5051 qua:
2519 4980 2790 5051 accipiant
2821 4980 3152 5036 frumentum
3176 5023 3190 5048 ,
3225 4981 3370 5052 quod
3413 4981 3681 5039 Salomon
3712 5001 3809 5041 ve-

2201 5091 2295 5130 rus
2343 5075 2640 5146 impertivit
2691 5075 2878 5144 viginti
2930 5091 3222 5134 mensuras
3268 5077 3458 5132 tritici.
3511 5077 3807 5146 Accipiam

2199 5167 2380 5223 oleum
2407 5176 2465 5223 et
2483 5167 2804 5238 sapientiam
2837 5166 3146 5224 Salomonis
3167 5211 3182 5234 ,
3214 5178 3270 5225 et
3303 5169 3376 5223 sit
3404 5183 3514 5240 pax
3548 5170 3696 5226 inter
3726 5180 3799 5236 te,

2262 5345 2290 5383 ι’
2331 5345 2505 5412 Edit.,
2540 5345 2666 5400 Non
2693 5348 2844 5401 aliter
2873 5348 3064 5419 etiam;
3093 5363 3226 5404 mss.
3260 5363 3391 5404 vero
3419 5353 3619 5419 partim
3639 5391 3656 5418 ,
3682 5351 3800 5408 Non

2191 5417 2324 5541 alials
2369 5419 2522 5471 etiam
2571 5433 2589 5471 :
2641 5419 2836 5488 partim
2867 5459 2882 5482 ,
2936 5417 3059 5473 Non
3106 5421 3212 5474 alia
3285 5417 3440 5474 etiam
3487 5437 3506 5474 :
3554 5417 3700 5494 quOd
3750 5434 3801 5480 et

2197 5503 2283 5541 me
2311 5503 2409 5541 tus.

2197 5503 2409 5543 melius.

2273 5568 2294 5595 σε
2320 5559 2546 5624 Quidam
2579 5573 2710 5616 mss.
2731 5601 2746 5624 ,
2779 5562 3008 5616 elevatus
3033 5571 3108 5615 est
3134 5561 3504 5616 sacerdotium.

2269 5626 2298 5665 τι
2319 5629 2394 5682 lta
2426 5645 2558 5684 mss.
2574 5641 2639 5708 et
2672 5643 2779 5686 vet.
2808 5633 2940 5686 edit.
2965 5672 2980 5695 ,
3013 5633 3114 5708 nisi
3144 5633 3285 5708 quod
3317 5647 3426 5708 pro_
3453 5644 3502 5688 et
3548 5635 3638 5706 ba
3665 5649 3794 5708 pne-

2193 5703 2408 5764 fcrunt,
2438 5708 2493 5754 ut
2527 5717 2538 5753 :
2574 5699 2732 5756 Rom.
2785 5709 2965 5756 autem
3004 5704 3137 5758 edit.
3161 5699 3354 5757 locum
3380 5703 3464 5760 sic
3497 5699 3681 5764 mutat
3708 5710 3796 5761 ειη

2195 5771 2290 5827 illa
2319 5771 2554 5828 columba
2577 5775 2771 5842 pennas
2789 5770 2983 5828 habens
3007 5773 3385 5845 dearga'n'tatds'.
