3936 6168
153 208 246 264 961

1370 207 1857 272 EPISTOLARUM
1897 214 2175 276 CLASSIS
2212 216 2252 275 l.

3341 222 3449 281 962

149 333 200 380 et
230 323 518 394 populum,
554 330 610 378 et
640 331 1024 380 testamentum
1056 325 1206 396 pacis
1233 326 1404 399 824
1443 330 1743 385 custodias.
1773 338 1828 396 Α
1854 343 2048 391 nostro
2095 335 2344 408 sanguini
2377 306 2740 409 pepercerunt
2766 380 2779 405 ,
2811 338 2906 411 qui
2939 340 3054 411 ipsa
3087 339 3454 397 Ecclesiarnm

151 419 301 484 Vale,
334 417 532 484 frater,
567 427 622 473 et
649 432 751 474 nos
777 418 943 490 dilige
969 460 984 485 ,
1009 419 1135 490 quia
1161 429 1217 475 et
1247 435 1346 477 nos
1371 431 1423 478 te
1449 422 1746 494 diligimus.

662 521 688 549 ³
704 512 1043 570 EPISTULA
1085 512 1246 569 XVII.

144 604 532 678 Imperatorum
560 621 672 661 esse
698 605 997 676 religionem
1026 608 1158 662 tueri
1185 624 1204 662 :
1233 625 1325 664 nec
1355 609 1418 664 ab
1444 611 1515 665 eis
1553 611 1752 666 instau-

217 699 474 752 rationem
513 699 896 770 superstitionis
942 701 1334 772 postufandam.
1383 702 1602 758 Nullam
1630 721 1752 778 ergo

215 791 430 844 illorum
451 789 743 846 habendam
771 793 1028 847 rationem
1057 809 1089 846 α
1118 794 1302 864 quibus
1342 795 1604 867 quidpiam
1623 813 1750 852 con-

219 894 302 939 tra
345 885 471 952 ﬁdei
520 884 824 939 christiana:
849 885 1004 940 decus
1034 887 1326 958 ﬂagitator.
1361 886 1410 941 F
1411 888 1526 943 also
1545 889 1752 960 petitio-

215 992 333 1030 nem
361 987 575 1030 senatus
598 975 809 1031 nomine
839 977 1066 1031 oblatant
1097 994 1236 1041 esse,
1261 995 1380 1032 cum
1415 980 1461 1033 ei
1486 980 1755 1035 christiani

216 1077 492 1124 senatores
539 1084 645 1123 non
673 1069 1048 1123 consenserint.
1080 1067 1160 1123 De
1181 1069 1278 1123 hoc
1306 1072 1490 1142 referri
1519 1081 1756 1137 oportere

214 1164 286 1217 ad
333 1161 720 1228 Theodosium,
750 1175 796 1217 et
825 1161 894 1216 ad
920 1163 1189 1235 episcoitos
1230 1180 1249 1218 :
1287 1162 1748 1232 Valentinianum,

213 1256 262 1312 si
281 1255 559 1328 privilegia
586 1254 886 1324 inﬁdelibus
915 1256 1245 1320 concesserit,
1280 1256 1343 1309 ab
1376 1254 1612 1311 Ecclesia
1631 1257 1757 1328 reji-

214 1349 475 1412 ciendum,
504 1348 651 1401 sedet
673 1348 853 1418 fratris
865 1365 924 1402 ac
946 1349 1108 1420 patris
1131 1347 1392 1403 memoria:
1411 1349 1756 1420 irrogatarum

215 1441 490 1510 injuriam,
519 1438 583 1492 de
602 1455 704 1507 qua
733 1439 960 1508 graviter
977 1440 1385 1509 expostulantes,
1411 1440 1753 1494 inducuntur.

144 1537 453 1592 Ausuostus
473 1534 769 1604 episcopus
792 1534 1112 1590 beatissimo
1144 1533 1470 1602 principi,et
1496 1533 1757 1589 christia-

435 1627 667 1682 nissimo
697 1627 1016 1697 imperatori
1038 1626 1472 1682 VALENTINIANO.

1853 426 2084 481 aedificia
2115 427 2465 484 subruerunt.
2507 429 2706 486 Petunt
2758 432 2923 487 etiam
2953 443 3006 486 ut
3034 433 3138 488 illis
3169 433 3450 504 privilegia

1854 518 2108 585 deferas,
2144 516 2171 556 ἀ
2203 520 2295 589 qui
2326 521 2580 590 loquendi
2607 531 2663 577 et
2699 521 2933 578 docendi
2961 524 3165 579 nostris
3202 538 3452 579 commu-

1855 626 1980 667 nem
2013 627 2170 667 usum
2198 613 2398 669 Juliani
2425 614 2544 686 lege
2573 616 2818 685 proxima
2841 615 3178 687 denegarunt
3204 658 3218 683 ,
3261 625 3314 672 et
3343 618 3453 687 pri-

1856 705 2050 776 \ilegia
2104 705 2198 760 illa
2228 747 2243 774 ,
2276 707 2475 777 quibus
2507 720 2654 778 smpe
2683 707 2896 778 decepti
2928 716 3053 763 sunt
3082 708 3245 764 etiam
3277 708 3440 764 chris-

1855 799 1988 854 tiani
2023 817 2036 854 :
2071 799 2362 855 nonnullos
2405 800 2550 856 enim
2608 799 2719 856 illis
2771 799 3071 871 privilegiis
3119 800 3314 871 partim
3359 815 3457 870 per

1857 890 2307 960 imprudentiam,
2354 894 2550 963 partim
2582 903 2809 963 propter
2847 892 3184 962 publicarum
3214 892 3454 948 necessi-

1858 991 2028 1039 tatum
2068 983 2346 1040 molestias
2379 984 2736 1041 decliuandas
2779 985 2996 1040 irretire
3041 984 3366 1047 voluerunt;
3392 993 3449 1040 et

1856 1076 1980 1146 quia
2011 1091 2117 1131 non
2149 1090 2344 1132 omnes
2385 1076 2555 1133 fortes
2585 1077 2957 1145 inveniuntur,
2991 1077 3155 1132 etiam
3185 1075 3287 1132 sub
3309 1076 3457 1147 prin-

1857 1167 2070 1238 cipibus
2095 1167 2412 1225 christianis
2439 1169 2684 1241 plerique
2709 1179 2838 1227 sunt
2865 1169 3026 1241 lapsi.
3456 1215 3457 1218 η

1930 1261 1984 1314 '5.
2011 1260 2116 1315 Sed
2150 1259 2267 1316 iure
2293 1261 2338 1317 si
2362 1261 2476 1332 jam
2509 1261 2721 1318 sublata
2753 1277 2860 1318 non
2890 1271 3075 1319 essent
3099 1302 3115 1326 .
3164 1263 3457 1320 auferenda

1860 1361 1952 1407 tuo
1981 1352 2210 1422 imperio
2232 1353 2650 1423 comprobarem
2677 1373 2691 1410 :
2725 1365 2776 1409 at
2805 1370 2928 1411 cum
2955 1370 3052 1426 per
3079 1356 3247 1430 825
3279 1366 3450 1412 totum

1860 1444 1976 1500 fere
2005 1445 2194 1500 orbem
2223 1456 2245 1482 θ
2274 1461 2303 1500 a
2357 1437 2607 1517 pluribus
2652 1456 2802 1504 retro
2847 1448 3184 1519 principibus
3230 1447 3458 1505 inhibita

1862 1538 2260 1608 interdictaque
2287 1539 2433 1607 sint,
2468 1539 2659 1594 Romae
2686 1550 2868 1596 autem
2901 1555 2930 1593 a
2953 1539 3120 1596 fratre
3147 1539 3460 1596 clementia:

1864 1639 1992 1695 tum,
2025 1639 2270 1701 augustae
2299 1630 2579 1686 memoria:
2608 1629 2890 1696 Gratiano,
2924 1630 3047 1687 fidei
3069 1647 3214 1688 verte
3245 1631 3460 1688 ratione

220 1724 276 1778 Ι.
320 1720 453 1777 Cum
484 1735 678 1776 omnes
705 1719 990 1787 homines,
1023 1721 1115 1791 qui
1145 1720 1250 1776 sub
1271 1719 1478 1775 ditioue
1509 1718 1754 1774 Romana
1786 1726 1830 1787 Β
1857 1722 2071 1778 sublata
2097 1724 2225 1787 sint,
2259 1732 2315 1779 et
2341 1722 2491 1778 datis
2511 1723 2791 1794 antiquata
2819 1725 3102 1795 rescriptis
3127 1740 3143 1790 ;
3167 1739 3235 1779 ne
3252 1739 3460 1794 quaeso,

140 1825 298 1884 sunt,
323 1817 480 1871 vobis
505 1816 745 1871 militent
779 1815 1201 1886 imperatoribus
1229 1855 1244 1880 ,
1300 1823 1567 1870 terrarum
1598 1822 1760 1883 atque

148 1908 516 1980 principibus,
563 1916 676 1962 tum
709 1906 811 1977 ipsi
841 1922 934 1962 vos
960 1906 1317 1976 omnipotenti
1348 1906 1461 1962 Deo
1497 1914 1552 1962 et
1590 1919 1761 1960 sacra:

143 2002 278 2058 ﬁdei
311 2000 574 2056 utilitatis.
601 1999 776 2055 Aliter
812 2001 956 2056 enim
988 2001 1135 2055 salus
1183 2007 1296 2056 tuta
1327 2013 1448 2054 esse
1470 2014 1577 2056 non
1604 2008 1761 2068 pote-

143 2096 259 2162 rit,
291 2095 394 2149 nisi
420 2093 791 2164 unusquisque
825 2093 993 2148 Deum
1022 2107 1214 2147 verum
1241 2133 1256 2158 ,
1287 2077 1398 2148 hoc
1421 2099 1543 2156 est,
1588 2089 1760 2145 Deum

147 2185 175 2224 ι’
199 2187 650 2250 cbristianorum,
679 2201 707 2240 a
738 2199 846 2255 quo
865 2193 1056 2240 cuneta
1082 2190 1365 2254 reguntur,
1381 2182 1651 2238 veraciter
1671 2195 1763 2236 co-

159 2280 278 2339 lat:
303 2280 419 2350 ipse
445 2278 592 2335 enim
611 2277 761 2333 solus
785 2287 1042 2334 verusest
1067 2278 1226 2341 Deus,
1251 2276 1342 2346 qui
1373 2276 1558 2331 intima
1584 2283 1764 2330 mente

149 2386 488 2432 veneretur:
517 2372 604 2427 Dii
631 2373 776 2428 enim
823 2373 1053 2444 gentium
1090 2370 1347 2426 dwmonia
1368 2409 1384 2434 ,
1417 2367 1560 2423 sicut
1608 2366 1760 2423 Scri-

155 2479 321 2541 plura
354 2469 490 2526 dicit
517 2467 695 2539 (Psal.
729 2484 854 2536 xcv,
878 2468 958 2535 5).

227 2585 288 2638 2.
315 2583 452 2639 Huic
486 2582 653 2653 igitur
682 2582 792 2638 Deo
813 2597 944 2636 vero
970 2580 1217 2652 quisquis
1240 2578 1461 2643 militat,
1485 2584 1540 2632 et
1565 2576 1655 2648 qui
1676 2575 1759 2631 in-

168 2676 309 2731 timo
330 2675 623 2731 colendum
649 2673 844 2743 recipit
861 2671 1081 2736 affectu,
1110 2687 1219 2726 non
1248 2668 1760 2734 dissimulationem,

160 2783 274 2824 non
310 2766 718 2824 conniventiam
741 2806 759 2832 ,
800 2764 894 2822 sed
927 2765 1048 2820 fidei
1076 2763 1317 2820 studium
1361 2770 1418 2818 et
1456 2760 1766 2817 devotionis

161 2861 454 2932 impendit.
485 2861 776 2922 Postremo
803 2859 852 2914 si
896 2874 1004 2914 non
1034 2859 1138 2914 ista
1167 2899 1181 2924 ,
1213 2870 1540 2912 consensum
1571 2854 1763 2911 saltem

162 2921 405 3026 aliquem
435 2968 542 3009 non
576 2952 744 3009 debet
765 2951 1012 3008 colendis
1037 2921 1198 3006 idolis
1223 2991 1238 3015 ,
1267 2958 1332 3005 et-
1347 2947 1587 3020 profanis
1615 2961 1769 3002 cere-

167 3050 480 3106 moniarum
511 3046 754 3104 cultibus
773 3044 1054 3101 exhibere.
1098 3042 1270 3097 Nemo
1304 3042 1453 3097 enim
1478 3041 1643 3096 Deum
1669 3038 1768 3094 fal-

1863 1816 1947 1871 vel
1977 1815 2212 1871 fideliter
2241 1823 2444 1871 statuta
2473 1815 2772 1880 convellas.
2800 1815 2886 1872 vel
2911 1814 3150 1871 fraterna
3182 1823 3460 1887 princepta

1860 1909 2169 1965 rescindas.
2221 1909 2298 1964 De
2340 1910 2576 1982 negotiis
2626 1909 2908 1976 civilibus,
2943 1909 2961 1948 ί
2997 1911 3042 1965 si
3070 1908 3200 1980 quid
3247 1910 3460 1978 statuit,

1862 2017 2024 2058 nemo
2053 2011 2208 2074 potat
2233 2017 2358 2058 esse
2387 2001 2806 2070 temeraudum;
2837 2011 2892 2059 et
2923 2013 3257 2073 praeceptum
3285 2002 3353 2059 de
3378 2017 3465 2059 re-

1863 2094 2067 2165 ligione
2095 2096 2356 2150 calcatur.

1934 2185 1989 2240 6.
2022 2185 2212 2242 Nullus
2241 2186 2472 2257 obrepat
2493 2187 2703 2258 juniori
2733 2187 2880 2242 aetati
2899 2197 3006 2243 tuae
3036 2203 3050 2241 :
3075 2188 3192 2244 sive
3221 2188 3312 2244 ille
3333 2204 3467 2259 gen-

1864 2276 1976 2332 tilis
2006 2287 2112 2345 est,
2141 2278 2232 2347 qui
2263 2278 2364 2333 ista
2391 2278 2679 2346 deposcit,
2715 2293 2824 2333 non
2853 2277 3018 2334 debet
3048 2288 3289 2335 mentem
3323 2290 3470 2335 tuam

1865 2369 2096 2425 vinculis
2150 2385 2264 2425 sua:
2307 2370 2723 2442 superstitionis
2764 2372 3046 2427 innectere
3076 2371 3208 2427 :sed
3248 2373 3470 2442 proprio

1865 2462 2046 2518 studio
2074 2461 2274 2518 docere
2299 2470 2356 2516 et
2381 2461 2679 2518 admouere
2711 2471 2762 2517 te
2791 2462 2973 2528 debet,
3005 2462 3466 2533 quemadmodum

1870 2572 2014 2612 vera:
2054 2556 2180 2612 fidei
2209 2556 2430 2612 studere
2478 2555 2719 2623 debeas;
2766 2557 2985 2626 quando
3013 2556 3107 2612 ille
3137 2564 3290 2612 tanto
3315 2566 3467 2614 motu

1866 2651 1982 2707 veri
2019 2664 2157 2704 vana
2208 2647 2478 2705 defendit.
2517 2646 2886 2703 Deferendum
2929 2647 3140 2703 meritis
3187 2649 3466 2705 clarorum

1867 2744 2110 2798 virorum
2140 2749 2196 2797 et
2223 2756 2326 2812 ego
2351 2739 2594 2797 suadeo:
2619 2739 2716 2797 sed
2751 2739 2922 2796 Deum
2948 2748 3162 2796 certum
3182 2749 3269 2797 est
3293 2740 3470 2797 omni-

1868 2835 1971 2891 bus
1999 2834 2417 2906 prteferendum.
2699 2846 2702 2850 '

1943 2931 1994 2984 7.
2027 2929 2082 2986 Si
2114 2929 2181 2986 de
2209 2945 2267 2986 re
2293 2929 2517 2984 militari
2549 2937 2632 2984 est
2653 2927 3048 2985 consulendum
3072 2969 3088 2994 ,
3118 2926 3284 2984 debet
3305 2943 3470 2985 exer-

1870 3022 2022 3079 citati
2053 3023 2106 3077 in
2140 3021 2345 3092 praeliis
2371 3023 2472 3078 viri
2511 3021 2823 3093 exspectari
2851 3021 3147 3088 sententia,
3179 3021 3470 3078 consilium

167 3143 252 3209 lit,
280 3142 366 3198 cui
392 3142 578 3196 omnia
603 3139 769 3196 etiam
799 3137 982 3195 cordis
1011 3136 1222 3192 occulta
1255 3132 1541 3189 manifesta
1568 3141 1713 3188 sunt.

1878 3116 2216 3186 comprobari
2263 3134 2278 3171 :
2323 3114 2543 3187 quando
2595 3115 2664 3172 de
2717 3115 2987 3186 religione
3031 3123 3296 3171 tractatus
3348 3124 3472 3184 est,

239 3239 294 3294 3.
325 3236 472 3308 Ergo
500 3251 620 3291 cum
653 3249 684 3289 a
709 3243 784 3300 te,
809 3232 1111 3302 Imperator
1132 3227 1606 3289 christianissitne,
1635 3224 1770 3280 fides

171 3329 285 3386 Deo
315 3344 447 3386 vero
476 3329 551 3383 sit
571 3324 880 3384 exhibenda
907 3366 922 3390 ,
945 3338 1069 3380 cum
1112 3320 1282 3392 ipsius
1337 3317 1460 3374 fidei
1489 3317 1724 3372 studium
1754 3357 1768 3383 ,

174 3423 355 3477 cautio
394 3431 560 3490 atque
607 3416 828 3474 devotio
852 3457 867 3482 ,
909 3414 1080 3470 miror
1106 3410 1379 3483 quomodo
1419 3407 1689 3479 aliquibus
1716 3409 1769 3461 in

175 3530 329 3587 spem
378 3512 627 3578 venerit,
672 3509 817 3581 quod
867 3507 1073 3564 debeas
1099 3520 1227 3560 aras
1255 3504 1360 3559 diis
1394 3502 1634 3573 gentium
1678 3507 1771 3554 tuo

177 3611 482 3667 instaurare
526 3613 833 3678 praecepto,
869 3603 936 3658 ad
962 3618 1088 3657 usus
1128 3613 1345 3671 quoque
1379 3595 1772 3654 sacrificiorum

177 3705 527 3773 profanorum
578 3697 824 3768 praebere
869 3704 1184 3763 sumptum;
1213 3690 1355 3763 quod
1383 3689 1527 3746 enim
1562 3686 1778 3760 jamdu-

180 3795 303 3850 dum
339 3805 361 3832 ο
387 3792 474 3848 vel
509 3791 645 3846 fisco
668 3789 753 3844 vel
783 3803 923 3843 arcae
953 3795 1039 3842 est
1062 3783 1417 3850 vindicatum,
1448 3781 1516 3836 de
1542 3791 1633 3835 tuo
1663 3792 1777 3833 ma-

180 3887 258 3958 gis
273 3885 529 3941 conferre
558 3881 821 3937 videbere
847 3920 862 3948 ,
894 3893 1060 3950 quam
1085 3877 1153 3933 de
1179 3891 1280 3932 suo
1311 3873 1561 3930 reddere.

248 3981 302 4034 4.
355 3978 424 4034 Et
468 3977 540 4034 de
592 3973 893 4046 dispendiis
950 3977 1284 4043 queruntur,
1332 3965 1422 4036 qui
1483 3975 1776 4034 numquam

255 4124 278 4151 "
305 4112 491 4170 Codex
525 4111 724 4178 Long,
755 4107 984 4162 Libellus
1014 4104 1180 4159 sancti
1202 4100 1462 4178 Ambrosii
1485 4099 1554 4153 ad
1588 4095 1781 4178 valen—

186 4169 435 4241 tittianum
474 4169 838 4252 imperatorem
861 4178 1338 4252 juniorent_contra
1363 4169 1737 4252 §ymmacftuut
1763 4209 1776 4234 ,

185 4240 250 4313 Et
285 4270 475 4312 revera
504 4240 732 4321 ipsemet
750 4240 1071 4305 Ambrosius
1097 4246 1337 4321 ejusdem
1361 4240 1670 4321 Simmachi
1695 4255 1779 4295 re-

185 4329 368 4384 lationi
399 4315 738 4394 respondens
770 4321 935 4376 libelli
966 4315 1185 4374 nomine
1207 4315 1310 4394 hoc
1339 4317 1599 4394 scriptum
1626 4315 1776 4394 citat.

189 4381 292 4457 Sed
323 4413 447 4452 cunt
492 4381 543 4449 in
585 4408 716 4449 mss.
744 4393 980 4456 caeteris,
1030 4400 1191 4459 atque
1233 4388 1308 4459 in,
1341 4381 1472 4441 edit.
1530 4381 1783 4459 omnibus

189 4453 416 4540 epistola
448 4481 553 4540 non
585 4465 796 4520 libellus
817 4453 1403 4540 dicatur,_mutandam
1441 4468 1565 4511 esse
1593 4453 1781 4523 vulga-

190 4533 300 4597 rem
331 4538 742 4609 inscriptionem
768 4550 873 4587 non
898 4533 1228 4609 putavimus.
1247 4600 1283 4609 _‘
1683 4593 1695 4609 l
1747 4593 1758 4603 ,

258 4610 285 4649 δ
309 4611 383 4667 ita
416 4593 525 4664 vet'.
550 4606 684 4663 edit.
715 4620 780 4659 ae
807 4593 940 4659 mss.
969 4603 1173 4669 aliquot
1201 4620 1214 4659 :
1247 4600 1404 4656 Rom.
1456 4595 1615 4669 edit.,
1648 4593 1785 4648 chri-

195 4684 502 4744 stianorum,
540 4697 571 4733 a
595 4694 696 4746 quo
723 4685 905 4731 cuncta
935 4668 1204 4744 reguntur,
1238 4674 1346 4744 ipse
1373 4670 1506 4725 enim
1531 4668 1674 4746 solus
1703 4681 1784 4718 ve-

194 4771 277 4809 rus
296 4764 367 4807 est
393 4741 553 4814 Deus,
575 4741 758 4803 intima
787 4756 951 4800 mente
970 4741 1267 4810 veneretur;
1297 4758 1426 4796 mss.
1473 4741 1781 4814 complu_res_

197 4805 739 4892 reciduntietiamilla
770 4817 958 4892 verba,
987 4831 1146 4892 aqua
1175 4805 1359 4867 cuncta
1380 4805 1648 4892 reguntur.
1674 4805 1782 4892 Sed

202 4896 311 4966 ipsa
343 4893 579 4948 varietas
601 4889 820 4945 aliunde
847 4905 952 4942 non
988 4887 1203 4966 videtur
1231 4895 1421 4966 esorta
1443 4922 1458 4946 ,
1490 4887 1594 4966 nisi
1621 4894 1685 4966 es
1717 4891 1784 4966 eo

199 4951 336 5039 quod
376 4966 603 5039 verbum
633 4971 896 5015 veneretur
922 4958 1136 5039 passivo
1158 4953 1470 5039 significatu,
1490 4951 1785 5039 diciuppsse

199 5021 300 5092 non
327 5035 708 5094 crediderunt,
741 5047 848 5096 quo
880 5021 1059 5083 tamen
1091 5021 1231 5080 haud
1261 5023 1429 5078 semel
1460 5021 1528 5096 ab
1551 5021 1782 5074 Ambro-

199 5091 277 5164 sio
306 5091 563 5177 positum,
593 5107 638 5157 si
664 5091 922 5177 attentius
943 5099 1170 5177 μευτίῷ
1194 5091 1593 5177 άεβνθ¹¹¹ἲξὲά⁰⁸’

271 5160 450 5232 (διες.
487 5160 647 5245 longe
667 5173 906 5243 plurimi.
926 5160 1050 5240 ﬁsco
1077 5168 1154 5245 uel
1179 5160 1313 5245 areis
1336 5182 1353 5230 ;
1375 5163 1471 5245 alii
1500 5160 1782 5245 nonnulli,

204 5251 324 5322 ﬁsco
349 5249 428 5303 rel
445 5235 721 5322 φτεξΝιὶη
756 5235 979 5322 prorsus
1009 5239 1182 5322 male;
1214 5237 1359 5322 idem
1386 5235 1676 5322 enittt‘est,
1705 5241 1788 5322 at:

204 5303 301 5392 que
329 5316 715 5392 cunfi_~_cati0ne
758 5303 841 5368 'vel
880 5303 1176 5392 emptione.
1217 5308 1412 5362 Verum
1443 5305 1512 5358 ab
1537 5303 1656 5357 aliis
1681 5342 1697 5370 ,
1731 5310 1786 5357 et

204 5385 405 5448 cunctis
427 5388 561 5445 edit.
599 5403 703 5440 non
734 5385 1071 5456 recedimus._
1322 5448 1338 5456 _
1377 5449 1388 5456 _
1642 5443 1676 5456 ..
1743 5441 1758 5456 .

271 5443 298 5499 δ
315 5443 640 5515 Christianis
664 5472 693 5511 a
722 5455 935 5511 Juliano
957 5448 1506 5523 prohibitumfuisse'.
1535 5443 1788 5523 [ιθ-(11ξεί-

209 5514 389 5604 plinas
404 5514 1063 5604 docerenthumaniores,
1091 5523 1202 5604 jam
1241 5521 1308 5575 ad
1339 5520 1431 5575 lib.
1460 5535 1484 5604 1
1529 5514 1785 5604 116νῖ1111³12,

208 5593 300 5671 cap
327 5602 413 5662 15.
441 5613 593 5654 num.
619 5597 686 5652 84
707 5595 1144 5671 ,_anttotavitttus.
1162 5593 1374 5671 _Legem
1398 5601 1576 5671 autem
1605 5593 1790 5671 prosi:

209 5661 342 5728 mam
375 5673 517 5726 hanc
541 5670 681 5724 forte
699 5661 865 5733 dicit,
893 5680 1056 5736 quam
1081 5661 1326 5720 ultimam
1358 5661 1791 5731 promulgaverat

210 5743 340 5804 idem
363 5745 680 5814 imperator.

1874 3207 2045 3262 Deum
2075 3207 2271 3277 cogita.
2298 3205 2509 3262 Nullius
2541 3205 2734 3278 injuria
2761 3215 2846 3262 est
2867 3247 2884 3271 ,
2934 3206 3022 3262 cui
3050 3206 3194 3263 Deus
3222 3205 3475 3276 omnipo-

1873 3309 1996 3356 tens
2037 3298 2363 3356 antefertur.
2417 3298 2594 3355 Habet
2634 3298 2726 3354 ille
2767 3299 3097 3354 sententiam
3128 3313 3304 3353 suam.
3329 3297 3476 3353 luvi-

1875 3403 1986 3449 tum
2029 3409 2139 3449 non
2171 3391 2366 3464 cogitis
2389 3393 2577 3449 colere
2596 3432 2612 3456 ,
2637 3390 2783 3463 quod
2817 3391 2991 3456 nolit;
3017 3391 3120 3446 hoc
3148 3390 3290 3447 idem
3318 3389 3474 3446 vobis

1873 3487 2057 3549 liceat.
2085 3487 2408 3558 Imperator,
2439 3495 2494 3542 et
2525 3485 2894 3556 unusquisque
2920 3486 3194 3555 patienter
3224 3485 3402 3549 ferat,
3429 3484 3478 3540 si

1877 3599 1983 3639 non
2006 3589 2335 3652 extorqueat
2370 3581 2687 3652 imperatori
2714 3620 2730 3646 ,
2759 3579 2902 3650 quod
2929 3581 3162 3635 moleste
3194 3581 3399 3646 ferret,
3430 3579 3477 3634 si

1877 3675 1927 3731 ei
1979 3683 2306 3744 extorquere
2354 3681 2582 3742 cuperet
2629 3671 2945 3739 imperator.
2991 3669 3129 3740 ipsis
3177 3669 3474 3738 gentilibus

1878 3768 2172 3838 displicere
2216 3765 2503 3819 consuevit
2555 3759 2966 3833 prmvaricantis
3009 3760 3271 3826 affectus;
3302 3759 3478 3818 libere

1881 3859 2027 3915 enim
2072 3856 2239 3913 debet
2286 3854 2582 3910 defendere
2633 3851 3008 3922 unusquisque
3055 3850 3214 3907 ﬁdele
3278 3851 3480 3909 mentis

1881 3966 1994 4006 suac
2023 3957 2079 4004 et
2108 3961 2329 4004 servare
2357 3943 2715 4017 propositum.

1957 4101 1979 4128 θ
2011 4083 2500 4158 Designantnr‘bic
2527 4080 2912 4158 proculdubio
2949 4080 3340 4158 Constantinus
3367 4084 3481 4141 Ma-

1880 4177 2040 4232 gnus,
2059 4152 2286 4232 ejusque
2313 4156 2427 4232 filii.
2444 4156 2588 4232 Sane
2613 4152 2832 4224 quidem
2865 4166 3114 4232 superest
3137 4155 3316 4232 adhuc
3343 4157 3480 4232 les}

1881 4225 2287 4289 Constantii'de
2317 4227 2547 4298 Paganis
2568 4268 2583 4292 ,
2608 4241 2709 4296 qtta
2741 4225 2940 4350 templa
2961 4225 3233 4280 idolorum
3264 4226 3481 4294 claudi,

1882 4303 2087 4350 nlmleri
2115 4299 2384 4350 sacriﬁcia
2412 4339 2426 4350 .
2455 4307 2508 4350 et
2543 4296 2826 4350 facultates
2873 4297 2983 4350 tuic
3012 4296 3279 4350 sacrileao
3307 4296 3479 4350 cultui

1882 4303 2088 4359 aboleri
2115 4296 2426 4364 sacrificia}
2455 4307 2508 4353 et
2543 4296 2826 4352 facultates
2857 4296 2983 4368 huic
3012 4296 3279 4368 sacrilego
3307 4296 3479 4368 cultui

1883 4374 2184 4432 destinatas
2206 4372 2340 4426 fisco
2368 4369 2632 4425 vindicari
2657 4368 2920 4422 decernit.
2949 4367 3055 4425 Sed
3083 4366 3483 4425 cutu'Julianus

1883 4447 1976 4502 illa
2019 4444 2234 4512 omnia,
2279 4442 2439 4499 sicuti
2473 4441 2564 4498 lib.
2598 4456 2650 4495 tv
2680 4440 2847 4512 Hist”
2873 4440 3094 4512 eap.i,37,
3131 4437 3486 4512 prodiditSo-

1805 4516 1861 4577 D
1885 4509 2234 4592 zomenus,in
2263 4530 2416 4592 nsum
2437 4519 2750 4592 revocasset
2769 4509 3238 4592 ;Valentinia_ttus,
3262 4509 3480 4592 Vale-ns,

1885 4601 1937 4645 ct
1960 4589 2254 4645 Gratianus
2284 4588 2466 4642 denuo
2495 4583 2748 4656 profanas
2777 4581 3278 4656 comtnentitiorum
3309 4581 3486 4656 numi-

1885 4677 2012 4715 num
2039 4661 2329 4729 religiones
2352 4651 2991 4729 proscripsertttitduutis
3011 4669 3206 4729 eorum
3229 4651 3487 4729 fiscu_ad-

1884 4732 2066 4794 dictis,
2096 4723 2551 4802 quientadmodttm
2569 4723 2648 4782 ex
2668 4727 2795 4802 lege
2809 4723 2894 4802 29»
2911 4724 2979 4778 de
3010 4723 3340 4802 Paganispet
3365 4724 3484 4802 lege

1887 4802 1920 4855 8
1947 4803 2013 4856 de
2033 4793 2158 4869 iur-0
2185 4799 2298 4854 11κεί
2324 4811 2621 4869 cognoscas
2668 4793 2813 4869 licet.
2861 4795 3048 4869 Porro
3069 4793 3411 4869 Gorielrirlus—

1888 4872 2015 4939 Leg.
2034 4863 2072 4928 3
2095 4873 2164 4926 de
2189 4863 2420 4936 Quaest;
2449 4882 2662 4928 eorum.
2691 4863 2784 4934 qui
2813 4878 2961 4920 aram
2990 4863 3242 4939 Victoria:
3267 4880 3358 4939 an.
3381 4864 3490 4939 '58}

1886 4934 2130 4998 crérsam
2155 4934 2380 5000 volunt,
2413 4952 2653 4994 errorem
2679 4951 2800 4990 esse
2823 4950 3166 4990 communem
3199 4935 3368 4999 dicit;
3402 4934 3484 4989 id-

1889 5029 1992 5082 que
2039 5011 2216 5082 mnlto
2240 5018 2373 5082 ante
2414 5007 2616 5082 factum
2663 5015 2947 5082 aut_t_tn_t_at,_
2973 5021 3063 5059 an.
3109 5005 3324 5082 scilicet
3352 5007 3482 5082 5'16,

1890 5075 2014 5139 cum
2053 5083 2155 5137 sub
2186 5079 2433 5137 Graccho
2459 5077 2713 5148 praefecto
2739 5076 2902 5148 Urbis
2932 5075 3040 5131 hoc
3065 5079 3358 5148 contigisse
3382 5075 3486 5130 do-

1891 5163 2052 5208 ceant
2082 5153 2442 5222 Hieronymus
2462 5146 2633 5222 epist.
2669 5147 2700 5201 7
2725 5160 2792 5222 et_
2807 5147 3138 5222 Prudentius
3161 5146 3254 5202 lib.
3285 5163 3302 5200 1
3329 5155 3480 5222 eunt.

1891 5219 2300 5296 Symmachum.
2330 5219 2436 5296 1Sed
2482 5221 2607 5296 licet
2644 5219 2794 5296 apud
2851 5221 2950 5296 bos
3000 5219 3144 5272 nulla
3200 5219 3484 5296 speciatim

1894 5289 2138 5365 ejusdem
2195 5309 2302 5348 arte
2332 5291 2589 5365 Victoriae
2613 5291 2724 5365 fiat
2753 5289 2957 5345 metttio
2979 5329 2993 5352 ,
3021 5305 3142 5343 eam
3171 5295 3349 5365 tamen
3387 5289 3489 5365 ali-

1930 5359 2022 5420 not
2046 5365 2206 5419 annis
2243 5369 2372 5418 ante
2405 5361 2514 5418 382
2543 5360 2812 5416 sublatam
2843 5369 3090 5426 constat,
3121 5359 3340 5430 quando
3365 5360 3488 5429 qui-

1930 5382 2022 5420 tt0t
2046 5382 2206 5419 attnts
2243 5382 2372 5418 ante
2405 5382 2514 5418 062
2543 5382 2812 5416 sublatam
2843 5382 3090 5426 consul,
3121 5382 3340 5430 quattuu
3365 5382 3488 5429 qut-

1889 5382 2012 5492 ﬂetu
2040 5447 2095 5492 et
2126 5436 2229 5490 hoc
2255 5436 2372 5505 ipso
2397 5447 2542 5488 anno
2577 5432 2858 5505 uteadetn
2870 5438 3242 5505 repararetttr,
3278 5437 3488 5505 tentare

1889 5508 2128 5579 aggressi
2170 5498 2326 5579 soni;
2363 5515 2420 5562 et
2444 5505 2554 5579 jam
2579 5503 2674 5579 __ab
2715 5518 2805 5558 an.
2834 5498 3148 5559 3791mm
3193 5515 3256 5556 ac
3298 5498 3488 5560 Roma:

1891 5574 2134 5651 praeesse
2157 5577 2450 5651 Gratianus
2476 5574 2752 5651 desiisset.

1971 5651 1989 5690 ί
2014 5651 2186 5715 Edit.,
2217 5650 2260 5704 si
2284 5648 2407 5719 quid
2433 5645 2694 5702 statuitur.
