3954 6164
150 245 242 303 9έ5
1338 249 1720 308 ΕΡιετοιΑιι

1860 250 2147 308 CLASSIS
2191 254 2229 309 l.

145 360 317 429 vilegia
348 369 434 413 tua
461 368 693 414 sacrata
727 359 837 415 Deo
865 360 1100 431 virgines
1127 373 1233 415 non
1262 361 1461 416 habent
1485 407 1498 427 ,
1524 374 1575 418 et
1600 366 1723 418 viu-
1751 363 1796 423 Α

145 454 312 508 dicant
339 453 580 522 virgines
604 453 830 507 Vesttn?
856 452 966 509 Cur
993 456 1307 511 sacerdotes
1337 457 1428 510 Dei
1461 458 1718 526 requiris,

144 547 322 615 quibus
377 545 670 613 petitiones
722 545 981 614 profanas
1032 549 1325 618 gentilium
1385 549 1724 617 praetulisti?

144 636 300 692 Alieni
339 638 546 690 erroris
583 637 903 692 societatem
941 641 1224 705 suscitere
1265 653 1369 694 nou
1409 653 1719 710 possumus.

207 729 285 782 li.
325 728 462 794 Quid
494 730 854 798 respondebis
887 731 970 784 his
1000 732 1219 787 verbis?
1249 732 1484 788 Puerum
1513 748 1638 788 esse
1669 737 1723 788 te

143 819 370 887 lapsum?
398 821 590 874 Omnis
626 830 763 874 tetas
801 821 1042 890 perfecta
1075 831 1100 859 ⁸
1129 820 1352 878 Christo
1387 833 1511 890 est;
1543 825 1723 880 omnis

144 913 241 967 Deo
291 912 468 982 plena.
527 913 764 968 Pueritia
822 914 945 968 tidei
997 931 1106 969 non
1155 917 1458 986 probatur:
1510 918 1720 987 parvuli

139 1007 284 1060 etiam
321 1005 596 1061 Christum
625 1007 898 1077 intrepido
927 1007 1190 1063 adversus
1221 1020 1599 1079 persecutores
1623 1023 1722 1067 ore

141 1098 353 1154 confessi
384 1109 536 1153 sunt.

202 1195 283 1249 t6.
324 1196 464 1263 Quid
515 1196 876 1265 respondebis
917 1211 1184 1268 germano
1221 1199 1356 1253 tuo!
1393 1195 1584 1254 Nonne
1623 1200 1719 1254 tibi

143 1288 296 1344 dicet:
330 1289 542 1342 Victum
585 1305 672 1344 me
709 1306 834 1345 esse
872 1306 977 1345 non
1018 1289 1223 1346 credidi
1254 1334 1265 1354 ,
1296 1295 1416 1360 quia
1458 1301 1513 1348 te
1552 1293 1723 1362 impe-

141 1391 355 1434 ratorem
391 1381 591 1451 reliqui
619 1398 633 1434 :
675 1383 814 1435 mori
853 1398 962 1435 non
995 1383 1175 1450 dolui,
1211 1385 1333 1451 quia
1365 1395 1416 1438 te
1447 1385 1719 1439 hmredem

141 1470 380 1526 habebam
407 1491 422 1526 :
467 1473 702 1541 imperio
731 1489 818 1528 me
849 1473 1117 1530 decedere
1144 1489 1254 1529 non
1287 1476 1560 1546 iugemui;
1597 1479 1718 1547 quia

140 1562 342 1631 imperia
376 1579 493 1618 mea
515 1607 531 1627 ,
563 1566 872 1634 praesertim
904 1566 974 1620 de
1004 1567 1269 1636 religione
1295 1567 1512 1630 divina;
1543 1569 1719 1622 omni-

141 1654 225 1709 bus
249 1657 458 1711 steculis
483 1672 740 1712 mansura
765 1659 1097 1714 credebam?
1125 1659 1234 1714 Hos
1252 1675 1386 1730 ergo
1411 1661 1597 1716 titulos
1615 1663 1719 1731 pia).

142 1747 330 1801 virtutis
369 1764 660 1803 erexeram
689 1792 704 1813 ,
745 1750 845 1804 has
883 1750 952 1804 de
992 1753 1193 1806 saeculo
1227 1756 1518 1806 manubias
1546 1795 1560 1816 ,
1606 1754 1720 1807 haec
1749 1745 1796 1806 Β

141 1839 288 1906 spolia
325 1839 396 1893 de
433 1841 660 1896 diabolo
683 1884 695 1904 ,
741 1843 837 1897 bas
877 1857 981 1911 ego
1021 1843 1091 1898 de
1129 1844 1448 1899 adversario
1479 1848 1720 1900 omnium

143 1931 345 1987 exuvias
383 1933 684 1988 offerebam
709 1976 721 1998 ,
761 1936 818 1989 in
855 1937 1053 2012 quibus
1093 1946 1293 1991 arterua
1336 1939 1562 1992 victoria
1615 1949 1722 1994 est.

99 2067 103 2070 .
141 2022 259 2086 Quid
296 2024 428 2078 mitti
469 2025 598 2094 plus
637 2029 818 2096 putuit
861 2043 1014 2082 meus
1049 2029 1227 2083 hostis
1265 2030 1515 2085 auferre?
1548 2031 1724 2086 Abro-

143 2115 254 2182 gasti
291 2116 508 2171 decreta
549 2131 714 2172 mea:
753 2119 898 2189 quod
944 2120 1120 2174 adhuc
1159 2121 1254 2176 ilie
1293 2122 1382 2191 qui
1413 2133 1603 2176 contra
1634 2139 1723 2177 tne

139 2205 316 2261 levavit
351 2225 508 2263 arma
536 2250 550 2272 ,
591 2226 701 2263 non
741 2210 895 2265 fecit.
941 2212 1095 2266 Nunc
1133 2214 1352 2281 gravius
1393 2215 1561 2268 telum
1602 2231 1724 2270 cor-

141 2313 254 2367 pore
284 2303 522 2371 recipio,
557 2303 701 2372 quod
728 2318 756 2354 a
789 2303 962 2358 fratre
993 2317 1111 2357 mea
1141 2313 1342 2358 statuta
1372 2305 1718 2360 damnantur.

142 2392 338 2450 Meliore
361 2405 524 2466 parte
544 2397 655 2450 anei
685 2397 825 2466 apud
857 2406 911 2452 te
935 2398 1254 2466 periclitor;
1285 2398 1373 2451 illa
1399 2401 1546 2452 enim
1571 2413 1724 2454 mors

142 2488 362 2554 corporis
385 2529 399 2551 ,
435 2488 541 2541 ista
573 2488 787 2541 virtutis
807 2497 921 2542 est.
958 2489 1109 2542 Nunc
1141 2487 1592 2560 milti‘abrogatur
1621 2492 1720 2544 im-

139 2581 348 2646 perium,
379 2589 444 2634 et
471 2581 615 2650 quod
644 2589 731 2636 est
755 2583 996 2652 gravius,
1027 2583 1323 2653 abrogatur
1345 2598 1380 2637 a
1403 2586 1536 2651 ruis,
1567 2587 1727 2639 abro-

141 2681 275 2739 gatur
299 2688 326 2726 a
353 2671 538 2726 meis:
569 2684 622 2728 et
649 2673 702 2728 id
725 2674 1041 2744 abrogatur,
1065 2675 1206 2746 quod
1233 2677 1288 2729 in
1317 2689 1404 2730 me
1421 2676 1587 2730 etiam
1620 2679 1724 2732 mei

3318 255 3424 311 οδ

1901 365 1987 418 t7.
2032 363 2188 419 Unde
2225 377 2346 419 cunt
2385 363 2438 418 id
2479 363 2769 430 advertas,
2805 361 3131 435 Imperator,
3164 362 3278 418 Deo
3319 365 3432 434 pri-

1828 469 1974 507 mum
2009 494 2021 513 .
2066 454 2264 508 deinde
2313 455 2447 522 patri
2495 463 2546 508 et
2595 455 2745 509 fratri
2795 455 3027 524 injurias
3073 456 3340 524 irrogari,
3386 458 3428 509 si

1825 546 1954 616 quid
1993 547 2099 600 talo
2131 547 2438 612 decernas;
2485 556 2610 616 peto
2649 558 2706 602 ut
2750 549 2799 602 id
2841 550 3044 613 facias,
3091 549 3233 620 quod
3267 551 3426 604 saluti

1825 649 1933 696 tua:
1962 640 2101 711 apud
2136 641 2306 696 Deum
2335 641 2594 712 intelligis
2624 643 2990 712 profuturum.

1903 788 1923 815 ο
1961 765 2264 831 RELATIO
2304 763 2661 832 SYMMACIII
2716 777 2919 834 URBIS
2963 762 3354 833 PR/EFECTI.
3417 773 3425 780 ’

1828 887 2233 960 Imperator-ibus
2260 891 2517 961 supplicat
2543 903 2752 946 senatus
2781 893 3014 958 nomine,
3041 903 3097 946 ut
3127 903 3318 947 ueteres
3347 909 3430 948 re-

1893 985 2110 1055 ligiones
2140 987 2510 1049 instaurentur,
2539 1001 2604 1038 ac
2639 995 2903 1055 reparetar
2938 1001 3030 1038 ara
3068 983 3342 1051 Victoria,
3373 995 3430 1038 ut

1895 1074 1965 1127 ad
2002 1091 2114 1130 eam
2144 1076 2522 1148 jusjurandum
2560 1077 2800 1146 exigatur
2838 1092 2978 1129 more
3020 1076 3276 1146 antiquo;
3321 1092 3423 1131 non

1893 1169 2030 1222 enim
2060 1171 2346 1239 superiores
2373 1169 2630 1240 principes
2656 1172 2711 1222 in
2735 1186 2795 1223 eo
2823 1168 3098 1222 imitandos
3115 1209 3130 1232 ,
3158 1170 3294 1234 quod
3317 1186 3427 1224 eaut

1894 1264 2169 1327 sustulere,
2195 1263 2286 1317 sed
2313 1263 2367 1316 in
2393 1278 2454 1316 eo
2481 1263 2622 1329 quod
2647 1261 2779 1316 alios
2806 1265 2935 1316 ritus
2958 1279 3059 1316 non
3089 1263 3427 1317 sustulerunt.

1896 1354 2012 1408 Hoc
2049 1355 2114 1408 ab
2145 1356 2218 1409 eis
2251 1354 2469 1409 Romam
2495 1372 2702 1425 poscere
2723 1396 2737 1421 ,
2765 1367 2816 1410 et
2843 1360 3072 1428 profecto
3101 1359 3212 1411 sine
3239 1357 3430 1410 damno

1891 1450 2068 1502 terat-ii
2106 1452 2315 1503 concedi
2353 1467 2541 1517 posse:
2577 1451 2811 1520 iniquum
2850 1461 3021 1504 autem
3069 1451 3200 1505 illud
3238 1451 3430 1506 [taben-

1893 1541 2036 1606 dsm,
2062 1541 2198 1610 quod
2225 1542 2356 1595 bona
2379 1542 2476 1595 sibi
2503 1543 2670 1612 legata
2693 1541 2922 1595 Vestales
2939 1543 3070 1595 sacri
3081 1543 3264 1611 ﬁcique
3285 1542 3431 1594 adire

1893 1633 2298 1704 prohibeantur:
2335 1651 2490 1703 quant
2530 1650 2638 1688 rem
2675 1634 2752 1686 dii
2790 1634 2888 1686 ulti
2926 1633 3174 1687 dicuntur
3203 1634 3432 1687 inmtissa

1897 1829 2007 1874 tum
2033 1821 2300 1888 publicum
2319 1837 2337 1874 :
2363 1831 2409 1874 et
2437 1821 2725 1878 orationem
2752 1818 3071 1873 cohortando
3096 1820 3430 1888 imperatores

1895 1911 1967 1964 ad
1993 1911 2257 1981 postulata
2286 1912 2382 1966 sibi
2413 1913 2712 1980 prwstanda
2743 1911 2960 1967 claudit.

1897 2047 1950 2102 1.
1984 2066 2002 2098 t
2022 2047 2125 2104 Ubi
2161 2051 2390 2117 primum
2420 2057 2642 2101 Senatus
2669 2047 3039 2117 amplissimus
3061 2090 3072 2110 ,
3104 2053 3429 2116 semperque

1827 2148 2025 2203 vester,
2060 2140 2307 2206 subjecta
2337 2137 2547 2208 legibus
2581 2139 2708 2192 vitia
2741 2140 2992 2207 cognovit
3020 2180 3033 2201 ,
3067 2146 3122 2192 et
3159 2155 3186 2190 a
3219 2138 3426 2208 princi-

1827 2233 1984 2301 pibus
2017 2232 2116 2301 piis
2157 2231 2290 2285 vidit
2333 2231 2550 2302 purgari
2577 2231 2776 2285 famam
2813 2231 3186 2300 proximorum
3219 2239 3432 2298 tempo-

1823 2340 1943 2378 rum
1969 2366 1982 2388 ,
2013 2321 2142 2378 boni
2171 2324 2356 2378 saeculi
2384 2324 2764 2378 auctoritatem
2794 2329 3037 2383 secutos.
3066 2325 3310 2379 evomuit
3335 2323 3428 2378 diu

1829 2429 2072 2485 pressum
2114 2415 2398 2482 dolorem,
2443 2425 2604 2484 atque
2645 2412 2669 2451 δ
2711 2417 2907 2470 iterum
2952 2431 3038 2471 me
3079 2416 3427 2484 querelarum

1825 2517 2041 2562 suarum
2065 2507 2228 2576 jussit
2252 2523 2375 2562 esse
2397 2509 2634 2577 legatum
2665 2525 2677 2560 ε
2707 2519 2727 2544 ο
2753 2510 2836 2563 cui
2871 2509 2995 2564 ideo
3025 2509 3134 2564 divi
3161 2510 3428 2583 principis

1827 2599 2088 2671 denegata
2131 2612 2212 2657 est
2249 2603 2323 2655 ab
2353 2603 2618 2672 improbis
2664 2604 2943 2658 audientia
2997 2605 3119 2674 quia
3161 2608 3270 2658 itou
3314 2615 3433 2659 erat

1821 2694 2031 2764 justitia
2059 2694 2340 2760 defutura,
2367 2694 2578 2749 domini
2611 2694 2976 2765 imperatores
3007 2685 3392 2752 Valentiniano
3415 2737 3430 2760 ,

1896 1730 2052 1796 fame.
2084 1725 2259 1797 Negat
2289 1727 2512 1795 denique
2535 1725 2816 1780 dicendum
2838 1767 2854 1790 ,
2886 1727 3023 1793 quod
3062 1725 3221 1796 petit,
3251 1741 3429 1794 stunp-
3519 1728 3524 1732 ’

144 2763 420 2820 adversarii
464 2765 850 2834 pra-dicerent.
881 2767 938 2822 Si
967 2767 1161 2821 vol-ens
1181 2769 1505 2836 'athuievisti
1530 2811 1544 2834 ,
1565 2770 1725 2825 dam-

146 2858 261 2912 nasti
300 2859 466 2914 fidem
505 2874 732 2914 meant:
785 2861 832 2915 ei
888 2860 1089 2915 invitus
1135 2863 1386 2927 cessisti,
1431 2863 1723 2932 prodidisti

144 2957 288 3005 tuam.
321 2953 508 3022 Ergo,
537 2953 684 3023 quod
713 2954 940 3024 gravius
981 2963 1066 3009 est
1087 2997 1100 3021 ,
1139 2966 1198 3009 et
1231 2956 1291 3009 in
1323 2966 1384 3011 'te
1419 2957 1720 3027 periclitor.

204 3047 302 3102 lti'.
341 3049 487 3115 Quid
513 3050 878 3116 respondebis
905 3051 1068 3104 etiam
1099 3053 1274 3120 patri,
1309 3053 1398 3119 qui
1435 3062 1484 3105 te
1519 3053 1726 3123 majore

1826 2784 2136 2850 Theodosi,
2171 2795 2225 2841 et
2265 2787 2458 2841 Arcadi
2493 2786 2682 2855 inclyti
2707 2829 2719 2850 ,
2763 2787 3000 2842 victores
3038 2802 3100 2842 ac
3129 2788 3430 2859 triumpha-

1827 2886 1976 2932 tores
1999 2920 2011 2939 ,
2045 2889 2263 2948 semper
2291 2877 2526 2947 augusti.

1893 2969 1953 3024 ‘2.
1984 2970 2258 3026 «Gemino
2281 2971 2452 3040 igitur
2483 2971 2697 3025 functus
2729 2972 2938 3037 officio,
2972 2980 3026 3026 et
3055 2973 3116 3026 ut
3145 2971 3434 3040 p’rmfectus

1827 3073 2009 3116 vomer
2036 3072 2186 3133 gesta
2218 3063 2432 3132 publica
2467 3077 2792 3134 prosequor,
2825 3074 2877 3118 et
2903 3075 2965 3118 ιιι
2992 3065 3202 3133 legatus
3233 3067 3434 3122 civium

145 3138 312 3196 dolore
347 3142 646 3196 conveniet
673 3183 686 3205 ,
725 3142 916 3195 dicens
941 3158 956 3194 :
995 3141 1076 3196 'De
1101 3155 1194 3197 me
1216 3185 1228 3207 ,
1263 3143 1333 3195 fili
1359 3185 1372 3208 ,
1397 3145 1571 3215 823
1596 3161 1726 3212 pes-

1856 3156 2085 3210 nan‘data
2117 3157 2475 3212 ‘co‘mmeudo.
2513 3157 2676 3211 Nulla
2708 3168 2786 3210 est
2812 3157 2911 3211 'ltic
2939 3159 3208 3214 dissensio
3242 3162 3436 3216 volun-

147 3229 261 3285 sime
283 3232 546 3301 iudicasti
569 3272 584 3296 ,
617 3234 704 3300 qui
740 3233 938 3300 putasti
969 3233 1111 3301 quod
1143 3249 1242 3302 ego
1273 3233 1568 3303 gentilibus
1597 3251 1729 3290 con-

144 3324 418 3380 niveotiam
450 3327 868 3396 praestitissem:
899 3341 1064 3379 tremo
1094 3327 1159 3381 ad
1193 3341 1278 3381 me
1301 3325 1328 3364 δ
1351 3327 1550 3382 detulit
1569 3343 1725 3383 aram

145 3434 244 3477 esse
277 3424 344 3476 in
377 3422 475 3477 illa
505 3423 752 3477 Romana
782 3424 931 3477 curia
960 3439 973 3489 ;
1009 3437 1300 3494 numquam
1335 3434 1540 3479 tantum
1576 3426 1727 3481 nefas

146 3516 372 3583 credidi,
403 3518 548 3586 quod
581 3518 634 3572 in
667 3520 940 3573 communi
975 3518 1069 3571 illo
1097 3519 1519 3574 clrristianornm
1552 3522 1727 3592 genti-

145 3607 369 3679 liumque
395 3610 630 3665 concilio
661 3611 1030 3665 sacrificarent
1057 3611 1320 3681 gentiles,
1349 3613 1459 3668 thoe
1489 3623 1609 3679 est,
1647 3617 1724 3669 in-

147 3703 391 3757 sultarent
426 3703 660 3774 gentiles
701 3706 1061 3774 prtrsentilrus
1100 3707 1444 3774 eltristianis,
1477 3717 1534 3764 et
1573 3709 1729 3762 inviti

150 3795 410 3852 christiani
455 3799 720 3852 interesse
759 3798 1047 3854 sacriﬁciis
1085 3811 1432 3870 cogerentur.
1478 3802 1640 3855 Multa
1671 3810 1727 3855 et

151 3887 346 3946 diversa
377 3891 654 3955 erimina,
707 3906 793 3944 me
841 3891 1176 3960 imperante,
1221 3891 1516 3946 commissa
1565 3900 1726 3956 sunt,

151 3982 280 4038 ultus
327 3998 448 4038 sum
491 3997 858 4054 quaecumque
907 3991 1032 4038 sunt
1081 3983 1462 4054 deprehensa:
1516 3983 1562 4036 s'i
1611 3986 1732 4054 quis

157 4082 269 4130 tunc
310 4076 494 4140 latuit,
539 4077 702 4133 debet
742 4094 870 4148 ergo
911 4079 1095 4134 dicere
1136 4096 1222 4132 tne
1263 4079 1556 4148 probasse,
1590 4080 1733 4149 quod

158 4166 212 4220 ad
251 4185 333 4224 me
371 4186 534 4225 nemo
576 4171 890 4226 detulerat?
930 4171 1008 4226 De
1048 4187 1134 4226 me
1167 4173 1404 4240 pessime
1430 4171 1688 4240 iudicasti
1713 4215 1727 4240 ,

157 4260 193 4312 si
235 4262 358 4316 mitti
389 4263 723 4332 superstitio
763 4263 938 4317 aliena
963 4305 977 4330 ,
1013 4275 1129 4317 'tton
1174 4263 1308 4317 fides
1346 4275 1462 4318 mea
1497 4265 1732 4319 servavit

156 4349 216 4404 im
226 4353 444 4422 perium.

1833 3256 2002 3300 totum
2031 3264 2044 3310 ;
2077 3249 2203 3317 quia
2232 3248 2342 3316 jam
2376 3249 2602 3303 credere
2645 3250 2894 3302 homines
2927 3251 3206 3305 desierunt
3246 3250 3262 3288 ί
3299 3253 3439 3306 auli-

1831 3353 2018 3393 corum
2060 3354 2118 3394 se
2159 3339 2343 3393 studio
2383 3351 2681 3410 praestare,
2725 3341 2771 3394 si
2810 3341 3144 3412 discrepent.
3205 3341 3432 3412 A‘mari,

1829 3434 1934 3488 coli
1959 3473 1974 3500 ,
2009 3433 2194 3503 diligi,
2231 3433 2405 3502 majus
2434 3435 2664 3503 imperio
2696 3444 2798 3489 est.
2841 3434 2974 3503 Quis
3012 3436 3151 3490 ferat
3189 3429 3436 3494 obfuisse

1829 3528 2145 3596 reipublica:
2177 3528 2392 3597 privata
2433 3529 2777 3584 certamina?
2817 3529 3008 3583 Merito
3039 3533 3175 3585 'i'llos
3215 3545 3437 3591 senatus

1830 3618 2157 3688 insequitur,
2189 3619 2278 3689 qui
2309 3621 2606 3689 potentiam
2639 3635 2789 3674 suam
2819 3619 2976 3675 litura:
3006 3624 3266 3695 principis
3291 3639 3438 3695 prm-

1827 3709 2086 3765 tulerunt.

1901 3803 1953 3854 5.
1987 3821 2005 3854 ‹
2035 3803 2230 3856 Noster
2255 3811 2434 3855 autem
2458 3803 2612 3856 labor
2637 3818 2733 3871 pro
2758 3803 3049 3856 clementia
3081 3813 3260 3859 vestra
3289 3806 3442 3864 ducit

1831 3894 2106 3948 excubias.
2135 3893 2422 3963 8290ui
2454 3895 2596 3946 enim
2619 3895 2798 3964 magis
2833 3895 3144 3949 commodat
3169 3899 3311 3965 quod
3354 3900 3438 3953 itt-

1833 3986 2018 4040 Stitu‘ta
2061 3985 2351 4055 majorum,
2393 3987 2535 4056 quod
2561 3990 2748 4057 patria:
2785 3987 2906 4056 jura
2950 3998 3004 4042 et
3034 3989 3149 4043 'fala
3190 3991 3438 4049 defendi-

1839 4091 1997 4137 mus,
2028 4092 2187 4146 quant
2222 4086 2527 4146 temporum
2551 4078 2744 4147 gluriae
2770 4095 2782 4129 :
2815 4094 2935 4145 quae
2961 4089 3076 4133 tum
3111 4083 3285 4152 major
3311 4096 3434 4150 est,

1837 4183 1962 4223 cum
2001 4169 2154 4225 vobis
2183 4177 2381 4224 contra
2424 4183 2628 4223 morem
2671 4180 2952 4240 parentum
3008 4172 3308 4242 intelligit-is
3353 4178 3436 4230 'nil

1838 4260 2050 4316 licere?
2097 4259 2414 4331 Repetitnus
2461 4260 2628 4332 igitur
2679 4261 3003 4333 religionum
3054 4271 3291 4332 statum,
3346 4268 3440 4334 qui

1837 4355 2153 4425 reipublicae
2183 4354 2274 4410 diu
2307 4356 2528 4426 profuit.
2571 4355 2730 4410 Certe
2765 4367 3123 4410 numerentur
3163 4357 3437 4425 principes

224 4482 246 4508 ³
283 4473 480 4532 Omnes
520 4475 652 4531 edit.
675 4491 744 4530 ac
777 4477 961 4544 plures
979 4489 1122 4530 'tnss.
1147 4515 1159 4539 ,
1190 4474 1400 4530 Christo
1428 4486 1520 4529 est.
1546 4475 1738 4530 Omnis
1766 4481 1818 4541 D
1844 4492 2003 4546 qttam
2025 4474 2285 4529 facillime
2313 4473 2718 4546 revincentlam.
2743 4471 2815 4527 'Et
2843 4487 2972 4546 sane
3004 4485 3055 4526 ut
3089 4472 3262 4526 eidem
3295 4477 3442 4545 ptin-

163 4541 258 4597 Deo
281 4549 426 4612 plena
454 4548 673 4616 pueritia
699 4541 820 4616 ﬁdei
853 4549 1249 4616 comprobatur:
1276 4563 1337 4601 ac
1369 4548 1545 4601 locum
1570 4550 1738 4602 'ttnlzis

162 4617 429 4673 restituere
456 4615 590 4673 cod.
633 4615 816 4684 nem,
849 4617 1086 4683 'l‘ltuan.,
1112 4615 1253 4688 'Rt-g.
1287 4629 1339 4672 et
1369 4617 1551 4672 Carol.
1588 4631 1641 4672 ttt
1685 4621 1736 4674 in

165 4694 310 4741 textu.
342 4688 426 4742 lbi
450 4703 629 4743 autem
662 4691 892 4744 observa
925 4704 1032 4742 non
1085 4691 1370 4742 obscurant
1415 4692 1737 4745 allus‘iunctn

166 4755 220 4807 ad
253 4761 552 4832 ᾼνοεωιὶω
588 4762 675 4813 illa
711 4758 882 4813 lCor.
915 4774 1033 4815 ittv.
1065 4759 1135 4812 90
1163 4779 1185 4832 :7
1212 4759 1394 4815 Nolite
1413 4763 1568 4830 pueri
1601 4762 1740 4832 efﬁci

164 4829 402 4903 sensibus,
423 4843 543 4887 1“etc.
573 4833 952 4903 Opportunum
983 4845 1146 4903 porro
1168 4829 1515 4898 1toc‘tentpns
1546 4829 1737 4903 pagani

163 4897 220 4948 ad
237 4913 502 4957 sacrorum
527 4897 878 4957 obtiuemlam
901 4897 1300 4956 restitutionem
1324 4897 1565 4957 arbitrati
1593 4897 1736 4968 sunt,

165 4980 257 5022 non
285 4973 452 5026 solum
493 4986 717 5043 propter
753 4974 1098 5041 imperatoris
1133 4974 1412 5042 pne-ritiam
1447 4989 1544 5042 per
1573 4989 1734 5043 quam

165 5043 381 5110 regimen
411 5061 535 5099 esse
564 5051 848 5099 Consuevit
873 5043 1144 5098 nobilius:
1177 5045 1271 5097 sed
1299 5056 1352 5098 ut
1380 5054 1600 5110 propter
1626 5044 1737 5098 Ma-

165 5108 345 5187 ttimntn
373 5125 686 5187 tyranuum
708 5156 720 5179 ,
772 5129 800 5168 ει
850 5129 959 5186 quo
997 5114 1164 5168 ltttlize
1194 5108 1494 5169 cruentum
1530 5115 1736 5169 bellum

166 5185 482 5240 imminebat.

168 5317 178 5329 ,
226 5250 250 5289 δ
288 5254 550 5312 Baron'tus
579 5256 646 5309 ad
679 5270 765 5311 an.
794 5257 891 5310 57f
911 5257 1044 5329 ςΙιϊιιο
1072 5256 1238 5329 verba
1268 5257 1435 5323 magis
1466 5254 1740 5312 rlre'torico

166 5328 351 5391 tntpetu
380 5330 444 5381 ad
478 5329 848 5381 deliniendam
883 5328 1243 5382 Valentiniani
1278 5329 1428 5396 pueri
1462 5329 1738 5392 animum,

163 5407 391 5470 quantos
419 5401 644 5453 veritate
665 5399 811 5452 dicta
839 5403 1132 5452 existimat.
1167 5400 1448 5454 Seniuretu
1473 5398 1616 5452 enim
1651 5399 1740 5452 illa

166 5469 395 5536 ignorare
425 5485 533 5523 non
551 5473 840 5536 metuisse:
873 5483 972 5523 nec
997 5485 1128 5524 sane
1152 5473 1349 5524 mirum
1372 5512 1385 5533 ,
1412 5471 1455 5522 si
1486 5469 1740 5522 dissimu-

167 5531 461 5611 laritgcum
495 5531 653 5609 teges
692 5541 851 5595 etiam
895 5543 1318 5610 promulgaverit
1343 5531 1453 5611 'pro
1493 5541 1744 5595 liln-rtate

168 5607 382 5682 ctltnica:
415 5607 716 5680 religionis.
747 5611 855 5666 Sed
887 5607 1018 5678 pace
1049 5607 1180 5665 tanti
1228 5613 1324 5666 viri
1347 5607 1372 5676 ,⁷
1405 5623 1740 5682 nequaquam

167 5677 692 5753 Videturqtrudeutiu:
712 5724 724 5747 ,
757 5695 858 5753 quo
891 5677 1008 5737 ornt
1037 5682 1390 5748 Anrbrbsiu’s,
1424 5677 1511 5753 illa
1544 5677 1746 5753 dixisse

168 5759 382 5813 quorum
422 5752 714 5810 falsitatem
745 5752 863 5809 non
889 5755 1139 5809 *ttesciret
1177 5755 1292 5807 fore
1329 5753 1398 5806 tt'b
1437 5752 1744 5808 adversario

1845 4545 1948 4616 ciipi
1979 4547 2231 4615 ignorare
2261 4562 2365 4599 non
2397 4545 2608 4601 licuerit
2644 4548 2782 4599 lianc
2823 4545 2968 4598 illam
3008 4560 3154 4597 aram
3198 4547 3247 4598 in
3289 4552 3439 4602 curia

1847 4622 2076 4689 positam
2119 4618 2327 4683 fuisse,
2360 4620 2804 4689 maximetamen
2837 4617 3099 4689 credibile
3129 4624 3212 4668 οη
3251 4617 3318 4670 tle
3357 4635 3444 4671 sa-

1844 4687 2068 4746 crificiis
2089 4731 2102 4751 ,
2131 4690 2326 4757 quibus
2355 4689 2554 4742 ibident
2585 4688 2872 4752 interesse
2913 4687 3267 4756 adigebantur
3298 4690 3444 4743 cliri-

1840 4762 2023 4823 Stiuui,
2052 4762 2564 4828 tlequejurament'ts
2592 4775 2712 4828 quze
2739 4761 2806 4813 ab
2835 4760 2918 4810 bis
2945 4759 3439 4828 exiget'cgsolebant

1843 4833 2095 4886 inﬁdeles
2116 4873 2130 4895 ,
2161 4833 2224 4882 :td
2254 4845 2374 4884 ettttt
2407 4830 2536 4882 nihil
2565 4830 2805 4884 delatum
2836 4843 2976 4883 esse.

1919 4913 1940 4940 ο
1981 4902 2192 4968 Scripta
2224 4915 2366 4952 anno
2389 4900 2515 4953 584.

1914 4969 1940 5007 ἀ
1975 4975 2253 5025 Discimus
2277 4968 2450 5042 exibis
2475 4970 2655 5042 verbis
2680 4971 2930 5024 eumdem
2960 4970 3342 5042 Symmachum
3372 4974 3439 5027 ab

1842 5043 2074 5098 ethnicis
2108 5041 2452 5094 senatoribus
2481 5051 2608 5112 ante
2633 5041 2918 5094 biennium
2961 5041 3188 5095 cit-ctum
3232 5045 3398 5099 fuisse
3423 5086 3437 5112 ,

1843 5125 1901 5169 ut
1931 5127 2210 5167 sacrorum
2252 5125 2476 5164 suorum
2517 5109 2767 5164 obtinere
2807 5114 3250 5167 instaurationem
3279 5109 3442 5169 conn-1

1843 5193 1993 5240 retur
2019 5201 2031 5236 :
2062 5184 2130 5235 de
2161 5197 2262 5248 qua
2294 5179 2616 5234 Ambrosius
2649 5184 3106 5251 superiori'epist.
3137 5203 3285 5242 ttltltl.
3305 5188 3399 5240 1'2.

1920 5265 1942 5292 ε
1985 5254 2233 5327 Cui_ideo
2265 5252 2651 5327 illiillo-incipis
2680 5294 2693 5306 .
2827 5269 3028 5327 semper
3054 5260 3260 5327 augusti
3283 5300 3296 5323 ,
3319 5258 3443 5313 ἰιὼο

1920 5271 1942 5292 τ
1985 5271 2079 5307 ωη
2122 5271 2233 5305 ιαρο
2265 5271 2648 5377 (ιιωιςηηεψιδ
2680 5294 2693 5306 .
2730 5292 2742 5305 .
2783 5293 2792 5303 .
2827 5271 3028 5324 semper
3054 5271 3260 5327 augusti
3283 5300 3296 5323 ,
3320 5271 3438 5313 1ch

1845 5334 1955 5380 tota
1997 5325 2252 5393 pericope
2295 5327 2343 5376 in
2376 5343 2378 5345 ·
2437 5339 2545 5377 om.
2588 5323 2718 5377 edit.
2747 5324 2991 5393 iugulata
3027 5340 3144 5378 est:
3180 5345 3298 5395 qum
3331 5345 3438 5383 non

1849 5397 2026 5451 solum
2070 5397 2122 5449 iu
2165 5396 2288 5466 aliis
2327 5398 2458 5450 edit.
2502 5397 2821 5466 cunctisque
2849 5411 2981 5448 mss.
3016 5395 3310 5461 invenitur,
3349 5416 3440 5454 ve-

1849 5484 1967 5523 rum
1998 5469 2163 5522 etiam
2199 5465 2505 5519 libellorum
2538 5465 2837 5536 supplicauit
2869 5467 3097 5521 formula
3139 5479 3276 5522 erat.

1924 5538 1944 5576 τ
1992 5539 2067 5592 Ita
2105 5552 2238 5593 mss.
2281 5549 2334 5591 et
2367 5537 2530 5592 Rom.
2571 5539 2706 5592 edit.
2745 5538 2962 5592 Anterb.
2990 5551 3152 5604 vero,
3191 5541 3349 5593 Eros.
3382 5555 3444 5596 ac

1850 5609 2006 5676 Gill.,
2035 5609 2241 5663 credere
2270 5610 2548 5665 desierunt.
2579 5609 2885 5677 Aliquorum
2910 5611 3134 5662 ministri
3156 5621 3333 5677 regum
3360 5627 3448 5666 co-

1839 5689 2042 5752 guntur
2071 5679 2248 5752 studio
2281 5697 2336 5752 se
2377 5689 2649 5752 'prtestare.
2683 5681 2773 5752 At,
2806 5678 2941 5732 infra
2996 5689 3106 5736 vet.
3157 5678 3286 5737 edit.
3325 5689 3447 5739 cum

1841 5749 1982 5804 mss.
2005 5749 2450 5821 longe-plurimis
2469 5791 2483 5818 ,
2518 5749 2645 5820 jura
2675 5761 2721 5805 et
2749 5751 2904 5820 facta.
