3936 6168
549 224 654 282 967

1889 223 2136 282 SANCTI
2178 221 2498 282 AMBROSII

3718 227 3805 286 968

551 341 840 412 utriusque
879 347 1077 406 sectae,
1120 336 1404 409 utriusque
1443 338 1776 404 sententiae;
1810 347 1836 375 ιι
1868 339 2151 408 proximus
2177 341 2226 402 Α
2254 354 2354 410 pes
2391 339 2496 394 mei
2536 336 2820 408 probabile
2852 335 3208 408 iudicabunt,
3241 337 3332 408 qui
3371 345 3695 395 sacramento
3726 357 3807 411 pu-

549 449 738 492 eornm
768 432 1109 490 ceremonias
1142 440 1358 501 patrum
1389 429 1594 495 coluit,
1628 432 1900 487 recentior
1931 446 2036 486 non
2067 447 2156 487 re-

555 528 746 586 movit.
785 527 842 582 Si
882 524 1198 595 exemplum
1239 539 1346 580 non
1376 523 1502 579 facit
1530 524 1724 595 religio
1753 533 1998 580 veterum
2021 566 2038 593 ,
2073 524 2152 579 fa-

559 622 668 676 ciat
696 617 1057 674 dissimulatio
1088 617 1483 686 proximorum.

631 712 683 767 4.
733 729 752 762 ι
799 709 933 778 Quis
962 710 1035 764 ita
1068 707 1350 764 familiaris
1378 718 1462 764 est
1493 709 1772 778 barbaris,
1806 718 1865 763 ut
1898 724 2049 764 aram
2081 709 2159 764 vi-

559 803 746 861 ctoria:
785 817 892 857 non
934 802 1220 873 requirat?
1256 801 1414 856 Cauti
1457 802 1509 856 in
1549 810 1826 872 posterum
1866 817 2075 867 sumus,
2104 810 2161 857 et

563 893 754 950 talium
805 909 986 950 rerum
1035 902 1250 950 ostenta
1318 894 1570 949 vitamus.
1645 893 1922 950 Reddatur
1981 903 2158 948 tamen

562 987 590 1028 ι’
623 990 816 1044 saltem
845 989 1050 1044 nomini
1103 988 1298 1053 honor,
1347 989 1438 1059 qui
1468 989 1674 1043 numini
1702 988 2002 1061 denegatus
2050 999 2158 1046 est.

562 1085 726 1142 Multa
776 1084 1022 1140 victoria:
1064 1082 1230 1138 debet
1275 1081 1554 1138 aeternitas
1599 1093 1817 1149 vestra,
1879 1092 1938 1139 et
1986 1083 2165 1138 adhuc

561 1178 715 1249 plura
744 1176 984 1232 debebit.
1033 1177 1369 1231 Aversentur
1409 1175 1550 1230 hanc
1579 1184 1902 1246 potestatem
1922 1217 1938 1243 ,
1970 1176 2164 1246 quibus

574 1267 709 1324 nihil
759 1267 963 1339 profuit
1008 1285 1022 1322 :
1058 1283 1154 1323 vos
1198 1267 1433 1323 amicum
1479 1267 1772 1336 triumphis
1811 1267 2164 1339 patrocinium

571 1361 738 1418 nolite
781 1362 1060 1417 deserere.
1108 1359 1332 1416 Cunctis
1376 1361 1618 1431 potentia
1669 1360 1772 1416 ista
1818 1362 1995 1416 votiva
2041 1368 2162 1416 est:

566 1470 730 1514 nemo
759 1456 1045 1511 colendam
1079 1462 1276 1524 neget,
1308 1469 1471 1524 quam
1504 1452 1786 1523 profitetur
1814 1453 2130 1522 optandam.

641 1548 696 1604 5.
727 1568 746 1603 ι
774 1548 929 1618 Quod
959 1552 1003 1604 sl
1031 1559 1052 1586 ο
1076 1547 1234 1616 hujus
1261 1547 1462 1601 ominis
1484 1560 1591 1600 non
1617 1555 1760 1601 esset
1781 1545 1926 1614 justa
1955 1544 2165 1610 vitatio,

569 1641 908 1701 ornamentis
936 1641 1131 1695 saltem
1159 1637 1325 1693 curia:
1353 1637 1534 1694 decuit
1561 1637 1857 1692 abstinere.
1885 1636 2167 1699 Praestate.

2260 432 2402 488 blico
2432 433 2529 486 tttti
2560 441 2708 486 sunt.

2331 525 2384 578 7.
2420 543 2440 576 ι
2473 523 2580 580 Sed
2618 524 2782 580 divus
2818 522 3173 581 Constantius
3212 524 3358 580 idem
3397 524 3588 580 fecisse
3622 525 3805 582 dicitur.

2261 617 2470 674 Cretera
2508 617 2688 688 potius
2727 617 2874 673 illius
2904 617 3169 688 principis
3195 617 3552 674 aemulemur:
3580 618 3666 689 qui
3698 620 3806 674 nihil

2263 713 2370 768 tale
2407 720 2554 767 esset
2590 725 2913 782 aggressus,
2954 711 3002 766 si
3040 711 3160 782 quis
3197 719 3329 768 ante
3367 725 3428 767 se
3461 711 3594 766 alius
3629 711 3808 769 devias-

2250 812 2364 882 .set.
2404 803 2571 876 830
2607 801 2840 873 Corrigit
2873 803 3017 858 enim
3056 811 3378 874 sequentem
3414 803 3589 873 lapsus
3615 803 3805 874 prioris,

2269 905 2291 931 θ
2320 905 2374 950 et
2404 896 2473 951 de
2503 895 2924 965 reprehensione
2949 896 3322 951 antecedentis
3348 896 3580 966 exempli
3608 897 3811 954 nascitur

2265 989 2598 1046 emendatio.
2632 988 2740 1043 Fas
2769 986 2872 1042 fuit
2902 996 2960 1042 ut
2987 1002 3183 1056 parcns
3212 987 3302 1042 ille
3329 987 3624 1044 clementia:
3649 998 3809 1044 vestra

2267 1083 2320 1137 in
2351 1097 2412 1138 re
2439 1081 2618 1137 adhuc
2647 1097 2785 1137 nova
2816 1096 2921 1137 non
2950 1089 3170 1137 caveret
3199 1080 3476 1136 invidiam.
3508 1080 3634 1137 Num
3663 1090 3812 1152 potest

2267 1174 2432 1230 etiam
2473 1174 2633 1230 nobis
2669 1173 2861 1230 eadem
2903 1173 3153 1229 defensio
3200 1176 3530 1241 convenire,
3581 1173 3624 1228 si
3668 1173 3810 1228 imite-

2271 1281 2410 1334 mur,
2442 1266 2586 1337 quod
2619 1265 2970 1322 meminimus
2999 1265 3412 1336 improbatum?

2341 1363 2395 1416 8.
2427 1379 2444 1411 ι
2475 1345 2719 1431 Accipiat
2755 1361 3031 1416 mternitas
3071 1369 3254 1416 vestra
3292 1360 3398 1416 alia
3434 1359 3659 1431 ejusdem
3693 1360 3814 1428 prin-

2269 1453 2408 1524 cipis
2447 1453 2583 1508 facta
2606 1496 2620 1519 ,
2651 1470 2776 1525 quae
2814 1453 2867 1509 in
2906 1469 3062 1510 usum
3103 1453 3322 1523 dignius
3362 1451 3554 1508 trahat.
3584 1451 3601 1489 ί
3633 1451 3705 1507 Nil
3741 1452 3812 1506 ille

2272 1544 2550 1614 decerpsit
2598 1559 2880 1600 sacrarum
2931 1546 3202 1617 virginum
3253 1545 3573 1616 privilegiis,
3621 1545 3815 1615 replevit

2275 1637 2548 1693 nobilibus
2569 1637 2901 1706 sacerdotia,
2925 1638 3190 1694 Romanis
3210 1637 3533 1694 ceremoniis
3558 1652 3654 1692 non
3682 1651 3814 1708 nega-

567 1749 668 1791 oro
697 1748 814 1799 vos,
843 1740 902 1787 ut
927 1747 990 1788 ea
1020 1747 1142 1802 quae
1172 1730 1325 1801 pueri
1359 1729 1720 1800 suscepimus,
1745 1742 1904 1784 senes
1931 1725 2168 1798 posteris
2199 1725 2246 1786 B
2273 1730 2350 1784 vit
2387 1730 2658 1798 impensas
2678 1773 2694 1797 ,
2733 1741 2788 1786 et
2827 1745 2924 1801 per
2960 1745 3153 1786 omnes
3193 1731 3307 1786 vias
3345 1739 3553 1785 aiternte
3579 1728 3716 1784 Urbis
3741 1729 3814 1782 lzeo

569 1826 961 1896 relinquamus.
985 1822 1412 1878 Consuetudinis
1433 1837 1590 1876 amor
1608 1835 1837 1892 magnus
1859 1828 1963 1874 est.
1984 1818 2173 1873 Merito

571 1921 680 1977 divi
708 1918 736 1958 ἀ
765 1917 1068 1975 Constantii
1103 1917 1304 1973 factum
1336 1917 1428 1971 diu
1464 1930 1571 1971 non
1599 1918 1768 1971 stetit.
1797 1915 1988 1969 Omnia
2022 1911 2173 1968 vobis

570 2011 824 2083 exempla
865 2009 1085 2066 vitanda
1123 2018 1288 2075 sunt,
1323 2024 1443 2079 quae
1483 2023 1608 2062 mox
1642 2015 1850 2062 remota
1882 2003 2170 2060 didicistis.

583 2101 969 2160 )Eternitatem
1009 2116 1266 2160 curamus
1307 2099 1464 2156 fama:
1502 2109 1558 2156 et
1597 2099 1837 2156 nominis
1867 2097 2076 2164 vestri;
2108 2113 2175 2153 ne

579 2196 709 2268 quid
741 2195 922 2250 futura
951 2204 1086 2250 tetas
1116 2193 1359 2249 inveniat
1387 2192 1793 2263 corrigendum.

647 2291 700 2347 6.
730 2309 749 2343 ι
773 2289 876 2348 Ubi
917 2291 973 2344 in
1000 2288 1148 2360 leges
1176 2297 1388 2344 vestras
1415 2298 1470 2342 et
1502 2287 1666 2343 verba
1691 2287 2044 2358 jurabimus?
2071 2303 2175 2358 qua

576 2383 842 2454 religione
885 2396 1040 2438 mens
1089 2380 1222 2436 falsa
1258 2379 1588 2446 terrebitur;
1637 2396 1706 2436 ne
1750 2381 1803 2436 in
1852 2382 2180 2437 testimoniis

573 2472 911 2529 mentiatur?
965 2472 1155 2556 Omnia
1209 2470 1428 2542 quidem
1486 2471 1599 2526 Deo
1654 2472 1810 2542 plena
1865 2481 2026 2540 sunt,
2081 2487 2179 2528 nec

573 2565 715 2622 ullus
757 2565 979 2637 perfidis
1018 2574 1164 2620 tutus
1205 2572 1291 2618 est
1336 2564 1526 2618 locus:
1571 2563 1666 2619 sed
1706 2564 2002 2634 plurimum
2041 2564 2183 2620 valet

572 2660 642 2716 ad
683 2669 886 2715 metum
939 2657 1291 2729 delinquendi
1340 2659 1506 2712 etiam
1557 2659 1846 2727 praesentia
1899 2657 2182 2728 religionis

581 2754 786 2823 urgeri.
827 2752 924 2807 Illa
955 2767 1048 2807 ara
1078 2749 1430 2808 concordiam
1465 2759 1615 2806 tenet
1641 2751 1920 2814 omnium,
1954 2751 2046 2804 illa
2087 2765 2178 2806 ara

577 2843 740 2899 fidem
793 2844 1054 2899 convenit
1099 2843 1483 2913 singulorum:
1535 2855 1712 2910 neque
1755 2839 1961 2923 aliquid
2007 2841 2181 2912 magis

573 2937 959 2993 auctoritatem
1009 2936 1140 2992 facit
1185 2936 1476 2992 sententiis
1527 2935 1767 2999 nostris,
1819 2950 1982 3004 quam
2031 2935 2179 3006 quod

581 3031 764 3087 omnia
803 3032 961 3099 quasi
998 3030 1214 3100 juratus
1254 3038 1442 3085 noster
1479 3028 1618 3084 ordo
1655 3027 1924 3084 decernit.
1967 3029 2182 3085 Patebit

576 3138 707 3196 ergo
746 3120 908 3178 sedes
945 3119 1174 3191 profana
1217 3119 1504 3192 perjuriis,
1536 3128 1594 3176 et
1625 3119 1728 3176 hoc
1757 3120 1941 3191 inclyti
1976 3121 2178 3192 princi-
2202 3102 2246 3166 (ἶ

650 3319 675 3346 ἰ
717 3305 1040 3370 Proximus,
1080 3303 1131 3358 id
1171 3311 1294 3369 est,
1335 3303 1622 3360 Julianus:
1662 3305 1941 3370 recentior,
1982 3320 2181 3374 nempe

582 3377 1032 3441 Valentinianus;
1081 3377 1171 3446 qui
1218 3378 1384 3432 etiam
1435 3376 1686 3446 sequenti
1737 3377 2006 3430 sententia
2055 3392 2180 3432 cum

582 3450 808 3506 Valente
836 3449 1002 3502 fratre
1031 3447 1372 3515 significatur
1401 3448 1625 3502 nomine
1656 3449 2035 3515 proximorum.
2071 3449 2180 3502 Ad-

577 3534 732 3577 verte
769 3531 952 3574 autem
991 3519 1047 3591 in_
1091 3519 1192 3573 hac
1220 3518 1532 3591 Symmachi
1573 3517 1858 3591 Relatione
1886 3518 2180 3574 admodum

579 3592 882 3650 desiderari
914 3588 1297 3658 prudentiam,
1324 3589 1763 3661 quandoquidem
1791 3605 1898 3645 non
1927 3605 2089 3645 secus
2114 3591 2182 3646 de

577 3666 690 3721 suis
729 3661 1044 3718 numinibus
1073 3675 1138 3717 ac
1165 3660 1449 3717 sacrificiis
1485 3676 1608 3716 cum
1665 3660 1996 3730 imperatore
2033 3661 2183 3716 chri-

581 3736 759 3792 stiano
797 3733 1035 3803 loquitur
1065 3732 1288 3804 passim,
1318 3748 1381 3789 ac
1419 3733 1464 3788 si
1504 3748 1626 3788 cum
1667 3732 1937 3788 idolorum
1970 3735 2180 3790 cultore

580 3807 915 3918 loqueretur.

720 3879 879 3918 Dauni
911 3895 915 3918 I

720 3879 882 3932 Pauci
911 3891 1068 3942 mss.,
1099 3875 1285 3930 saltem
1315 3875 1508 3929 homini
1534 3874 1720 3930 honor.

659 3961 682 3988 ο
725 3949 858 4018 Reg.
890 3948 1046 4014 edit.,
1076 3948 1234 4010 huius
1262 3947 1447 4018 ominis
1477 3963 1579 3999 non
1604 3957 1677 4000 est
1704 3948 1861 4001 etiam
1881 3949 2025 4018 justa
2053 3948 2182 4002 uita-

579 4021 686 4084 tio;
718 4019 787 4072 ab
818 4017 902 4071 his
932 4035 1066 4073 mss.
1099 4018 1309 4088 aliquot
1339 4017 1442 4070 hoc
1481 4018 1598 4072 solo
1628 4017 2040 4086 distant,’qnnd
2082 4034 2179 4087 pro

581 4106 684 4160 non
707 4097 781 4144 est
802 4089 954 4143 etiam
970 4131 984 4154 ,
1011 4089 1197 4160 legunt
1218 4105 1320 4142 non
1341 4097 1506 4143 esset:
1532 4089 1720 4157 reliqui
1749 4104 1878 4144 vero
1906 4089 2080 4144 loeutn
2107 4091 2180 4144 ita

579 4159 875 4226 exhibent,
906 4159 1313 4231 hujushominis
1337 4175 1443 4231 non
1467 4170 1596 4214 esset
1613 4162 1761 4231 justa
1781 4160 2029 4215 visitatio.
2060 4160 2176 4216 Non

580 4232 714 4286 satis
744 4241 910 4288 recte.
944 4230 1112 4286 Porro
1140 4230 1300 4300 aliam
1335 4230 1623 4300 lectionem
1651 4233 1898 4300 sequitur
1928 4233 2174 4300 Unnpltr.

580 4301 860 4358 Panuinus
899 4302 993 4374 lib.
1033 4301 1102 4356 de
1123 4299 1312 4374 Civit.,
1340 4299 1500 4353 Rom.
1534 4299 1881 4374 voceshujus
1919 4299 2174 4369 hominis,

577 4383 793 4429 mutans
815 4374 868 4444 in
889 4372 1048 4444 hujus
1069 4371 1316 4444 numinis,
1347 4379 1411 4444 et
1432 4385 1639 4444 ponens
1670 4371 1892 4425 visitatio
1923 4387 2020 4440 pro
2047 4375 2178 4444 vita-

579 4444 694 4509 tio;
725 4440 969 4499 indicans
1008 4441 1172 4497 etiam
1217 4440 1414 4494 alicubi
1453 4441 1713 4508 scriptum
1737 4481 1752 4506 ,
1795 4444 2024 4495 usitatio.
2067 4443 2176 4499 Sed

579 4526 840 4585 praestare
869 4523 1120 4584 putamus
1151 4511 1438 4566 lectionem
1472 4521 1713 4585 nostram
1736 4553 1751 4577 ,
1785 4512 1942 4585 cujus
1973 4514 2060 4567 hic
2089 4523 2176 4571 est

574 4580 806 4666 sensus:
837 4580 942 4666 etsi
966 4586 1171 4666 justum
1195 4597 1308 4666 non
1338 4593 1486 4636 esset
1509 4580 1689 4666 vitare
1730 4583 1930 4666 malum
1971 4600 2133 4638 omen
2155 4627 2169 4652 ,
2197 4607 2252 4666 D

576 4657 734 4730 quod
766 4673 834 4712 ex
856 4651 1064 4730 deiecta
1093 4653 1343 4708 Victoria:
1368 4666 1461 4706 ara
1491 4651 1731 4718 ducitur,
1765 4665 1944 4730 tamen
1966 4696 1981 4721 ,
2012 4665 2120 4710 etc.

650 4727 677 4766 ἀ
718 4728 794 4784 Ita
818 4724 951 4784 edit.
977 4740 1042 4781 ac
1069 4740 1200 4781 mss.
1227 4739 1442 4788 omnes,
1469 4733 1700 4794 excepto
1727 4739 1832 4778 ttnn
1859 4724 2056 4794 Long.,
2083 4726 2172 4782 ubi

579 4799 807 4855 habetur
831 4797 1154 4854 Constantini
1180 4799 1394 4868 factum.
1426 4794 1694 4868 Baronins
1720 4807 1902 4852 autem
1929 4794 1998 4851 ad
2041 4812 2168 4853 ann.

575 4871 684 4928 546
706 4871 898 4926 suadet
929 4865 1210 4940 legendum
1243 4865 1539 4940 Constantis
1570 4870 1764 4938 [aetum
1794 4869 1946 4938 quasi
1977 4884 2176 4940 expro-

575 4942 759 4999 braret
786 4935 1146 5013 Symmachus
1185 4938 1470 5013 imperium
1500 4935 1827 4994 Constantis
1850 4940 2013 5013 breve
2042 4939 2175 5013 fuis-

576 5027 668 5078 se,
699 5028 764 5068 ac
789 5009 1014 5082 prapter
1037 5011 1202 5066 vetita
1218 5009 1459 5082 _Deorum
1485 5023 1637 5082 sacra
1662 5026 1784 5064 eum
1811 5026 1840 5064 a
1867 5009 2174 5080 Magnentio

577 5083 646 5140 de
673 5080 852 5139 medio
877 5080 1169 5136 sublatum.
1202 5080 1374 5151 Quam
1402 5080 1769 5149 conjecturam
1797 5087 2020 5151 egregie
2046 5083 2172 5137 hinc

575 5165 729 5225 putat
750 5153 1084 5225 confirmari.
1109 5153 1252 5225 quod
1279 5150 1415 5204 infra
1441 5153 1709 5225 subditur,
1755 5152 1861 5225 δρα
1882 5150 2028 5206 diuus
2043 5151 2176 5208 Con-

574 5220 816 5290 itantins,
845 5225 972 5278 cod.
1007 5220 1180 5292 Long.
1209 5220 1595 5286 Constantinus,
1635 5234 1742 5278 etc.
1774 5223 1919 5278 ldetti
1949 5226 2014 5277 ad
2043 5241 2170 5277 ann.

579 5295 686 5352 3515
715 5302 903 5351 eadem
937 5295 1099 5349 iterat
1133 5301 1298 5359 atque
1335 5293 1550 5348 asserit.
1595 5292 1886 5348 Baronium
1925 5297 2176 5358 sequitur

573 5365 902 5423 Gudefridus
924 5367 974 5420 itt
999 5365 1105 5436 leg.
1127 5364 1163 5418 2
1189 5372 1245 5418 et
1271 5363 1304 5417 3
1332 5363 1402 5436 de
1426 5364 1669 5433 paganis,
1695 5379 1834 5436 quas
1863 5363 2176 5420 Constantis

574 5452 696 5494 esse
743 5434 1076 5502 arbitraturi
1132 5442 1294 5506 atque
1330 5434 1381 5489 in
1423 5438 1560 5506 hanc
1600 5434 1848 5506 ultimam
1907 5452 1974 5491 eo
2013 5437 2114 5491 loci
2146 5452 2176 5490 a

578 5504 1248 5582 Symmacho,Constantis
1262 5509 1421 5582 facto.
1436 5505 1602 5558 tacite
1617 5504 1840 5582 Magnen
1851 5506 1906 5560 tii
1917 5547 1932 5571 ,
1943 5506 2173 5582 deorum

575 5575 775 5651 nempe
826 5593 980 5633 sacra
1029 5577 1329 5651 reddentis,
1361 5575 1581 5651 factum
1614 5576 1817 5651 opponi
1870 5577 2165 5651 existimat.

580 5643 784 5704 Dein'de
833 5662 964 5718 vero
1014 5648 1304 5718 propositis
1351 5644 1652 5702 Constantii
1690 5643 1878 5701 tribus
1922 5647 2166 5716 legibus,

574 5718 727 5788 queis
766 5717 1090 5788 templorum
1118 5717 1308 5783 aditu,
1349 5732 1450 5774 nec
1489 5731 1595 5774 non
1635 5731 1734 5774 usu
1772 5718 2168 5775 sacrificiorum

2275 1830 2387 1876 tum
2429 1830 2651 1876 secutus
2689 1831 2980 1886 senatum,
3019 1822 3157 1877 vidit
3199 1821 3414 1892 placido
3459 1835 3551 1876 ore
3593 1819 3813 1884 delubra,

2276 1913 2409 1985 legit
2433 1913 2688 1982 inscripta
2719 1914 2951 1984 fastigiis
2982 1923 3006 1962 8
3035 1914 3267 1970 deorum
3297 1914 3510 1970 nomina
3529 1956 3544 1979 ,
3575 1921 3814 1984 perconta-

2277 2015 2362 2061 tus
2392 2014 2476 2060 est
2502 2005 2830 2076 templorum
2861 2005 3103 2076 origines
3122 2046 3138 2072 ,
3171 2007 3402 2062 miratus
3430 2014 3511 2061 est
3532 2004 3811 2060 conditores.

2275 2099 2520 2168 Cumque
2547 2098 2685 2154 alias
2715 2097 3008 2168 religiones
3038 2098 3157 2168 ipse
3187 2106 3523 2168 sequeretur,
3557 2097 3642 2150 bas
3667 2108 3817 2149 serva-

2277 2192 2354 2245 vit
2391 2191 2658 2261 imperio;
2699 2205 2834 2247 suus
2877 2191 3022 2247 enim
3067 2191 3272 2260 cuique
3314 2205 3462 2258 mos,
3503 2203 3617 2244 suus
3652 2188 3818 2256 cuique

2279 2283 2416 2338 ritus
2454 2291 2558 2338 est.
2597 2282 2791 2338 Varios
2819 2281 3078 2338 custodes
3107 2280 3136 2320 ιι
3169 2282 3396 2339 urbibus
3424 2292 3476 2338 et
3502 2281 3655 2338 cultus
3685 2292 3816 2334 mens

2279 2375 2462 2431 divina
2492 2375 2790 2431 distribuit.
2821 2374 2890 2430 Ut
2919 2376 3115 2430 animae
3145 2377 3526 2440 nascentibus,
3556 2377 3619 2430 ita
3644 2372 3817 2444 populis

2280 2469 2472 2525 fatales
2499 2469 2645 2539 genii
2667 2467 3003 2524 dividuntur.
3022 2466 3056 2515 Δί
3089 2469 3322 2525 Accedit
3346 2469 3572 2532 utilitas,
3598 2481 3701 2538 qua:
3724 2480 3814 2519 ma-

2280 2564 2424 2619 xime
2463 2563 2673 2618 homini
2710 2563 2844 2618 deos
2881 2561 3104 2619 asserit.
3143 2563 3284 2620 Nam
3323 2579 3443 2620 cum
3471 2563 3600 2619 ratio
3623 2557 3807 2617 otnnisi

2281 2658 2334 2713 in
2365 2667 2558 2727 operto
2585 2659 2690 2726 sit,
2721 2657 2865 2714 unde
2891 2657 3096 2714 rectius
3121 2674 3290 2728 quam
3320 2659 3388 2716 de
3416 2657 3651 2716 memoria
3684 2663 3815 2723 atque

2279 2747 2625 2805 documentis
2653 2765 2835 2806 rerum
2863 2749 3230 2806 secundarum
3259 2751 3493 2822 cognitio
3518 2749 3651 2806 venit
3671 2745 3815 2802 numi-

2281 2844 2454 2898 num?
2489 2842 2607 2898 Jam
2646 2842 2690 2896 si
2735 2842 2893 2912 longa
2931 2851 3064 2897 aetas
3099 2844 3481 2900 auctoritatem
3519 2837 3814 2911 religionibus

2279 2935 2476 3002 faciat,
2516 2933 2782 2990 servanda
2810 2946 2894 2991 est
2919 2933 2944 2972 ¹ι
2979 2944 3055 2991 tot
3083 2936 3307 2993 saeculis
3342 2937 3503 3004 fides,
3528 2944 3581 2991 et
3601 2929 3815 3004 sequendi

2280 3035 2406 3082 sunt
2435 3027 2593 3082 nobis
2625 3034 2912 3097 parentes,
2945 3029 3036 3098 qui
3067 3031 3246 3086 secuti
3278 3039 3400 3086 sunt
3431 3028 3645 3085 feliciter
3667 3038 3786 3080 suos.

2351 3119 2408 3175 9.
2443 3138 2463 3171 ι
2500 3119 2729 3176 Romam
2770 3135 2916 3177 nunc
2954 3129 3210 3192 putemus
3248 3123 3504 3180 assistere
3529 3163 3543 3189 ,
3578 3129 3718 3190 atque
3749 3114 3814 3170 liis

2283 3305 2740 3380 interdicitur,_in
2779 3305 2815 3360 5
2853 3305 3015 3380 tradit
3053 3322 3152 3377 per
3195 3309 3311 3364 haec
3351 3319 3614 3380 tempora.
3649 3307 3815 3362 sciliret

2280 3393 2408 3431 ann.
2435 3377 2542 3432 556
2573 3393 2602 3430 a
2643 3375 2964 3432 Constantio
2993 3375 3142 3433 aram
3175 3380 3434 3436 Victorite
3463 3375 3674 3434 dirutam
3697 3391 3811 3435 esse.

2281 3449 2444 3520 idque
2470 3463 2541 3501 ex
2567 3447 2651 3501 his
2675 3447 2986 3520 Symmachi
3010 3464 3073 3503 ac
3096 3449 3370 3507 Ambrosii
3395 3451 3600 3520 scriptis
3621 3446 3810 3516 probari.

2281 3517 2688 3573 Vernmtarnem
2721 3517 2919 3574 eorum
2960 3533 3276 3590 argumenta
3318 3539 3422 3578 non
3459 3517 3579 3577 sunt
3605 3519 3745 3590 tanti,
3771 3525 3814 3569 ut

2281 3599 2470 3644 contra
2503 3599 2580 3643 tot
2601 3604 2735 3644 mss.
2754 3599 2809 3645 et
2842 3587 3157 3646 cunctarum
3182 3595 3316 3649 edit.
3340 3596 3689 3649 auctoritatem
3706 3587 3813 3645 Coa-

2282 3662 2525 3731 stantium
2553 3661 2640 3715 hic
2669 3661 3007 3717 deseramus.
3041 3663 3177 3731 Quid
3211 3667 3355 3720 enim
3384 3675 3546 3728 vetat,
3564 3680 3624 3718 ne
3647 3660 3813 3715 dicatur

2283 3731 2452 3803 ipsius
2482 3730 2681 3785 factum
2722 3747 2830 3786 non
2863 3733 2953 3787 diu
2983 3730 3242 3798 stetisse,
3275 3751 3397 3791 cum
3430 3735 3549 3792 illud
3586 3735 3812 3803 proximus

2284 3802 2533 3876 ejusdem
2561 3803 2865 3876 Constantii
2892 3819 3180 3861 successor
3203 3807 3447 3862 Julianus
3468 3800 3811 3876 antiquarent?

2287 3874 2490 3947 Deinde
2528 3875 2670 3944 Quod
2710 3873 3013 3930 Constantii
3054 3878 3413 3947 Symmachus
3449 3871 3628 3933 iterum
3661 3871 3809 3930 fecerit

2283 3945 2612 4001 mentionem
2633 3988 2649 4009 ,
2678 3947 2730 4000 id
2759 3961 2909 4000 more
2934 3945 3224 4003 (irato—rum
3253 3951 3439 4006 eadem
3466 3947 3691 4009 subinde.
3715 3955 3807 3998 cum

2281 4017 2383 4088 sibi
2423 4031 2616 4088 exusti
2640 4032 2761 4073 esse
2800 4027 3026 4088 ptttant,
3068 4020 3402 4085 iterantium,
3444 4037 3544 4074 non
3582 4019 3804 4075 abhorret.

2283 4086 2398 4142 Huc
2435 4086 2573 4142 adde
2612 4088 2753 4158 quod
2785 4086 2920 4143 infra
2952 4088 3183 4145 dicitur:
3217 4095 3303 4160 qui
3335 4092 3460 4145 nihil
3484 4092 3578 4145 tale
3602 4097 3713 4143 esset
3734 4101 3809 4153 ag-

2281 4174 2505 4240 gressus,
2529 4163 2576 4211 si
2595 4160 2710 4240 quis
2729 4171 2923 4240 antehse
2956 4161 3381 4240 aliusdeviasset.
3409 4164 3521 4228 Quo
3541 4163 3669 4240 enim
3689 4164 3809 4233 pacti?

2281 4223 2380 4302 ista
2421 4223 2739 4285 Constantio
2776 4246 2807 4302 e
2845 4230 3155 4302 Symmachi
3197 4245 3378 4290 mente
3402 4223 3808 4302 citint'enirento,si

2282 4300 2418 4375 latas
2446 4315 2475 4354 a
2505 4316 2767 4375 germano
2793 4297 2993 4375 hac'de
3012 4317 3073 4375 re
3101 4304 3278 4375 leges,
3307 4318 3465 4375 atque
3491 4319 3518 4357 a
3549 4297 3806 4375 Magnentio

2279 4366 2531 4426 sublatas
2572 4372 2932 4427 intellexisset
2983 4373 3124 4429 idem
3151 4366 3548 4431 'Cnnstantins?
3582 4366 3806 4427 credibile

2280 4457 2411 4511 ergo
2429 4452 2514 4496 est
2536 4454 2798 4498 nocturna
2824 4451 3028 4500 tantum
3051 4447 3316 4500 sacrificia
3336 4463 3366 4502 a
3386 4444 3658 4502 Constante
3676 4440 3806 4492 fuisse

2281 4512 2580 4588 prohibita,
2613 4528 2733 4588 quae
2765 4514 3100 4588 Magnentius
3129 4519 3435 4574 restituisse
3463 4517 3720 4588 reperitur.
3776 4577 3784 4588 .

2355 4593 2377 4620 ο
2419 4584 2577 4708 Rlom.
2618 4583 2750 4639 edit.
2793 4586 2940 4653 sola,
2983 4599 3030 4642 et
3069 4588 3482 4661 deprehensionis
3515 4583 3804 4640 antecedentis

2355 4671 2454 4708 amo
2478 4671 2527 4708 ο.

2279 4671 2527 4710 exempto.

2353 4724 2372 4762 τ
2417 4718 2762 4800 Marcellinus
2790 4725 2887 4783 lib.
2918 4745 3029 4795 xu,
3059 4745 3179 4800 cap.
3207 4731 3270 4786 H
3290 4773 3306 4799 ,
3335 4726 3617 4800 Constantii
3639 4724 3695 4800 _in
3722 4718 3804 4800 Ur:

2276 4796 2396 4853 bem
2450 4794 2780 4872 ingressum
2805 4786 3400 4872 commn'ratioiieinque
3443 4796 3704 4872 describit.
3746 4786 3800 4842 οδ

2276 4883 2435 4992 q|uatsn
2476 4867 2620 4922 haud
2654 4866 2819 4924 dubie
2855 4870 2958 4928 hoc
2997 4874 3116 4928 loco
3148 4866 3389 4930 alludere
3416 4869 3574 4926 voluit
3599 4869 3803 4938 Symm-

2276 4955 2304 4992 C
2329 4955 2380 4992 ll]
2420 4978 2432 4990 .

2276 4954 2432 4994 enus.

2349 5021 2373 5085 ξς
2416 5013 2544 5085 Mss.
2571 5011 2808 5083 aliquot,
2833 5011 2997 5070 Deum
3023 5019 3252 5072 numina.
3375 5013 3380 5018 ’
3751 5074 3759 5085 .

2348 5079 2375 5117 ιι
2416 5083 2488 5138 Ita
2514 5079 2704 5139 omnes
2729 5085 2862 5141 edit.
2892 5103 3046 5154 rnss.;
3071 5101 3248 5145 autem
3278 5088 3394 5144 fere
3417 5085 3480 5141 ad
3503 5095 3650 5138 unum
3675 5079 3799 5154 omit-

2279 5161 2397 5208 tunt
2435 5157 2812 5229 negationem;
2851 5173 2952 5213 nec
2988 5146 3142 5226 pauci
3176 5175 3384 5229 quoque
3416 5155 3680 5229 dictionem
3709 5146 3797 5229 erit:

2279 5234 2394 5350 gis;
2417 5227 2572 5310 cujus
2597 5227 2720 5283 loco
2743 5229 2870 5300 legit
2897 5230 3108 5286 urbibus
3127 5225 3324 5286 cunctis
3343 5229 3529 5286 citatus
3546 5225 3646 5296 jam
3665 5227 3795 5286 sul)ra

2323 5313 2574 5350 illllllllllS.

2323 5313 2574 5352 ειιιιιιιιιιε.

2357 5366 2370 5403 ί
2417 5367 2698 5446 Epictetus
2720 5370 2939 5446 Encltir.
2964 5388 3083 5436 cap.
3109 5372 3204 5429 58:
3230 5372 3356 5446 ὅπου
3377 5374 3473 5446 γάρ
3568 5370 3786 5446 σύμφεξξγν

2279 5440 2385 5494 ἐκεῖ
2409 5443 2507 5516 mi
2521 5440 2578 5494 τὸ
2604 5442 2827 5516 εὐσεϐές.
2872 5442 3111 5516 Uterque
3139 5458 3264 5516 ergo
3294 5438 3498 5516 pieiat'is
3523 5438 3790 5516 futttlatpﬁll:

2277 5519 2393 5634 tium
2423 5511 2542 5633 vultt
2559 5525 2680 5566 esse
2705 5500 2990 5571 utilitatem
3010 5500 3038 5570 ε’
3055 5515 3152 5572 sed
3183 5500 3495 5570 tion'eodem
3517 5505 3658 5564 modo
3681 5500 3788 5554 hanc

2315 5595 2345 5634 e
2368 5595 2516 5634 tniun
2549 5620 2562 5633 .

2315 5588 2562 5635 eliniunt.

2353 5650 2366 5726 ξ
2417 5651 2544 5726 Mss.
2575 5651 2785 5722 aliquot
2803 5697 2819 5721 ,
2843 5656 2898 5726 in
2919 5666 3098 5726 aperto
3123 5659 3222 5721 sit;
3251 5668 3386 5710 unus
3407 5695 3422 5719 ,
3448 5653 3499 5705 in
3521 5651 3700 5719 operate
3717 5642 3779 5690 sit.

2351 5721 2379 5763 ιι
2417 5721 2577 5781 Rom.
2610 5721 2744 5784 edit.
2778 5725 2891 5784 sola
2911 5766 2926 5793 ,
2956 5721 3114 5784 totius
3141 5725 3315 5784 siccati
3343 5725 3480 5794 ﬁdes.
