3936 6168
121 223 218 282 969

1299 214 1789 276 EPISTULARUM
1827 214 2111 274 CLASSIS
2148 213 2188 270 l.

3291 211 3398 274 970

113 329 375 386 vobiscum
403 339 570 399 agere
594 326 978 383 sermonibus:
1009 323 1215 398 Optimi
1245 326 1521 399 principes
1545 369 1559 393 ,
1599 343 1692 399 pa—
1718 331 1772 390 Α
1796 327 1897 383 sub
1937 325 2273 398 principibus
2299 339 2408 381 non
2437 325 2616 383 avaris
2643 327 2844 383 stabile
2889 341 3035 398 esse,
3082 330 3228 401 quod
3260 334 3404 388 seri-

113 433 212 479 tres
258 420 449 492 patriae
494 419 821 476 reveremini
867 435 1040 476 annos
1088 434 1277 488 meos,
1329 419 1385 475 in
1425 435 1562 492 quos
1605 434 1695 500 me

112 517 219 588 pius
255 516 394 572 ritus
432 513 678 570 adduxit.
723 512 858 570 Utar
903 511 1224 569 cerimoniis
1269 513 1468 578 avitis;
1517 526 1696 584 neque

109 609 238 666 enim
268 607 517 679 paenitet.
560 605 749 662 Vivam
789 621 916 662 meo
953 620 1106 662 more
1131 648 1145 671 ,
1184 607 1311 677 quia
1348 606 1518 663 libera
1549 622 1692 663 sum.

109 701 197 758 Hic
219 700 400 758 cultus
429 701 486 756 in
523 699 668 772 leges
697 714 848 755 meas
875 699 1066 756 orbem
1104 698 1317 770 redegit
1347 717 1360 753 :
1395 698 1514 755 lucc
1538 715 1694 756 sacra

110 792 414 850 Annibalem
445 807 479 848 a
508 790 812 858 mmnibus,
845 806 874 846 a
902 791 1173 862 Capitolio
1201 791 1450 848 Senonas
1477 793 1696 863 repule-

109 895 234 943 runt.
273 885 357 944 Ad
398 887 506 941 hoc
533 900 668 956 ergo
694 893 913 942 servata
943 900 1063 941 sum
1083 925 1099 953 ,
1133 895 1191 941 ut
1222 886 1472 957 longaeva
1507 901 1696 956 repre-

110 976 577 1035 bendar?Videro
613 976 763 1048 quod
813 976 1210 1034 instituendum
1261 986 1519 1048 putatur;
1571 993 1691 1035 sera

109 1082 268 1126 tamen
307 1077 364 1126 et
389 1069 795 1125 contumeliosa
825 1069 1138 1126 emendatio
1175 1069 1496 1126 senectutis.

168 1164 249 1220 10.
292 1182 311 1216 σ
340 1164 487 1234 Ergo
522 1163 628 1219 diis
654 1173 680 1200 ⁸
721 1163 948 1234 patriis,
989 1163 1092 1218 diis
1132 1163 1464 1234 indigetibus
1503 1179 1691 1234 pacem

108 1271 363 1327 rogamus.
406 1255 646 1328 Equum
675 1265 761 1312 est
787 1256 1014 1328 quiquid
1043 1271 1234 1312 omnes
1263 1257 1483 1323 colunt,
1523 1272 1691 1312 unum

108 1351 288 1420 putari.
326 1350 537 1407 Eadem
576 1363 890 1422 spectamus
927 1359 1075 1406 astra
1103 1392 1118 1419 ,
1159 1365 1453 1407 commune
1494 1350 1692 1407 ctelum

106 1453 207 1511 est,
238 1444 381 1501 idem
420 1459 524 1501 nos
562 1443 800 1501 mundus
839 1445 1088 1501 involvit.
1132 1444 1278 1514 Quid
1318 1436 1552 1501 interest
1587 1459 1692 1516 qua

108 1538 317 1608 quisque
374 1536 663 1608 prudentia
717 1553 908 1593 verum
968 1537 1254 1608 requirat?
1309 1536 1433 1593 Uno
1493 1536 1694 1594 itinere

106 1644 197 1685 non
233 1636 414 1700 potest
453 1629 726 1700 perveniri
763 1628 831 1683 ad
875 1637 983 1683 tam
1014 1627 1222 1699 grande
1249 1637 1562 1685 secretum:
1593 1627 1692 1685 sed

1799 420 2029 491 pserint.
2063 420 2314 477 Delectet
2342 434 2440 476 vos
2479 420 2579 475 ista
2626 418 2860 476 felicitas
2891 420 3110 492 generis
3139 422 3397 492 humani,

1797 515 1965 586 erepit
1989 529 2169 570 causas
2197 514 2358 584 hujus
2385 513 2696 584 exemplum
2726 513 3028 569 sollicitare
3069 516 3396 573 morientes.

1797 607 1941 677 Ergo
1970 605 2230 662 Romamn
2256 604 2553 677 religiones
2581 605 2682 662 sub
2708 604 2952 662 Romana
2971 612 3093 676 jura
3138 621 3244 663 non
3265 623 3397 677 per-

1798 701 2008 757 tinent?
2032 699 2188 768 Quod
2232 715 2430 757 nomen
2478 699 2716 771 accipiet
2762 699 2967 756 ablatio
3025 700 3343 757 facultatum
3374 744 3389 767 ,

1795 799 1934 866 quas
1956 794 2105 850 nulla
2135 794 2250 862 lex,
2282 794 2466 851 nullus
2495 809 2656 850 casus
2686 793 2816 850 fecit
2837 794 3118 852 caducas?
3160 793 3398 868 Capiunt

1797 889 1973 956 legata
2004 885 2210 952 liberti,
2242 886 2420 942 servis
2441 892 2897 942 testamentorum
2927 895 2950 922 ε
2978 886 3120 957 iusta
3151 902 3398 943 commo-

1796 977 1864 1034 da
1894 994 2002 1034 non
2035 986 2334 1050 negantur;
2367 985 2576 1034 tantum
2602 978 2821 1035 nobiles
2842 979 3087 1051 virgines
3107 1021 3124 1048 ,
3173 991 3226 1037 et
3255 980 3393 1037 fata-

1797 1072 1927 1127 lium
1967 1087 2246 1128 sacrorum
2273 1072 2515 1128 ministri
2542 1071 2912 1130 excluduntur
2968 1074 3188 1144 praediis
3218 1073 3396 1131 haere-

1797 1164 1964 1220 ditate
2015 1165 2280 1234 quassitis.
2338 1165 2478 1233 Quid
2525 1165 2679 1236 juvat
2718 1166 2880 1223 saluti
2911 1167 3140 1237 publica:
3178 1177 3390 1225 castum

1795 1271 1995 1327 corpus
2017 1256 2225 1324 dicare,
2259 1256 2545 1328 etimperii
2565 1247 2925 1314 aaterttitatem
2948 1254 3265 1316 caelestibus
3296 1261 3397 1316 ful-

1795 1352 1910 1407 cire
1940 1351 2231 1423 prasidiis,
2259 1352 2428 1408 armis
2455 1352 2676 1420 vestris,
2709 1354 2912 1425 aquilis
2939 1356 3135 1411 vestris
3190 1357 3397 1412 amicas

1796 1443 2070 1514 applicare
2117 1446 2346 1499 virtutes
2373 1485 2387 1509 ,
2420 1459 2520 1514 pro
2549 1445 2802 1500 omnibus
2847 1445 3090 1502 efficacia
3144 1461 3269 1505 vota
3301 1465 3395 1505 su-

1795 1534 2029 1604 scipere,
2055 1543 2111 1590 et
2134 1533 2221 1604 jus
2244 1549 2368 1590 cum
2398 1535 2652 1592 omnibus
2669 1551 2776 1592 non
2805 1535 3046 1594 habere?
3071 1539 3258 1612 Itaque
3283 1557 3396 1596 me-

1797 1627 1902 1682 lior
1930 1637 2015 1683 est
2039 1629 2300 1696 servitus,
2343 1643 2465 1700 quae
2489 1628 2803 1686 hominibus
2831 1631 3190 1703 impenditur.
3223 1633 3393 1690 Rem-

109 1723 206 1778 ιιεο
231 1722 536 1781 otiosorum
583 1720 878 1793 disputatio
915 1728 1000 1778 est
1027 1737 1040 1774 :
1070 1719 1098 1759 δ
1129 1735 1275 1776 nunc
1313 1735 1505 1792 preces
1527 1763 1541 1788 ,
1583 1735 1693 1777 non
1724 1723 1774 1796 Β
1801 1718 2075 1790 publicam
2116 1719 2367 1778 laedimus
2390 1765 2405 1788 ,
2448 1722 2537 1778 cui
2603 1737 2898 1794 numquam
2941 1725 3166 1796 expedit
3202 1737 3261 1782 ut
3312 1727 3397 1784 in-

105 1812 377 1870 certamina
409 1811 718 1869 offerimus.
750 1831 770 1866 ι

161 1905 309 1978 83],
351 1905 444 1961 ii.
503 1923 525 1958 ι
552 1903 773 1973 Quanto
799 1905 1092 1962 commodo
1120 1906 1260 1962 sacri
1307 1907 1487 1962 aerarii
1517 1907 1688 1964 vestri

108 1995 382 2053 Vestalium
413 1997 696 2070 virginum
734 1999 1094 2069 praerogativa
1131 1997 1376 2056 detracta
1401 2001 1522 2056 est?
1573 2000 1688 2057 Sub

106 2090 400 2164 largissimis
427 2092 856 2164 imperatoribus
901 2093 1217 2165 denegatur.
1242 2095 1386 2166 quod
1431 2094 1688 2166 parcissi-

105 2183 164 2239 mi
195 2185 607 2255 praestiterunt?
665 2186 851 2242 Honor
899 2186 1053 2243 solus
1083 2196 1168 2243 est
1199 2188 1250 2242 in
1282 2187 1380 2243 illo
1409 2188 1556 2244 velut
1583 2189 1684 2244 sti-

104 2277 276 2346 pendio
300 2277 598 2335 castitatis.
624 2277 700 2335 Ut
722 2279 847 2334 vitae
873 2293 1063 2335 earum
1083 2278 1250 2350 capiti
1269 2278 1437 2335 decus
1457 2279 1680 2346 faciunt,

95 2369 157 2425 ita
184 2372 384 2443 insigne
412 2370 643 2428 ducitur
663 2381 686 2410 ο
713 2371 960 2428 sacrificii
989 2387 1185 2428 vacare
1209 2371 1548 2427 muneribus.
1575 2370 1684 2427 Nu-

96 2461 204 2518 dum
229 2463 647 2536 quodammodo
692 2479 894 2521 nomen
940 2463 1301 2520 immunitatis
1355 2463 1678 2534 requirunt;

94 2557 320 2626 quoniam
353 2565 689 2629 paupertate
713 2572 745 2612 a
783 2555 1076 2628 dispendio
1109 2565 1238 2612 tutae
1289 2565 1436 2614 sunt.
1492 2555 1681 2628 Itaque

95 2651 301 2722 amplius
330 2651 491 2709 laudi
519 2666 706 2708 earum
741 2650 1008 2720 tribuunt,
1036 2650 1129 2722 qui
1153 2651 1362 2722 aliquid
1388 2649 1468 2707 rei
1493 2649 1678 2707 detra-

95 2742 241 2814 bunt;
270 2746 553 2820 siquidem
583 2746 747 2803 saluti
780 2745 1012 2817 publicae
1036 2745 1216 2802 dicata
1243 2744 1532 2816 virginitas
1556 2760 1679 2802 cre-

93 2839 178 2894 scit
203 2841 429 2907 merito,
461 2854 586 2896 cum
613 2847 764 2896 caret
790 2838 1034 2908 praemio.

151 2933 226 2989 12.
255 2953 273 2988 ι
298 2933 512 2990 Absint
538 2933 609 2989 ab
634 2931 814 2988 aerarii
845 2933 1009 2990 vestri
1038 2931 1272 3003 puritate
1292 2933 1395 2989 ista
1422 2947 1678 3004 compen-

93 3026 184 3084 dia.
234 3028 432 3086 Fiscus
487 3027 760 3084 bonorum
811 3026 1121 3099 principum
1175 3042 1284 3083 non
1327 3025 1675 3084 sacerdotum

1792 1822 1943 1885 grata
1971 1815 2061 1871 sit.

1866 1907 1954 1963 14.
2004 1925 2024 1959 ι
2070 1905 2243 1965 Nemo
2273 1923 2362 1965 me
2388 1916 2543 1981 putet
2577 1909 2750 1965 solam
2798 1924 3021 1967 causam
3065 1911 3391 1984 religionum

1793 1997 1974 2055 tueri:
2011 1997 2030 2037 τ
2059 2014 2128 2054 ev
2166 1998 2476 2070 hujusmodi
2517 1999 2851 2058 facinoribus
2881 2011 3000 2058 orta
3041 2013 3168 2060 sunt
3196 2017 3393 2062 cuncta

1789 2090 2021 2147 Romani
2041 2091 2258 2162 generis
2285 2091 2651 2148 incommoda.
2677 2092 3055 2149 Honoraverat
3077 2095 3164 2150 lex
3192 2111 3396 2167 paren-

1790 2193 1905 2240 tum
1934 2185 2166 2240 vestales
2197 2184 2460 2255 virgines,
2491 2200 2554 2240 ac
2598 2185 2883 2242 ministros
2933 2188 3188 2257 deorum,
3245 2193 3393 2248 victu

1789 2276 2028 2344 modico,
2053 2276 2327 2347 justisque
2355 2277 2678 2346 privilegiis.
2711 2277 2879 2333 Stetit
2932 2283 3177 2336 muneris
3229 2281 3393 2351 hujus

1787 2369 2068 2441 integritas
2113 2383 2287 2439 usque
2339 2368 2409 2424 ad
2438 2369 2741 2439 degeneres
2787 2372 3081 2441 trapezitas
3110 2414 3123 2438 ,
3175 2373 3266 2442 qui
3321 2375 3388 2428 ad

1785 2447 2099 2518 mercedem
2112 2459 2300 2515 vilium
2319 2459 2629 2530 hajulorum
2645 2475 2819 2517 sacrae
2838 2464 3105 2518 castitatis
3126 2464 3388 2522 alimenta

1784 2563 2084 2611 verterunt.
2121 2554 2323 2610 Secuta
2363 2563 2445 2609 est
2494 2553 2597 2609 hoc
2650 2553 2853 2610 factum
2906 2555 3077 2613 fames
3126 2559 3380 2628 publica,

1783 2655 1839 2703 et
1859 2661 2011 2717 spem
2041 2646 2442 2716 provinciarum
2474 2646 2718 2702 omnium
2750 2649 2948 2704 messis
2971 2665 3116 2720 aegra
3146 2650 3384 2722 decepit.

1781 2740 1900 2797 Non
1964 2749 2092 2796 sunt
2149 2740 2268 2798 haec
2320 2739 2450 2796 vitia
2505 2748 2798 2797 terrarum.
2852 2742 2996 2798 Nihil
3055 2745 3387 2814 imputamus

1783 2833 1968 2890 astris.
1997 2833 2106 2889 Nec
2132 2832 2326 2904 rubigo
2348 2832 2628 2902 segetibus
2651 2833 2845 2903 obfuit,
2875 2851 2978 2892 nec
3004 2837 3172 2910 832
3201 2854 3378 2896 avena

1786 2935 1811 2973 8
1833 2925 2020 2998 fruges
2071 2926 2285 2982 necavit
2309 2942 2324 2980 :
2353 2925 2648 2998 sacrilegio
2676 2942 2854 2984 annus
2882 2932 3123 2997 exaruit;
3154 2947 3384 2990 necesse

1783 3021 1930 3076 enim
1962 3019 2063 3076 fuit
2086 3022 2269 3091 perire
2290 3021 2544 3078 omnibus
2571 3065 2585 3090 ,
2643 3022 2788 3093 quod
2828 3024 3187 3095 religionibus
3211 3044 3382 3101 nega-

93 3121 297 3189 damnis,
323 3122 433 3181 sed
463 3121 707 3179 hostium
744 3120 939 3192 spoliis
978 3129 1263 3193 augeatur.
1307 3119 1570 3176 [illumne
1593 3119 1676 3174 lu-
1704 3116 1752 3181 C
1781 3112 1960 3170 batur.

91 3228 218 3272 crum
238 3225 570 3288 compensat
597 3213 840 3270 invidia?
890 3212 960 3268 Et
985 3213 1115 3284 Quia
1145 3212 1374 3267 avaritia
1405 3212 1458 3266 in
1490 3225 1677 3268 mores

91 3320 277 3367 vestros
301 3325 418 3367 non
445 3307 612 3375 cadit,
643 3306 746 3362 hoc
791 3304 1108 3362 miseriores
1129 3312 1287 3370 sunt,
1327 3303 1526 3374 quibus
1549 3303 1678 3359 sub-

87 3402 205 3460 sidia
232 3415 426 3463 vetera
460 3402 719 3470 decerpta
770 3408 918 3456 sunt.
945 3397 1163 3454 Etenim
1189 3396 1292 3453 sub
1338 3396 1678 3468 imperatori-

88 3493 194 3566 bus,
223 3499 312 3568 qui
343 3497 536 3555 alieno
580 3494 892 3559 abstinent,
935 3491 1026 3563 qui
1055 3491 1320 3546 resistunt
1351 3489 1672 3560 cupiditati,

89 3588 146 3643 ad
167 3589 331 3645 solam
365 3586 686 3646 detrahitur
710 3584 1013 3641 amittentis
1040 3583 1321 3654 injuriam,
1345 3582 1492 3654 quod
1521 3581 1670 3638 desi-

89 3680 278 3740 derium
302 3699 419 3740 non
447 3687 634 3737 movet
670 3677 993 3735 auferentis.

153 3777 232 3832 15.
253 3779 469 3848 «Agros
487 3774 654 3831 etiam
677 3771 979 3844 virginibus
1001 3779 1056 3827 et
1076 3769 1339 3826 ministris
1362 3767 1391 3806 ἀ
1418 3767 1676 3824 deficien-

91 3866 206 3923 tium
231 3867 522 3924 voluntate
552 3865 763 3935 legatos
808 3860 975 3918 ﬁscus
1006 3869 1262 3917 retentat.
1296 3859 1407 3916 Oro
1443 3873 1566 3926 vos,
1590 3860 1678 3928 ju-

89 3961 235 4017 stitite
260 3959 606 4025 sacerdotes,
637 3966 697 4012 ut
722 3957 872 4014 urbis
888 3968 1087 4012 vestra:
1104 3955 1275 4010 sacris
1296 3951 1556 4008 reddatur
1571 3951 1682 4020 pri-

90 4064 195 4110 vata
221 4052 526 4112 successio.
551 4051 768 4106 Dictent
797 4056 1123 4106 testamenta
1178 4043 1382 4111 securi,
1415 4053 1472 4100 et
1501 4043 1681 4099 sciant

153 4202 176 4229 ⁸
214 4192 339 4248 Mss.
370 4205 488 4248 non
512 4187 708 4259 pauci,
749 4186 856 4259 diis
892 4183 1075 4259 patriis
1094 4179 1430 4259 indigetibns,
1458 4178 1677 4259 quidam

90 4275 328 4336 corrupte
343 4250 720 4336 indigentibus.
729 4250 1122 4336 _Satie'quidern
1145 4250 1295 4336 Virg.
1317 4251 1410 4336 lib.
1433 4250 1673 4336 1.96.3913.

92 4324 411 4404 coniunctim
457 4324 640 4404 ponit.
685 4329 760 4404 dii
798 4324 956 4399 patrii
994 4325 1281 4404 indigetes:
1321 4331 1376 4377 at
1406 4324 1538 4404 nihil
1563 4324 1676 4404 im.-

92 4393 228 4475 pedit
262 4393 560 4476 quominus
597 4401 706 4476 duo
743 4393 859 4476 huic
898 4393 1135 4476 nomina:
1156 4395 1516 4476 Symmachus
1545 4393 1682 4476 divi-

94 4465 232 4534 serit.
263 4465 406 4534 N'am
439 4484 498 4530 ut
525 4488 653 4529 raro
681 4471 950 4542 indigetes
978 4486 1074 4537 pro
1101 4465 1293 4542 iisdem
1324 4465 1678 4532 accipiantur,

96 4551 175 4619 qui
197 4551 458 4619 dicuntur
483 4561 512 4600 a
538 4542 743 4619 Grzncis
767 4541 872 4619 Osci
890 4548 1122 4619 πατρῷος.
1141 4541 1510 4619 καίὶνχὼρροι,
1535 4551 1682 4604 saepe

1856 3207 1942 3265 15.
1991 3227 2010 3260 ‹
2044 3207 2210 3266 Certe
2239 3210 2286 3265 si
2321 3220 2406 3266 est
2450 3211 2611 3281 hujus
2639 3211 2769 3267 mali
2795 3211 3017 3285 aliquod
3048 3216 3386 3288 exemplum,

1780 3304 2109 3375 imputemus
2140 3313 2343 3360 tantam
2372 3303 2572 3362 famem
2597 3306 2808 3362 viribus
2841 3323 3132 3366 annorum.
3179 3313 3384 3369 Gravis

1778 3394 1919 3454 hanc
1946 3396 2288 3454 sterilitatem
2316 3411 2450 3452 aura
2485 3398 2816 3453 constrinxit
2847 3415 2860 3452 :
2894 3400 3243 3458 silvestribus
3293 3419 3382 3460 ar-

1769 3488 1947 3544 bustis
1975 3490 2080 3544 vita
2109 3489 2452 3559 producitur,
2484 3500 2540 3546 et
2570 3505 2760 3545 rursus
2784 3489 2814 3528 ιι
2841 3493 2908 3547 ad
2949 3494 3255 3552 Dodonaeas
3285 3513 3368 3553 ar-

1775 3579 1940 3636 bores
1996 3580 2169 3650 plebis
2221 3582 2441 3638 rusticae
2487 3581 2668 3652 inopia
2707 3585 3036 3640 convolavit.
3091 3586 3234 3654 Quid
3269 3589 3382 3645 tale

1782 3673 2078 3743 provinciae
2103 3674 2467 3742 pertulerunt,
2490 3686 2613 3727 cum
2637 3672 2960 3741 religionum
2981 3675 3260 3731 ministros
3283 3677 3382 3732 ho-

1778 3781 1881 3822 nor
1907 3766 2160 3838 publicus
2193 3764 2492 3834 pasceret?
2547 3764 2777 3831 Quando
2816 3765 2868 3820 in
2910 3782 3065 3821 usum
3100 3767 3378 3827 hominum

1781 3871 2046 3914 concussa
2073 3870 2332 3926 quercus,
2367 3855 2590 3925 quando
2613 3857 2781 3912 vulsae
2809 3866 2935 3912 sunt
2966 3858 3256 3915 herbarum
3287 3878 3380 3916 ra-

1783 3951 1965 4014 dices,
1998 3948 2219 4019 quando
2245 3949 2493 4004 alternos
2525 3949 2808 4021 regionum
2839 3950 3090 4009 defectus
3139 3955 3382 4014 deseruit

1780 4039 2092 4098 fecunditas
2118 4048 2339 4108 mutua;
2371 4055 2495 4095 cum
2541 4040 2745 4112 populo
2767 4050 2823 4097 et
2857 4045 3158 4114 virginibus
3208 4051 3382 4107 sacris

1786 4177 1890 4232 nia:
1919 4190 2212 4241 summam,
2239 4171 2325 4230 vel
2355 4173 2674 4245 pensionem
2720 4173 2980 4246 aliquam,
3007 4187 3066 4234 ut
3101 4190 3226 4244 puta
3266 4185 3381 4241 fru—

1786 4257 2005 4314 ctuum,
2062 4247 2315 4322 vestium,
2353 4256 2480 4322 etc._
2514 4246 2650 4322 {iam
2680 4250 2949 4322 commoda
2986 4265 3086 4320 pro
3118 4254 3382 4322 pensione

1785 4335 1914 4396 quae
1936 4318 2340 4396 sacerdotibus,
2370 4317 2709 4396 m_i_litibusve_
2719 4317 3050 4396 attribuatur
3076 4365 3090 4389 ,
3118 4317 3377 4396 usurpari

1787 4388 1855 4447 ex
1872 4391 2164 4464 Suetonio,
2197 4389 2449 4464 Juvenali
2473 4399 2636 4460 atque
2663 4388 2782 4444 aliis
2805 4388 3178 4464 intelligimus.

1867 4461 1885 4500 r
1933 4463 2100 4536 Verus
2151 4468 2269 4536 erat
2293 4477 2356 4516 ac
2385 4462 2513 4516 trita
2567 4475 2896 4536 paganorum
2950 4461 3292 4536 criminatio,
3323 4482 3382 4526 ttt

1790 4533 2081 4616 imperium
2115 4534 2317 4616 nullam
2346 4542 2626 4616 pateretur
2651 4533 3016 4616 calamitatem
3042 4577 3057 4600 ,
3103 4541 3231 4604 quin
3250 4533 3379 4616 eam

95 4595 1185 4692 ῖεῑίιεῑῑῇἓῑίιετάδὶίέ’ίηλξέιέέἑέειξηίε.
1216 4595 1397 4692 διίίιῖθί
1417 4595 1558 4692 inest
1585 4595 1682 4690 eis
1706 4595 1760 4656 ι)
1785 4595 2364 4692 φλέξειίθηαῑνειξκίοηῖ
2383 4603 2916 4692 “censuisse”!-
2942 4595 3229 4691 E'e'saﬁler
3250 4595 3385 4668 τθῖέ

93 4678 404 4762 degentibus
435 4695 747 4762 sumuntur.
773 4684 910 4762 Vfidc
938 4683 1072 4762 alias
1100 4678 1588 4762 quoque'ejus-dem
1620 4678 1693 4733 si-

93 4750 622 4834 gnificationesapud
656 4755 907 4834 Vossium
949 4750 1269 4834 inJStimol.
1301 4751 1416 4834 εἶρε.
1448 4750 1694 4806 Lauren-

97 4823 220 4889 tium
249 4834 345 4890 lib.
380 4848 420 4886 ιι
455 4823 694 4899 Pulym.,
728 4827 950 4883 dissert.
983 4823 1272 4899 49,:atque
1300 4823 1457 4899 alios.

162 4905 189 4944 δ
227 4904 305 4959 ita
331 4913 445 4958 vet.
482 4893 613 4956 edit.
643 4913 708 4954 ac
733 4913 864 4954 mss.
892 4896 1136 4965 exceptis
1163 4893 1347 4965 paucis
1365 4935 1380 4959 ,
1411 4893 1501 4949 ubi
1527 4893 1689 4948 etiam

64 4994 66 4996 '
98 4975 289 5045 legitur
317 4991 455 5028 nunc
490 4972 811 5047 certamina:
844 4969 1001 5024 Rom.
1031 4975 1214 5047 autem
1243 4965 1384 5047 edit.
1403 4979 1543 5047 ,__n_os_
1575 4980 1695 5034 pre.

99 5036 203 5111 re},
223 5063 329 5101 non
357 5043 660 5099 certamina.
695 5042 797 5096 Per
826 5038 1124 5096 certamina
1153 5051 1284 5111 vero
1314 5036 1551 5111 intelligi
1583 5048 1689 5088 non

100 5104 294 5189 debent
332 5130 524 5186 pugnae
548 5113 717 5189 armis
743 5111 1050 5189 commissae
1068 5152 1083 5177 ,
1115 5107 1211 5165 sed
1235 5104 1692 5189 concertationes

103 5188 204 5245 illae
221 5230 239 5257 ,
269 5181 684 5260 qu'as'proxime
708 5194 836 5240 ante
865 5181 998 5260 dicit
1025 5196 1148 5260 esse
1174 5181 1502 5258 otiosorum.‘

174 5273 194 5299 ε
223 5245 400 5315 Ilium.
439 5245 572 5313 edit.
604 5252 1061 5329 sola._sac_erdotii
1083 5266 1266 5329 uacare
1302 5245 1633 5329 muneribus.

171 5330 200 5367 ἀ
239 5329 605 5396 Deﬁcientinm
629 5325 850 5382 nomine
869 5325 991 5381 illos
1016 5323 1276 5396 appellat,
1326 5333 1557 5396 quorum
1585 5323 1693 5372 vita

107 5391 400 5472 senectutis
423 5402 575 5454 oneri
600 5397 772 5472 cedit,
796 5411 956 5472 quos
981 5391 1304 5472 Ambrosius
1323 5391 1574 5472 _defeftos
1600 5403 1697 5472 vo:

109 5486 230 5528 care
257 5471 437 5538 solet,
471 5470 706 5526 maxime
730 5459 877 5524 enim
907 5467 1262 5537 obsignantur
1288 5461 1356 5520 ab
1385 5459 1692 5532 hujusmodi

109 5550 450 5600 testamenta.

200 5625 223 5652 θ
259 5612 416 5668 Iusta
435 5612 704 5670 commoda
735 5611 857 5667 ideo
879 5610 1046 5674 dicit,
1075 5609 1204 5680 quia
1249 5621 1354 5680 uec
1403 5604 1696 5680 haeredita-

112 5691 221 5756 tem
252 5685 550 5756 integram,
575 5697 706 5756 _nec
732 5683 907 5756 legata
953 5676 1208 5756 qurelibet
1243 5678 1494 5756 accipere
1520 5676 1697 5732 servis

111 5753 307 5814 licebat
333 5749 474 5816 :sed
503 5749 594 5810 vel
625 5749 928 5823 peculium,
976 5752 1031 5808 id
1061 5759 1168 5818 est,
1209 5749 1480 5807 modicam
1531 5762 1698 5818 pecu-

516 5848 788 5913 ΡΑτιιοι..
837 5843 1012 5908 XVI.

1795 4677 2053 4732 tullianus
2075 4676 2461 4747 Apolog._cap.
2492 4673 2585 4730 40.
2621 4674 2684 4730 Si
2719 4673 2938 4747 Tiberis,
2973 4673 3164 4747 inquit,
3197 4698 3381 4738 ascen-

1795 4747 1874 4802 dit
1903 4748 1971 4800 ad
1999 4745 2202 4812 mania,
2233 4746 2279 4800 si
2312 4745 2468 4801 Nilus
2489 4762 2592 4800 non
2622 4746 2854 4800 ascendit
2882 4750 2936 4801 in
2959 4745 3100 4817 arva,
3132 4751 3175 4804 si
3196 4756 3382 4808 calum

1793 4820 1958 4884 stetit,
1990 4821 2035 4872 si
2066 4827 2201 4871 terra
2231 4817 2407 4880 movit,
2444 4818 2489 4870 si
2519 4820 2714 4885 fames,
2757 4819 2803 4871 si
2845 4817 2995 4883 lues;
3041 4822 3217 4875 statim
3244 4823 3385 4878 chri-

1794 4891 1993 4964 stianos
2022 4887 2110 4964 ad_
2141 4887 2358 4964 leonem.
2400 4885 2600 4964 Verum
2623 4887 2812 4964 _hasce
2852 4888 3154 4964 calumnias
3186 4905 3386 4964 praeter

1793 4960 2046 5017 eumdem
2069 4957 2460 5013 Tertullianum
2489 4955 2594 5011 hoc
2623 4957 2739 5024 ipso
2764 4959 3141 5028 Apologetico.
3172 4955 3226 5018 ét
3255 4965 3386 5021 Am-

1794 5031 2035 5108 brosium
2062 5036 2312 5108 nostrum
2336 5028 2588 5108 _sequenti
2610 5027 3012 5108 dissertatione,
3047 5033 3137 5108 alii
3167 5051 3385 5108 quoque

1797 5100 2125 5158 innocentia:
2147 5097 2583 5173 ChriStianorum
2605 5097 2944 5173 defensores
2975 5097 3345 5173 Aconfutarunt
3371 5151 3385 5173 ,

1799 5174 1941 5228 inter
1969 5185 2109 5295 (gula:
2129 5169 2462 5241 Augustinus
2488 5167 2652 5224 editis
2682 5168 2841 5225 libris
2866 5170 2937 5227 de
2962 5169 3127 5230 Civit.
3163 5176 3256 5232 Dei
3271 5167 3390 5250 pall

1799 5259 1942 5295 mam
1999 5259 2029 5295 υ
2060 5259 2072 5295 Ι
2107 5281 2122 5295 ι

1798 5259 1942 5302 mam
1975 5244 2122 5297 tulit.

1873 5326 1898 5384 Β
1938 5314 2100 5369 Pauci
2128 5326 2287 5376 mss.,
2308 5316 2492 5384 fruges
2517 5314 2740 5384 negavit.

1873 5383 1900 5423 ¹ι
1939 5385 2068 5440 Mss.
2117 5383 2421 5449 nonnulli,’
2454 5384 2525 5439 ad
2568 5383 2784 5440 idoneas
2809 5384 3039 5441 arbores.
3061 5387 3230 5457 Male;
3267 5405 3395 5449 sunt

1801 5457 2528 5533 enim_dodon:n:e_arbores
2569 5471 2829 5533 quercus,
2866 5471 2909 5533 e_
2925 5473 3152 5528 quarum
3180 5464 3390 5533 glandi-

1802 5529 1908 5586 bus
1927 5528 2204 5604 victitasse
2261 5526 2517 5604 feruntur
2532 5527 2723 5604 _primi
2765 5526 3043 5604 homines;
3069 5545 3134 5587 ac
3165 5526 3395 5604 proinde

1804 5611 1954 5680 tanta
1986 5600 2154 5680 fuisse
2175 5598 2743 5680 famessignificatur,
2775 5608 2835 5654 ut
2860 5600 3140 5680 mitiorum
3165 5598 3396 5680 'frugum

1803 5672 2021 5731 defectu
2041 5670 2268 5745 glandes
2297 5671 2500 5728 esitare
2523 5683 2786 5741 pauperes
2812 5672 2986 5726 coacti
3009 5674 3140 5730 sint.

2894 5839 2969 5903 31
