3936 6168
556 219 654 276 971
1887 211 2136 271 SANCTI
2171 258 2176 270 .

2298 210 2497 270 lROSIl
3756 211 3860 267 9η

556 335 862 392 communis
899 339 1044 388 esset
1073 329 1338 386 annona?
1385 326 1821 385 Commendabat
1870 331 2014 385 enim
2044 337 2153 384 ter-
2186 338 2232 397 Α
2334 327 2708 399 prosapopaeiaz
2747 342 2850 398 qua
2876 325 3046 380 Roma
3084 325 3282 396 priscos
3309 341 3432 382 suos
3462 325 3594 380 ritus
3648 343 3858 398 poscere

559 444 743 483 rarqu
795 433 1090 495 proventus
1138 423 1315 476 victus
1363 422 1706 488 antistitum,
1751 433 1805 477 et
1855 421 2155 477 remedium
2334 422 2643 495 ﬁngebatur,
2671 421 2778 474 alia
2803 421 3030 490 ejusdem
3057 419 3236 474 Romae
3262 421 3526 474 contraria
3556 421 3859 491 efﬂagitan-

562 519 756 587 magis,
797 532 956 586 quam
990 513 1215 584 largitas
1245 523 1383 569 erat.
1430 514 1514 568 An
1555 513 1778 567 dubium
1829 522 1913 568 est
1941 528 2159 583 semper

567 626 664 678 pro
689 608 846 678 copia
869 607 1110 662 omnium
1152 605 1368 673 datum,
1415 603 1559 675 quod
1609 621 1751 660 nunc
1810 605 1991 676 inOpia
2037 619 2158 661 om-

564 705 712 758 nium
745 701 1046 756 vindicavit
1068 701 1092 754 ?

637 796 726 851 16.
774 814 792 847 ι
840 794 994 850 Dicet
1031 793 1228 863 aliquis
1259 801 1534 863 sumptum
1598 792 1872 862 publicum
1928 791 2161 861 denega-

565 899 677 944 tum
710 889 900 943 aliente
932 885 1211 957 religionis
1235 884 1546 956 impendiis.
1577 884 1739 939 Absit
1767 896 1797 938 a
1829 883 1989 938 bonis
2012 883 2162 953 prin-

564 980 776 1051 cipibus
826 980 927 1034 ista
973 978 1275 1043 seruantia;
1308 987 1335 1016 ι
1365 984 1426 1031 ut
1466 976 1610 1046 quod
1641 975 1710 1031 de
1735 977 2009 1031 communi
2038 975 2160 1045 qui-

565 1074 794 1130 busdam
826 1073 1085 1129 tributum
1108 1080 1222 1137 est,
1279 1071 1333 1126 in
1379 1070 1501 1140 jure
1549 1071 1663 1124 ﬁsci
1715 1085 1839 1126 esse
1891 1070 2160 1125 videatur.

566 1166 698 1222 Nam
729 1181 852 1222 cum
885 1165 1191 1235 respublica
1218 1163 1286 1219 de
1308 1165 1536 1234 singulis
1563 1173 1805 1230 constet;
1837 1163 1980 1235 quod
2011 1163 2080 1219 ab
2101 1178 2164 1219 ea

567 1258 958 1329 proﬁciscitur,
990 1258 1062 1311 sit
1085 1271 1294 1311 rursus-
1315 1247 1594 1325 proprium
1647 1255 2008 1326 singulorum.
2038 1254 2166 1309 0m-

568 1353 656 1407 nia
686 1351 893 1422 regitis,
925 1349 1020 1404 sed
1057 1363 1215 1404 suum
1247 1349 1444 1418 cuique
1469 1349 1700 1403 servatis
1728 1366 1740 1400 :
1773 1349 2002 1418 plusque
2023 1347 2164 1418 apud

565 1458 663 1498 vos
684 1443 918 1513 jnstitia,
946 1456 1109 1512 quam
1138 1441 1356 1496 licentia
1384 1441 1548 1496 valet.
1573 1440 1854 1496 Consulite
1881 1453 2030 1496 certe
2049 1456 2166 1495 mu-

567 1534 899 1588 niﬁcentiam
956 1541 1225 1596 vestram,
1277 1547 1346 1585 an
1399 1531 1516 1586 hmc
1543 1533 1759 1600 publica
1805 1533 1938 1586 velit
1978 1533 2166 1586 existi-

569 1628 724 1692 mari,
761 1641 882 1696 quae
914 1627 964 1679 in
995 1625 1131 1679 alios
1160 1625 1549 1679 transtulistis?
1577 1626 1758 1680 Semel
1789 1626 1982 1680 honori
2012 1625 2166 1681 urbis

2333 518 2397 570 tis
2424 519 2725 586 opponitur,
2755 530 2874 567 cum
2912 512 3203 569 Vestalibus
3225 526 3272 568 et
3299 514 3615 583 sacri/iratis
3641 514 3862 586 virgines

2331 622 2497 663 sacrte
2523 616 2568 660 et
2596 606 2790 661 Christi
2821 605 3108 660 sacerdotes
3137 615 3543 676 comparantur,
3573 619 3636 658 ac
3657 605 3862 658 tandem

2333 699 2474 770 quod
2505 699 2738 753 sublatas
2758 699 2880 754 illas
2907 700 3224 754 ceremonias
3265 701 3457 768 famem
3497 698 3665 752 ultam
3707 699 3867 767 fuisse

2335 795 2696 860 dictitabatur,
2731 794 2790 847 id
2817 809 3009 848 uanum
3037 809 3146 848 esse
3170 793 3523 848 invictissimis
3549 794 3868 862 argumentis

2336 889 2737 942 demonstratur.

2266 980 2568 1035 Annostus
2596 980 2888 1050 cpiscopus
2916 978 3235 1034 beatissimo
3289 979 3550 1050 principi,
3597 989 3619 1016 ε
3653 987 3706 1033 et
3755 978 3866 1034 cle-

2339 1071 2678 1127 mentissimo
2706 1072 3022 1141 imperatori
3053 1071 3460 1128 VALENTINIANO
3488 1081 3744 1142 augusto.

2341 1164 2392 1218 l.
2429 1161 2564 1218 Cum
2598 1161 2617 1200 ί
2654 1163 2737 1217 vir
2786 1162 3126 1218 clarissimus
3183 1163 3472 1234 praefectus
3521 1161 3670 1218 urbis
3715 1163 3866 1233 Sym-

2267 1257 2492 1312 machus
2515 1257 2581 1312 ad
2603 1257 2948 1312 clementiam
2986 1266 3132 1311 tuam
3184 1258 3483 1318 retulisset.
3519 1268 3577 1311 ut
3621 1272 3715 1310 ara
3750 1270 3866 1326 qua:

2267 1349 2334 1404 de
2358 1350 2507 1404 urbis
2536 1349 2722 1404 Romtc
2749 1353 2898 1404 curia
2932 1349 3142 1405 sublata
3178 1349 3357 1404 fuerat
3382 1392 3396 1415 ,
3426 1349 3754 1405 redderetur
3788 1350 3865 1401 Iu-

2268 1457 2365 1506 co;
2415 1451 2471 1497 et
2520 1451 2596 1507 tu,
2657 1443 2997 1511 imperator,
3055 1443 3183 1497 licet
3211 1443 3387 1498 adhuc
3411 1444 3465 1498 in
3500 1444 3730 1500 minoris
3773 1446 3865 1499 aevi

2271 1535 2522 1590 tirocinio
2550 1534 2873 1590 ﬂorentibus
2904 1549 3078 1590 novus
3103 1537 3281 1602 annis,
3311 1535 3435 1591 ﬁdei
3467 1545 3646 1591 tamen
3674 1537 3864 1591 virtute

2268 1638 2562 1682 veteranus
2601 1629 2886 1683 obsecrata
2932 1629 3219 1699 gentilium
3262 1643 3369 1684 nun
3429 1629 3732 1700 probares;
3777 1643 3865 1686 eo-

565 1720 744 1776 delata
791 1717 1114 1788 compendia
1181 1716 1439 1771 desinunt
1486 1731 1615 1772 esse
1685 1717 2079 1772 tribuentium:
2114 1727 2170 1774 et
2201 1728 2245 1788 Β
2273 1720 2418 1783 dem,
2452 1734 2560 1790 quo
2587 1722 2854 1788 comperi,
2891 1733 3094 1791 puncto
3122 1721 3363 1776 libellum
3417 1721 3595 1777 obtuli
3625 1739 3640 1774 :
3670 1736 3774 1791 quo
3798 1721 3862 1774 li-

567 1811 709 1884 quod
739 1827 767 1864 a
798 1809 1062 1880 principio
1091 1809 1414 1864 beneﬁcium
1468 1808 1589 1874 fuit,
1648 1825 1751 1863 usu
1802 1821 1968 1880 atque
2009 1819 2170 1866 aetate

571 1908 629 1960 lit
657 1903 921 1960 debitum.
959 1902 1176 1956 lnanem
1218 1903 1376 1974 igitur
1404 1911 1608 1957 metum
1639 1903 1826 1958 divino
1872 1906 2057 1959 animo
2084 1922 2171 1961 ve-

508 1991 512 1996 ’
571 2009 687 2055 stro
715 2008 886 2054 teutat
908 1997 1171 2064 incutere,
1201 1997 1248 2051 si
1270 1997 1393 2067 quis
1423 1997 1622 2052 asserit
1651 1999 2042 2053 conscientiam
2077 2013 2173 2054 vos

569 2091 596 2130 ιι
628 2092 828 2148 habere
876 2090 1265 2160 praebentium,
1312 2089 1414 2144 nisi
1441 2089 1847 2145 detrahentium
1895 2091 2172 2146 subieritis

573 2184 862 2240 invidiam.

643 2279 729 2332 l7.
778 2294 796 2328 ι
844 2276 1087 2330 Faveant
1126 2274 1437 2330 clementia:
1496 2285 1690 2330 vestrae
1744 2284 2019 2330 sectarum
2058 2286 2219 2330 om-'

575 2372 724 2427 nium
746 2384 943 2425 arcana
972 2367 1228 2439 praesidia
1260 2384 1273 2420 :
1306 2377 1360 2422 et
1391 2367 1506 2422 hanc
1539 2367 1797 2434 maxime,
1849 2385 1970 2438 qua:
2006 2368 2175 2437 majo-

571 2479 660 2520 res
690 2475 903 2519 vestros
951 2462 1245 2531 aliquando
1293 2459 1552 2530 juverunt
1581 2500 1597 2527 ,
1638 2474 1736 2515 vos
1787 2461 2110 2526 defendant,
2145 2475 2174 2514 a

577 2557 732 2613 nobis
760 2555 1038 2612 colantur.
1073 2553 1209 2608 Eum
1235 2553 1556 2623 religionum
1581 2563 1782 2608 statum
1809 2555 2056 2623 petimus,
2084 2553 2178 2624 qui

577 2649 705 2705 divo
738 2660 761 2688 ο
797 2649 1005 2718 parenti
1057 2646 1313 2701 culminis
1365 2647 1530 2701 vestri
1579 2647 1814 2701 servavit
1845 2647 2132 2716 imperium
2161 2688 2175 2712 ,

576 2741 665 2809 qni
699 2741 975 2794 fortunato
1024 2737 1259 2808 principi
1317 2737 1591 2806 legitimos
1638 2737 1851 2791 suﬁ'ecit
1905 2738 2178 2792 hmredes.

579 2833 804 2901 Spectat
859 2832 1044 2887 senior
1083 2833 1173 2886 ille
1216 2830 1376 2884 divus
1406 2845 1472 2884 ex
1501 2844 1628 2884 arce
1673 2827 1887 2883 siderea
1913 2830 2178 2900 laerymas

576 2924 946 2988 sacerdotum,
988 2933 1042 2977 et
1085 2938 1146 2978 se
1195 2924 1472 2992 culpatum
1523 2931 1680 2992 putat
1737 2938 1892 2980 more
1937 2924 2174 2992 violato,

578 3032 740 3088 quem
767 3017 1001 3071 libenter
1025 3017 1140 3085 ipse
1164 3018 1424 3072 servavit.

2274 1823 2358 1865 cet
2385 1810 2919 1880 coniiprehendcrim,
2952 1829 3072 1882 quae
3093 1813 3429 1884 suggestioni
3459 1815 3763 1870 necessaria
3792 1813 3865 1867 vi-

2274 1903 2565 1968 derentur;
2598 1905 2821 1975 p0posci
2847 1914 3028 1960 tamen
3056 1907 3368 1977 exemplum
3408 1906 3542 1962 mihi
3597 1905 3866 1963 relationis

2273 1995 2414 2049 dari.

2345 2087 2400 2140 2.
2442 2087 2632 2157 Itaque
2660 2103 2768 2143 non
2798 2087 2922 2144 ﬁdei
2951 2098 3060 2145 tua:
3101 2091 3388 2162 ambiguus
3413 2131 3429 2158 ,
3466 2091 3569 2146 sed
3617 2090 3866 2162 providus

2275 2179 2568 2243 cautionis,
2596 2187 2653 2235 et
2676 2181 2746 2249 pii
2773 2189 2956 2236 certus
2989 2182 3276 2246 examinis,
3310 2182 3415 2237 hoc
3462 2195 3710 2238 sermone
3732 2183 3870 2238 rela-

2277 2271 2442 2326 tionis
2484 2273 2774 2327 assertioni
2829 2275 3136 2344 respondeo
3161 2316 3175 2340 ,
3233 2275 3333 2330 hoc
3359 2290 3527 2330 unum
3551 2286 3768 2346 petens,
3813 2286 3868 2330 nt

2279 2378 2384 2420 non
2415 2365 2699 2419 verborum
2741 2365 3066 2436 elegantiam
3091 2408 3104 2432 ,
3152 2368 3246 2423 sed
3274 2369 3383 2422 vim
3418 2383 3602 2423 rerum
3633 2379 3658 2416 ε
3685 2385 3868 2438 exspe-

2277 2458 2529 2513 ctandam
2557 2468 2734 2528 putes.
2777 2462 2956 2514 Aurca
2996 2461 3165 2526 enim,
3209 2462 3350 2517 sicut
3396 2461 3678 2532 Scriptura
3697 2463 3867 2516 divina

2277 2551 2438 2606 docet
2467 2549 2655 2621 (Eccl.
2694 2567 2767 2618 vt,
2819 2552 2960 2624 Il),
2992 2563 3077 2607 est
3123 2555 3301 2624 lingua
3346 2555 3678 2622 sapientium
3733 2557 3870 2610 litte-

2279 2652 2557 2708 ratorum,
2609 2659 2731 2712 qum
2797 2645 3095 2713 phaleratis
3146 2645 3329 2700 dotata
3405 2646 3771 2712 sermonibus,
3819 2656 3870 2702 et

2279 2736 2512 2804 qundam
2561 2736 2900 2807 splendentis
2947 2737 3150 2805 eloquii
3203 2739 3353 2793 velut
3397 2739 3607 2796 coloris
3653 2741 3866 2808 pretiosi

2279 2842 2510 2883 corusco
2545 2831 2839 2895 resultans,
2883 2830 3029 2901 capit
3066 2832 3374 2888 animorum
3424 2834 3612 2889 oculos
3644 2833 3668 2871 ιι
3700 2834 3868 2906 specie

2278 2920 2528 2988 formosi,
2579 2925 2807 2993 visuque
2853 2925 3194 2996 perstringit.
3236 2925 3343 2982 Sed
3397 2942 3590 2982 aurum
3637 2928 3769 2993 hoc,
3826 2927 3867 2982 si

2279 3016 2594 3087 diligentius
2633 3034 2796 3073 manu
2839 3027 3062 3085 tractes,
3099 3018 3116 3058 ί
3149 3018 3278 3075 foris
3303 3022 3570 3090 pretium,
3603 3023 3738 3077 intus
3767 3036 3868 3076 me-

655 3110 740 3165 18.
788 3128 806 3160 ι
846 3109 1106 3162 Ρτεεειειιθ
1133 3109 1295 3162 etiam
1321 3108 1448 3163 divo
1480 3109 1630 3163 fratri
1655 3119 1835 3165 vestro
1858 3112 2022 3166 alieni
2050 3127 2182 3166 con-
2207 3118 2254 3184 ρ
2289 3109 2476 3162 tallurn
2493 3117 2597 3164 est.
2626 3109 2821 3178 Volve,
2843 3126 3050 3181 qumsn,
3074 3120 3232 3182 atque
3260 3124 3459 3167 excute
3487 3114 3867 3184 sectamgenti-

578 3203 681 3258 silii
707 3198 1100 3256 correctionem
1133 3219 1145 3252 :
1179 3203 1344 3270 tegite
1375 3203 1575 3257 factum
1623 3204 1768 3273 quod
1811 3209 2026 3261 senatui
2068 3208 2181 3263 dis-

580 3295 834 3366 plicuisse
863 3291 1111 3348 nescivit.
1143 3294 1421 3364 Siquidem
1470 3306 1688 3351 constat
1729 3298 1851 3354 ideo
1901 3301 2179 3356 exclusam

583 3387 930 3457 legationem,
963 3398 1031 3439 ne
1053 3385 1119 3438 ad
1149 3399 1272 3440 eum
1299 3385 1566 3455 judicium
1600 3388 1872 3457 publicum
1925 3394 2177 3461 perveni-

586 3491 688 3536 ret.
719 3481 824 3536 Pro
851 3479 1254 3536 existimatione
1282 3492 1366 3534 est
1398 3492 1701 3552 temporum
1725 3487 2092 3555 superiorum,
2123 3496 2182 3542 ut

588 3591 696 3632 non
725 3574 984 3631 dubitetis
1007 3573 1250 3641 abolere,
1275 3576 1419 3646 quod
1446 3577 1731 3646 probatum
1785 3588 1870 3634 est
1924 3581 2183 3653 principis

590 3685 698 3724 non
727 3667 912 3724 luisse.
963 3685 982 3717 ι

967 3801 1131 3876 833
1171 3799 1197 3839 ἀ
1237 3801 1582 3860 EPISTULA
1623 3804 1810 3862 XVIII.

598 3939 858 3994 Relationi
895 3937 1197 4008 Symmachi
1246 3939 1522 4008 respondet
1573 3942 1878 3997 Auuuostus
1907 3983 1921 4010 ,
1975 3954 2026 3998 et
2078 3955 2192 4016 post

668 4029 994 4084 conciliatum
1023 4029 1120 4083 sibi
1152 4029 1538 4085 VALENTINIANI
1565 4032 1989 4102 benevolentiam,
2015 4038 2114 4092 tria
2135 4039 2190 4092 in

665 4123 842 4178 eadem
889 4122 1139 4176 relatione
1187 4124 1455 4193 pracipua
1499 4126 1670 4196 capita
1695 4129 2018 4198 aggreditur.
2049 4131 2190 4186 Nam

669 4307 695 4337 ⁸
721 4303 846 4384 Mss.
867 4303 1110 4384 _aliquot,
1141 4311 1192 4354 nt
1219 4302 1358 4371 quod
1381 4319 1676 4384 commune;
1705 4307 1918 4384 reliqui,
1948 4326 2009 4366 ac
2033 4315 2190 4384 edit.,

597 4386 648 4431 ut
679 4375 813 4445 quod
843 4373 907 4428 de
936 4389 1240 4445 commune;
1273 4384 1382 4445 vet.
1413 4375 1569 4438 edit.,
1601 4379 1723 4431 olim
1754 4373 2136 4441 tle-commune.

669 4444 696 4485 δ
736 4446 987 4524 Sontium
1022 4460 1186 4524 mss,
1213 4444 1396 4524 habere
1445 4451 1796 4524 prtesentiam.
1830 4451 1944 4507 Non
1998 4471 2182 4524 reete;

553 4524 562 4527 ”
596 4518 966 4574 conscientiam
983 4516 1138 4589 enim
1170 4515 1357 4569 habere
1385 4515 1739 4588 prtescntium,
1769 4532 1900 4589 etc.,
1936 4525 2076 4581 idem
2104 4515 2187 4584 est

598 4606 662 4645 ac
685 4600 790 4643 tam
823 4589 876 4643 in
905 4588 1062 4658 culpa
1093 4601 1237 4653 esse,
1268 4603 1431 4658 quam
1453 4589 1500 4643 si
1532 4588 1892 4659 praeberent,
1932 4599 2035 4652 nisi
2085 4599 2184 4656 de-

598 4661 882 4716 traxerint.

655 4743 695 4800 ¹ο
739 4729 896 4805 Itum.
925 4728 1079 4805 edit.,
1110 4731 1316 4805 parenti
1343 4743 1508 4786 uestro
1530 4732 1770 4787 culminis
1796 4740 2034 4805 servavit,
2075 4751 2182 4798 etc.

599 4803 752 4872 Quod
787 4812 965 4876 autem
993 4800 1365 4876 ait_nn_tninutu
1392 4819 1623 4876 suorum
1671 4800 2030 4876 religionibus
2071 4828 2187 4868 ser-

596 4870 776 4929 vatum
805 4870 1172 4929 Valentiniani
1201 4873 1434 4926 senioris
1459 4874 1742 4943 imperium
1762 4870 1911 4939 (huc
1927 4897 1994 4935 eo
2023 4897 2184 4939 sensu

596 4943 1004 5017 intelligendum
1030 4953 1135 5017 e51,
1167 4957 1273 5017 non
1303 4944 1446 5017 quod
1479 4945 1599 5000 illas
1631 4957 1849 5004 secutus
1880 4952 2060 5017 fuerit,
2094 4956 2189 5012 sed

598 5016 742 5085 quod
774 5012 878 5071 non
922 5013 1248 5093 aboleverit,
1281 5012 1420 5093 sicut
1452 5031 1480 5070 a
1526 5018 1855 5093 Symmacho
1899 5012 2062 5093 supra
2106 5027 2187 5081 di-

598 5099 742 5142 ctum
772 5097 878 5165 est.
933 5085 1079 5165 lianc.
1107 5086 1295 5165 .etiaur
1337 5087 1406 5140 ob
1437 5085 1582 5165 rem
1604 5091 1852 5165 eutndem
1886 5085 2184 5165 principem

596 5156 940 5234 commendat
968 5155 1232 5234 ethnicus
1255 5155 1598 5234 Marcellinus
1619 5163 1708 5214 lib.
1733 5179 1860 5230 xxx,
1886 5155 1935 5220 ἒς.
1965 5169 2018 5221 9.
2046 5155 2184 5234 Quin

599 5227 948 5307 ἰιιιιιιοηίᾱιξιιι⁵
968 5226 1372 5307 Valentinianus
1397 5229 1698 5286 libertatem
1723 5226 1918 5307 cuique
1950 5226 2184 5307 seqtien-

594 5300 676 5380 tlte
705 5300 1003 5380 religionis,
1037 5313 1193 5380 quam
1218 5298 1507 5380 elegisset,
1532 5319 1562 5380 ξι
1597 5298 1947 5380 se_relictaut
1993 5298 2110 5380 lcgc
2152 5312 2184 5366 9

594 5369 977 5441 dcblalcliciis
1003 5369 1362 5441 testiﬁcatur.
1421 5369 1483 5441 Et
1531 5367 1632 5426 hoc
1676 5375 1846 5441 ipsitm
1875 5391 1956 5432 est
1985 5367 2083 5434 cu”;-
2115 5382 2184 5438 de

597 5429 971 5516 _\'aleuI_iniano
994 5439 1196 5516 iuniori
1227 5438 1547 5516 Ambrosius
1597 5442 1651 5516 in
1686 5429 2183 5516 funebri‘eju‘s‘dtru't

604 5457 971 5496 tuleunntano
1023 5457 1196 5494 umori
1227 5457 1547 5493 Atnurostns
1597 5459 1651 5496 ιιι
1686 5457 1895 5502 tunebri
1938 5457 2183 5516 ejusdem

594 5512 902 5586 laudatione
933 5531 945 5565 :
983 5457 1132 5586 ὸιιοςι
1151 5510 1286 5586 putri
1316 5509 1572 5586 defuerat,
1627 5513 1833 5584 inquit,
1892 5522 2135 5586 adiunxit
2165 5543 2183 5580 .'

589 5583 723 5652 quod
758 5586 917 5650 frater
945 5582 1217 5652 constituit
1235 5623 1248 5642 ,
1282 5581 1574 5637 custodiuit.

663 5649 687 5687 δ
717 5649 927 5718 Scripta
961 5667 1088 5705 aut).
1121 5650 1245 5706 584.

657 5727 678 5754 θ
714 5720 967 5774 Nonnulli
1003 5735 1160 5786 tnss.,
1190 5731 1235 5776 et
1268 5722 1696 5781 christianissimo
1725 5727 2045 5799 imperatori.

2290 3201 2421 3256 lium
2455 3218 2469 3257 :
2503 3203 2737 3272 pretiosa
2768 3213 2823 3258 et
2843 3203 3072 3273 grandia
3103 3215 3301 3260 Sonant
3325 3245 3339 3270 ,
3370 3207 3487 3260 veri
3515 3207 3671 3262 eﬂ'eta
3693 3206 3864 3262 defen-

2287 3294 2423 3349 dunt
2447 3313 2458 3348 :
2496 3296 2664 3349 Deum
2688 3296 3002 3366 loquuntur,
3029 3298 3383 3352 simulacrum
3412 3299 3662 3355 adorant.

2363 3389 2415 3441 5.
2460 3387 2584 3442 'I‘ria
2604 3389 2767 3458 igitur
2791 3391 2842 3444 in
2871 3389 3135 3446 relatione
3161 3405 3255 3446 sua
3286 3393 3368 3445 vir
3385 3392 3717 3448 clarissimus
3743 3408 3865 3463 pra:-

2292 3480 2467 3536 fectus
2505 3482 2654 3536 urbis
2702 3485 3028 3553 proposuit,
3084 3500 3204 3555 qua;
3256 3483 3433 3540 valida
3463 3482 3862 3555 putavit:un

2292 3577 2458 3632 Roma
2490 3587 2725 3642 veteres,
2756 3590 2815 3634 ut
2838 3581 2932 3645 ait,
2960 3595 3088 3634 suos
3110 3580 3292 3636 cultus
3322 3581 3605 3651 requirat,
3651 3593 3702 3637 et
3734 3579 3862 3650 quod

2290 3669 2670 3726 sacerdotibus
2700 3673 2815 3727 suis
2867 3673 3276 3744 virginibusque
3330 3674 3641 3730 Vesta-libus
3684 3675 3865 3728 emolu-

2293 3772 2474 3818 menta
2503 3765 2791 3820 tribuenda
2819 3766 2948 3829 sint,
2977 3775 3032 3822 ct
3061 3766 3206 3837 quod
3233 3767 3620 3824 emolumentis
3639 3766 3865 3823 sacerdo-

2297 3867 2410 3912 tum
2451 3859 2685 3928 negatis,
2719 3859 2889 3914 fames
2920 3868 3104 3915 secuta
3131 3860 3349 3929 publica
3371 3861 3462 3915 sit.

2367 3949 2422 4005 4.
2466 3951 2523 4006 In
2571 3951 2744 4022 prima
2792 3952 3191 4022 prepositione,
3244 3951 3413 4008 ﬂebili
3459 3952 3632 4008 Roma
3679 3960 3858 4023 questu

2295 4046 2567 4100 sermonis
2598 4047 2920 4118 illacrymat,
2951 4058 3166 4102 veteres
3189 4088 3202 4113 ,
3233 4057 3293 4102 ut
3315 4049 3413 4113 ait,
3455 4049 3633 4104 cultus
3655 4061 3858 4104 ceremo-

2295 4140 2500 4194 niarum
2526 4139 2696 4212 834
2723 4142 3026 4211 requirens.
3060 4141 3183 4197 Ilaec
3204 4155 3392 4210 sacra,
3418 4141 3635 4214 inquit,
3667 4145 3679 4193 ι
3716 4139 3857 4198 Anni-

2377 4317 2393 4355 ί
2449 4319 2540 4374 Vir
2569 4322 2890 4376 clarissimus
2914 4337 3020 4378 non
3046 4332 3152 4378 tam
3186 4324 3376 4378 honori
3410 4339 3658 4394 personae
3689 4325 3856 4381 tribui-

2215 4419 2267 4480 D
2297 4400 2588 4480 tur,quam
2617 4394 2899 4477 digni-tatis
2923 4395 3202 4480 multisne
3220 4397 3551 4480 signiﬁcatio
3570 4408 3670 4480 est,
3699 4397 3854 4480 ntjatn

2291 4463 2490 4535 alicubi
2533 4465 2968 4535 nlriservavinms.
3025 4466 3126 4520 Adi
3182 4463 3377 4534 etiam,
3409 4469 3452 4523 si
3486 4463 3666 4535 vacat,
3689 4463 3855 4523 Alciati

2295 4533 2389 4588 lib.
2433 4550 2488 4588 ιιι
2530 4534 3001 4602 Dispnncrionum.

2368 4614 2394 4650 8
2436 4605 2592 4659 Rom.
2621 4606 2793 4683 edit.,
2839 4609 3226 4677 expendendam
3269 4620 3456 4683 pater;
3514 4613 3758 4683 reliquae,
3804 4624 3855 4664 ac

2297 4688 2453 4754 m_s_s.,
2485 4680 2878 4754 exspectandam
2907 4689 3084 4752 putes,
3119 4696 3226 4735 uno
3269 4681 3390 4736 Vat.
3431 4683 3555 4737 cod.
3615 4680 3851 4754 excepto,

2297 4744 2385 4798 ubi
2409 4749 2765 4814 empetendam.

2369 4815 2394 4853 ιι
2437 4819 2552 4871 Duo
2580 4836 2732 4896 mss”
2770 4822 2937 4896 specie
2980 4827 3233 4896 formosa,
3280 4825 3492 4896 visuque
3550 4826 3850 4896 perstringit;

2297 4904 2457 4966 unus,
2483 4891 2652 4958 specie
2673 4895 3028 4966 formositatis
3043 4896 3376 4966 perstringit;
3405 4891 3592 4952 caeteri
3645 4908 3693 4952 et
3718 4891 3849 4959 edit.,

2293 4961 2715 5041 specieformozi,
2741 4965 2979 5041 visuque,
3016 4965 3168 5019 Huni.
3203 4961 3441 5041 visusque
3465 4970 3765 5041 perstringit.

2372 5031 2384 5068 ί
2439 5031 2588 5109 Foris
2619 5031 2879 5109 pretium,
2907 5041 3129 5109 supple,
3173 5038 3289 5092 auri
3332 5031 3442 5109 pra:
3464 5031 3524 5094 se
3557 5031 3846 5106 l‘ert,'1ntus

2292 5104 2580 5170 metallum,
2611 5121 2685 5182 ius
2713 5107 2963 5182 videlicet
2993 5104 3344 5182 autgfcrrnm;
3406 5111 3498 5164 ubi
3549 5104 3751 5182 generis
3769 5123 3847 5163 no-

2293 5191 2414 5228 tnen
2451 5191 2548 5244 pro
2575 5177 2751 5231 viliori
2780 5181 2961 5244 specie
2993 5180 3224 5247 positum
3248 5191 3352 5235 est.

2369 5259 2382 5320 ι
2436 5249 2754 5320 Annibalem
2784 5248 3284 5320 Cartlnginensinm
3304 5252 3494 5307 ducem
3520 5252 3748 5308 Romano
3769 5265 3839 5319 p0-

2291 5317 2416 5396 pnln
2437 5319 2861 5396 infensissimnm
2901 5317 3060 5396 nemo
3087 5323 3257 5396 nescit
3291 5325 3341 5377 in
3374 5337 3642 5396 summum
3668 5317 3839 5396 perit-u-

2291 5387 2396 5464 lum
2423 5405 2508 5464 res
2541 5389 2907 5464 Romanorum
2939 5392 3268 5464 adduxisse:
3324 5395 3413 5464 qui
3475 5387 3680 5451 tandem
3721 5400 3835 5461 Apu-

2287 5456 2372 5510 lim
2405 5457 2613 5512 deliciis
2639 5465 2931 5527 emnllitns,
2962 5474 3015 5518 et
3045 5463 3195 5518 Fabii
3235 5456 3585 5522 cunctatione
3629 5456 3833 5521 debilita-

2291 5538 2375 5606 t_us_
2399 5528 2600 5606 ,-Ιι;ιΙιιι⁸
2632 5534 2897 5606 recedere
2925 5543 3146 5606 Coactus
3202 5534 3300 5588 fuit
3320 5579 3333 5601 ,
3383 5551 3447 5592 ac
3473 5542 3780 5606 postmodum
3809 5543 3832 5583 ³

2280 5599 2544 5665 Scipione
2574 5600 2830 5656 Africano
2881 5605 3202 5660 debellatus.
3251 5599 3499 5662 Senones
3533 5624 3657 5664 vero
3689 5621 3784 5662 cum
3807 5617 3832 5656 e

2287 5669 2490 5752 Celtica
2524 5670 2697 5727 Gallia
2733 5675 2783 5728 in
2813 5675 3393 5752 Italiamtransiissent
3422 5719 3438 5744 ,
3489 5681 3671 5738 urbem
3697 5681 3832 5752 ipsum

2289 5741 2458 5798 armis
2488 5753 2793 5816 ruperunt;
2826 5755 2884 5802 at
2901 5745 3225 5820 Capitolium
3247 5741 3650 5808 delusa'cunum
3687 5741 3834 5806 cimo-
