  <div class='ocr_page' id='page_1' title='image "/cluster/home/n/w/nwhite01/storage/ocr_20150623/16/uva.x000826550/495.png"; bbox 0 0 4040 6166; ppageno 0'>
   <div class='ocr_carea' id='block_1_1' title="bbox 595 229 701 284">
    <p class='ocr_par' dir='ltr' id='par_1_1' title="bbox 595 229 701 284">
     <span class='ocr_line' id='line_1_1' title="bbox 595 229 701 284; baseline -0.009 -1"><span class='ocrx_word' id='word_1_1' title='bbox 595 229 701 284; x_wconf 82' lang='grc'><strong>975</strong></span> 
     </span>
    </p>
   </div>
   <div class='ocr_carea' id='block_1_2' title="bbox 1929 209 2539 274">
    <p class='ocr_par' dir='ltr' id='par_1_2' title="bbox 1929 209 2539 274">
     <span class='ocr_line' id='line_1_2' title="bbox 1929 209 2539 274; baseline -0.011 0"><span class='ocrx_word' id='word_1_2' title='bbox 1929 215 2176 274; x_wconf 83' lang='lat' dir='ltr'><strong>SANCTI</strong></span> <span class='ocrx_word' id='word_1_3' title='bbox 2214 209 2539 274; x_wconf 81' lang='lat' dir='ltr'><strong>AMBROSII</strong></span> 
     </span>
    </p>
   </div>
   <div class='ocr_carea' id='block_1_3' title="bbox 3788 205 3903 262">
    <p class='ocr_par' dir='ltr' id='par_1_3' title="bbox 3788 205 3903 262">
     <span class='ocr_line' id='line_1_3' title="bbox 3788 205 3903 262; baseline -0.009 0"><span class='ocrx_word' id='word_1_4' title='bbox 3788 205 3903 262; x_wconf 78' lang='lat'><strong>976</strong></span> 
     </span>
    </p>
   </div>
   <div class='ocr_carea' id='block_1_4' title="bbox 587 323 3901 409">
    <p class='ocr_par' dir='ltr' id='par_1_4' title="bbox 587 323 3901 409">
     <span class='ocr_line' id='line_1_4' title="bbox 587 323 3901 409; baseline -0.005 -14"><span class='ocrx_word' id='word_1_5' title='bbox 587 333 2268 409; x_wconf 77' lang='lat' dir='ltr'><strong>stianiimperatoresrcligioni,quamsequuntur,debcantA</strong></span> <span class='ocrx_word' id='word_1_6' title='bbox 2369 331 2455 384; x_wconf 70' lang='lat' dir='ltr'><strong>l5-</strong></span> <span class='ocrx_word' id='word_1_7' title='bbox 2490 327 2878 386; x_wconf 87' lang='lat' dir='ltr'><strong>Sacerdotibus</strong></span> <span class='ocrx_word' id='word_1_8' title='bbox 2924 341 3144 398; x_wconf 89' lang='lat' dir='ltr'><strong>quoque</strong></span> <span class='ocrx_word' id='word_1_9' title='bbox 3191 327 3307 383; x_wconf 89' lang='lat' dir='ltr'><strong>suis</strong></span> <span class='ocrx_word' id='word_1_10' title='bbox 3333 324 3402 382; x_wconf 81' lang='lat' dir='ltr'><strong>&#39;et</strong></span> <span class='ocrx_word' id='word_1_11' title='bbox 3450 323 3710 380; x_wconf 92' lang='lat' dir='ltr'><strong>ministris</strong></span> <span class='ocrx_word' id='word_1_12' title='bbox 3755 337 3901 392; x_wconf 88' lang='lat' dir='ltr'><strong>que-</strong></span> 
     </span>
    </p>
   </div>
   <div class='ocr_carea' id='block_1_5' title="bbox 593 425 2191 497">
    <p class='ocr_par' dir='ltr' id='par_1_5' title="bbox 593 425 2191 497">
     <span class='ocr_line' id='line_1_5' title="bbox 593 425 2191 497; baseline -0.004 -11"><span class='ocrx_word' id='word_1_13' title='bbox 593 432 810 488; x_wconf 89' lang='lat' dir='ltr'><strong>deferre</strong></span> <span class='ocrx_word' id='word_1_14' title='bbox 858 428 1214 491; x_wconf 67' lang='lat' dir='ltr'><strong>reverentiae;</strong></span> <span class='ocrx_word' id='word_1_15' title='bbox 1248 427 1466 497; x_wconf 86' lang='lat' dir='ltr'><strong>quando</strong></span> <span class='ocrx_word' id='word_1_16' title='bbox 1504 426 1742 497; x_wconf 84' lang='lat' dir='ltr'><strong>gentiles</strong></span> <span class='ocrx_word' id='word_1_17' title='bbox 1791 425 2191 496; x_wconf 88' lang='lat' dir='ltr'><strong>superstitioni-</strong></span> 
     </span>
    </p>
   </div>
   <div class='ocr_carea' id='block_1_6' title="bbox 591 519 1412 578">
    <p class='ocr_par' dir='ltr' id='par_1_6' title="bbox 591 519 1412 578">
     <span class='ocr_line' id='line_1_6' title="bbox 591 519 1412 578; baseline -0.006 0"><span class='ocrx_word' id='word_1_18' title='bbox 591 522 697 578; x_wconf 92' lang='lat' dir='ltr'><strong>bus</strong></span> <span class='ocrx_word' id='word_1_19' title='bbox 723 523 835 578; x_wconf 77' lang='lat' dir='ltr'><strong>suis</strong></span> <span class='ocrx_word' id='word_1_20' title='bbox 867 521 1051 575; x_wconf 85' lang='lat' dir='ltr'><strong>omnia</strong></span> <span class='ocrx_word' id='word_1_21' title='bbox 1079 519 1412 576; x_wconf 91' lang='lat' dir='ltr'><strong>detulerunt.</strong></span> 
     </span>
    </p>
   </div>
   <div class='ocr_carea' id='block_1_7' title="bbox 665 611 2184 685">
    <p class='ocr_par' dir='ltr' id='par_1_7' title="bbox 665 611 2184 685">
     <span class='ocr_line' id='line_1_7' title="bbox 665 611 2184 685; baseline -0.003 -13"><span class='ocrx_word' id='word_1_22' title='bbox 665 617 752 672; x_wconf 92' lang='grc'><strong>11.</strong></span> <span class='ocrx_word' id='word_1_23' title='bbox 787 613 998 670; x_wconf 89' lang='lat' dir='ltr'><strong>Dudum</strong></span> <span class='ocrx_word' id='word_1_24' title='bbox 1046 613 1337 685; x_wconf 80' lang='lat' dir='ltr'><strong>ctepimus,</strong></span> <span class='ocrx_word' id='word_1_25' title='bbox 1369 622 1394 650; x_wconf 77' lang='grc' dir='ltr'>α</span> <span class='ocrx_word' id='word_1_26' title='bbox 1422 621 1478 670; x_wconf 91' lang='lat' dir='ltr'><strong>et</strong></span> <span class='ocrx_word' id='word_1_27' title='bbox 1508 613 1620 684; x_wconf 84' lang='lat' dir='ltr'><strong>jam</strong></span> <span class='ocrx_word' id='word_1_28' title='bbox 1653 622 1954 684; x_wconf 90' lang='lat' dir='ltr'><strong>sequuntur</strong></span> <span class='ocrx_word' id='word_1_29' title='bbox 1998 611 2184 668; x_wconf 79' lang='lat' dir='ltr'><strong>exclu-</strong></span> 
     </span>
    </p>
   </div>
   <div class='ocr_carea' id='block_1_8' title="bbox 587 706 2184 779">
    <p class='ocr_par' dir='ltr' id='par_1_8' title="bbox 587 706 2184 779">
     <span class='ocr_line' id='line_1_8' title="bbox 587 706 2184 779; baseline -0.003 -13"><span class='ocrx_word' id='word_1_30' title='bbox 587 726 702 766; x_wconf 87' lang='lat' dir='ltr'><strong>sos.</strong></span> <span class='ocrx_word' id='word_1_31' title='bbox 736 708 845 764; x_wconf 86' lang='lat' dir='ltr'><strong>Nos</strong></span> <span class='ocrx_word' id='word_1_32' title='bbox 872 709 1134 779; x_wconf 92' lang='lat' dir='ltr'><strong>sanguine</strong></span> <span class='ocrx_word' id='word_1_33' title='bbox 1161 708 1486 779; x_wconf 85' lang='lat' dir='ltr'><strong>gloriamur,</strong></span> <span class='ocrx_word' id='word_1_34' title='bbox 1536 707 1660 762; x_wconf 91' lang='lat' dir='ltr'><strong>illos</strong></span> <span class='ocrx_word' id='word_1_35' title='bbox 1688 706 2033 778; x_wconf 79' lang='lat' dir='ltr'><strong>dispendium</strong></span> <span class='ocrx_word' id='word_1_36' title='bbox 2065 720 2184 761; x_wconf 89' lang='lat' dir='ltr'><strong>mo-</strong></span> 
     </span>
    </p>
   </div>
   <div class='ocr_carea' id='block_1_9' title="bbox 587 799 2182 870">
    <p class='ocr_par' dir='ltr' id='par_1_9' title="bbox 587 799 2182 870">
     <span class='ocr_line' id='line_1_9' title="bbox 587 799 2182 870; baseline -0.004 -10"><span class='ocrx_word' id='word_1_37' title='bbox 587 813 698 860; x_wconf 89' lang='lat' dir='ltr'><strong>vet.</strong></span> <span class='ocrx_word' id='word_1_38' title='bbox 732 803 842 858; x_wconf 85' lang='lat' dir='ltr'><strong>Nos</strong></span> <span class='ocrx_word' id='word_1_39' title='bbox 873 803 990 858; x_wconf 76' lang='lat' dir='ltr'><strong>lucc</strong></span> <span class='ocrx_word' id='word_1_40' title='bbox 1030 802 1278 858; x_wconf 71' lang='lat' dir='ltr'><strong>victoria:</strong></span> <span class='ocrx_word' id='word_1_41' title='bbox 1325 803 1447 858; x_wconf 91' lang='lat' dir='ltr'><strong>loco</strong></span> <span class='ocrx_word' id='word_1_42' title='bbox 1489 801 1774 866; x_wconf 89' lang='lat' dir='ltr'><strong>ducimus,</strong></span> <span class='ocrx_word' id='word_1_43' title='bbox 1815 801 1895 854; x_wconf 86' lang='lat' dir='ltr'><strong>illi</strong></span> <span class='ocrx_word' id='word_1_44' title='bbox 1929 799 2182 870; x_wconf 88' lang='lat' dir='ltr'><strong>injuriam</strong></span> 
     </span>
    </p>
   </div>
   <div class='ocr_carea' id='block_1_10' title="bbox 588 896 2180 970">
    <p class='ocr_par' dir='ltr' id='par_1_10' title="bbox 588 896 2180 970">
     <span class='ocr_line' id='line_1_10' title="bbox 588 896 2180 970; baseline -0.001 -18"><span class='ocrx_word' id='word_1_45' title='bbox 588 907 799 970; x_wconf 89' lang='lat' dir='ltr'><strong>putant.</strong></span> <span class='ocrx_word' id='word_1_46' title='bbox 831 896 1136 968; x_wconf 84' lang='lat' dir='ltr'><strong>Numquam</strong></span> <span class='ocrx_word' id='word_1_47' title='bbox 1167 897 1320 952; x_wconf 91' lang='lat' dir='ltr'><strong>nobis</strong></span> <span class='ocrx_word' id='word_1_48' title='bbox 1345 897 1580 967; x_wconf 87' lang='lat' dir='ltr'><strong>amplius</strong></span> <span class='ocrx_word' id='word_1_49' title='bbox 1605 896 1978 962; x_wconf 88' lang='lat' dir='ltr'><strong>contulerunt,</strong></span> <span class='ocrx_word' id='word_1_50' title='bbox 2021 907 2180 964; x_wconf 89' lang='lat' dir='ltr'><strong>quam</strong></span> 
     </span>
    </p>
   </div>
   <div class='ocr_carea' id='block_1_11' title="bbox 583 984 2182 1058">
    <p class='ocr_par' dir='ltr' id='par_1_11' title="bbox 583 984 2182 1058">
     <span class='ocr_line' id='line_1_11' title="bbox 583 984 2182 1058; baseline -0.004 -13"><span class='ocrx_word' id='word_1_51' title='bbox 583 1007 708 1046; x_wconf 91' lang='lat' dir='ltr'><strong>cum</strong></span> <span class='ocrx_word' id='word_1_52' title='bbox 742 989 1019 1045; x_wconf 85' lang='lat' dir='ltr'><strong>verberari</strong></span> <span class='ocrx_word' id='word_1_53' title='bbox 1045 988 1380 1044; x_wconf 75' lang='lat' dir='ltr'><strong>christianos</strong></span> <span class='ocrx_word' id='word_1_54' title='bbox 1408 995 1572 1058; x_wconf 86' lang='lat' dir='ltr'><strong>atque</strong></span> <span class='ocrx_word' id='word_1_55' title='bbox 1609 985 1874 1058; x_wconf 86' lang='lat' dir='ltr'><strong>proscribi</strong></span> <span class='ocrx_word' id='word_1_56' title='bbox 1902 1001 1965 1040; x_wconf 90' lang='lat' dir='ltr'><strong>ac</strong></span> <span class='ocrx_word' id='word_1_57' title='bbox 1997 984 2182 1042; x_wconf 91' lang='lat' dir='ltr'><strong>necari</strong></span> 
     </span>
    </p>
   </div>
   <div class='ocr_carea' id='block_1_12' title="bbox 575 1078 2177 1152">
    <p class='ocr_par' dir='ltr' id='par_1_12' title="bbox 575 1078 2177 1152">
     <span class='ocr_line' id='line_1_12' title="bbox 575 1078 2177 1152; baseline -0.004 -12"><span class='ocrx_word' id='word_1_58' title='bbox 575 1081 1160 1152; x_wconf 73' lang='lat' dir='ltr'><strong>juberent.Pra:mium</strong></span> <span class='ocrx_word' id='word_1_59' title='bbox 1195 1081 1326 1136; x_wconf 86' lang='lat' dir='ltr'><strong>fecit</strong></span> <span class='ocrx_word' id='word_1_60' title='bbox 1352 1081 1571 1151; x_wconf 90' lang='lat' dir='ltr'><strong>religio,</strong></span> <span class='ocrx_word' id='word_1_61' title='bbox 1603 1080 1744 1150; x_wconf 89' lang='lat' dir='ltr'><strong>quod</strong></span> <span class='ocrx_word' id='word_1_62' title='bbox 1778 1078 1999 1150; x_wconf 89' lang='lat' dir='ltr'><strong>perﬁdia</strong></span> <span class='ocrx_word' id='word_1_63' title='bbox 2021 1088 2177 1150; x_wconf 63' lang='lat' dir='ltr'><strong>putav</strong></span> 
     </span>
    </p>
   </div>
   <div class='ocr_carea' id='block_1_13' title="bbox 582 1172 2175 1246">
    <p class='ocr_par' dir='ltr' id='par_1_13' title="bbox 582 1172 2175 1246">
     <span class='ocr_line' id='line_1_13' title="bbox 582 1172 2175 1246; baseline -0.004 -14"><span class='ocrx_word' id='word_1_64' title='bbox 582 1179 808 1233; x_wconf 89' lang='lat' dir='ltr'><strong>batesse</strong></span> <span class='ocrx_word' id='word_1_65' title='bbox 821 1175 1170 1246; x_wconf 91' lang='lat' dir='ltr'><strong>supplicium.</strong></span> <span class='ocrx_word' id='word_1_66' title='bbox 1185 1173 1382 1230; x_wconf 79' lang='lat' dir='ltr'><strong>Videte</strong></span> <span class='ocrx_word' id='word_1_67' title='bbox 1397 1174 1789 1245; x_wconf 81' lang='lat' dir='ltr'><strong>magnanimos.</strong></span> <span class='ocrx_word' id='word_1_68' title='bbox 1810 1173 1912 1227; x_wconf 86' lang='lat' dir='ltr'><strong>Per</strong></span> <span class='ocrx_word' id='word_1_69' title='bbox 1927 1172 2175 1241; x_wconf 87' lang='lat' dir='ltr'><strong>injurias,</strong></span> 
     </span>
    </p>
   </div>
   <div class='ocr_carea' id='block_1_14' title="bbox 579 1265 2178 1342">
    <p class='ocr_par' dir='ltr' id='par_1_14' title="bbox 579 1265 2178 1342">
     <span class='ocr_line' id='line_1_14' title="bbox 579 1265 2178 1342; baseline -0.004 -14"><span class='ocrx_word' id='word_1_70' title='bbox 579 1270 952 1342; x_wconf 87' lang='lat' dir='ltr'><strong>perinopiam,</strong></span> <span class='ocrx_word' id='word_1_71' title='bbox 972 1283 1069 1338; x_wconf 89' lang='lat' dir='ltr'><strong>per</strong></span> <span class='ocrx_word' id='word_1_72' title='bbox 1091 1267 1418 1339; x_wconf 89' lang='lat' dir='ltr'><strong>supplicium</strong></span> <span class='ocrx_word' id='word_1_73' title='bbox 1439 1266 1467 1305; x_wconf 71' lang='grc' dir='ltr'><strong>ι)</strong></span> <span class='ocrx_word' id='word_1_74' title='bbox 1483 1283 1580 1322; x_wconf 92' lang='lat' dir='ltr'><strong>nos</strong></span> <span class='ocrx_word' id='word_1_75' title='bbox 1600 1266 1904 1322; x_wconf 83' lang='lat' dir='ltr'><strong>crevimus:</strong></span> <span class='ocrx_word' id='word_1_76' title='bbox 1929 1265 1999 1320; x_wconf 93' lang='lat' dir='ltr'><strong>illi</strong></span> <span class='ocrx_word' id='word_1_77' title='bbox 2021 1280 2178 1322; x_wconf 85' lang='lat' dir='ltr'><strong>cere-</strong></span> 
     </span>
    </p>
   </div>
   <div class='ocr_carea' id='block_1_15' title="bbox 577 1358 2119 1431">
    <p class='ocr_par' dir='ltr' id='par_1_15' title="bbox 577 1358 2119 1431">
     <span class='ocr_line' id='line_1_15' title="bbox 577 1358 2119 1431; baseline -0.003 -14"><span class='ocrx_word' id='word_1_78' title='bbox 577 1363 790 1418; x_wconf 89' lang='lat' dir='ltr'><strong>tnonias</strong></span> <span class='ocrx_word' id='word_1_79' title='bbox 810 1377 936 1417; x_wconf 89' lang='lat' dir='ltr'><strong>suas</strong></span> <span class='ocrx_word' id='word_1_80' title='bbox 952 1361 1072 1417; x_wconf 91' lang='lat' dir='ltr'><strong>sine</strong></span> <span class='ocrx_word' id='word_1_81' title='bbox 1085 1368 1296 1431; x_wconf 74' lang='lat' dir='ltr'><strong>quaestu</strong></span> <span class='ocrx_word' id='word_1_82' title='bbox 1318 1374 1540 1415; x_wconf 92' lang='lat' dir='ltr'><strong>manere</strong></span> <span class='ocrx_word' id='word_1_83' title='bbox 1561 1373 1722 1430; x_wconf 90' lang='lat' dir='ltr'><strong>posse</strong></span> <span class='ocrx_word' id='word_1_84' title='bbox 1745 1373 1852 1414; x_wconf 92' lang='lat' dir='ltr'><strong>non</strong></span> <span class='ocrx_word' id='word_1_85' title='bbox 1869 1358 2119 1414; x_wconf 88' lang='lat' dir='ltr'><strong>credunt.</strong></span> 
     </span>
    </p>
   </div>
   <div class='ocr_carea' id='block_1_16' title="bbox 646 1453 2176 1530">
    <p class='ocr_par' dir='ltr' id='par_1_16' title="bbox 646 1453 2176 1530">
     <span class='ocr_line' id='line_1_16' title="bbox 646 1453 2176 1530; baseline -0.003 -18"><span class='ocrx_word' id='word_1_86' title='bbox 646 1457 814 1530; x_wconf 75' lang='lat'><strong>836</strong></span> <span class='ocrx_word' id='word_1_87' title='bbox 840 1457 926 1512; x_wconf 84' lang='grc'><strong>11.</strong></span> <span class='ocrx_word' id='word_1_88' title='bbox 960 1455 1226 1520; x_wconf 78' lang='lat' dir='ltr'><strong>Habeant,</strong></span> <span class='ocrx_word' id='word_1_89' title='bbox 1257 1455 1454 1525; x_wconf 83' lang='lat' dir='ltr'><strong>inquit,</strong></span> <span class='ocrx_word' id='word_1_90' title='bbox 1487 1464 1508 1493; x_wconf 78' lang='grc' dir='ltr'>ε</span> <span class='ocrx_word' id='word_1_91' title='bbox 1545 1453 2051 1524; x_wconf 83' lang='lat' dir='ltr'><strong>Vestalesvirgines</strong></span> <span class='ocrx_word' id='word_1_92' title='bbox 2073 1453 2176 1508; x_wconf 92' lang='lat' dir='ltr'><strong>im-</strong></span> 
     </span>
    </p>
   </div>
   <div class='ocr_carea' id='block_1_17' title="bbox 577 1545 2170 1617">
    <p class='ocr_par' dir='ltr' id='par_1_17' title="bbox 577 1545 2170 1617">
     <span class='ocr_line' id='line_1_17' title="bbox 577 1545 2170 1617; baseline -0.004 -11"><span class='ocrx_word' id='word_1_93' title='bbox 577 1551 898 1606; x_wconf 87' lang='lat' dir='ltr'><strong>munitatem</strong></span> <span class='ocrx_word' id='word_1_94' title='bbox 923 1563 1097 1604; x_wconf 82' lang='lat' dir='ltr'><strong>suam.</strong></span> <span class='ocrx_word' id='word_1_95' title='bbox 1131 1547 1322 1603; x_wconf 91' lang='lat' dir='ltr'><strong>Dicant</strong></span> <span class='ocrx_word' id='word_1_96' title='bbox 1349 1547 1473 1613; x_wconf 92' lang='lat' dir='ltr'><strong>hoc,</strong></span> <span class='ocrx_word' id='word_1_97' title='bbox 1499 1546 1586 1617; x_wconf 92' lang='lat' dir='ltr'><strong>qui</strong></span> <span class='ocrx_word' id='word_1_98' title='bbox 1637 1547 1890 1602; x_wconf 90' lang='lat' dir='ltr'><strong>nesciunt</strong></span> <span class='ocrx_word' id='word_1_99' title='bbox 1921 1545 2170 1609; x_wconf 88' lang='lat' dir='ltr'><strong>credere,</strong></span> 
     </span>
    </p>
   </div>
   <div class='ocr_carea' id='block_1_18' title="bbox 573 1631 2175 1713">
    <p class='ocr_par' dir='ltr' id='par_1_18' title="bbox 573 1631 2175 1713">
     <span class='ocr_line' id='line_1_18' title="bbox 573 1631 2175 1713; baseline -0.003 -16"><span class='ocrx_word' id='word_1_100' title='bbox 573 1641 718 1713; x_wconf 92' lang='lat' dir='ltr'><strong>quod</strong></span> <span class='ocrx_word' id='word_1_101' title='bbox 750 1642 922 1712; x_wconf 86' lang='lat' dir='ltr'><strong>possit</strong></span> <span class='ocrx_word' id='word_1_102' title='bbox 952 1656 1077 1697; x_wconf 90' lang='lat' dir='ltr'><strong>esse</strong></span> <span class='ocrx_word' id='word_1_103' title='bbox 1113 1631 1351 1710; x_wconf 88' lang='lat' dir='ltr'><strong>gratuita</strong></span> <span class='ocrx_word' id='word_1_104' title='bbox 1384 1640 1669 1710; x_wconf 81' lang='lat' dir='ltr'><strong>virginitas</strong></span> <span class='ocrx_word' id='word_1_105' title='bbox 1704 1659 1715 1691; x_wconf 91' lang='lat'>:</span> <span class='ocrx_word' id='word_1_106' title='bbox 1745 1646 2046 1709; x_wconf 87' lang='lat' dir='ltr'><strong>provocent</strong></span> <span class='ocrx_word' id='word_1_107' title='bbox 2092 1639 2175 1694; x_wconf 93' lang='lat' dir='ltr'><strong>lu-</strong></span> 
     </span>
    </p>
   </div>
   <div class='ocr_carea' id='block_1_19' title="bbox 2294 415 3895 493">
    <p class='ocr_par' dir='ltr' id='par_1_19' title="bbox 2294 415 3895 493">
     <span class='ocr_line' id='line_1_19' title="bbox 2294 415 3895 493; baseline -0.007 -13"><span class='ocrx_word' id='word_1_108' title='bbox 2294 432 2486 480; x_wconf 93' lang='lat' dir='ltr'><strong>runtur</strong></span> <span class='ocrx_word' id='word_1_109' title='bbox 2531 425 2792 480; x_wconf 92' lang='lat' dir='ltr'><strong>alimenta</strong></span> <span class='ocrx_word' id='word_1_110' title='bbox 2823 421 3044 493; x_wconf 90' lang='lat' dir='ltr'><strong>publica</strong></span> <span class='ocrx_word' id='word_1_111' title='bbox 3087 437 3194 476; x_wconf 89' lang='lat' dir='ltr'><strong>non</strong></span> <span class='ocrx_word' id='word_1_112' title='bbox 3225 420 3435 476; x_wconf 86' lang='lat' dir='ltr'><strong>deberi.</strong></span> <span class='ocrx_word' id='word_1_113' title='bbox 3475 417 3719 486; x_wconf 90' lang='lat' dir='ltr'><strong>Quantus</strong></span> <span class='ocrx_word' id='word_1_114' title='bbox 3764 415 3895 470; x_wconf 89' lang='lat' dir='ltr'><strong>hinc</strong></span> 
     </span>
    </p>
   </div>
   <div class='ocr_carea' id='block_1_20' title="bbox 2292 509 3898 587">
    <p class='ocr_par' dir='ltr' id='par_1_20' title="bbox 2292 509 3898 587">
     <span class='ocr_line' id='line_1_20' title="bbox 2292 509 3898 587; baseline -0.004 -15"><span class='ocrx_word' id='word_1_115' title='bbox 2292 519 2585 574; x_wconf 90' lang='lat' dir='ltr'><strong>verborum</strong></span> <span class='ocrx_word' id='word_1_116' title='bbox 2640 517 2906 573; x_wconf 88' lang='lat' dir='ltr'><strong>tumultus</strong></span> <span class='ocrx_word' id='word_1_117' title='bbox 2954 515 3258 587; x_wconf 78' lang='lat' dir='ltr'><strong>increpuit?</strong></span> <span class='ocrx_word' id='word_1_118' title='bbox 3307 513 3380 570; x_wconf 75' lang='lat' dir='ltr'><strong>At</strong></span> <span class='ocrx_word' id='word_1_119' title='bbox 3431 522 3667 576; x_wconf 88' lang='lat' dir='ltr'><strong>contra,</strong></span> <span class='ocrx_word' id='word_1_120' title='bbox 3728 509 3898 566; x_wconf 90' lang='lat' dir='ltr'><strong>nobis</strong></span> 
     </span>
    </p>
   </div>
   <div class='ocr_carea' id='block_1_21' title="bbox 2290 605 3896 683">
    <p class='ocr_par' dir='ltr' id='par_1_21' title="bbox 2290 605 3896 683">
     <span class='ocr_line' id='line_1_21' title="bbox 2290 605 3896 683; baseline -0.006 -15"><span class='ocrx_word' id='word_1_121' title='bbox 2290 614 2453 669; x_wconf 90' lang='lat' dir='ltr'><strong>etiam</strong></span> <span class='ocrx_word' id='word_1_122' title='bbox 2489 613 2710 683; x_wconf 60' lang='lat' dir='ltr'><strong>privatae</strong></span> <span class='ocrx_word' id='word_1_123' title='bbox 2741 611 3108 668; x_wconf 88' lang='lat' dir='ltr'><strong>successionis</strong></span> <span class='ocrx_word' id='word_1_124' title='bbox 3133 609 3498 667; x_wconf 90' lang='lat' dir='ltr'><strong>emolumenta</strong></span> <span class='ocrx_word' id='word_1_125' title='bbox 3529 606 3546 644; x_wconf 71' lang='grc' dir='ltr'><em>τ</em></span> <span class='ocrx_word' id='word_1_126' title='bbox 3574 605 3896 662; x_wconf 88' lang='lat' dir='ltr'><strong>recentibus</strong></span> 
     </span>
    </p>
   </div>
   <div class='ocr_carea' id='block_1_22' title="bbox 2288 696 3890 776">
    <p class='ocr_par' dir='ltr' id='par_1_22' title="bbox 2288 696 3890 776">
     <span class='ocr_line' id='line_1_22' title="bbox 2288 696 3890 776; baseline -0.006 -16"><span class='ocrx_word' id='word_1_127' title='bbox 2288 705 2502 776; x_wconf 86' lang='lat' dir='ltr'><strong>legibus</strong></span> <span class='ocrx_word' id='word_1_128' title='bbox 2527 703 2888 774; x_wconf 88' lang='lat' dir='ltr'><strong>denegantur,</strong></span> <span class='ocrx_word' id='word_1_129' title='bbox 2923 713 2978 758; x_wconf 90' lang='lat' dir='ltr'><strong>et</strong></span> <span class='ocrx_word' id='word_1_130' title='bbox 3004 717 3166 760; x_wconf 90' lang='lat' dir='ltr'><strong>nemo</strong></span> <span class='ocrx_word' id='word_1_131' title='bbox 3192 700 3576 771; x_wconf 86' lang='lat' dir='ltr'><strong>conqueritur;</strong></span> <span class='ocrx_word' id='word_1_132' title='bbox 3609 713 3714 752; x_wconf 92' lang='lat' dir='ltr'><strong>non</strong></span> <span class='ocrx_word' id='word_1_133' title='bbox 3735 696 3890 752; x_wconf 87' lang='lat' dir='ltr'><strong>enint</strong></span> 
     </span>
    </p>
   </div>
   <div class='ocr_carea' id='block_1_23' title="bbox 2289 789 3887 870">
    <p class='ocr_par' dir='ltr' id='par_1_23' title="bbox 2289 789 3887 870">
     <span class='ocr_line' id='line_1_23' title="bbox 2289 789 3887 870; baseline -0.008 -16"><span class='ocrx_word' id='word_1_134' title='bbox 2289 807 2540 870; x_wconf 79' lang='lat' dir='ltr'><strong>putamus</strong></span> <span class='ocrx_word' id='word_1_135' title='bbox 2589 797 2876 868; x_wconf 90' lang='lat' dir='ltr'><strong>injuriam,</strong></span> <span class='ocrx_word' id='word_1_136' title='bbox 2925 796 3048 867; x_wconf 86' lang='lat' dir='ltr'><strong>quia</strong></span> <span class='ocrx_word' id='word_1_137' title='bbox 3080 793 3425 865; x_wconf 89' lang='lat' dir='ltr'><strong>dispendium</strong></span> <span class='ocrx_word' id='word_1_138' title='bbox 3458 806 3566 846; x_wconf 92' lang='lat' dir='ltr'><strong>non</strong></span> <span class='ocrx_word' id='word_1_139' title='bbox 3610 789 3887 846; x_wconf 88' lang='lat' dir='ltr'><strong>dolemus.</strong></span> 
     </span>
    </p>
   </div>
   <div class='ocr_carea' id='block_1_24' title="bbox 2285 883 3892 966">
    <p class='ocr_par' dir='ltr' id='par_1_24' title="bbox 2285 883 3892 966">
     <span class='ocr_line' id='line_1_24' title="bbox 2285 883 3892 966; baseline -0.008 -15"><span class='ocrx_word' id='word_1_140' title='bbox 2285 895 2344 951; x_wconf 91' lang='lat' dir='ltr'><strong>Si</strong></span> <span class='ocrx_word' id='word_1_141' title='bbox 2385 895 2724 966; x_wconf 89' lang='lat' dir='ltr'><strong>privilegium</strong></span> <span class='ocrx_word' id='word_1_142' title='bbox 2773 903 2983 965; x_wconf 72' lang='lat' dir='ltr'><strong>qurerat</strong></span> <span class='ocrx_word' id='word_1_143' title='bbox 3024 891 3302 954; x_wconf 86' lang='lat' dir='ltr'><strong>sacerdos.</strong></span> <span class='ocrx_word' id='word_1_144' title='bbox 3333 899 3356 936; x_wconf 77' lang='lat'>8</span> <span class='ocrx_word' id='word_1_145' title='bbox 3386 896 3447 944; x_wconf 88' lang='lat' dir='ltr'><strong>ut</strong></span> <span class='ocrx_word' id='word_1_146' title='bbox 3488 901 3629 942; x_wconf 93' lang='lat' dir='ltr'><strong>onus</strong></span> <span class='ocrx_word' id='word_1_147' title='bbox 3677 883 3892 940; x_wconf 85' lang='lat' dir='ltr'><strong>curialc</strong></span> 
     </span>
    </p>
   </div>
   <div class='ocr_carea' id='block_1_25' title="bbox 2285 978 3885 1058">
    <p class='ocr_par' dir='ltr' id='par_1_25' title="bbox 2285 978 3885 1058">
     <span class='ocr_line' id='line_1_25' title="bbox 2285 978 3885 1058; baseline -0.008 -16"><span class='ocrx_word' id='word_1_148' title='bbox 2285 988 2563 1052; x_wconf 91' lang='lat' dir='ltr'><strong>declinet,</strong></span> <span class='ocrx_word' id='word_1_149' title='bbox 2597 987 2767 1058; x_wconf 90' lang='lat' dir='ltr'><strong>patria</strong></span> <span class='ocrx_word' id='word_1_150' title='bbox 2814 995 2981 1057; x_wconf 90' lang='lat' dir='ltr'><strong>atque</strong></span> <span class='ocrx_word' id='word_1_151' title='bbox 3023 986 3166 1040; x_wconf 88' lang='lat' dir='ltr'><strong>avita</strong></span> <span class='ocrx_word' id='word_1_152' title='bbox 3201 993 3256 1039; x_wconf 90' lang='lat' dir='ltr'><strong>et</strong></span> <span class='ocrx_word' id='word_1_153' title='bbox 3284 979 3526 1038; x_wconf 89' lang='lat' dir='ltr'><strong>omnium</strong></span> <span class='ocrx_word' id='word_1_154' title='bbox 3560 978 3885 1034; x_wconf 86' lang='lat' dir='ltr'><strong>facultatum</strong></span> 
     </span>
    </p>
   </div>
   <div class='ocr_carea' id='block_1_26' title="bbox 2286 1071 3886 1151">
    <p class='ocr_par' dir='ltr' id='par_1_26' title="bbox 2286 1071 3886 1151">
     <span class='ocr_line' id='line_1_26' title="bbox 2286 1071 3886 1151; baseline -0.006 -19"><span class='ocrx_word' id='word_1_155' title='bbox 2286 1080 2636 1151; x_wconf 81' lang='lat' dir='ltr'><strong>possessione</strong></span> <span class='ocrx_word' id='word_1_156' title='bbox 2663 1079 2965 1136; x_wconf 88' lang='lat' dir='ltr'><strong>cedendum</strong></span> <span class='ocrx_word' id='word_1_157' title='bbox 2993 1087 3100 1135; x_wconf 91' lang='lat' dir='ltr'><strong>est.</strong></span> <span class='ocrx_word' id='word_1_158' title='bbox 3132 1075 3419 1145; x_wconf 85' lang='lat' dir='ltr'><strong>Quomodo</strong></span> <span class='ocrx_word' id='word_1_159' title='bbox 3460 1074 3603 1129; x_wconf 91' lang='lat' dir='ltr'><strong>hanc</strong></span> <span class='ocrx_word' id='word_1_160' title='bbox 3624 1071 3886 1144; x_wconf 76' lang='lat' dir='ltr'><strong>gentiles,</strong></span> 
     </span>
    </p>
   </div>
   <div class='ocr_carea' id='block_1_27' title="bbox 2282 1163 3886 1242">
    <p class='ocr_par' dir='ltr' id='par_1_27' title="bbox 2282 1163 3886 1242">
     <span class='ocr_line' id='line_1_27' title="bbox 2282 1163 3886 1242; baseline -0.005 -14"><span class='ocrx_word' id='word_1_161' title='bbox 2282 1173 2329 1228; x_wconf 90' lang='lat' dir='ltr'><strong>si</strong></span> <span class='ocrx_word' id='word_1_162' title='bbox 2355 1171 2642 1237; x_wconf 89' lang='lat' dir='ltr'><strong>haberent,</strong></span> <span class='ocrx_word' id='word_1_163' title='bbox 2678 1171 3023 1242; x_wconf 87' lang='lat' dir='ltr'><strong>ingravarent</strong></span> <span class='ocrx_word' id='word_1_164' title='bbox 3065 1169 3380 1241; x_wconf 89' lang='lat' dir='ltr'><strong>querelam,</strong></span> <span class='ocrx_word' id='word_1_165' title='bbox 3429 1165 3578 1239; x_wconf 89' lang='lat' dir='ltr'><strong>quod</strong></span> <span class='ocrx_word' id='word_1_166' title='bbox 3622 1163 3886 1220; x_wconf 83' lang='lat' dir='ltr'><strong>sacerdos</strong></span> 
     </span>
    </p>
   </div>
   <div class='ocr_carea' id='block_1_28' title="bbox 2281 1256 3889 1330">
    <p class='ocr_par' dir='ltr' id='par_1_28' title="bbox 2281 1256 3889 1330">
     <span class='ocr_line' id='line_1_28' title="bbox 2281 1256 3889 1330; baseline -0.005 -10"><span class='ocrx_word' id='word_1_167' title='bbox 2281 1265 2444 1322; x_wconf 80' lang='lat' dir='ltr'><strong>ferias</strong></span> <span class='ocrx_word' id='word_1_168' title='bbox 2499 1264 2788 1320; x_wconf 86' lang='lat' dir='ltr'><strong>ministerii</strong></span> <span class='ocrx_word' id='word_1_169' title='bbox 2843 1265 2928 1320; x_wconf 92' lang='lat' dir='ltr'><strong>sui</strong></span> <span class='ocrx_word' id='word_1_170' title='bbox 2990 1273 3136 1320; x_wconf 91' lang='lat' dir='ltr'><strong>emat</strong></span> <span class='ocrx_word' id='word_1_171' title='bbox 3205 1261 3372 1318; x_wconf 90' lang='lat' dir='ltr'><strong>totius</strong></span> <span class='ocrx_word' id='word_1_172' title='bbox 3428 1256 3759 1330; x_wconf 60' lang='lat' dir='ltr'><strong>patrimonii.</strong></span> <span class='ocrx_word' id='word_1_173' title='bbox 3799 1259 3889 1313; x_wconf 87' lang='lat' dir='ltr'><strong>sui</strong></span> 
     </span>
    </p>
   </div>
   <div class='ocr_carea' id='block_1_29' title="bbox 2279 1352 3885 1430">
    <p class='ocr_par' dir='ltr' id='par_1_29' title="bbox 2279 1352 3885 1430">
     <span class='ocr_line' id='line_1_29' title="bbox 2279 1352 3885 1430; baseline -0.004 -16"><span class='ocrx_word' id='word_1_174' title='bbox 2279 1359 2502 1426; x_wconf 91' lang='lat' dir='ltr'><strong>damno,</strong></span> <span class='ocrx_word' id='word_1_175' title='bbox 2536 1368 2592 1416; x_wconf 91' lang='lat' dir='ltr'><strong>et</strong></span> <span class='ocrx_word' id='word_1_176' title='bbox 2621 1359 2814 1430; x_wconf 87' lang='lat' dir='ltr'><strong>privati</strong></span> <span class='ocrx_word' id='word_1_177' title='bbox 2847 1357 3118 1414; x_wconf 70' lang='lat' dir='ltr'><strong>universa:</strong></span> <span class='ocrx_word' id='word_1_178' title='bbox 3148 1355 3553 1413; x_wconf 86' lang='lat' dir='ltr'><strong>commoditatis</strong></span> <span class='ocrx_word' id='word_1_179' title='bbox 3589 1352 3885 1425; x_wconf 90' lang='lat' dir='ltr'><strong>dispendio</strong></span> 
     </span>
    </p>
   </div>
   <div class='ocr_carea' id='block_1_30' title="bbox 2279 1447 3883 1522">
    <p class='ocr_par' dir='ltr' id='par_1_30' title="bbox 2279 1447 3883 1522">
     <span class='ocr_line' id='line_1_30' title="bbox 2279 1447 3883 1522; baseline -0.002 -17"><span class='ocrx_word' id='word_1_180' title='bbox 2279 1466 2436 1507; x_wconf 92' lang='lat' dir='ltr'><strong>usum</strong></span> <span class='ocrx_word' id='word_1_181' title='bbox 2471 1451 2673 1522; x_wconf 91' lang='lat' dir='ltr'><strong>publici</strong></span> <span class='ocrx_word' id='word_1_182' title='bbox 2705 1459 2982 1507; x_wconf 89' lang='lat' dir='ltr'><strong>mercetur</strong></span> <span class='ocrx_word' id='word_1_183' title='bbox 3011 1447 3263 1520; x_wconf 84' lang='lat' dir='ltr'><strong>obsequii</strong></span> <span class='ocrx_word' id='word_1_184' title='bbox 3293 1467 3307 1504; x_wconf 89' lang='lat'><strong>:</strong></span> <span class='ocrx_word' id='word_1_185' title='bbox 3339 1447 3691 1519; x_wconf 69' lang='lat' dir='ltr'><strong>praetendens</strong></span> <span class='ocrx_word' id='word_1_186' title='bbox 3729 1461 3883 1504; x_wconf 90' lang='lat' dir='ltr'><strong>com-</strong></span> 
     </span>
    </p>
   </div>
   <div class='ocr_carea' id='block_1_31' title="bbox 2277 1541 3881 1611">
    <p class='ocr_par' dir='ltr' id='par_1_31' title="bbox 2277 1541 3881 1611">
     <span class='ocr_line' id='line_1_31' title="bbox 2277 1541 3881 1611; baseline -0.002 -13"><span class='ocrx_word' id='word_1_187' title='bbox 2277 1543 2460 1598; x_wconf 89' lang='lat' dir='ltr'><strong>munis</strong></span> <span class='ocrx_word' id='word_1_188' title='bbox 2489 1543 2690 1599; x_wconf 90' lang='lat' dir='ltr'><strong>salutis</strong></span> <span class='ocrx_word' id='word_1_189' title='bbox 2730 1543 3013 1611; x_wconf 79' lang='lat' dir='ltr'><strong>excubias,</strong></span> <span class='ocrx_word' id='word_1_190' title='bbox 3047 1542 3366 1598; x_wconf 77' lang='lat' dir='ltr'><strong>domesticze</strong></span> <span class='ocrx_word' id='word_1_191' title='bbox 3393 1541 3594 1611; x_wconf 67' lang='lat' dir='ltr'><strong>inopiae</strong></span> <span class='ocrx_word' id='word_1_192' title='bbox 3634 1556 3696 1597; x_wconf 91' lang='lat' dir='ltr'><strong>se</strong></span> <span class='ocrx_word' id='word_1_193' title='bbox 3734 1555 3881 1596; x_wconf 82' lang='lat' dir='ltr'><strong>mer-</strong></span> 
     </span>
    </p>
   </div>
   <div class='ocr_carea' id='block_1_32' title="bbox 2274 1625 3887 1707">
    <p class='ocr_par' dir='ltr' id='par_1_32' title="bbox 2274 1625 3887 1707">
     <span class='ocr_line' id='line_1_32' title="bbox 2274 1625 3887 1707; baseline -0.002 -15"><span class='ocrx_word' id='word_1_194' title='bbox 2274 1635 2407 1692; x_wconf 89' lang='lat' dir='ltr'><strong>cede</strong></span> <span class='ocrx_word' id='word_1_195' title='bbox 2445 1636 2684 1701; x_wconf 90' lang='lat' dir='ltr'><strong>soletur;</strong></span> <span class='ocrx_word' id='word_1_196' title='bbox 2715 1636 2840 1707; x_wconf 93' lang='lat' dir='ltr'><strong>quia</strong></span> <span class='ocrx_word' id='word_1_197' title='bbox 2874 1635 3238 1692; x_wconf 88' lang='lat' dir='ltr'><strong>ministerium</strong></span> <span class='ocrx_word' id='word_1_198' title='bbox 3281 1649 3388 1691; x_wconf 93' lang='lat' dir='ltr'><strong>non</strong></span> <span class='ocrx_word' id='word_1_199' title='bbox 3437 1633 3728 1702; x_wconf 83' lang='lat' dir='ltr'><strong>vendidit,</strong></span> <span class='ocrx_word' id='word_1_200' title='bbox 3778 1625 3887 1691; x_wconf 87' lang='lat' dir='ltr'><strong>sed</strong></span> 
     </span>
    </p>
   </div>
   <div class='ocr_carea' id='block_1_33' title="bbox 571 1728 2891 1804">
    <p class='ocr_par' dir='ltr' id='par_1_33' title="bbox 571 1728 2891 1804">
     <span class='ocr_line' id='line_1_33' title="bbox 571 1728 2891 1804; baseline -0.002 -14"><span class='ocrx_word' id='word_1_201' title='bbox 571 1734 703 1800; x_wconf 83' lang='lat' dir='ltr'><strong>eris,</strong></span> <span class='ocrx_word' id='word_1_202' title='bbox 751 1733 845 1804; x_wconf 93' lang='lat' dir='ltr'><strong>qui</strong></span> <span class='ocrx_word' id='word_1_203' title='bbox 888 1732 1146 1788; x_wconf 89' lang='lat' dir='ltr'><strong>difﬁdunt</strong></span> <span class='ocrx_word' id='word_1_204' title='bbox 1199 1733 1512 1789; x_wconf 89' lang='lat' dir='ltr'><strong>virtutibus.</strong></span> <span class='ocrx_word' id='word_1_205' title='bbox 1561 1731 1802 1800; x_wconf 89' lang='lat' dir='ltr'><strong>Quantas</strong></span> <span class='ocrx_word' id='word_1_206' title='bbox 1835 1740 2016 1786; x_wconf 90' lang='lat' dir='ltr'><strong>tamen</strong></span> <span class='ocrx_word' id='word_1_207' title='bbox 2061 1731 2170 1787; x_wconf 89' lang='lat' dir='ltr'><strong>illis</strong></span> <span class='ocrx_word' id='word_1_208' title='bbox 2199 1728 2247 1790; x_wconf 88' lang='lat' dir='ltr'><strong>B</strong></span> <span class='ocrx_word' id='word_1_209' title='bbox 2273 1733 2504 1803; x_wconf 91' lang='lat' dir='ltr'><strong>gratiam</strong></span> <span class='ocrx_word' id='word_1_210' title='bbox 2534 1733 2891 1802; x_wconf 86' lang='lat' dir='ltr'><strong>comparavit.</strong></span> 
     </span>
    </p>
   </div>
   <div class='ocr_carea' id='block_1_34' title="bbox 568 1822 2170 1895">
    <p class='ocr_par' dir='ltr' id='par_1_34' title="bbox 568 1822 2170 1895">
     <span class='ocr_line' id='line_1_34' title="bbox 568 1822 2170 1895; baseline 0 -17"><span class='ocrx_word' id='word_1_211' title='bbox 568 1823 813 1895; x_wconf 89' lang='lat' dir='ltr'><strong>virgines</strong></span> <span class='ocrx_word' id='word_1_212' title='bbox 841 1823 1064 1894; x_wconf 82' lang='lat' dir='ltr'><strong>pra-mia</strong></span> <span class='ocrx_word' id='word_1_213' title='bbox 1103 1823 1369 1895; x_wconf 84' lang='lat' dir='ltr'><strong>promissa</strong></span> <span class='ocrx_word' id='word_1_214' title='bbox 1395 1822 1670 1879; x_wconf 89' lang='lat' dir='ltr'><strong>fecerunt?</strong></span> <span class='ocrx_word' id='word_1_215' title='bbox 1707 1823 1750 1878; x_wconf 66' lang='grc' dir='ltr'><strong>γ</strong></span> <span class='ocrx_word' id='word_1_216' title='bbox 1756 1823 1806 1877; x_wconf 90' lang='lat' dir='ltr'><strong>ix</strong></span> <span class='ocrx_word' id='word_1_217' title='bbox 1834 1830 2044 1893; x_wconf 85' lang='lat' dir='ltr'><strong>septem</strong></span> <span class='ocrx_word' id='word_1_218' title='bbox 2066 1822 2170 1878; x_wconf 85' lang='lat' dir='ltr'><strong>Ve-</strong></span> 
     </span>
    </p>
   </div>
   <div class='ocr_carea' id='block_1_35' title="bbox 568 1918 2166 1990">
    <p class='ocr_par' dir='ltr' id='par_1_35' title="bbox 568 1918 2166 1990">
     <span class='ocr_line' id='line_1_35' title="bbox 568 1918 2166 1990; baseline -0.001 -14"><span class='ocrx_word' id='word_1_219' title='bbox 568 1920 736 1976; x_wconf 89' lang='lat' dir='ltr'><strong>stales</strong></span> <span class='ocrx_word' id='word_1_220' title='bbox 781 1919 1070 1989; x_wconf 90' lang='lat' dir='ltr'><strong>capiuntur</strong></span> <span class='ocrx_word' id='word_1_221' title='bbox 1104 1918 1320 1990; x_wconf 67' lang='lat' dir='ltr'><strong>puellae.</strong></span> <span class='ocrx_word' id='word_1_222' title='bbox 1362 1918 1441 1972; x_wconf 90' lang='lat' dir='ltr'><strong>En</strong></span> <span class='ocrx_word' id='word_1_223' title='bbox 1481 1927 1627 1972; x_wconf 92' lang='lat' dir='ltr'><strong>totus</strong></span> <span class='ocrx_word' id='word_1_224' title='bbox 1682 1934 1943 1974; x_wconf 90' lang='lat' dir='ltr'><strong>numerus</strong></span> <span class='ocrx_word' id='word_1_225' title='bbox 2006 1934 2166 1989; x_wconf 90' lang='lat' dir='ltr'><strong>quem</strong></span> 
     </span>
    </p>
   </div>
   <div class='ocr_carea' id='block_1_36' title="bbox 564 2009 2163 2080">
    <p class='ocr_par' dir='ltr' id='par_1_36' title="bbox 564 2009 2163 2080">
     <span class='ocr_line' id='line_1_36' title="bbox 564 2009 2163 2080; baseline 0 -14"><span class='ocrx_word' id='word_1_226' title='bbox 564 2009 750 2066; x_wconf 68' lang='lat' dir='ltr'><strong>infula:</strong></span> <span class='ocrx_word' id='word_1_227' title='bbox 766 2010 944 2066; x_wconf 90' lang='lat' dir='ltr'><strong>vittati</strong></span> <span class='ocrx_word' id='word_1_228' title='bbox 967 2011 1182 2080; x_wconf 86' lang='lat' dir='ltr'><strong>capitis,</strong></span> <span class='ocrx_word' id='word_1_229' title='bbox 1205 2020 1624 2080; x_wconf 80' lang='lat' dir='ltr'><strong>purpuratorum</strong></span> <span class='ocrx_word' id='word_1_230' title='bbox 1648 2012 1881 2064; x_wconf 87' lang='lat' dir='ltr'><strong>vestium</strong></span> <span class='ocrx_word' id='word_1_231' title='bbox 1905 2011 2163 2079; x_wconf 90' lang='lat' dir='ltr'><strong>murices,</strong></span> 
     </span>
    </p>
   </div>
   <div class='ocr_carea' id='block_1_37' title="bbox 564 2100 2162 2173">
    <p class='ocr_par' dir='ltr' id='par_1_37' title="bbox 564 2100 2162 2173">
     <span class='ocr_line' id='line_1_37' title="bbox 564 2100 2162 2173; baseline -0.001 -15"><span class='ocrx_word' id='word_1_232' title='bbox 564 2117 764 2173; x_wconf 89' lang='lat' dir='ltr'><strong>pompa</strong></span> <span class='ocrx_word' id='word_1_233' title='bbox 814 2102 1023 2158; x_wconf 80' lang='lat' dir='ltr'><strong>lecticae</strong></span> <span class='ocrx_word' id='word_1_234' title='bbox 1072 2101 1450 2157; x_wconf 90' lang='lat' dir='ltr'><strong>ministrorum</strong></span> <span class='ocrx_word' id='word_1_235' title='bbox 1496 2100 1828 2157; x_wconf 89' lang='lat' dir='ltr'><strong>circumfusa</strong></span> <span class='ocrx_word' id='word_1_236' title='bbox 1866 2103 2162 2169; x_wconf 90' lang='lat' dir='ltr'><strong>comitatu,</strong></span> 
     </span>
    </p>
   </div>
   <div class='ocr_carea' id='block_1_38' title="bbox 564 2195 2155 2267">
    <p class='ocr_par' dir='ltr' id='par_1_38' title="bbox 564 2195 2155 2267">
     <span class='ocr_line' id='line_1_38' title="bbox 564 2195 2155 2267; baseline -0.001 -16"><span class='ocrx_word' id='word_1_237' title='bbox 564 2196 851 2267; x_wconf 86' lang='lat' dir='ltr'><strong>privilegia</strong></span> <span class='ocrx_word' id='word_1_238' title='bbox 883 2196 1142 2259; x_wconf 89' lang='lat' dir='ltr'><strong>maxima,</strong></span> <span class='ocrx_word' id='word_1_239' title='bbox 1177 2195 1327 2250; x_wconf 89' lang='lat' dir='ltr'><strong>lucra</strong></span> <span class='ocrx_word' id='word_1_240' title='bbox 1360 2195 1621 2266; x_wconf 86' lang='lat' dir='ltr'><strong>ingentia,</strong></span> <span class='ocrx_word' id='word_1_241' title='bbox 1657 2196 1976 2266; x_wconf 69' lang='lat' dir='ltr'><strong>praescripta</strong></span> <span class='ocrx_word' id='word_1_242' title='bbox 2003 2195 2155 2251; x_wconf 86' lang='lat' dir='ltr'><strong>deui-</strong></span> 
     </span>
    </p>
   </div>
   <div class='ocr_carea' id='block_1_39' title="bbox 561 2287 1594 2359">
    <p class='ocr_par' dir='ltr' id='par_1_39' title="bbox 561 2287 1594 2359">
     <span class='ocr_line' id='line_1_39' title="bbox 561 2287 1594 2359; baseline 0.003 -17"><span class='ocrx_word' id='word_1_243' title='bbox 561 2303 666 2357; x_wconf 91' lang='lat' dir='ltr'><strong>que</strong></span> <span class='ocrx_word' id='word_1_244' title='bbox 699 2287 972 2359; x_wconf 67' lang='lat' dir='ltr'><strong>pudicitiae</strong></span> <span class='ocrx_word' id='word_1_245' title='bbox 1003 2297 1246 2358; x_wconf 90' lang='lat' dir='ltr'><strong>tempora</strong></span> <span class='ocrx_word' id='word_1_246' title='bbox 1273 2294 1594 2357; x_wconf 88' lang='lat' dir='ltr'><strong>coegerunt.</strong></span> 
     </span>
    </p>
   </div>
   <div class='ocr_carea' id='block_1_40' title="bbox 636 2379 2162 2449">
    <p class='ocr_par' dir='ltr' id='par_1_40' title="bbox 636 2379 2162 2449">
     <span class='ocr_line' id='line_1_40' title="bbox 636 2379 2162 2449; baseline 0.002 -17"><span class='ocrx_word' id='word_1_247' title='bbox 636 2379 724 2433; x_wconf 74' lang='lat'><strong>12.</strong></span> <span class='ocrx_word' id='word_1_248' title='bbox 759 2380 1030 2435; x_wconf 80' lang='lat' dir='ltr'><strong>Attollant</strong></span> <span class='ocrx_word' id='word_1_249' title='bbox 1058 2380 1257 2434; x_wconf 91' lang='lat' dir='ltr'><strong>mentis</strong></span> <span class='ocrx_word' id='word_1_250' title='bbox 1285 2387 1341 2434; x_wconf 90' lang='lat' dir='ltr'><strong>et</strong></span> <span class='ocrx_word' id='word_1_251' title='bbox 1387 2381 1633 2449; x_wconf 89' lang='lat' dir='ltr'><strong>corporis</strong></span> <span class='ocrx_word' id='word_1_252' title='bbox 1687 2381 1901 2446; x_wconf 91' lang='lat' dir='ltr'><strong>oculos,</strong></span> <span class='ocrx_word' id='word_1_253' title='bbox 1944 2380 2162 2436; x_wconf 89' lang='lat' dir='ltr'><strong>videant</strong></span> 
     </span>
    </p>
   </div>
   <div class='ocr_carea' id='block_1_41' title="bbox 561 2471 2162 2543">
    <p class='ocr_par' dir='ltr' id='par_1_41' title="bbox 561 2471 2162 2543">
     <span class='ocr_line' id='line_1_41' title="bbox 561 2471 2162 2543; baseline 0.001 -17"><span class='ocrx_word' id='word_1_254' title='bbox 561 2471 779 2541; x_wconf 89' lang='lat' dir='ltr'><strong>plebem</strong></span> <span class='ocrx_word' id='word_1_255' title='bbox 821 2472 1088 2543; x_wconf 87' lang='lat' dir='ltr'><strong>pudoris,</strong></span> <span class='ocrx_word' id='word_1_256' title='bbox 1136 2471 1393 2541; x_wconf 85' lang='lat' dir='ltr'><strong>populum</strong></span> <span class='ocrx_word' id='word_1_257' title='bbox 1443 2471 1814 2542; x_wconf 86' lang='lat' dir='ltr'><strong>integritatis,</strong></span> <span class='ocrx_word' id='word_1_258' title='bbox 1868 2473 2162 2528; x_wconf 90' lang='lat' dir='ltr'><strong>concilium</strong></span> 
     </span>
    </p>
   </div>
   <div class='ocr_carea' id='block_1_42' title="bbox 559 2561 2158 2634">
    <p class='ocr_par' dir='ltr' id='par_1_42' title="bbox 559 2561 2158 2634">
     <span class='ocr_line' id='line_1_42' title="bbox 559 2561 2158 2634; baseline 0.002 -18"><span class='ocrx_word' id='word_1_259' title='bbox 559 2562 914 2634; x_wconf 89' lang='lat' dir='ltr'><strong>virginitatis.</strong></span> <span class='ocrx_word' id='word_1_260' title='bbox 974 2561 1096 2617; x_wconf 87' lang='lat' dir='ltr'><strong>Non</strong></span> <span class='ocrx_word' id='word_1_261' title='bbox 1123 2562 1278 2618; x_wconf 71' lang='lat' dir='ltr'><strong>vitta:</strong></span> <span class='ocrx_word' id='word_1_262' title='bbox 1323 2563 1487 2632; x_wconf 85' lang='lat' dir='ltr'><strong>capiti</strong></span> <span class='ocrx_word' id='word_1_263' title='bbox 1529 2563 1735 2630; x_wconf 86' lang='lat' dir='ltr'><strong>decus,</strong></span> <span class='ocrx_word' id='word_1_264' title='bbox 1768 2564 1861 2618; x_wconf 91' lang='lat' dir='ltr'><strong>sed</strong></span> <span class='ocrx_word' id='word_1_265' title='bbox 1918 2564 2158 2634; x_wconf 92' lang='lat' dir='ltr'><strong>ignobile</strong></span> 
     </span>
    </p>
   </div>
   <div class='ocr_carea' id='block_1_43' title="bbox 556 2651 2156 2723">
    <p class='ocr_par' dir='ltr' id='par_1_43' title="bbox 556 2651 2156 2723">
     <span class='ocr_line' id='line_1_43' title="bbox 556 2651 2156 2723; baseline 0.002 -16"><span class='ocrx_word' id='word_1_266' title='bbox 556 2651 584 2690; x_wconf 74' lang='grc' dir='ltr'>ά</span> <span class='ocrx_word' id='word_1_267' title='bbox 613 2654 863 2709; x_wconf 88' lang='lat' dir='ltr'><strong>velamen</strong></span> <span class='ocrx_word' id='word_1_268' title='bbox 897 2653 1041 2718; x_wconf 89' lang='lat' dir='ltr'><strong>usui,</strong></span> <span class='ocrx_word' id='word_1_269' title='bbox 1068 2652 1254 2708; x_wconf 90' lang='lat' dir='ltr'><strong>nobile</strong></span> <span class='ocrx_word' id='word_1_270' title='bbox 1281 2654 1517 2708; x_wconf 88' lang='lat' dir='ltr'><strong>castitati</strong></span> <span class='ocrx_word' id='word_1_271' title='bbox 1548 2670 1560 2705; x_wconf 95' lang='lat'>:</span> <span class='ocrx_word' id='word_1_272' title='bbox 1591 2669 1698 2707; x_wconf 90' lang='lat' dir='ltr'><strong>non</strong></span> <span class='ocrx_word' id='word_1_273' title='bbox 1729 2653 2027 2723; x_wconf 80' lang='lat' dir='ltr'><strong>exquisita,</strong></span> <span class='ocrx_word' id='word_1_274' title='bbox 2059 2655 2156 2710; x_wconf 88' lang='lat' dir='ltr'><strong>sed</strong></span> 
     </span>
    </p>
   </div>
   <div class='ocr_carea' id='block_1_44' title="bbox 553 2742 2156 2814">
    <p class='ocr_par' dir='ltr' id='par_1_44' title="bbox 553 2742 2156 2814">
     <span class='ocr_line' id='line_1_44' title="bbox 553 2742 2156 2814; baseline 0 -15"><span class='ocrx_word' id='word_1_275' title='bbox 553 2745 800 2799; x_wconf 91' lang='lat' dir='ltr'><strong>abdicata</strong></span> <span class='ocrx_word' id='word_1_276' title='bbox 826 2744 1101 2800; x_wconf 89' lang='lat' dir='ltr'><strong>lenocinia</strong></span> <span class='ocrx_word' id='word_1_277' title='bbox 1137 2742 1597 2814; x_wconf 88' lang='lat' dir='ltr'><strong>pulchritudinis:</strong></span> <span class='ocrx_word' id='word_1_278' title='bbox 1630 2758 1736 2797; x_wconf 93' lang='lat' dir='ltr'><strong>non</strong></span> <span class='ocrx_word' id='word_1_279' title='bbox 1768 2743 1856 2796; x_wconf 76' lang='lat' dir='ltr'><strong>illa</strong></span> <span class='ocrx_word' id='word_1_280' title='bbox 1887 2759 2156 2814; x_wconf 89' lang='lat' dir='ltr'><strong>purpura-</strong></span> 
     </span>
    </p>
   </div>
   <div class='ocr_carea' id='block_1_45' title="bbox 552 2824 2150 2906">
    <p class='ocr_par' dir='ltr' id='par_1_45' title="bbox 552 2824 2150 2906">
     <span class='ocr_line' id='line_1_45' title="bbox 552 2824 2150 2906; baseline 0.001 -16"><span class='ocrx_word' id='word_1_281' title='bbox 552 2851 673 2890; x_wconf 89' lang='lat' dir='ltr'><strong>rum</strong></span> <span class='ocrx_word' id='word_1_282' title='bbox 705 2824 962 2906; x_wconf 86' lang='lat' dir='ltr'><strong>insignia,</strong></span> <span class='ocrx_word' id='word_1_283' title='bbox 996 2851 1104 2891; x_wconf 94' lang='lat' dir='ltr'><strong>non</strong></span> <span class='ocrx_word' id='word_1_284' title='bbox 1141 2837 1302 2889; x_wconf 89' lang='lat' dir='ltr'><strong>luxus</strong></span> <span class='ocrx_word' id='word_1_285' title='bbox 1324 2835 1675 2901; x_wconf 88' lang='lat' dir='ltr'><strong>deliciarum,</strong></span> <span class='ocrx_word' id='word_1_286' title='bbox 1725 2834 1820 2889; x_wconf 86' lang='lat' dir='ltr'><strong>sed</strong></span> <span class='ocrx_word' id='word_1_287' title='bbox 1855 2851 1984 2891; x_wconf 90' lang='lat' dir='ltr'><strong>usus</strong></span> <span class='ocrx_word' id='word_1_288' title='bbox 2005 2835 2150 2906; x_wconf 86' lang='lat' dir='ltr'><strong>jeju-</strong></span> 
     </span>
    </p>
   </div>
   <div class='ocr_carea' id='block_1_46' title="bbox 551 2927 2151 2998">
    <p class='ocr_par' dir='ltr' id='par_1_46' title="bbox 551 2927 2151 2998">
     <span class='ocr_line' id='line_1_46' title="bbox 551 2927 2151 2998; baseline 0.003 -17"><span class='ocrx_word' id='word_1_289' title='bbox 551 2928 770 2982; x_wconf 90' lang='lat' dir='ltr'><strong>niorum</strong></span> <span class='ocrx_word' id='word_1_290' title='bbox 804 2943 950 2982; x_wconf 87' lang='lat' dir='ltr'><strong>:non</strong></span> <span class='ocrx_word' id='word_1_291' title='bbox 983 2927 1286 2997; x_wconf 89' lang='lat' dir='ltr'><strong>privilegia,</strong></span> <span class='ocrx_word' id='word_1_292' title='bbox 1316 2941 1426 2982; x_wconf 93' lang='lat' dir='ltr'><strong>non</strong></span> <span class='ocrx_word' id='word_1_293' title='bbox 1454 2927 1601 2982; x_wconf 91' lang='lat' dir='ltr'><strong>lucra</strong></span> <span class='ocrx_word' id='word_1_294' title='bbox 1629 2944 1641 2979; x_wconf 90' lang='lat'><strong>:</strong></span> <span class='ocrx_word' id='word_1_295' title='bbox 1669 2928 1850 2982; x_wconf 90' lang='lat' dir='ltr'><strong>omnia</strong></span> <span class='ocrx_word' id='word_1_296' title='bbox 1873 2939 2151 2998; x_wconf 89' lang='lat' dir='ltr'><strong>postremo</strong></span> 
     </span>
    </p>
   </div>
   <div class='ocr_carea' id='block_1_47' title="bbox 550 3018 2148 3088">
    <p class='ocr_par' dir='ltr' id='par_1_47' title="bbox 550 3018 2148 3088">
     <span class='ocr_line' id='line_1_47' title="bbox 550 3018 2148 3088; baseline 0.004 -14"><span class='ocrx_word' id='word_1_297' title='bbox 550 3020 716 3083; x_wconf 90' lang='lat' dir='ltr'><strong>talia,</strong></span> <span class='ocrx_word' id='word_1_298' title='bbox 749 3029 810 3074; x_wconf 94' lang='lat' dir='ltr'><strong>ut</strong></span> <span class='ocrx_word' id='word_1_299' title='bbox 852 3019 1101 3074; x_wconf 88' lang='lat' dir='ltr'><strong>revocari</strong></span> <span class='ocrx_word' id='word_1_300' title='bbox 1126 3035 1155 3072; x_wconf 92' lang='lat' dir='ltr'><strong>a</strong></span> <span class='ocrx_word' id='word_1_301' title='bbox 1185 3018 1366 3074; x_wconf 91' lang='lat' dir='ltr'><strong>studio</strong></span> <span class='ocrx_word' id='word_1_302' title='bbox 1405 3028 1594 3088; x_wconf 90' lang='lat' dir='ltr'><strong>putes,</strong></span> <span class='ocrx_word' id='word_1_303' title='bbox 1644 3019 1772 3074; x_wconf 91' lang='lat' dir='ltr'><strong>dum</strong></span> <span class='ocrx_word' id='word_1_304' title='bbox 1820 3034 2148 3080; x_wconf 78' lang='lat' dir='ltr'><strong>exercentur</strong></span> 
     </span>
    </p>
   </div>
   <div class='ocr_carea' id='block_1_48' title="bbox 548 3107 2224 3190">
    <p class='ocr_par' dir='ltr' id='par_1_48' title="bbox 548 3107 2224 3190">
     <span class='ocr_line' id='line_1_48' title="bbox 548 3107 2224 3190; baseline 0.001 -22"><span class='ocrx_word' id='word_1_305' title='bbox 548 3113 754 3171; x_wconf 89' lang='lat' dir='ltr'><strong>ofﬁcia.</strong></span> <span class='ocrx_word' id='word_1_306' title='bbox 798 3111 909 3168; x_wconf 89' lang='lat' dir='ltr'><strong>Sed</strong></span> <span class='ocrx_word' id='word_1_307' title='bbox 940 3112 1071 3166; x_wconf 89' lang='lat' dir='ltr'><strong>dttm</strong></span> <span class='ocrx_word' id='word_1_308' title='bbox 1117 3120 1410 3167; x_wconf 84' lang='lat' dir='ltr'><strong>exercetur</strong></span> <span class='ocrx_word' id='word_1_309' title='bbox 1439 3111 1681 3168; x_wconf 90' lang='lat' dir='ltr'><strong>ofﬁcium</strong></span> <span class='ocrx_word' id='word_1_310' title='bbox 1707 3156 1720 3179; x_wconf 97' lang='lat'><strong>,</strong></span> <span class='ocrx_word' id='word_1_311' title='bbox 1759 3116 1997 3173; x_wconf 87' lang='lat' dir='ltr'><strong>studium</strong></span> <span class='ocrx_word' id='word_1_312' title='bbox 2025 3135 2152 3190; x_wconf 90' lang='lat' dir='ltr'><strong>pro-</strong></span> <span class='ocrx_word' id='word_1_313' title='bbox 2177 3107 2224 3170; x_wconf 88' lang='lat' dir='ltr'><strong><em>C</em></strong></span> 
     </span>
    </p>
   </div>
   <div class='ocr_carea' id='block_1_49' title="bbox 547 3205 2156 3277">
    <p class='ocr_par' dir='ltr' id='par_1_49' title="bbox 547 3205 2156 3277">
     <span class='ocr_line' id='line_1_49' title="bbox 547 3205 2156 3277; baseline 0.006 -16"><span class='ocrx_word' id='word_1_314' title='bbox 547 3216 794 3263; x_wconf 87' lang='lat' dir='ltr'><strong>vocatur.</strong></span> <span class='ocrx_word' id='word_1_315' title='bbox 825 3206 952 3261; x_wconf 87' lang='lat' dir='ltr'><strong>Suis</strong></span> <span class='ocrx_word' id='word_1_316' title='bbox 979 3205 1202 3261; x_wconf 91' lang='lat' dir='ltr'><strong>castitas</strong></span> <span class='ocrx_word' id='word_1_317' title='bbox 1232 3205 1541 3261; x_wconf 88' lang='lat' dir='ltr'><strong>cumulatur</strong></span> <span class='ocrx_word' id='word_1_318' title='bbox 1567 3206 1887 3277; x_wconf 92' lang='lat' dir='ltr'><strong>dispendiis.</strong></span> <span class='ocrx_word' id='word_1_319' title='bbox 1918 3211 2035 3268; x_wconf 86' lang='lat' dir='ltr'><strong>Non</strong></span> <span class='ocrx_word' id='word_1_320' title='bbox 2071 3223 2156 3270; x_wconf 90' lang='lat' dir='ltr'><strong>est</strong></span> 
     </span>
    </p>
   </div>
   <div class='ocr_carea' id='block_1_50' title="bbox 546 3298 2153 3372">
    <p class='ocr_par' dir='ltr' id='par_1_50' title="bbox 546 3298 2153 3372">
     <span class='ocr_line' id='line_1_50' title="bbox 546 3298 2153 3372; baseline 0.006 -16"><span class='ocrx_word' id='word_1_321' title='bbox 546 3301 870 3372; x_wconf 81' lang='lat' dir='ltr'><strong>virginitas,</strong></span> <span class='ocrx_word' id='word_1_322' title='bbox 913 3313 1034 3370; x_wconf 66' lang='lat' dir='ltr'><strong>quat</strong></span> <span class='ocrx_word' id='word_1_323' title='bbox 1083 3298 1260 3368; x_wconf 88' lang='lat' dir='ltr'><strong>pretio</strong></span> <span class='ocrx_word' id='word_1_324' title='bbox 1289 3299 1488 3354; x_wconf 90' lang='lat' dir='ltr'><strong>emitur</strong></span> <span class='ocrx_word' id='word_1_325' title='bbox 1519 3341 1532 3366; x_wconf 94' lang='lat'><strong>,</strong></span> <span class='ocrx_word' id='word_1_326' title='bbox 1574 3315 1681 3356; x_wconf 91' lang='lat' dir='ltr'><strong>non</strong></span> <span class='ocrx_word' id='word_1_327' title='bbox 1723 3303 1941 3360; x_wconf 87' lang='lat' dir='ltr'><strong>virtutis</strong></span> <span class='ocrx_word' id='word_1_328' title='bbox 1972 3308 2153 3365; x_wconf 90' lang='lat' dir='ltr'><strong>studio</strong></span> 
     </span>
    </p>
   </div>
   <div class='ocr_carea' id='block_1_51' title="bbox 547 3391 2150 3468">
    <p class='ocr_par' dir='ltr' id='par_1_51' title="bbox 547 3391 2150 3468">
     <span class='ocr_line' id='line_1_51' title="bbox 547 3391 2150 3468; baseline -0.002 -20"><span class='ocrx_word' id='word_1_329' title='bbox 547 3393 858 3466; x_wconf 88' lang='lat' dir='ltr'><strong>possidetur</strong></span> <span class='ocrx_word' id='word_1_330' title='bbox 893 3408 908 3444; x_wconf 90' lang='lat'>:</span> <span class='ocrx_word' id='word_1_331' title='bbox 949 3407 1057 3448; x_wconf 95' lang='lat' dir='ltr'><strong>non</strong></span> <span class='ocrx_word' id='word_1_332' title='bbox 1089 3400 1175 3447; x_wconf 92' lang='lat' dir='ltr'><strong>est</strong></span> <span class='ocrx_word' id='word_1_333' title='bbox 1202 3391 1487 3464; x_wconf 86' lang='lat' dir='ltr'><strong>integritas</strong></span> <span class='ocrx_word' id='word_1_334' title='bbox 1518 3409 1875 3468; x_wconf 69' lang='lat' dir='ltr'><strong>quaecumque</strong></span> <span class='ocrx_word' id='word_1_335' title='bbox 1909 3408 1931 3436; x_wconf 83' lang='grc' dir='ltr'><strong>ο</strong></span> <span class='ocrx_word' id='word_1_336' title='bbox 1968 3400 2022 3454; x_wconf 88' lang='lat' dir='ltr'><strong>in</strong></span> <span class='ocrx_word' id='word_1_337' title='bbox 2049 3417 2150 3456; x_wconf 75' lang='lat' dir='ltr'><strong>au-</strong></span> 
     </span>
    </p>
   </div>
   <div class='ocr_carea' id='block_1_52' title="bbox 542 3486 2152 3562">
    <p class='ocr_par' dir='ltr' id='par_1_52' title="bbox 542 3486 2152 3562">
     <span class='ocr_line' id='line_1_52' title="bbox 542 3486 2152 3562; baseline 0.004 -17"><span class='ocrx_word' id='word_1_338' title='bbox 542 3493 724 3545; x_wconf 90' lang='lat' dir='ltr'><strong>ctione</strong></span> <span class='ocrx_word' id='word_1_339' title='bbox 745 3488 1052 3543; x_wconf 89' lang='lat' dir='ltr'><strong>nummario</strong></span> <span class='ocrx_word' id='word_1_340' title='bbox 1070 3486 1137 3542; x_wconf 91' lang='lat' dir='ltr'><strong>ad</strong></span> <span class='ocrx_word' id='word_1_341' title='bbox 1161 3496 1374 3559; x_wconf 88' lang='lat' dir='ltr'><strong>tempus</strong></span> <span class='ocrx_word' id='word_1_342' title='bbox 1396 3487 1633 3544; x_wconf 86' lang='lat' dir='ltr'><strong>licitatur</strong></span> <span class='ocrx_word' id='word_1_343' title='bbox 1655 3493 2004 3562; x_wconf 85' lang='lat' dir='ltr'><strong>compendio.</strong></span> <span class='ocrx_word' id='word_1_344' title='bbox 2033 3495 2152 3551; x_wconf 90' lang='lat' dir='ltr'><strong>Pri-</strong></span> 
     </span>
    </p>
   </div>
   <div class='ocr_carea' id='block_1_53' title="bbox 539 3584 2146 3658">
    <p class='ocr_par' dir='ltr' id='par_1_53' title="bbox 539 3584 2146 3658">
     <span class='ocr_line' id='line_1_53' title="bbox 539 3584 2146 3658; baseline 0.002 -14"><span class='ocrx_word' id='word_1_345' title='bbox 539 3604 628 3644; x_wconf 90' lang='lat' dir='ltr'><strong>ma</strong></span> <span class='ocrx_word' id='word_1_346' title='bbox 659 3587 924 3644; x_wconf 85' lang='lat' dir='ltr'><strong>castitatis</strong></span> <span class='ocrx_word' id='word_1_347' title='bbox 945 3586 1173 3642; x_wconf 89' lang='lat' dir='ltr'><strong>victoria</strong></span> <span class='ocrx_word' id='word_1_348' title='bbox 1202 3595 1289 3642; x_wconf 90' lang='lat' dir='ltr'><strong>est</strong></span> <span class='ocrx_word' id='word_1_349' title='bbox 1317 3584 1636 3642; x_wconf 88' lang='lat' dir='ltr'><strong>facultatum</strong></span> <span class='ocrx_word' id='word_1_350' title='bbox 1678 3588 2006 3658; x_wconf 89' lang='lat' dir='ltr'><strong>cupiditates</strong></span> <span class='ocrx_word' id='word_1_351' title='bbox 2029 3592 2146 3648; x_wconf 87' lang='lat' dir='ltr'><strong>vin-</strong></span> 
     </span>
    </p>
   </div>
   <div class='ocr_carea' id='block_1_54' title="bbox 539 3677 2146 3752">
    <p class='ocr_par' dir='ltr' id='par_1_54' title="bbox 539 3677 2146 3752">
     <span class='ocr_line' id='line_1_54' title="bbox 539 3677 2146 3752; baseline 0.001 -15"><span class='ocrx_word' id='word_1_352' title='bbox 539 3697 710 3748; x_wconf 83' lang='lat' dir='ltr'><strong>cere;</strong></span> <span class='ocrx_word' id='word_1_353' title='bbox 741 3679 869 3752; x_wconf 92' lang='lat' dir='ltr'><strong>quia</strong></span> <span class='ocrx_word' id='word_1_354' title='bbox 895 3678 1032 3734; x_wconf 91' lang='lat' dir='ltr'><strong>lucri</strong></span> <span class='ocrx_word' id='word_1_355' title='bbox 1063 3677 1302 3734; x_wconf 88' lang='lat' dir='ltr'><strong>studium</strong></span> <span class='ocrx_word' id='word_1_356' title='bbox 1347 3687 1744 3736; x_wconf 91' lang='lat' dir='ltr'><strong>tentamentum</strong></span> <span class='ocrx_word' id='word_1_357' title='bbox 1773 3682 1998 3750; x_wconf 87' lang='lat' dir='ltr'><strong>pudoris</strong></span> <span class='ocrx_word' id='word_1_358' title='bbox 2037 3695 2146 3741; x_wconf 89' lang='lat' dir='ltr'><strong>est.</strong></span> 
     </span>
    </p>
   </div>
   <div class='ocr_carea' id='block_1_55' title="bbox 541 3757 2148 3842">
    <p class='ocr_par' dir='ltr' id='par_1_55' title="bbox 541 3757 2148 3842">
     <span class='ocr_line' id='line_1_55' title="bbox 541 3757 2148 3842; baseline 0.001 -13"><span class='ocrx_word' id='word_1_359' title='bbox 541 3774 817 3829; x_wconf 89' lang='lat' dir='ltr'><strong>Ponamus</strong></span> <span class='ocrx_word' id='word_1_360' title='bbox 850 3757 1027 3830; x_wconf 86' lang='lat' dir='ltr'><strong>tamen</strong></span> <span class='ocrx_word' id='word_1_361' title='bbox 1057 3770 1298 3827; x_wconf 90' lang='lat' dir='ltr'><strong>subsidia</strong></span> <span class='ocrx_word' id='word_1_362' title='bbox 1336 3771 1644 3842; x_wconf 89' lang='lat' dir='ltr'><strong>largitatum</strong></span> <span class='ocrx_word' id='word_1_363' title='bbox 1675 3773 2005 3830; x_wconf 90' lang='lat' dir='ltr'><strong>conferenda</strong></span> <span class='ocrx_word' id='word_1_364' title='bbox 2037 3777 2148 3832; x_wconf 90' lang='lat' dir='ltr'><strong>vir-</strong></span> 
     </span>
    </p>
   </div>
   <div class='ocr_carea' id='block_1_56' title="bbox 537 3865 2145 3937">
    <p class='ocr_par' dir='ltr' id='par_1_56' title="bbox 537 3865 2145 3937">
     <span class='ocr_line' id='line_1_56' title="bbox 537 3865 2145 3937; baseline 0.004 -17"><span class='ocrx_word' id='word_1_365' title='bbox 537 3867 781 3937; x_wconf 82' lang='lat' dir='ltr'><strong>ginibus.</strong></span> <span class='ocrx_word' id='word_1_366' title='bbox 853 3865 984 3934; x_wconf 66' lang='lat' dir='ltr'><strong>Quae</strong></span> <span class='ocrx_word' id='word_1_367' title='bbox 1041 3865 1352 3921; x_wconf 89' lang='lat' dir='ltr'><strong>christianis</strong></span> <span class='ocrx_word' id='word_1_368' title='bbox 1417 3882 1645 3921; x_wconf 89' lang='lat' dir='ltr'><strong>munera</strong></span> <span class='ocrx_word' id='word_1_369' title='bbox 1716 3868 2145 3928; x_wconf 81' lang='lat' dir='ltr'><strong>redundabunt?</strong></span> 
     </span>
    </p>
   </div>
   <div class='ocr_carea' id='block_1_57' title="bbox 539 3956 2142 4027">
    <p class='ocr_par' dir='ltr' id='par_1_57' title="bbox 539 3956 2142 4027">
     <span class='ocr_line' id='line_1_57' title="bbox 539 3956 2142 4027; baseline 0.007 -17"><span class='ocrx_word' id='word_1_370' title='bbox 539 3956 688 4026; x_wconf 91' lang='lat' dir='ltr'><strong>quod</strong></span> <span class='ocrx_word' id='word_1_371' title='bbox 719 3965 895 4011; x_wconf 90' lang='lat' dir='ltr'><strong>tantas</strong></span> <span class='ocrx_word' id='word_1_372' title='bbox 921 3972 1054 4027; x_wconf 87' lang='lat' dir='ltr'><strong>opes</strong></span> <span class='ocrx_word' id='word_1_373' title='bbox 1081 3956 1319 4014; x_wconf 89' lang='lat' dir='ltr'><strong>sufﬁciet</strong></span> <span class='ocrx_word' id='word_1_374' title='bbox 1348 3959 1640 4014; x_wconf 79' lang='lat' dir='ltr'><strong>:erarium?</strong></span> <span class='ocrx_word' id='word_1_375' title='bbox 1664 3959 1776 4016; x_wconf 86' lang='lat' dir='ltr'><strong>Aut</strong></span> <span class='ocrx_word' id='word_1_376' title='bbox 1801 3966 1844 4017; x_wconf 92' lang='lat' dir='ltr'><strong>si</strong></span> <span class='ocrx_word' id='word_1_377' title='bbox 1869 3964 2142 4020; x_wconf 89' lang='lat' dir='ltr'><strong>arbitran-</strong></span> 
     </span>
    </p>
   </div>
   <div class='ocr_carea' id='block_1_58' title="bbox 535 4046 2145 4130">
    <p class='ocr_par' dir='ltr' id='par_1_58' title="bbox 535 4046 2145 4130">
     <span class='ocr_line' id='line_1_58' title="bbox 535 4046 2145 4130; baseline 0.009 -28"><span class='ocrx_word' id='word_1_378' title='bbox 535 4057 626 4102; x_wconf 91' lang='lat' dir='ltr'><strong>tur</strong></span> <span class='ocrx_word' id='word_1_379' title='bbox 650 4047 786 4102; x_wconf 89' lang='lat' dir='ltr'><strong>solis</strong></span> <span class='ocrx_word' id='word_1_380' title='bbox 811 4046 1120 4105; x_wconf 85' lang='lat' dir='ltr'><strong>Vestalibus</strong></span> <span class='ocrx_word' id='word_1_381' title='bbox 1145 4050 1536 4107; x_wconf 87' lang='lat' dir='ltr'><strong>conferendum</strong></span> <span class='ocrx_word' id='word_1_382' title='bbox 1558 4094 1574 4120; x_wconf 92' lang='lat'><strong>,</strong></span> <span class='ocrx_word' id='word_1_383' title='bbox 1607 4069 1712 4108; x_wconf 93' lang='lat' dir='ltr'><strong>non</strong></span> <span class='ocrx_word' id='word_1_384' title='bbox 1747 4056 1934 4125; x_wconf 89' lang='lat' dir='ltr'><strong>pudet,</strong></span> <span class='ocrx_word' id='word_1_385' title='bbox 1968 4069 2026 4113; x_wconf 95' lang='lat' dir='ltr'><strong>ut</strong></span> <span class='ocrx_word' id='word_1_386' title='bbox 2053 4061 2145 4130; x_wconf 86' lang='lat' dir='ltr'><strong>qui</strong></span> 
     </span>
    </p>
   </div>
   <div class='ocr_carea' id='block_1_59' title="bbox 541 4137 2141 4219">
    <p class='ocr_par' dir='ltr' id='par_1_59' title="bbox 541 4137 2141 4219">
     <span class='ocr_line' id='line_1_59' title="bbox 541 4137 2141 4219; baseline 0.011 -27"><span class='ocrx_word' id='word_1_387' title='bbox 541 4147 712 4194; x_wconf 90' lang='lat' dir='ltr'><strong>totum</strong></span> <span class='ocrx_word' id='word_1_388' title='bbox 741 4139 844 4195; x_wconf 87' lang='lat' dir='ltr'><strong>sibi</strong></span> <span class='ocrx_word' id='word_1_389' title='bbox 877 4140 979 4196; x_wconf 92' lang='lat' dir='ltr'><strong>sub</strong></span> <span class='ocrx_word' id='word_1_390' title='bbox 1000 4137 1420 4211; x_wconf 88' lang='lat' dir='ltr'><strong>imperatoribus</strong></span> <span class='ocrx_word' id='word_1_391' title='bbox 1449 4145 1740 4216; x_wconf 86' lang='lat' dir='ltr'><strong>gentilibus</strong></span> <span class='ocrx_word' id='word_1_392' title='bbox 1766 4149 2107 4209; x_wconf 88' lang='lat' dir='ltr'><strong>vindicarunt</strong></span> <span class='ocrx_word' id='word_1_393' title='bbox 2127 4195 2141 4219; x_wconf 93' lang='lat'><strong>,</strong></span> 
     </span>
    </p>
   </div>
   <div class='ocr_carea' id='block_1_60' title="bbox 537 4231 2144 4312">
    <p class='ocr_par' dir='ltr' id='par_1_60' title="bbox 537 4231 2144 4312">
     <span class='ocr_line' id='line_1_60' title="bbox 537 4231 2144 4312; baseline 0.011 -25"><span class='ocrx_word' id='word_1_394' title='bbox 537 4231 703 4287; x_wconf 91' lang='lat' dir='ltr'><strong>iidem</strong></span> <span class='ocrx_word' id='word_1_395' title='bbox 747 4231 850 4287; x_wconf 87' lang='lat' dir='ltr'><strong>sub</strong></span> <span class='ocrx_word' id='word_1_396' title='bbox 895 4234 1227 4303; x_wconf 90' lang='lat' dir='ltr'><strong>principibus</strong></span> <span class='ocrx_word' id='word_1_397' title='bbox 1261 4235 1574 4294; x_wconf 89' lang='lat' dir='ltr'><strong>christianis</strong></span> <span class='ocrx_word' id='word_1_398' title='bbox 1607 4255 1715 4295; x_wconf 94' lang='lat' dir='ltr'><strong>non</strong></span> <span class='ocrx_word' id='word_1_399' title='bbox 1759 4250 1952 4312; x_wconf 90' lang='lat' dir='ltr'><strong>putent</strong></span> <span class='ocrx_word' id='word_1_400' title='bbox 1988 4248 2144 4304; x_wconf 88' lang='lat' dir='ltr'><strong>nobis</strong></span> 
     </span>
    </p>
   </div>
   <div class='ocr_carea' id='block_1_61' title="bbox 533 4325 1516 4385">
    <p class='ocr_par' dir='ltr' id='par_1_61' title="bbox 533 4325 1516 4385">
     <span class='ocr_line' id='line_1_61' title="bbox 533 4325 1516 4385; baseline 0.001 -3"><span class='ocrx_word' id='word_1_401' title='bbox 533 4333 737 4382; x_wconf 86' lang='lat' dir='ltr'><strong>sortem</strong></span> <span class='ocrx_word' id='word_1_402' title='bbox 767 4325 968 4381; x_wconf 90' lang='lat' dir='ltr'><strong>debere</strong></span> <span class='ocrx_word' id='word_1_403' title='bbox 999 4341 1124 4382; x_wconf 90' lang='lat' dir='ltr'><strong>esse</strong></span> <span class='ocrx_word' id='word_1_404' title='bbox 1151 4341 1516 4385; x_wconf 91' lang='lat' dir='ltr'><strong>communem.</strong></span> 
     </span>
    </p>
   </div>
   <div class='ocr_carea' id='block_1_62' title="bbox 603 4485 2783 4591">
    <p class='ocr_par' dir='ltr' id='par_1_62' title="bbox 603 4485 2783 4591">
     <span class='ocr_line' id='line_1_62' title="bbox 603 4485 2783 4591; baseline 0 0"><span class='ocrx_word' id='word_1_405' title='bbox 603 4512 628 4539; x_wconf 84' lang='lat'><strong>&quot;</strong></span> <span class='ocrx_word' id='word_1_406' title='bbox 651 4501 1492 4591; x_wconf 43' lang='lat' dir='ltr'><strong>“Pelii-1.01&quot;?mimus.»</strong></span> <span class='ocrx_word' id='word_1_407' title='bbox 1542 4523 1818 4591; x_wconf 48' lang='lat' dir='ltr'><strong>{causam</strong></span> <span class='ocrx_word' id='word_1_408' title='bbox 1853 4515 2132 4591; x_wconf 58' lang='lat' dir='ltr'><strong>efﬂat”;</strong></span> <span class='ocrx_word' id='word_1_409' title='bbox 2161 4485 2218 4546; x_wconf 77' lang='lat' dir='ltr'><strong>D</strong></span> <span class='ocrx_word' id='word_1_410' title='bbox 2241 4523 2402 4578; x_wconf 78' lang='lat' dir='ltr'><strong>Rom.</strong></span> <span class='ocrx_word' id='word_1_411' title='bbox 2436 4522 2783 4591; x_wconf 64' lang='lat' dir='ltr'><strong>destinatam.</strong></span> 
     </span>
    </p>
   </div>
   <div class='ocr_carea' id='block_1_63' title="bbox 529 4574 2135 4646">
    <p class='ocr_par' dir='ltr' id='par_1_63' title="bbox 529 4574 2135 4646">
     <span class='ocr_line' id='line_1_63' title="bbox 529 4574 2135 4646; baseline 0.009 -17"><span class='ocrx_word' id='word_1_412' title='bbox 529 4575 688 4629; x_wconf 74' lang='lat' dir='ltr'><strong>llam.</strong></span> <span class='ocrx_word' id='word_1_413' title='bbox 707 4581 760 4628; x_wconf 92' lang='lat' dir='ltr'><strong>et</strong></span> <span class='ocrx_word' id='word_1_414' title='bbox 778 4587 910 4628; x_wconf 91' lang='lat' dir='ltr'><strong>mss.</strong></span> <span class='ocrx_word' id='word_1_415' title='bbox 932 4574 1213 4646; x_wconf 84' lang='lat' dir='ltr'><strong>nobiscum</strong></span> <span class='ocrx_word' id='word_1_416' title='bbox 1228 4574 1726 4643; x_wconf 59' lang='lat' dir='ltr'><strong>consentiunt,&#39;nisi</strong></span> <span class='ocrx_word' id='word_1_417' title='bbox 1742 4584 1882 4646; x_wconf 88' lang='lat' dir='ltr'><strong>quod</strong></span> <span class='ocrx_word' id='word_1_418' title='bbox 1899 4585 1986 4637; x_wconf 88' lang='lat' dir='ltr'><strong>illa</strong></span> <span class='ocrx_word' id='word_1_419' title='bbox 2009 4574 2135 4644; x_wconf 60' lang='lat' dir='ltr'><strong>reti:-</strong></span> 
     </span>
    </p>
   </div>
   <div class='ocr_carea' id='block_1_64' title="bbox 529 4645 2128 4723">
    <p class='ocr_par' dir='ltr' id='par_1_64' title="bbox 529 4645 2128 4723">
     <span class='ocr_line' id='line_1_64' title="bbox 529 4645 2128 4723; baseline 0.01 -23"><span class='ocrx_word' id='word_1_420' title='bbox 529 4646 648 4723; x_wconf 81' lang='lat' dir='ltr'><strong>nuit</strong></span> <span class='ocrx_word' id='word_1_421' title='bbox 660 4661 983 4723; x_wconf 49' lang='lat' dir='ltr'><strong>jeqttamur,</strong></span> <span class='ocrx_word' id='word_1_422' title='bbox 1013 4645 1101 4699; x_wconf 91' lang='lat' dir='ltr'><strong>ttbi</strong></span> <span class='ocrx_word' id='word_1_423' title='bbox 1132 4661 1296 4714; x_wconf 83' lang='lat' dir='ltr'><strong>prOpc</strong></span> <span class='ocrx_word' id='word_1_424' title='bbox 1320 4647 1384 4723; x_wconf 83' lang='lat' dir='ltr'><strong>ad</strong></span> <span class='ocrx_word' id='word_1_425' title='bbox 1401 4663 1564 4702; x_wconf 91' lang='lat' dir='ltr'><strong>unum</strong></span> <span class='ocrx_word' id='word_1_426' title='bbox 1599 4645 1806 4718; x_wconf 86' lang='lat' dir='ltr'><strong>ponunt</strong></span> <span class='ocrx_word' id='word_1_427' title='bbox 1831 4667 2128 4723; x_wconf 79' lang='lat' dir='ltr'><strong>sequuntur.</strong></span> 
     </span>
    </p>
   </div>
   <div class='ocr_carea' id='block_1_65' title="bbox 597 4715 2130 4798">
    <p class='ocr_par' dir='ltr' id='par_1_65' title="bbox 597 4715 2130 4798">
     <span class='ocr_line' id='line_1_65' title="bbox 597 4715 2130 4798; baseline 0.013 -31"><span class='ocrx_word' id='word_1_428' title='bbox 597 4715 624 4753; x_wconf 71' lang='grc' dir='ltr'>δ</span> <span class='ocrx_word' id='word_1_429' title='bbox 654 4715 857 4798; x_wconf 62' lang='lat' dir='ltr'><strong>Omnes</strong></span> <span class='ocrx_word' id='word_1_430' title='bbox 900 4716 1054 4782; x_wconf 88' lang='lat' dir='ltr'><strong>edit.,</strong></span> <span class='ocrx_word' id='word_1_431' title='bbox 1086 4730 1178 4771; x_wconf 88' lang='lat' dir='ltr'><strong>nos</strong></span> <span class='ocrx_word' id='word_1_432' title='bbox 1221 4719 1514 4784; x_wconf 74' lang='lat' dir='ltr'><strong>credimus;</strong></span> <span class='ocrx_word' id='word_1_433' title='bbox 1561 4715 1754 4778; x_wconf 84' lang='lat' dir='ltr'><strong>omnes</strong></span> <span class='ocrx_word' id='word_1_434' title='bbox 1791 4715 1939 4782; x_wconf 87' lang='lat' dir='ltr'><strong>&#39;tnss.</strong></span> <span class='ocrx_word' id='word_1_435' title='bbox 1969 4769 1982 4794; x_wconf 92' lang='lat'><strong>,</strong></span> <span class='ocrx_word' id='word_1_436' title='bbox 2037 4715 2130 4786; x_wconf 77' lang='lat' dir='ltr'><strong>nos</strong></span> 
     </span>
    </p>
   </div>
   <div class='ocr_carea' id='block_1_66' title="bbox 531 4802 801 4841">
    <p class='ocr_par' dir='ltr' id='par_1_66' title="bbox 531 4802 801 4841">
     <span class='ocr_line' id='line_1_66' title="bbox 531 4802 801 4841; baseline 0.004 -1"><span class='ocrx_word' id='word_1_437' title='bbox 531 4802 716 4841; x_wconf 78' lang='lat' dir='ltr'><strong>crevtm</strong></span> <span class='ocrx_word' id='word_1_438' title='bbox 724 4803 801 4841; x_wconf 76' lang='grc' dir='ltr'><strong>ιη.</strong></span> 
     </span>
    </p>
   </div>
   <div class='ocr_carea' id='block_1_67' title="bbox 604 4856 2129 4940">
    <p class='ocr_par' dir='ltr' id='par_1_67' title="bbox 604 4856 2129 4940">
     <span class='ocr_line' id='line_1_67' title="bbox 604 4856 2129 4940; baseline 0.011 -29"><span class='ocrx_word' id='word_1_439' title='bbox 604 4857 738 4940; x_wconf 42' lang='lat' dir='ltr'><strong>cupe</strong></span> <span class='ocrx_word' id='word_1_440' title='bbox 767 4856 1077 4940; x_wconf 70' lang='lat' dir='ltr'><strong>vestalibus</strong></span> <span class='ocrx_word' id='word_1_441' title='bbox 1111 4857 1235 4915; x_wconf 92' lang='lat' dir='ltr'><strong>vide</strong></span> <span class='ocrx_word' id='word_1_442' title='bbox 1252 4861 1396 4940; x_wconf 84' lang='lat' dir='ltr'><strong>quod</strong></span> <span class='ocrx_word' id='word_1_443' title='bbox 1424 4878 1452 4915; x_wconf 92' lang='lat' dir='ltr'><strong>a</strong></span> <span class='ocrx_word' id='word_1_444' title='bbox 1484 4865 1641 4940; x_wconf 82' lang='lat' dir='ltr'><strong>nobis</strong></span> <span class='ocrx_word' id='word_1_445' title='bbox 1670 4865 2015 4940; x_wconf 88' lang='lat' dir='ltr'><strong>observatum</strong></span> <span class='ocrx_word' id='word_1_446' title='bbox 2045 4885 2129 4930; x_wconf 86' lang='lat' dir='ltr'><strong>est</strong></span> 
     </span>
    </p>
   </div>
   <div class='ocr_carea' id='block_1_68' title="bbox 524 4927 2120 5006">
    <p class='ocr_par' dir='ltr' id='par_1_68' title="bbox 524 4927 2120 5006">
     <span class='ocr_line' id='line_1_68' title="bbox 524 4927 2120 5006; baseline 0.012 -25"><span class='ocrx_word' id='word_1_447' title='bbox 524 4927 863 5006; x_wconf 33' lang='lat' dir='ltr'><strong>ad_lib._.t_de</strong></span> <span class='ocrx_word' id='word_1_448' title='bbox 909 4927 1118 5006; x_wconf 64' lang='lat' dir='ltr'><strong>virgin,</strong></span> <span class='ocrx_word' id='word_1_449' title='bbox 1151 4927 1283 4999; x_wconf 77' lang='lat' dir='ltr'><strong>cap:</strong></span> <span class='ocrx_word' id='word_1_450' title='bbox 1318 4934 1389 5006; x_wconf 9' lang='lat' dir='ltr'><strong>is,</strong></span> <span class='ocrx_word' id='word_1_451' title='bbox 1425 4951 1572 4990; x_wconf 91' lang='lat' dir='ltr'><strong>num.</strong></span> <span class='ocrx_word' id='word_1_452' title='bbox 1611 4937 1697 4991; x_wconf 77' lang='lat' dir='ltr'><strong>ts.</strong></span> <span class='ocrx_word' id='word_1_453' title='bbox 1741 4939 1894 5006; x_wconf 87' lang='lat' dir='ltr'><strong>Quod</strong></span> <span class='ocrx_word' id='word_1_454' title='bbox 1937 4927 2120 5000; x_wconf 76' lang='lat' dir='ltr'><strong>autem</strong></span> 
     </span>
    </p>
   </div>
   <div class='ocr_carea' id='block_1_69' title="bbox 525 4997 2121 5076">
    <p class='ocr_par' dir='ltr' id='par_1_69' title="bbox 525 4997 2121 5076">
     <span class='ocr_line' id='line_1_69' title="bbox 525 4997 2121 5076; baseline 0.012 -25"><span class='ocrx_word' id='word_1_455' title='bbox 525 4997 898 5076; x_wconf 70' lang='lat' dir='ltr'><strong>ittfra_dicitur</strong></span> <span class='ocrx_word' id='word_1_456' title='bbox 935 4997 1166 5076; x_wconf 78' lang='lat' dir='ltr'><strong>Vestales</strong></span> <span class='ocrx_word' id='word_1_457' title='bbox 1210 4997 1508 5076; x_wconf 79' lang='lat' dir='ltr'><strong>capiuntur,</strong></span> <span class='ocrx_word' id='word_1_458' title='bbox 1541 4997 1854 5064; x_wconf 46' lang='lat' dir='ltr'><strong>allusio~est</strong></span> <span class='ocrx_word' id='word_1_459' title='bbox 1880 5011 1948 5066; x_wconf 89' lang='lat' dir='ltr'><strong>ad</strong></span> <span class='ocrx_word' id='word_1_460' title='bbox 1974 4997 2121 5072; x_wconf 80' lang='lat' dir='ltr'><strong>illam</strong></span> 
     </span>
    </p>
   </div>
   <div class='ocr_carea' id='block_1_70' title="bbox 521 5069 2120 5151">
    <p class='ocr_par' dir='ltr' id='par_1_70' title="bbox 521 5069 2120 5151">
     <span class='ocr_line' id='line_1_70' title="bbox 521 5069 2120 5151; baseline 0.012 -29"><span class='ocrx_word' id='word_1_461' title='bbox 521 5069 797 5151; x_wconf 73' lang='lat' dir='ltr'><strong>pontiﬁcis</strong></span> <span class='ocrx_word' id='word_1_462' title='bbox 846 5085 1043 5125; x_wconf 79' lang='lat' dir='ltr'><strong>novnm</strong></span> <span class='ocrx_word' id='word_1_463' title='bbox 1099 5069 1364 5144; x_wconf 79' lang='lat' dir='ltr'><strong>virginem</strong></span> <span class='ocrx_word' id='word_1_464' title='bbox 1411 5079 1730 5149; x_wconf 87' lang='lat' dir='ltr'><strong>accipientis</strong></span> <span class='ocrx_word' id='word_1_465' title='bbox 1782 5069 2120 5141; x_wconf 53' lang='lat' dir='ltr'><strong>formulam;</strong></span> 
     </span>
    </p>
   </div>
   <div class='ocr_carea' id='block_1_71' title="bbox 522 5139 1008 5247">
    <p class='ocr_par' dir='ltr' id='par_1_71' title="bbox 522 5139 1008 5247">
     <span class='ocr_line' id='line_1_71' title="bbox 522 5139 1008 5247; baseline 0.004 -53"><span class='ocrx_word' id='word_1_466' title='bbox 522 5139 688 5247; x_wconf 47' lang='lat' dir='ltr'><strong>Cario</strong></span> <span class='ocrx_word' id='word_1_467' title='bbox 711 5149 780 5206; x_wconf 83' lang='lat' dir='ltr'><strong>te,</strong></span> <span class='ocrx_word' id='word_1_468' title='bbox 811 5152 1008 5196; x_wconf 89' lang='lat' dir='ltr'><strong>amata.</strong></span> 
     </span>
     <span class='ocr_line' id='line_1_72' title="bbox 653 5211 1008 5247; baseline 0 0"><span class='ocrx_word' id='word_1_469' title='bbox 653 5211 768 5247; x_wconf 60' lang='lat' dir='ltr'><strong>[LIII</strong></span> <span class='ocrx_word' id='word_1_470' title='bbox 823 5226 886 5247; x_wconf 76' lang='lat' dir='ltr'><strong>on</strong></span> <span class='ocrx_word' id='word_1_471' title='bbox 916 5228 1008 5247; x_wconf 73' lang='lat' dir='ltr'><strong>nam</strong></span> 
     </span>
    </p>
   </div>
   <div class='ocr_carea' id='block_1_72' title="bbox 651 5211 2120 5296">
    <p class='ocr_par' dir='ltr' id='par_1_72' title="bbox 651 5211 2120 5296">
     <span class='ocr_line' id='line_1_73' title="bbox 651 5211 2120 5296; baseline 0.013 -32"><span class='ocrx_word' id='word_1_472' title='bbox 651 5211 888 5296; x_wconf 57' lang='lat' dir='ltr'><strong>Etlii.”ac</strong></span> <span class='ocrx_word' id='word_1_473' title='bbox 916 5214 1070 5296; x_wconf 76' lang='lat' dir='ltr'><strong>pauci</strong></span> <span class='ocrx_word' id='word_1_474' title='bbox 1093 5229 1257 5296; x_wconf 47' lang='lat' dir='ltr'><strong>mss&quot;</strong></span> <span class='ocrx_word' id='word_1_475' title='bbox 1291 5219 1540 5296; x_wconf 69' lang='lat' dir='ltr'><strong>velamen,</strong></span> <span class='ocrx_word' id='word_1_476' title='bbox 1589 5223 1704 5276; x_wconf 84' lang='lat' dir='ltr'><strong>usui</strong></span> <span class='ocrx_word' id='word_1_477' title='bbox 1736 5222 1932 5295; x_wconf 82' lang='lat' dir='ltr'><strong>(Rom.</strong></span> <span class='ocrx_word' id='word_1_478' title='bbox 1962 5227 2120 5296; x_wconf 89' lang='lat' dir='ltr'><strong>edit.,</strong></span> 
     </span>
    </p>
   </div>
   <div class='ocr_carea' id='block_1_73' title="bbox 515 5282 2119 5364">
    <p class='ocr_par' dir='ltr' id='par_1_73' title="bbox 515 5282 2119 5364">
     <span class='ocr_line' id='line_1_74' title="bbox 515 5282 2119 5364; baseline 0.014 -30"><span class='ocrx_word' id='word_1_479' title='bbox 515 5282 650 5364; x_wconf 14' lang='lat' dir='ltr'><strong>usui)</strong></span> <span class='ocrx_word' id='word_1_480' title='bbox 683 5282 856 5337; x_wconf 79' lang='lat' dir='ltr'><strong>nobile</strong></span> <span class='ocrx_word' id='word_1_481' title='bbox 895 5285 1183 5352; x_wconf 72' lang='lat' dir='ltr'><strong>castitatis;</strong></span> <span class='ocrx_word' id='word_1_482' title='bbox 1217 5302 1347 5342; x_wconf 88' lang='lat' dir='ltr'><strong>mss.</strong></span> <span class='ocrx_word' id='word_1_483' title='bbox 1382 5291 1566 5358; x_wconf 90' lang='lat' dir='ltr'><strong>plures</strong></span> <span class='ocrx_word' id='word_1_484' title='bbox 1588 5301 1644 5348; x_wconf 90' lang='lat' dir='ltr'><strong>et</strong></span> <span class='ocrx_word' id='word_1_485' title='bbox 1676 5282 1918 5364; x_wconf 70' lang='lat' dir='ltr'><strong>potiores</strong></span> <span class='ocrx_word' id='word_1_486' title='bbox 1961 5309 2020 5352; x_wconf 90' lang='lat' dir='ltr'><strong>ut</strong></span> <span class='ocrx_word' id='word_1_487' title='bbox 2067 5282 2119 5358; x_wconf 72' lang='lat' dir='ltr'><strong>in</strong></span> 
     </span>
    </p>
   </div>
   <div class='ocr_carea' id='block_1_74' title="bbox 523 5362 699 5409">
    <p class='ocr_par' dir='ltr' id='par_1_74' title="bbox 523 5362 699 5409">
     <span class='ocr_line' id='line_1_75' title="bbox 523 5362 699 5409; baseline -0.006 -2"><span class='ocrx_word' id='word_1_488' title='bbox 523 5362 699 5409; x_wconf 74' lang='lat' dir='ltr'><strong>[CXII].</strong></span> 
     </span>
    </p>
   </div>
   <div class='ocr_carea' id='block_1_75' title="bbox 585 5425 2118 5507">
    <p class='ocr_par' dir='ltr' id='par_1_75' title="bbox 585 5425 2118 5507">
     <span class='ocr_line' id='line_1_76' title="bbox 585 5425 2118 5507; baseline 0.01 -27"><span class='ocrx_word' id='word_1_489' title='bbox 585 5435 609 5462; x_wconf 74' lang='grc' dir='ltr'><strong>ε’</strong></span> <span class='ocrx_word' id='word_1_490' title='bbox 641 5425 844 5481; x_wconf 87' lang='lat' dir='ltr'><strong>Omnes</strong></span> <span class='ocrx_word' id='word_1_491' title='bbox 874 5425 1033 5507; x_wconf 84' lang='lat' dir='ltr'><strong>edi_t._,</strong></span> <span class='ocrx_word' id='word_1_492' title='bbox 1061 5436 1324 5507; x_wconf 70' lang='lat' dir='ltr'><strong>tamquam</strong></span> <span class='ocrx_word' id='word_1_493' title='bbox 1349 5429 1402 5483; x_wconf 89' lang='lat' dir='ltr'><strong>in</strong></span> <span class='ocrx_word' id='word_1_494' title='bbox 1433 5433 1744 5507; x_wconf 74' lang='lat' dir='ltr'><strong>auctione...</strong></span> <span class='ocrx_word' id='word_1_495' title='bbox 1768 5437 2118 5507; x_wconf 82' lang='lat' dir='ltr'><strong>sollicitatur;</strong></span> 
     </span>
    </p>
   </div>
   <div class='ocr_carea' id='block_1_76' title="bbox 502 5499 2116 5578">
    <p class='ocr_par' dir='ltr' id='par_1_76' title="bbox 502 5499 2116 5578">
     <span class='ocr_line' id='line_1_77' title="bbox 502 5499 2116 5578; baseline 0.01 -27"><span class='ocrx_word' id='word_1_496' title='bbox 502 5509 698 5552; x_wconf 89' lang='lat' dir='ltr'><strong>omnes</strong></span> <span class='ocrx_word' id='word_1_497' title='bbox 726 5513 857 5578; x_wconf 76' lang='lat' dir='ltr'><strong>mss.</strong></span> <span class='ocrx_word' id='word_1_498' title='bbox 877 5499 1176 5578; x_wconf 25' lang='lat' dir='ltr'><strong>inobiscum</strong></span> <span class='ocrx_word' id='word_1_499' title='bbox 1207 5499 1430 5578; x_wconf 76' lang='lat' dir='ltr'><strong>faciunt,</strong></span> <span class='ocrx_word' id='word_1_500' title='bbox 1465 5503 1568 5578; x_wconf 79' lang='lat' dir='ltr'><strong>nisi</strong></span> <span class='ocrx_word' id='word_1_501' title='bbox 1607 5506 1752 5574; x_wconf 91' lang='lat' dir='ltr'><strong>quod</strong></span> <span class='ocrx_word' id='word_1_502' title='bbox 1785 5523 1882 5578; x_wconf 89' lang='lat' dir='ltr'><strong>pro</strong></span> <span class='ocrx_word' id='word_1_503' title='bbox 1911 5499 2116 5567; x_wconf 56' lang='lat' dir='ltr'><strong>auctio;</strong></span> 
     </span>
    </p>
   </div>
   <div class='ocr_carea' id='block_1_77' title="bbox 502 5569 1612 5638">
    <p class='ocr_par' dir='ltr' id='par_1_77' title="bbox 502 5569 1612 5638">
     <span class='ocr_line' id='line_1_78' title="bbox 502 5569 1612 5638; baseline 0.01 -20"><span class='ocrx_word' id='word_1_504' title='bbox 502 5583 755 5638; x_wconf 16' lang='lat' dir='ltr'><strong>ue,ittnus</strong></span> <span class='ocrx_word' id='word_1_505' title='bbox 787 5569 916 5638; x_wconf 90' lang='lat' dir='ltr'><strong>legit</strong></span> <span class='ocrx_word' id='word_1_506' title='bbox 937 5571 1159 5634; x_wconf 78' lang='lat' dir='ltr'><strong>actione,</strong></span> <span class='ocrx_word' id='word_1_507' title='bbox 1192 5572 1329 5626; x_wconf 90' lang='lat' dir='ltr'><strong>alter</strong></span> <span class='ocrx_word' id='word_1_508' title='bbox 1357 5573 1612 5629; x_wconf 86' lang='lat' dir='ltr'><strong>cautione.</strong></span> 
     </span>
    </p>
   </div>
   <div class='ocr_carea' id='block_1_78' title="bbox 583 5635 2108 5714">
    <p class='ocr_par' dir='ltr' id='par_1_78' title="bbox 583 5635 2108 5714">
     <span class='ocr_line' id='line_1_79' title="bbox 583 5635 2108 5714; baseline 0.014 -25"><span class='ocrx_word' id='word_1_509' title='bbox 583 5635 604 5672; x_wconf 70' lang='grc' dir='ltr'>ί</span> <span class='ocrx_word' id='word_1_510' title='bbox 647 5635 966 5714; x_wconf 47' lang='grc' dir='ltr'><strong><em>νολιιιιιξιιίο</em></strong></span> <span class='ocrx_word' id='word_1_511' title='bbox 999 5639 1276 5714; x_wconf 81' lang='lat' dir='ltr'><strong>designari</strong></span> <span class='ocrx_word' id='word_1_512' title='bbox 1304 5642 1373 5714; x_wconf 90' lang='lat' dir='ltr'><strong>ab</strong></span> <span class='ocrx_word' id='word_1_513' title='bbox 1403 5644 1696 5701; x_wconf 86' lang='lat' dir='ltr'><strong>Ambrosio</strong></span> <span class='ocrx_word' id='word_1_514' title='bbox 1738 5647 2108 5711; x_wconf 82' lang='lat' dir='ltr'><strong>Valentiniani</strong></span> 
     </span>
    </p>
   </div>
   <div class='ocr_carea' id='block_1_79' title="bbox 496 5703 2098 5796">
    <p class='ocr_par' dir='ltr' id='par_1_79' title="bbox 496 5703 2098 5796">
     <span class='ocr_line' id='line_1_80' title="bbox 496 5703 2098 5796; baseline 0.014 -38"><span class='ocrx_word' id='word_1_515' title='bbox 496 5703 681 5774; x_wconf 81' lang='lat' dir='ltr'><strong>legem</strong></span> <span class='ocrx_word' id='word_1_516' title='bbox 709 5707 802 5775; x_wconf 77' lang='lat'><strong>20,</strong></span> <span class='ocrx_word' id='word_1_517' title='bbox 838 5707 909 5763; x_wconf 89' lang='lat' dir='ltr'><strong>de</strong></span> <span class='ocrx_word' id='word_1_518' title='bbox 956 5703 1264 5781; x_wconf 69' lang='lat' dir='ltr'><strong>episcopis,</strong></span> <span class='ocrx_word' id='word_1_519' title='bbox 1318 5709 1451 5783; x_wconf 86' lang='lat' dir='ltr'><strong>ete.,</strong></span> <span class='ocrx_word' id='word_1_520' title='bbox 1485 5716 1554 5773; x_wconf 88' lang='lat' dir='ltr'><strong>ad</strong></span> <span class='ocrx_word' id='word_1_521' title='bbox 1606 5703 2098 5796; x_wconf 7' lang='lat' dir='ltr'><strong>Damasumrlpon&#39;t.</strong></span> 
     </span>
    </p>
   </div>
   <div class='ocr_carea' id='block_1_80' title="bbox 2348 1822 3876 1884">
    <p class='ocr_par' dir='ltr' id='par_1_80' title="bbox 2348 1822 3876 1884">
     <span class='ocr_line' id='line_1_81' title="bbox 2348 1822 3876 1884; baseline -0.001 -4"><span class='ocrx_word' id='word_1_522' title='bbox 2348 1828 2432 1882; x_wconf 78' lang='lat' dir='ltr'><strong>ll.</strong></span> <span class='ocrx_word' id='word_1_523' title='bbox 2467 1825 2727 1883; x_wconf 85' lang='lat' dir='ltr'><strong>Conferet</strong></span> <span class='ocrx_word' id='word_1_524' title='bbox 2769 1841 2984 1884; x_wconf 90' lang='lat' dir='ltr'><strong>causas.</strong></span> <span class='ocrx_word' id='word_1_525' title='bbox 3017 1825 3127 1882; x_wconf 80' lang='lat' dir='ltr'><strong>Vos</strong></span> <span class='ocrx_word' id='word_1_526' title='bbox 3152 1841 3416 1883; x_wconf 87' lang='lat' dir='ltr'><strong>excusare</strong></span> <span class='ocrx_word' id='word_1_527' title='bbox 3454 1825 3621 1880; x_wconf 90' lang='lat' dir='ltr'><strong>vultis</strong></span> <span class='ocrx_word' id='word_1_528' title='bbox 3649 1822 3674 1860; x_wconf 77' lang='grc'><strong>¹¹</strong></span> <span class='ocrx_word' id='word_1_529' title='bbox 3708 1823 3876 1881; x_wconf 80' lang='lat' dir='ltr'><strong>decu-</strong></span> 
     </span>
    </p>
   </div>
   <div class='ocr_carea' id='block_1_81' title="bbox 2272 1915 3881 1984">
    <p class='ocr_par' dir='ltr' id='par_1_81' title="bbox 2272 1915 3881 1984">
     <span class='ocr_line' id='line_1_82' title="bbox 2272 1915 3881 1984; baseline -0.002 -8"><span class='ocrx_word' id='word_1_530' title='bbox 2272 1919 2504 1984; x_wconf 88' lang='lat' dir='ltr'><strong>rionem,</strong></span> <span class='ocrx_word' id='word_1_531' title='bbox 2532 1936 2657 1976; x_wconf 93' lang='lat' dir='ltr'><strong>cum</strong></span> <span class='ocrx_word' id='word_1_532' title='bbox 2686 1920 2955 1976; x_wconf 66' lang='lat' dir='ltr'><strong>Ecclesiae</strong></span> <span class='ocrx_word' id='word_1_533' title='bbox 2986 1915 3251 1976; x_wconf 89' lang='lat' dir='ltr'><strong>excusare</strong></span> <span class='ocrx_word' id='word_1_534' title='bbox 3279 1935 3387 1974; x_wconf 92' lang='lat' dir='ltr'><strong>non</strong></span> <span class='ocrx_word' id='word_1_535' title='bbox 3419 1919 3586 1974; x_wconf 88' lang='lat' dir='ltr'><strong>liceat</strong></span> <span class='ocrx_word' id='word_1_536' title='bbox 3616 1917 3881 1974; x_wconf 84' lang='lat' dir='ltr'><strong>sacerdo-</strong></span> 
     </span>
    </p>
   </div>
   <div class='ocr_carea' id='block_1_82' title="bbox 2271 2011 3874 2082">
    <p class='ocr_par' dir='ltr' id='par_1_82' title="bbox 2271 2011 3874 2082">
     <span class='ocr_line' id='line_1_83' title="bbox 2271 2011 3874 2082; baseline -0.001 -14"><span class='ocrx_word' id='word_1_537' title='bbox 2271 2023 2398 2070; x_wconf 91' lang='lat' dir='ltr'><strong>tem.</strong></span> <span class='ocrx_word' id='word_1_538' title='bbox 2449 2013 3152 2070; x_wconf 85' lang='lat' dir='ltr'><strong>Scribuntur&#39;testamenta</strong></span> <span class='ocrx_word' id='word_1_539' title='bbox 3199 2013 3525 2082; x_wconf 88' lang='lat' dir='ltr'><strong>templorum</strong></span> <span class='ocrx_word' id='word_1_540' title='bbox 3583 2011 3874 2076; x_wconf 86' lang='lat' dir='ltr'><strong>ministris,</strong></span> 
     </span>
    </p>
   </div>
   <div class='ocr_carea' id='block_1_83' title="bbox 2269 2104 3876 2177">
    <p class='ocr_par' dir='ltr' id='par_1_83' title="bbox 2269 2104 3876 2177">
     <span class='ocr_line' id='line_1_84' title="bbox 2269 2104 3876 2177; baseline -0.001 -17"><span class='ocrx_word' id='word_1_541' title='bbox 2269 2106 2450 2161; x_wconf 89' lang='lat' dir='ltr'><strong>nullus</strong></span> <span class='ocrx_word' id='word_1_542' title='bbox 2499 2106 2771 2177; x_wconf 75' lang='lat' dir='ltr'><strong>excipitur</strong></span> <span class='ocrx_word' id='word_1_543' title='bbox 2845 2105 3108 2177; x_wconf 90' lang='lat' dir='ltr'><strong>profanus</strong></span> <span class='ocrx_word' id='word_1_544' title='bbox 3139 2147 3155 2171; x_wconf 91' lang='lat'><strong>,</strong></span> <span class='ocrx_word' id='word_1_545' title='bbox 3209 2105 3392 2160; x_wconf 93' lang='lat' dir='ltr'><strong>nullus</strong></span> <span class='ocrx_word' id='word_1_546' title='bbox 3447 2104 3614 2176; x_wconf 77' lang='lat'><strong>837</strong></span> <span class='ocrx_word' id='word_1_547' title='bbox 3661 2104 3876 2160; x_wconf 74' lang='lat' dir='ltr'><strong>ultima:</strong></span> 
     </span>
    </p>
   </div>
   <div class='ocr_carea' id='block_1_84' title="bbox 2267 2196 3873 2268">
    <p class='ocr_par' dir='ltr' id='par_1_84' title="bbox 2267 2196 3873 2268">
     <span class='ocr_line' id='line_1_85' title="bbox 2267 2196 3873 2268; baseline -0.002 -15"><span class='ocrx_word' id='word_1_548' title='bbox 2267 2198 2596 2254; x_wconf 89' lang='lat' dir='ltr'><strong>conditionis</strong></span> <span class='ocrx_word' id='word_1_549' title='bbox 2622 2241 2637 2264; x_wconf 93' lang='lat'><strong>,</strong></span> <span class='ocrx_word' id='word_1_550' title='bbox 2687 2198 2870 2254; x_wconf 89' lang='lat' dir='ltr'><strong>nullus</strong></span> <span class='ocrx_word' id='word_1_551' title='bbox 2916 2197 3179 2268; x_wconf 81' lang='lat' dir='ltr'><strong>prodigus</strong></span> <span class='ocrx_word' id='word_1_552' title='bbox 3223 2196 3571 2253; x_wconf 67' lang='lat' dir='ltr'><strong>verecundia:</strong></span> <span class='ocrx_word' id='word_1_553' title='bbox 3605 2214 3618 2249; x_wconf 90' lang='lat'><strong>:</strong></span> <span class='ocrx_word' id='word_1_554' title='bbox 3651 2197 3753 2252; x_wconf 92' lang='lat' dir='ltr'><strong>soli</strong></span> <span class='ocrx_word' id='word_1_555' title='bbox 3800 2210 3873 2250; x_wconf 84' lang='lat' dir='ltr'><strong>ex</strong></span> 
     </span>
    </p>
   </div>
   <div class='ocr_carea' id='block_1_85' title="bbox 2266 2287 3873 2359">
    <p class='ocr_par' dir='ltr' id='par_1_85' title="bbox 2266 2287 3873 2359">
     <span class='ocr_line' id='line_1_86' title="bbox 2266 2287 3873 2359; baseline -0.003 -12"><span class='ocrx_word' id='word_1_556' title='bbox 2266 2293 2519 2348; x_wconf 91' lang='lat' dir='ltr'><strong>omnibus</strong></span> <span class='ocrx_word' id='word_1_557' title='bbox 2546 2291 2750 2347; x_wconf 90' lang='lat' dir='ltr'><strong>clerico</strong></span> <span class='ocrx_word' id='word_1_558' title='bbox 2771 2306 3068 2347; x_wconf 92' lang='lat' dir='ltr'><strong>commune</strong></span> <span class='ocrx_word' id='word_1_559' title='bbox 3095 2290 3188 2359; x_wconf 92' lang='lat' dir='ltr'><strong>jus</strong></span> <span class='ocrx_word' id='word_1_560' title='bbox 3223 2289 3518 2355; x_wconf 89' lang='lat' dir='ltr'><strong>clauditur,</strong></span> <span class='ocrx_word' id='word_1_561' title='bbox 3549 2303 3580 2343; x_wconf 91' lang='lat' dir='ltr'><strong>a</strong></span> <span class='ocrx_word' id='word_1_562' title='bbox 3611 2304 3721 2359; x_wconf 90' lang='lat' dir='ltr'><strong>quo</strong></span> <span class='ocrx_word' id='word_1_563' title='bbox 3752 2287 3873 2342; x_wconf 91' lang='lat' dir='ltr'><strong>solo</strong></span> 
     </span>
    </p>
   </div>
   <div class='ocr_carea' id='block_1_86' title="bbox 2267 2379 3871 2454">
    <p class='ocr_par' dir='ltr' id='par_1_86' title="bbox 2267 2379 3871 2454">
     <span class='ocr_line' id='line_1_87' title="bbox 2267 2379 3871 2454; baseline -0.002 -15"><span class='ocrx_word' id='word_1_564' title='bbox 2267 2398 2366 2454; x_wconf 91' lang='lat' dir='ltr'><strong>pro</strong></span> <span class='ocrx_word' id='word_1_565' title='bbox 2393 2383 2648 2439; x_wconf 91' lang='lat' dir='ltr'><strong>omnibus</strong></span> <span class='ocrx_word' id='word_1_566' title='bbox 2696 2394 2880 2438; x_wconf 91' lang='lat' dir='ltr'><strong>votum</strong></span> <span class='ocrx_word' id='word_1_567' title='bbox 2932 2397 3227 2439; x_wconf 89' lang='lat' dir='ltr'><strong>commune</strong></span> <span class='ocrx_word' id='word_1_568' title='bbox 3273 2382 3592 2452; x_wconf 90' lang='lat' dir='ltr'><strong>suscipitur,</strong></span> <span class='ocrx_word' id='word_1_569' title='bbox 3623 2379 3871 2437; x_wconf 88' lang='lat' dir='ltr'><strong>ofﬁcium</strong></span> 
     </span>
    </p>
   </div>
   <div class='ocr_carea' id='block_1_87' title="bbox 2263 2474 3870 2549">
    <p class='ocr_par' dir='ltr' id='par_1_87' title="bbox 2263 2474 3870 2549">
     <span class='ocr_line' id='line_1_88' title="bbox 2263 2474 3870 2549; baseline -0.004 -16"><span class='ocrx_word' id='word_1_570' title='bbox 2263 2492 2550 2534; x_wconf 89' lang='lat' dir='ltr'><strong>commune</strong></span> <span class='ocrx_word' id='word_1_571' title='bbox 2581 2476 2827 2533; x_wconf 92' lang='lat' dir='ltr'><strong>defertur</strong></span> <span class='ocrx_word' id='word_1_572' title='bbox 2857 2495 2870 2531; x_wconf 89' lang='lat'><strong>:</strong></span> <span class='ocrx_word' id='word_1_573' title='bbox 2903 2477 3054 2533; x_wconf 87' lang='lat' dir='ltr'><strong>nulla</strong></span> <span class='ocrx_word' id='word_1_574' title='bbox 3085 2477 3260 2549; x_wconf 89' lang='lat' dir='ltr'><strong>legata</strong></span> <span class='ocrx_word' id='word_1_575' title='bbox 3283 2476 3370 2532; x_wconf 94' lang='lat' dir='ltr'><strong>vel</strong></span> <span class='ocrx_word' id='word_1_576' title='bbox 3391 2475 3644 2546; x_wconf 83' lang='lat' dir='ltr'><strong>gravium</strong></span> <span class='ocrx_word' id='word_1_577' title='bbox 3677 2474 3870 2530; x_wconf 89' lang='lat' dir='ltr'><strong>vidua-</strong></span> 
     </span>
    </p>
   </div>
   <div class='ocr_carea' id='block_1_88' title="bbox 2263 2567 3867 2638">
    <p class='ocr_par' dir='ltr' id='par_1_88' title="bbox 2263 2567 3867 2638">
     <span class='ocr_line' id='line_1_89' title="bbox 2263 2567 3867 2638; baseline 0 -14"><span class='ocrx_word' id='word_1_578' title='bbox 2263 2586 2404 2634; x_wconf 89' lang='lat' dir='ltr'><strong>rmu,</strong></span> <span class='ocrx_word' id='word_1_579' title='bbox 2447 2571 2594 2625; x_wconf 91' lang='lat' dir='ltr'><strong>nulla</strong></span> <span class='ocrx_word' id='word_1_580' title='bbox 2636 2570 2877 2626; x_wconf 90' lang='lat' dir='ltr'><strong>donatio.</strong></span> <span class='ocrx_word' id='word_1_581' title='bbox 2923 2570 2992 2626; x_wconf 91' lang='lat' dir='ltr'><strong>Et</strong></span> <span class='ocrx_word' id='word_1_582' title='bbox 3040 2570 3133 2627; x_wconf 93' lang='lat' dir='ltr'><strong>ubi</strong></span> <span class='ocrx_word' id='word_1_583' title='bbox 3166 2571 3220 2625; x_wconf 94' lang='lat' dir='ltr'><strong>in</strong></span> <span class='ocrx_word' id='word_1_584' title='bbox 3263 2569 3509 2626; x_wconf 90' lang='lat' dir='ltr'><strong>moribus</strong></span> <span class='ocrx_word' id='word_1_585' title='bbox 3557 2567 3722 2638; x_wconf 86' lang='lat' dir='ltr'><strong>culpa</strong></span> <span class='ocrx_word' id='word_1_586' title='bbox 3756 2583 3867 2624; x_wconf 93' lang='lat' dir='ltr'><strong>non</strong></span> 
     </span>
    </p>
   </div>
   <div class='ocr_carea' id='block_1_89' title="bbox 2257 2660 3862 2732">
    <p class='ocr_par' dir='ltr' id='par_1_89' title="bbox 2257 2660 3862 2732">
     <span class='ocr_line' id='line_1_90' title="bbox 2257 2660 3862 2732; baseline -0.001 -17"><span class='ocrx_word' id='word_1_587' title='bbox 2257 2660 2718 2732; x_wconf 84' lang='lat' dir='ltr'><strong>deprehenditur;</strong></span> <span class='ocrx_word' id='word_1_588' title='bbox 2751 2673 2932 2718; x_wconf 90' lang='lat' dir='ltr'><strong>tamen</strong></span> <span class='ocrx_word' id='word_1_589' title='bbox 2974 2660 3159 2717; x_wconf 89' lang='lat' dir='ltr'><strong>ofﬁcio</strong></span> <span class='ocrx_word' id='word_1_590' title='bbox 3205 2661 3401 2716; x_wconf 91' lang='lat' dir='ltr'><strong>mulcta</strong></span> <span class='ocrx_word' id='word_1_591' title='bbox 3456 2661 3862 2730; x_wconf 65' lang='lat' dir='ltr'><strong>praescribitur.</strong></span> 
     </span>
    </p>
   </div>
   <div class='ocr_carea' id='block_1_90' title="bbox 2255 2750 3862 2823">
    <p class='ocr_par' dir='ltr' id='par_1_90' title="bbox 2255 2750 3862 2823">
     <span class='ocr_line' id='line_1_91' title="bbox 2255 2750 3862 2823; baseline 0.001 -19"><span class='ocrx_word' id='word_1_592' title='bbox 2255 2753 2408 2820; x_wconf 86' lang='lat' dir='ltr'><strong>Quod</strong></span> <span class='ocrx_word' id='word_1_593' title='bbox 2442 2752 2825 2809; x_wconf 86' lang='lat' dir='ltr'><strong>sacerdotibus</strong></span> <span class='ocrx_word' id='word_1_594' title='bbox 2871 2752 2982 2806; x_wconf 88' lang='lat' dir='ltr'><strong>fani</strong></span> <span class='ocrx_word' id='word_1_595' title='bbox 3019 2752 3281 2823; x_wconf 90' lang='lat' dir='ltr'><strong>legaverit</strong></span> <span class='ocrx_word' id='word_1_596' title='bbox 3325 2751 3626 2807; x_wconf 87' lang='lat' dir='ltr'><strong>christiana</strong></span> <span class='ocrx_word' id='word_1_597' title='bbox 3658 2750 3824 2806; x_wconf 88' lang='lat' dir='ltr'><strong>vidua</strong></span> <span class='ocrx_word' id='word_1_598' title='bbox 3847 2789 3862 2816; x_wconf 91' lang='lat'><strong>,</strong></span> 
     </span>
    </p>
   </div>
   <div class='ocr_carea' id='block_1_91' title="bbox 2255 2845 3866 2916">
    <p class='ocr_par' dir='ltr' id='par_1_91' title="bbox 2255 2845 3866 2916">
     <span class='ocr_line' id='line_1_92' title="bbox 2255 2845 3866 2916; baseline 0.001 -18"><span class='ocrx_word' id='word_1_599' title='bbox 2255 2846 2400 2902; x_wconf 88' lang='lat' dir='ltr'><strong>valet</strong></span> <span class='ocrx_word' id='word_1_600' title='bbox 2423 2864 2436 2899; x_wconf 92' lang='lat'><strong>:</strong></span> <span class='ocrx_word' id='word_1_601' title='bbox 2459 2847 2600 2916; x_wconf 93' lang='lat' dir='ltr'><strong>quod</strong></span> <span class='ocrx_word' id='word_1_602' title='bbox 2620 2845 2887 2902; x_wconf 90' lang='lat' dir='ltr'><strong>ministris</strong></span> <span class='ocrx_word' id='word_1_603' title='bbox 2905 2846 3022 2914; x_wconf 83' lang='lat' dir='ltr'><strong>Dei,</strong></span> <span class='ocrx_word' id='word_1_604' title='bbox 3049 2861 3156 2902; x_wconf 93' lang='lat' dir='ltr'><strong>non</strong></span> <span class='ocrx_word' id='word_1_605' title='bbox 3182 2845 3347 2902; x_wconf 90' lang='lat' dir='ltr'><strong>valet.</strong></span> <span class='ocrx_word' id='word_1_606' title='bbox 3366 2845 3523 2914; x_wconf 85' lang='lat' dir='ltr'><strong>Quod</strong></span> <span class='ocrx_word' id='word_1_607' title='bbox 3540 2860 3650 2916; x_wconf 89' lang='lat' dir='ltr'><strong>ego</strong></span> <span class='ocrx_word' id='word_1_608' title='bbox 3673 2861 3787 2902; x_wconf 93' lang='lat' dir='ltr'><strong>non</strong></span> <span class='ocrx_word' id='word_1_609' title='bbox 3809 2855 3866 2901; x_wconf 89' lang='lat' dir='ltr'><strong>ut</strong></span> 
     </span>
    </p>
   </div>
   <div class='ocr_carea' id='block_1_92' title="bbox 2252 2938 3860 3010">
    <p class='ocr_par' dir='ltr' id='par_1_92' title="bbox 2252 2938 3860 3010">
     <span class='ocr_line' id='line_1_93' title="bbox 2252 2938 3860 3010; baseline 0 -17"><span class='ocrx_word' id='word_1_610' title='bbox 2252 2954 2473 3010; x_wconf 90' lang='lat' dir='ltr'><strong>querar,</strong></span> <span class='ocrx_word' id='word_1_611' title='bbox 2501 2938 2598 2994; x_wconf 88' lang='lat' dir='ltr'><strong>sed</strong></span> <span class='ocrx_word' id='word_1_612' title='bbox 2619 2939 2864 2994; x_wconf 87' lang='lat' dir='ltr'><strong>utsciant</strong></span> <span class='ocrx_word' id='word_1_613' title='bbox 2884 2939 3014 3009; x_wconf 90' lang='lat' dir='ltr'><strong>quid</strong></span> <span class='ocrx_word' id='word_1_614' title='bbox 3043 2954 3150 2994; x_wconf 92' lang='lat' dir='ltr'><strong>non</strong></span> <span class='ocrx_word' id='word_1_615' title='bbox 3175 2955 3404 3010; x_wconf 87' lang='lat' dir='ltr'><strong>querar,</strong></span> <span class='ocrx_word' id='word_1_616' title='bbox 3427 2938 3860 3010; x_wconf 88' lang='lat' dir='ltr'><strong>comprehendi;</strong></span> 
     </span>
    </p>
   </div>
   <div class='ocr_carea' id='block_1_93' title="bbox 2251 3031 3860 3104">
    <p class='ocr_par' dir='ltr' id='par_1_93' title="bbox 2251 3031 3860 3104">
     <span class='ocr_line' id='line_1_94' title="bbox 2251 3031 3860 3104; baseline -0.001 -19"><span class='ocrx_word' id='word_1_617' title='bbox 2251 3031 2396 3087; x_wconf 91' lang='lat' dir='ltr'><strong>malo</strong></span> <span class='ocrx_word' id='word_1_618' title='bbox 2426 3032 2570 3087; x_wconf 92' lang='lat' dir='ltr'><strong>enim</strong></span> <span class='ocrx_word' id='word_1_619' title='bbox 2604 3047 2705 3086; x_wconf 91' lang='lat' dir='ltr'><strong>nos</strong></span> <span class='ocrx_word' id='word_1_620' title='bbox 2734 3033 2963 3102; x_wconf 87' lang='lat' dir='ltr'><strong>pecunia</strong></span> <span class='ocrx_word' id='word_1_621' title='bbox 2992 3032 3234 3088; x_wconf 88' lang='lat' dir='ltr'><strong>minores</strong></span> <span class='ocrx_word' id='word_1_622' title='bbox 3273 3046 3397 3087; x_wconf 89' lang='lat' dir='ltr'><strong>esse</strong></span> <span class='ocrx_word' id='word_1_623' title='bbox 3416 3071 3432 3096; x_wconf 96' lang='lat'><strong>,</strong></span> <span class='ocrx_word' id='word_1_624' title='bbox 3461 3047 3626 3103; x_wconf 88' lang='lat' dir='ltr'><strong>quam</strong></span> <span class='ocrx_word' id='word_1_625' title='bbox 3665 3032 3860 3104; x_wconf 89' lang='lat' dir='ltr'><strong>gratia.</strong></span> 
     </span>
    </p>
   </div>
   <div class='ocr_carea' id='block_1_94' title="bbox 2329 3121 3861 3203">
    <p class='ocr_par' dir='ltr' id='par_1_94' title="bbox 2329 3121 3861 3203">
     <span class='ocr_line' id='line_1_95' title="bbox 2329 3121 3861 3203; baseline -0.001 -26"><span class='ocrx_word' id='word_1_626' title='bbox 2329 3123 2418 3178; x_wconf 87' lang='grc'><strong>15.</strong></span> <span class='ocrx_word' id='word_1_627' title='bbox 2444 3121 2562 3203; x_wconf 82' lang='lat' dir='ltr'><strong>Sed</strong></span> <span class='ocrx_word' id='word_1_628' title='bbox 2603 3122 2872 3190; x_wconf 90' lang='lat' dir='ltr'><strong>referunt,</strong></span> <span class='ocrx_word' id='word_1_629' title='bbox 2901 3137 2965 3180; x_wconf 90' lang='lat' dir='ltr'><strong>ea</strong></span> <span class='ocrx_word' id='word_1_630' title='bbox 2997 3139 3120 3194; x_wconf 73' lang='lat' dir='ltr'><strong>qua:</strong></span> <span class='ocrx_word' id='word_1_631' title='bbox 3147 3122 3234 3179; x_wconf 87' lang='lat' dir='ltr'><strong>vel</strong></span> <span class='ocrx_word' id='word_1_632' title='bbox 3283 3123 3481 3179; x_wconf 86' lang='lat' dir='ltr'><strong>donata</strong></span> <span class='ocrx_word' id='word_1_633' title='bbox 3524 3123 3616 3178; x_wconf 89' lang='lat' dir='ltr'><strong>vel</strong></span> <span class='ocrx_word' id='word_1_634' title='bbox 3664 3123 3861 3179; x_wconf 84' lang='lat' dir='ltr'><strong>relicta</strong></span> 
     </span>
    </p>
   </div>
   <div class='ocr_carea' id='block_1_95' title="bbox 2253 3214 3861 3285">
    <p class='ocr_par' dir='ltr' id='par_1_95' title="bbox 2253 3214 3861 3285">
     <span class='ocr_line' id='line_1_96' title="bbox 2253 3214 3861 3285; baseline 0 -15"><span class='ocrx_word' id='word_1_635' title='bbox 2253 3222 2382 3270; x_wconf 89' lang='lat' dir='ltr'><strong>sunt</strong></span> <span class='ocrx_word' id='word_1_636' title='bbox 2421 3214 2724 3283; x_wconf 70' lang='lat' dir='ltr'><strong>Ecclesiaz,</strong></span> <span class='ocrx_word' id='word_1_637' title='bbox 2773 3231 2881 3271; x_wconf 93' lang='lat' dir='ltr'><strong>non</strong></span> <span class='ocrx_word' id='word_1_638' title='bbox 2922 3229 3052 3271; x_wconf 90' lang='lat' dir='ltr'><strong>esse</strong></span> <span class='ocrx_word' id='word_1_639' title='bbox 3096 3223 3378 3272; x_wconf 88' lang='lat' dir='ltr'><strong>temerata.</strong></span> <span class='ocrx_word' id='word_1_640' title='bbox 3412 3215 3609 3271; x_wconf 88' lang='lat' dir='ltr'><strong>Dicant</strong></span> <span class='ocrx_word' id='word_1_641' title='bbox 3654 3225 3713 3271; x_wconf 89' lang='lat' dir='ltr'><strong>et</strong></span> <span class='ocrx_word' id='word_1_642' title='bbox 3759 3215 3861 3285; x_wconf 87' lang='lat' dir='ltr'><strong>ipsi</strong></span> 
     </span>
    </p>
   </div>
   <div class='ocr_carea' id='block_1_96' title="bbox 2253 3304 3859 3379">
    <p class='ocr_par' dir='ltr' id='par_1_96' title="bbox 2253 3304 3859 3379">
     <span class='ocr_line' id='line_1_97' title="bbox 2253 3304 3859 3379; baseline 0.001 -18"><span class='ocrx_word' id='word_1_643' title='bbox 2253 3309 2375 3378; x_wconf 89' lang='lat' dir='ltr'><strong>quis</strong></span> <span class='ocrx_word' id='word_1_644' title='bbox 2427 3309 2644 3378; x_wconf 90' lang='lat' dir='ltr'><strong>templis</strong></span> <span class='ocrx_word' id='word_1_645' title='bbox 2688 3308 2830 3364; x_wconf 91' lang='lat' dir='ltr'><strong>dona</strong></span> <span class='ocrx_word' id='word_1_646' title='bbox 2876 3309 3215 3375; x_wconf 80' lang='lat' dir='ltr'><strong>detraxerit,</strong></span> <span class='ocrx_word' id='word_1_647' title='bbox 3259 3304 3277 3344; x_wconf 67' lang='grc' dir='ltr'>ί</span> <span class='ocrx_word' id='word_1_648' title='bbox 3327 3308 3470 3379; x_wconf 90' lang='lat' dir='ltr'><strong>quod</strong></span> <span class='ocrx_word' id='word_1_649' title='bbox 3525 3308 3734 3365; x_wconf 87' lang='lat' dir='ltr'><strong>factum</strong></span> <span class='ocrx_word' id='word_1_650' title='bbox 3778 3318 3859 3365; x_wconf 90' lang='lat' dir='ltr'><strong>est</strong></span> 
     </span>
    </p>
   </div>
   <div class='ocr_carea' id='block_1_97' title="bbox 2254 3400 3857 3472">
    <p class='ocr_par' dir='ltr' id='par_1_97' title="bbox 2254 3400 3857 3472">
     <span class='ocr_line' id='line_1_98' title="bbox 2254 3400 3857 3472; baseline 0.001 -16"><span class='ocrx_word' id='word_1_651' title='bbox 2254 3400 2586 3456; x_wconf 80' lang='lat' dir='ltr'><strong>Christianis.</strong></span> <span class='ocrx_word' id='word_1_652' title='bbox 2612 3401 2744 3469; x_wconf 66' lang='lat' dir='ltr'><strong>Quae</strong></span> <span class='ocrx_word' id='word_1_653' title='bbox 2774 3401 2820 3456; x_wconf 90' lang='lat' dir='ltr'><strong>si</strong></span> <span class='ocrx_word' id='word_1_654' title='bbox 2859 3401 2995 3456; x_wconf 77' lang='lat' dir='ltr'><strong>facta</strong></span> <span class='ocrx_word' id='word_1_655' title='bbox 3019 3412 3210 3459; x_wconf 88' lang='lat' dir='ltr'><strong>essent</strong></span> <span class='ocrx_word' id='word_1_656' title='bbox 3236 3401 3563 3472; x_wconf 87' lang='lat' dir='ltr'><strong>gentilibus,</strong></span> <span class='ocrx_word' id='word_1_657' title='bbox 3595 3402 3857 3458; x_wconf 86' lang='lat' dir='ltr'><strong>reddere-</strong></span> 
     </span>
    </p>
   </div>
   <div class='ocr_carea' id='block_1_98' title="bbox 2253 3492 3854 3564">
    <p class='ocr_par' dir='ltr' id='par_1_98' title="bbox 2253 3492 3854 3564">
     <span class='ocr_line' id='line_1_99' title="bbox 2253 3492 3854 3564; baseline 0.004 -18"><span class='ocrx_word' id='word_1_658' title='bbox 2253 3500 2342 3546; x_wconf 93' lang='lat' dir='ltr'><strong>tur</strong></span> <span class='ocrx_word' id='word_1_659' title='bbox 2370 3492 2548 3561; x_wconf 90' lang='lat' dir='ltr'><strong>potius</strong></span> <span class='ocrx_word' id='word_1_660' title='bbox 2569 3508 2730 3558; x_wconf 90' lang='lat' dir='ltr'><strong>quam</strong></span> <span class='ocrx_word' id='word_1_661' title='bbox 2758 3493 3052 3549; x_wconf 89' lang='lat' dir='ltr'><strong>inferretur</strong></span> <span class='ocrx_word' id='word_1_662' title='bbox 3077 3494 3296 3564; x_wconf 88' lang='lat' dir='ltr'><strong>injuria.</strong></span> <span class='ocrx_word' id='word_1_663' title='bbox 3327 3493 3611 3552; x_wconf 84' lang='lat' dir='ltr'><strong>Nunccine</strong></span> <span class='ocrx_word' id='word_1_664' title='bbox 3630 3496 3854 3553; x_wconf 88' lang='lat' dir='ltr'><strong>demum</strong></span> 
     </span>
    </p>
   </div>
   <div class='ocr_carea' id='block_1_99' title="bbox 2249 3585 3854 3659">
    <p class='ocr_par' dir='ltr' id='par_1_99' title="bbox 2249 3585 3854 3659">
     <span class='ocr_line' id='line_1_100' title="bbox 2249 3585 3854 3659; baseline 0.005 -19"><span class='ocrx_word' id='word_1_665' title='bbox 2249 3585 2459 3658; x_wconf 80' lang='lat' dir='ltr'><strong>iustitia</strong></span> <span class='ocrx_word' id='word_1_666' title='bbox 2492 3586 2864 3656; x_wconf 66' lang='lat' dir='ltr'><strong>praetenditur,</strong></span> <span class='ocrx_word' id='word_1_667' title='bbox 2918 3588 3148 3658; x_wconf 65' lang='lat' dir='ltr'><strong>aequitas</strong></span> <span class='ocrx_word' id='word_1_668' title='bbox 3193 3588 3540 3659; x_wconf 86' lang='lat' dir='ltr'><strong>postulatur?</strong></span> <span class='ocrx_word' id='word_1_669' title='bbox 3567 3589 3673 3646; x_wconf 88' lang='lat' dir='ltr'><strong>Ubi</strong></span> <span class='ocrx_word' id='word_1_670' title='bbox 3722 3599 3854 3648; x_wconf 84' lang='lat' dir='ltr'><strong>tunc</strong></span> 
     </span>
    </p>
   </div>
   <div class='ocr_carea' id='block_1_100' title="bbox 2249 3679 3852 3752">
    <p class='ocr_par' dir='ltr' id='par_1_100' title="bbox 2249 3679 3852 3752">
     <span class='ocr_line' id='line_1_101' title="bbox 2249 3679 3852 3752; baseline 0.004 -18"><span class='ocrx_word' id='word_1_671' title='bbox 2249 3687 2366 3734; x_wconf 87' lang='lat' dir='ltr'><strong>erat</strong></span> <span class='ocrx_word' id='word_1_672' title='bbox 2393 3679 2493 3733; x_wconf 94' lang='lat' dir='ltr'><strong>ista</strong></span> <span class='ocrx_word' id='word_1_673' title='bbox 2525 3679 2834 3744; x_wconf 88' lang='lat' dir='ltr'><strong>sententia;</strong></span> <span class='ocrx_word' id='word_1_674' title='bbox 2867 3695 2988 3735; x_wconf 91' lang='lat' dir='ltr'><strong>cum</strong></span> <span class='ocrx_word' id='word_1_675' title='bbox 3017 3680 3246 3752; x_wconf 91' lang='lat' dir='ltr'><strong>direptis</strong></span> <span class='ocrx_word' id='word_1_676' title='bbox 3266 3680 3700 3738; x_wconf 83' lang='lat' dir='ltr'><strong>christianornm</strong></span> <span class='ocrx_word' id='word_1_677' title='bbox 3733 3699 3852 3741; x_wconf 89' lang='lat' dir='ltr'><strong>om-</strong></span> 
     </span>
    </p>
   </div>
   <div class='ocr_carea' id='block_1_101' title="bbox 2247 3771 3849 3847">
    <p class='ocr_par' dir='ltr' id='par_1_101' title="bbox 2247 3771 3849 3847">
     <span class='ocr_line' id='line_1_102' title="bbox 2247 3771 3849 3847; baseline 0.006 -21"><span class='ocrx_word' id='word_1_678' title='bbox 2247 3774 2397 3827; x_wconf 91' lang='lat' dir='ltr'><strong>nium</strong></span> <span class='ocrx_word' id='word_1_679' title='bbox 2419 3771 2792 3840; x_wconf 90' lang='lat' dir='ltr'><strong>facultatibus,</strong></span> <span class='ocrx_word' id='word_1_680' title='bbox 2822 3775 2970 3844; x_wconf 91' lang='lat' dir='ltr'><strong>ipsos</strong></span> <span class='ocrx_word' id='word_1_681' title='bbox 3001 3775 3197 3831; x_wconf 81' lang='lat' dir='ltr'><strong>vitales</strong></span> <span class='ocrx_word' id='word_1_682' title='bbox 3213 3775 3849 3847; x_wconf 87' lang='lat' dir='ltr'><strong>anhelitusinviderent,</strong></span> 
     </span>
    </p>
   </div>
   <div class='ocr_carea' id='block_1_102' title="bbox 2250 3864 3848 3937">
    <p class='ocr_par' dir='ltr' id='par_1_102' title="bbox 2250 3864 3848 3937">
     <span class='ocr_line' id='line_1_103' title="bbox 2250 3864 3848 3937; baseline 0.005 -17"><span class='ocrx_word' id='word_1_683' title='bbox 2250 3873 2306 3920; x_wconf 91' lang='lat' dir='ltr'><strong>et</strong></span> <span class='ocrx_word' id='word_1_684' title='bbox 2341 3864 2505 3920; x_wconf 93' lang='lat' dir='ltr'><strong>nullis</strong></span> <span class='ocrx_word' id='word_1_685' title='bbox 2546 3878 2774 3936; x_wconf 87' lang='lat' dir='ltr'><strong>usquam</strong></span> <span class='ocrx_word' id='word_1_686' title='bbox 2823 3876 3017 3937; x_wconf 88' lang='lat' dir='ltr'><strong>negata</strong></span> <span class='ocrx_word' id='word_1_687' title='bbox 3075 3867 3346 3923; x_wconf 83' lang='lat' dir='ltr'><strong>defunctis</strong></span> <span class='ocrx_word' id='word_1_688' title='bbox 3394 3867 3710 3926; x_wconf 88' lang='lat' dir='ltr'><strong>inhiberent</strong></span> <span class='ocrx_word' id='word_1_689' title='bbox 3756 3888 3848 3928; x_wconf 89' lang='lat' dir='ltr'><strong>su-</strong></span> 
     </span>
    </p>
   </div>
   <div class='ocr_carea' id='block_1_103' title="bbox 2250 3955 3848 4031">
    <p class='ocr_par' dir='ltr' id='par_1_103' title="bbox 2250 3955 3848 4031">
     <span class='ocr_line' id='line_1_104' title="bbox 2250 3955 3848 4031; baseline 0.006 -22"><span class='ocrx_word' id='word_1_690' title='bbox 2250 3970 2456 4025; x_wconf 69' lang='lat' dir='ltr'><strong>prema:</strong></span> <span class='ocrx_word' id='word_1_691' title='bbox 2484 3956 2815 4011; x_wconf 90' lang='lat' dir='ltr'><strong>commercia</strong></span> <span class='ocrx_word' id='word_1_692' title='bbox 2854 3955 3190 4024; x_wconf 64' lang='lat' dir='ltr'><strong>sepulturae?</strong></span> <span class='ocrx_word' id='word_1_693' title='bbox 3219 3957 3370 4024; x_wconf 87' lang='lat' dir='ltr'><strong>Quos</strong></span> <span class='ocrx_word' id='word_1_694' title='bbox 3397 3959 3635 4030; x_wconf 85' lang='lat' dir='ltr'><strong>gentiles</strong></span> <span class='ocrx_word' id='word_1_695' title='bbox 3655 3963 3848 4031; x_wconf 63' lang='lat' dir='ltr'><strong>praeci-</strong></span> 
     </span>
    </p>
   </div>
   <div class='ocr_carea' id='block_1_104' title="bbox 2247 4047 3843 4122">
    <p class='ocr_par' dir='ltr' id='par_1_104' title="bbox 2247 4047 3843 4122">
     <span class='ocr_line' id='line_1_105' title="bbox 2247 4047 3843 4122; baseline 0.007 -22"><span class='ocrx_word' id='word_1_696' title='bbox 2247 4047 2510 4116; x_wconf 90' lang='lat' dir='ltr'><strong>pitarunt,</strong></span> <span class='ocrx_word' id='word_1_697' title='bbox 2543 4048 2711 4101; x_wconf 88' lang='lat' dir='ltr'><strong>maria</strong></span> <span class='ocrx_word' id='word_1_698' title='bbox 2742 4047 3119 4104; x_wconf 88' lang='lat' dir='ltr'><strong>reddiderunt.</strong></span> <span class='ocrx_word' id='word_1_699' title='bbox 3153 4050 3304 4106; x_wconf 88' lang='lat' dir='ltr'><strong>Fidei</strong></span> <span class='ocrx_word' id='word_1_700' title='bbox 3340 4051 3441 4106; x_wconf 92' lang='lat' dir='ltr'><strong>ista</strong></span> <span class='ocrx_word' id='word_1_701' title='bbox 3471 4051 3706 4110; x_wconf 84' lang='lat' dir='ltr'><strong>victoria</strong></span> <span class='ocrx_word' id='word_1_702' title='bbox 3737 4064 3843 4122; x_wconf 89' lang='lat' dir='ltr'><strong>est,</strong></span> 
     </span>
    </p>
   </div>
   <div class='ocr_carea' id='block_1_105' title="bbox 2245 4139 3844 4217">
    <p class='ocr_par' dir='ltr' id='par_1_105' title="bbox 2245 4139 3844 4217">
     <span class='ocr_line' id='line_1_106' title="bbox 2245 4139 3844 4217; baseline 0.006 -24"><span class='ocrx_word' id='word_1_703' title='bbox 2245 4139 2390 4209; x_wconf 93' lang='lat' dir='ltr'><strong>quod</strong></span> <span class='ocrx_word' id='word_1_704' title='bbox 2435 4147 2490 4194; x_wconf 91' lang='lat' dir='ltr'><strong>et</strong></span> <span class='ocrx_word' id='word_1_705' title='bbox 2522 4140 2623 4207; x_wconf 90' lang='lat' dir='ltr'><strong>ipsi</strong></span> <span class='ocrx_word' id='word_1_706' title='bbox 2669 4139 2778 4210; x_wconf 86' lang='lat' dir='ltr'><strong>jam</strong></span> <span class='ocrx_word' id='word_1_707' title='bbox 2805 4139 2948 4195; x_wconf 90' lang='lat' dir='ltr'><strong>facta</strong></span> <span class='ocrx_word' id='word_1_708' title='bbox 2981 4141 3247 4213; x_wconf 89' lang='lat' dir='ltr'><strong>majorum</strong></span> <span class='ocrx_word' id='word_1_709' title='bbox 3297 4148 3563 4215; x_wconf 67' lang='lat' dir='ltr'><strong>carpunt”,</strong></span> <span class='ocrx_word' id='word_1_710' title='bbox 3607 4161 3844 4217; x_wconf 88' lang='lat' dir='ltr'><strong>quorum</strong></span> 
     </span>
    </p>
   </div>
   <div class='ocr_carea' id='block_1_106' title="bbox 2247 4231 3844 4304">
    <p class='ocr_par' dir='ltr' id='par_1_106' title="bbox 2247 4231 3844 4304">
     <span class='ocr_line' id='line_1_107' title="bbox 2247 4231 3844 4304; baseline 0.006 -18"><span class='ocrx_word' id='word_1_711' title='bbox 2247 4239 2401 4302; x_wconf 89' lang='lat' dir='ltr'><strong>gesta</strong></span> <span class='ocrx_word' id='word_1_712' title='bbox 2446 4231 2830 4287; x_wconf 90' lang='lat' dir='ltr'><strong>condemnant.</strong></span> <span class='ocrx_word' id='word_1_713' title='bbox 2865 4231 2973 4288; x_wconf 92' lang='lat' dir='ltr'><strong>Sed</strong></span> <span class='ocrx_word' id='word_1_714' title='bbox 3001 4248 3145 4304; x_wconf 68' lang='lat' dir='ltr'><strong>quae,</strong></span> <span class='ocrx_word' id='word_1_715' title='bbox 3174 4234 3415 4291; x_wconf 90' lang='lat' dir='ltr'><strong>malum!</strong></span> <span class='ocrx_word' id='word_1_716' title='bbox 3449 4238 3614 4304; x_wconf 88' lang='lat' dir='ltr'><strong>ratio,</strong></span> <span class='ocrx_word' id='word_1_717' title='bbox 3656 4248 3714 4294; x_wconf 93' lang='lat' dir='ltr'><strong>ut</strong></span> <span class='ocrx_word' id='word_1_718' title='bbox 3744 4255 3844 4296; x_wconf 80' lang='lat' dir='ltr'><strong>eo-</strong></span> 
     </span>
    </p>
   </div>
   <div class='ocr_carea' id='block_1_107' title="bbox 2247 4331 3735 4400">
    <p class='ocr_par' dir='ltr' id='par_1_107' title="bbox 2247 4331 3735 4400">
     <span class='ocr_line' id='line_1_108' title="bbox 2247 4331 3735 4400; baseline 0.003 -20"><span class='ocrx_word' id='word_1_719' title='bbox 2247 4341 2368 4381; x_wconf 93' lang='lat' dir='ltr'><strong>rum</strong></span> <span class='ocrx_word' id='word_1_720' title='bbox 2398 4340 2622 4382; x_wconf 87' lang='lat' dir='ltr'><strong>munera</strong></span> <span class='ocrx_word' id='word_1_721' title='bbox 2654 4335 2862 4397; x_wconf 88' lang='lat' dir='ltr'><strong>petant,</strong></span> <span class='ocrx_word' id='word_1_722' title='bbox 2885 4342 3118 4397; x_wconf 89' lang='lat' dir='ltr'><strong>quorum</strong></span> <span class='ocrx_word' id='word_1_723' title='bbox 3145 4337 3298 4400; x_wconf 84' lang='lat' dir='ltr'><strong>gesta</strong></span> <span class='ocrx_word' id='word_1_724' title='bbox 3325 4331 3735 4388; x_wconf 73' lang='lat' dir='ltr'><strong>condemnant?</strong></span> 
     </span>
    </p>
   </div>
   <div class='ocr_carea' id='block_1_108' title="bbox 2280 4526 3838 4607">
    <p class='ocr_par' dir='ltr' id='par_1_108' title="bbox 2280 4526 3838 4607">
     <span class='ocr_line' id='line_1_109' title="bbox 2280 4526 3838 4607; baseline 0.01 -30"><span class='ocrx_word' id='word_1_725' title='bbox 2280 4535 2402 4606; x_wconf 55' lang='lat' dir='ltr'><strong>iom.</strong></span> <span class='ocrx_word' id='word_1_726' title='bbox 2436 4526 2783 4607; x_wconf 75' lang='lat' dir='ltr'><strong>destinatam,</strong></span> <span class='ocrx_word' id='word_1_727' title='bbox 2807 4541 2911 4598; x_wconf 90' lang='lat' dir='ltr'><strong>qua</strong></span> <span class='ocrx_word' id='word_1_728' title='bbox 2941 4526 3184 4607; x_wconf 78' lang='lat' dir='ltr'><strong>d_e__facto_</strong></span> <span class='ocrx_word' id='word_1_729' title='bbox 3205 4529 3391 4607; x_wconf 84' lang='lat' dir='ltr'><strong>clerici</strong></span> <span class='ocrx_word' id='word_1_730' title='bbox 3414 4533 3780 4603; x_wconf 83' lang='lat' dir='ltr'><strong>prohibentur</strong></span> <span class='ocrx_word' id='word_1_731' title='bbox 3807 4555 3838 4594; x_wconf 90' lang='lat' dir='ltr'><strong>a</strong></span> 
     </span>
    </p>
   </div>
   <div class='ocr_carea' id='block_1_109' title="bbox 2240 4596 3839 4676">
    <p class='ocr_par' dir='ltr' id='par_1_109' title="bbox 2240 4596 3839 4676">
     <span class='ocr_line' id='line_1_110' title="bbox 2240 4596 3839 4676; baseline 0.011 -28"><span class='ocrx_word' id='word_1_732' title='bbox 2240 4596 2710 4676; x_wconf 62' lang='lat' dir='ltr'><strong>piismulieribus,</strong></span> <span class='ocrx_word' id='word_1_733' title='bbox 2743 4596 2864 4666; x_wconf 74' lang='lat' dir='ltr'><strong>qua:</strong></span> <span class='ocrx_word' id='word_1_734' title='bbox 2882 4614 2948 4676; x_wconf 74' lang='lat' dir='ltr'><strong>se</strong></span> <span class='ocrx_word' id='word_1_735' title='bbox 2971 4600 3076 4676; x_wconf 79' lang='lat' dir='ltr'><strong>iliis</strong></span> <span class='ocrx_word' id='word_1_736' title='bbox 3099 4596 3474 4676; x_wconf 75' lang='lat' dir='ltr'><strong>adjunxeritit,</strong></span> <span class='ocrx_word' id='word_1_737' title='bbox 3507 4615 3839 4666; x_wconf 88' lang='lat' dir='ltr'><strong>testamento</strong></span> 
     </span>
    </p>
   </div>
   <div class='ocr_carea' id='block_1_110' title="bbox 2237 4665 3836 4736">
    <p class='ocr_par' dir='ltr' id='par_1_110' title="bbox 2237 4665 3836 4736">
     <span class='ocr_line' id='line_1_111' title="bbox 2237 4665 3836 4736; baseline 0.009 -16"><span class='ocrx_word' id='word_1_738' title='bbox 2237 4665 2526 4736; x_wconf 90' lang='lat' dir='ltr'><strong>quidquam</strong></span> <span class='ocrx_word' id='word_1_739' title='bbox 2557 4665 2825 4736; x_wconf 85' lang='lat' dir='ltr'><strong>accipere.</strong></span> <span class='ocrx_word' id='word_1_740' title='bbox 2873 4669 3030 4736; x_wconf 84' lang='lat' dir='ltr'><strong>Quod</strong></span> <span class='ocrx_word' id='word_1_741' title='bbox 3078 4665 3260 4728; x_wconf 77' lang='lat' dir='ltr'><strong>autem</strong></span> <span class='ocrx_word' id='word_1_742' title='bbox 3293 4665 3619 4734; x_wconf 83' lang='lat' dir='ltr'><strong>Ambrosius</strong></span> <span class='ocrx_word' id='word_1_743' title='bbox 3663 4665 3836 4736; x_wconf 83' lang='lat' dir='ltr'><strong>detri-</strong></span> 
     </span>
    </p>
   </div>
   <div class='ocr_carea' id='block_1_111' title="bbox 2236 4738 3834 4819">
    <p class='ocr_par' dir='ltr' id='par_1_111' title="bbox 2236 4738 3834 4819">
     <span class='ocr_line' id='line_1_112' title="bbox 2236 4738 3834 4819; baseline 0.011 -28"><span class='ocrx_word' id='word_1_744' title='bbox 2236 4749 2442 4819; x_wconf 53' lang='lat' dir='ltr'><strong>mento:</strong></span> <span class='ocrx_word' id='word_1_745' title='bbox 2475 4738 2845 4819; x_wconf 43' lang='lat' dir='ltr'><strong>quodneadem</strong></span> <span class='ocrx_word' id='word_1_746' title='bbox 2878 4741 2964 4796; x_wconf 85' lang='lat' dir='ltr'><strong>lex</strong></span> <span class='ocrx_word' id='word_1_747' title='bbox 3017 4745 3228 4819; x_wconf 74' lang='lat' dir='ltr'><strong>clericis</strong></span> <span class='ocrx_word' id='word_1_748' title='bbox 3272 4743 3585 4817; x_wconf 87' lang='lat' dir='ltr'><strong>irrogabat.</strong></span> <span class='ocrx_word' id='word_1_749' title='bbox 3634 4765 3695 4806; x_wconf 86' lang='lat' dir='ltr'><strong>se</strong></span> <span class='ocrx_word' id='word_1_750' title='bbox 3724 4769 3834 4808; x_wconf 89' lang='lat' dir='ltr'><strong>non</strong></span> 
     </span>
    </p>
   </div>
   <div class='ocr_carea' id='block_1_112' title="bbox 2234 4808 3833 4888">
    <p class='ocr_par' dir='ltr' id='par_1_112' title="bbox 2234 4808 3833 4888">
     <span class='ocr_line' id='line_1_113' title="bbox 2234 4808 3833 4888; baseline 0.012 -26"><span class='ocrx_word' id='word_1_751' title='bbox 2234 4808 2442 4888; x_wconf 78' lang='lat' dir='ltr'><strong>moveri</strong></span> <span class='ocrx_word' id='word_1_752' title='bbox 2486 4808 2828 4888; x_wconf 77' lang='lat' dir='ltr'><strong>testiﬁcatur,</strong></span> <span class='ocrx_word' id='word_1_753' title='bbox 2862 4826 2984 4888; x_wconf 85' lang='lat' dir='ltr'><strong>cum</strong></span> <span class='ocrx_word' id='word_1_754' title='bbox 3037 4808 3654 4888; x_wconf 52' lang='lat' dir='ltr'><strong>llieronymo&#39;pulchre</strong></span> <span class='ocrx_word' id='word_1_755' title='bbox 3702 4839 3833 4880; x_wconf 90' lang='lat' dir='ltr'><strong>con-</strong></span> 
     </span>
    </p>
   </div>
   <div class='ocr_carea' id='block_1_113' title="bbox 2232 4879 3830 4960">
    <p class='ocr_par' dir='ltr' id='par_1_113' title="bbox 2232 4879 3830 4960">
     <span class='ocr_line' id='line_1_114' title="bbox 2232 4879 3830 4960; baseline 0.011 -28"><span class='ocrx_word' id='word_1_756' title='bbox 2232 4879 2398 4960; x_wconf 86' lang='lat' dir='ltr'><strong>sentit</strong></span> <span class='ocrx_word' id='word_1_757' title='bbox 2423 4879 2566 4960; x_wconf 35' lang='grc' dir='ltr'><strong>ευξεά</strong></span> <span class='ocrx_word' id='word_1_758' title='bbox 2601 4879 2687 4960; x_wconf 85' lang='lat' dir='ltr'><strong>hic</strong></span> <span class='ocrx_word' id='word_1_759' title='bbox 2724 4896 2785 4960; x_wconf 82' lang='lat' dir='ltr'><strong>se</strong></span> <span class='ocrx_word' id='word_1_760' title='bbox 2827 4884 3065 4951; x_wconf 88' lang='lat' dir='ltr'><strong>graviter</strong></span> <span class='ocrx_word' id='word_1_761' title='bbox 3094 4879 3278 4960; x_wconf 81' lang='lat' dir='ltr'><strong>dolere</strong></span> <span class='ocrx_word' id='word_1_762' title='bbox 3309 4879 3440 4943; x_wconf 59' lang='lat' dir='ltr'><strong>non&#39;</strong></span> <span class='ocrx_word' id='word_1_763' title='bbox 3469 4879 3830 4960; x_wconf 54' lang='lat' dir='ltr'><strong>dissimulat,</strong></span> 
     </span>
    </p>
   </div>
   <div class='ocr_carea' id='block_1_114' title="bbox 2231 4949 3830 5032">
    <p class='ocr_par' dir='ltr' id='par_1_114' title="bbox 2231 4949 3830 5032">
     <span class='ocr_line' id='line_1_115' title="bbox 2231 4949 3830 5032; baseline 0.013 -30"><span class='ocrx_word' id='word_1_764' title='bbox 2231 4949 2374 5032; x_wconf 78' lang='lat' dir='ltr'><strong>quod</strong></span> <span class='ocrx_word' id='word_1_765' title='bbox 2397 4949 2582 5032; x_wconf 73' lang='lat' dir='ltr'><strong>eidem</strong></span> <span class='ocrx_word' id='word_1_766' title='bbox 2633 4951 2762 5032; x_wconf 83' lang='lat' dir='ltr'><strong>legi_</strong></span> <span class='ocrx_word' id='word_1_767' title='bbox 2786 4949 3007 5032; x_wconf 76' lang='lat' dir='ltr'><strong>causam</strong></span> <span class='ocrx_word' id='word_1_768' title='bbox 3030 4959 3325 5032; x_wconf 76' lang='lat' dir='ltr'><strong>prmbuerlt</strong></span> <span class='ocrx_word' id='word_1_769' title='bbox 3347 4961 3676 5032; x_wconf 85' lang='lat' dir='ltr'><strong>clericorum</strong></span> <span class='ocrx_word' id='word_1_770' title='bbox 3705 4949 3830 5022; x_wconf 53' lang='lat' dir='ltr'><strong>atra:</strong></span> 
     </span>
    </p>
   </div>
   <div class='ocr_carea' id='block_1_115' title="bbox 2227 5021 3828 5100">
    <p class='ocr_par' dir='ltr' id='par_1_115' title="bbox 2227 5021 3828 5100">
     <span class='ocr_line' id='line_1_116' title="bbox 2227 5021 3828 5100; baseline 0.013 -26"><span class='ocrx_word' id='word_1_771' title='bbox 2227 5022 2371 5100; x_wconf 88' lang='lat' dir='ltr'><strong>ritia.</strong></span> <span class='ocrx_word' id='word_1_772' title='bbox 2396 5021 2542 5093; x_wconf 90' lang='lat' dir='ltr'><strong>Lege</strong></span> <span class='ocrx_word' id='word_1_773' title='bbox 2560 5021 2856 5080; x_wconf 84' lang='lat' dir='ltr'><strong>secundam</strong></span> <span class='ocrx_word' id='word_1_774' title='bbox 2888 5021 3134 5096; x_wconf 83' lang='lat' dir='ltr'><strong>ejusdem</strong></span> <span class='ocrx_word' id='word_1_775' title='bbox 3167 5031 3455 5100; x_wconf 89' lang='lat' dir='ltr'><strong>epistolam</strong></span> <span class='ocrx_word' id='word_1_776' title='bbox 3485 5033 3554 5090; x_wconf 92' lang='lat' dir='ltr'><strong>de</strong></span> <span class='ocrx_word' id='word_1_777' title='bbox 3587 5021 3828 5095; x_wconf 81' lang='lat' dir='ltr'><strong>vitaCle-</strong></span> 
     </span>
    </p>
   </div>
   <div class='ocr_carea' id='block_1_116' title="bbox 2223 5093 2484 5148">
    <p class='ocr_par' dir='ltr' id='par_1_116' title="bbox 2223 5093 2484 5148">
     <span class='ocr_line' id='line_1_117' title="bbox 2223 5093 2484 5148; baseline 0 -3"><span class='ocrx_word' id='word_1_778' title='bbox 2223 5093 2484 5148; x_wconf 89' lang='lat' dir='ltr'><strong>ricorum.</strong></span> 
     </span>
    </p>
   </div>
   <div class='ocr_carea' id='block_1_117' title="bbox 2300 5164 3825 5251">
    <p class='ocr_par' dir='ltr' id='par_1_117' title="bbox 2300 5164 3825 5251">
     <span class='ocr_line' id='line_1_118' title="bbox 2300 5164 3825 5251; baseline 0.01 -33"><span class='ocrx_word' id='word_1_779' title='bbox 2300 5173 2324 5209; x_wconf 69' lang='grc' dir='ltr'>ε</span> <span class='ocrx_word' id='word_1_780' title='bbox 2362 5164 2436 5251; x_wconf 73' lang='lat' dir='ltr'><strong>De</strong></span> <span class='ocrx_word' id='word_1_781' title='bbox 2477 5181 2647 5248; x_wconf 78' lang='lat' dir='ltr'><strong>onere</strong></span> <span class='ocrx_word' id='word_1_782' title='bbox 2677 5167 2869 5223; x_wconf 87' lang='lat' dir='ltr'><strong>curiali</strong></span> <span class='ocrx_word' id='word_1_783' title='bbox 2915 5167 3131 5227; x_wconf 90' lang='lat' dir='ltr'><strong>dicetur</strong></span> <span class='ocrx_word' id='word_1_784' title='bbox 3173 5174 3519 5232; x_wconf 91' lang='lat' dir='ltr'><strong>commodius</strong></span> <span class='ocrx_word' id='word_1_785' title='bbox 3566 5180 3718 5251; x_wconf 82' lang='lat' dir='ltr'><strong>epist.</strong></span> <span class='ocrx_word' id='word_1_786' title='bbox 3758 5182 3825 5234; x_wconf 72' lang='lat' dir='ltr'><strong>ad</strong></span> 
     </span>
    </p>
   </div>
   <div class='ocr_carea' id='block_1_118' title="bbox 2231 5233 2601 5293">
    <p class='ocr_par' dir='ltr' id='par_1_118' title="bbox 2231 5233 2601 5293">
     <span class='ocr_line' id='line_1_119' title="bbox 2231 5233 2601 5293; baseline 0.019 -7"><span class='ocrx_word' id='word_1_787' title='bbox 2231 5233 2601 5293; x_wconf 83' lang='lat' dir='ltr'><strong>Theodosium.</strong></span> 
     </span>
    </p>
   </div>
   <div class='ocr_carea' id='block_1_119' title="bbox 2298 5303 3820 5389">
    <p class='ocr_par' dir='ltr' id='par_1_119' title="bbox 2298 5303 3820 5389">
     <span class='ocr_line' id='line_1_120' title="bbox 2298 5303 3820 5389; baseline 0.013 -30"><span class='ocrx_word' id='word_1_788' title='bbox 2298 5303 2326 5341; x_wconf 72' lang='grc' dir='ltr'><strong><em>ιι</em></strong></span> <span class='ocrx_word' id='word_1_789' title='bbox 2342 5305 2589 5389; x_wconf 73' lang='lat' dir='ltr'><strong>Intellige</strong></span> <span class='ocrx_word' id='word_1_790' title='bbox 2606 5308 3032 5389; x_wconf 62' lang='lat' dir='ltr'><strong>Theodosiileg.</strong></span> <span class='ocrx_word' id='word_1_791' title='bbox 3069 5313 3171 5370; x_wconf 73' lang='grc'><strong>104</strong></span> <span class='ocrx_word' id='word_1_792' title='bbox 3193 5314 3263 5389; x_wconf 84' lang='lat' dir='ltr'><strong>de</strong></span> <span class='ocrx_word' id='word_1_793' title='bbox 3291 5315 3724 5389; x_wconf 86' lang='lat' dir='ltr'><strong>Decurionibus;</strong></span> <span class='ocrx_word' id='word_1_794' title='bbox 3756 5323 3820 5378; x_wconf 86' lang='lat' dir='ltr'><strong>de</strong></span> 
     </span>
    </p>
   </div>
   <div class='ocr_carea' id='block_1_120' title="bbox 2222 5379 3818 5501">
    <p class='ocr_par' dir='ltr' id='par_1_120' title="bbox 2222 5379 3818 5501">
     <span class='ocr_line' id='line_1_121' title="bbox 2222 5379 3818 5501; baseline 0.013 -72"><span class='ocrx_word' id='word_1_795' title='bbox 2222 5379 2524 5501; x_wconf 50' lang='lat' dir='ltr'><strong>itauénetiam</strong></span> <span class='ocrx_word' id='word_1_796' title='bbox 2567 5381 2673 5435; x_wconf 91' lang='lat' dir='ltr'><strong>erit</strong></span> <span class='ocrx_word' id='word_1_797' title='bbox 2701 5381 2924 5438; x_wconf 90' lang='lat' dir='ltr'><strong>dicendi</strong></span> <span class='ocrx_word' id='word_1_798' title='bbox 2955 5379 3106 5441; x_wconf 81' lang='lat' dir='ltr'><strong>locus</strong></span> <span class='ocrx_word' id='word_1_799' title='bbox 3151 5386 3217 5441; x_wconf 88' lang='lat' dir='ltr'><strong>ad</strong></span> <span class='ocrx_word' id='word_1_800' title='bbox 3261 5388 3550 5458; x_wconf 86' lang='lat' dir='ltr'><strong>epistolam</strong></span> <span class='ocrx_word' id='word_1_801' title='bbox 3589 5379 3724 5452; x_wconf 75' lang='lat' dir='ltr'><strong>ante</strong></span> <span class='ocrx_word' id='word_1_802' title='bbox 3748 5393 3818 5450; x_wconf 86' lang='lat' dir='ltr'><strong>ci-</strong></span> 
     </span>
    </p>
   </div>
   <div class='ocr_carea' id='block_1_121' title="bbox 2301 5517 3812 5596">
    <p class='ocr_par' dir='ltr' id='par_1_121' title="bbox 2301 5517 3812 5596">
     <span class='ocr_line' id='line_1_122' title="bbox 2301 5517 3812 5596; baseline 0.013 -25"><span class='ocrx_word' id='word_1_803' title='bbox 2301 5519 2314 5553; x_wconf 76' lang='grc' dir='ltr'>ί</span> <span class='ocrx_word' id='word_1_804' title='bbox 2352 5517 2504 5596; x_wconf 73' lang='lat' dir='ltr'><strong>Hanc</strong></span> <span class='ocrx_word' id='word_1_805' title='bbox 2547 5521 2901 5579; x_wconf 85' lang='lat' dir='ltr'><strong>ecclesiarum</strong></span> <span class='ocrx_word' id='word_1_806' title='bbox 2944 5525 3304 5596; x_wconf 91' lang='lat' dir='ltr'><strong>direptionem</strong></span> <span class='ocrx_word' id='word_1_807' title='bbox 3354 5531 3458 5588; x_wconf 90' lang='lat' dir='ltr'><strong>sub</strong></span> <span class='ocrx_word' id='word_1_808' title='bbox 3487 5533 3709 5593; x_wconf 87' lang='lat' dir='ltr'><strong>Juliano</strong></span> <span class='ocrx_word' id='word_1_809' title='bbox 3739 5537 3812 5592; x_wconf 83' lang='lat' dir='ltr'><strong>fa-</strong></span> 
     </span>
    </p>
   </div>
   <div class='ocr_carea' id='block_1_122' title="bbox 2217 5588 3806 5676">
    <p class='ocr_par' dir='ltr' id='par_1_122' title="bbox 2217 5588 3806 5676">
     <span class='ocr_line' id='line_1_123' title="bbox 2217 5588 3806 5676; baseline 0.012 -34"><span class='ocrx_word' id='word_1_810' title='bbox 2217 5599 2362 5676; x_wconf 61' lang='lat' dir='ltr'><strong>gtaiii</strong></span> <span class='ocrx_word' id='word_1_811' title='bbox 2390 5588 2559 5676; x_wconf 59' lang='lat' dir='ltr'><strong>fuisse</strong></span> <span class='ocrx_word' id='word_1_812' title='bbox 2587 5605 2822 5676; x_wconf 73' lang='lat' dir='ltr'><strong>constat.</strong></span> <span class='ocrx_word' id='word_1_813' title='bbox 2851 5597 2927 5652; x_wconf 90' lang='lat' dir='ltr'><strong>De</strong></span> <span class='ocrx_word' id='word_1_814' title='bbox 2955 5588 3306 5676; x_wconf 60' lang='lat' dir='ltr'><strong>qua&#39;_S_ozom_.</strong></span> <span class='ocrx_word' id='word_1_815' title='bbox 3327 5601 3422 5676; x_wconf 87' lang='lat' dir='ltr'><strong>lib.</strong></span> <span class='ocrx_word' id='word_1_816' title='bbox 3466 5588 3500 5658; x_wconf 88' lang='lat' dir='ltr'><strong>v</strong></span> <span class='ocrx_word' id='word_1_817' title='bbox 3525 5588 3806 5676; x_wconf 32' lang='lat' dir='ltr'><strong>Histrum.</strong></span> 
     </span>
    </p>
   </div>
   <div class='ocr_carea' id='block_1_123' title="bbox 2211 5658 3806 5803">
    <p class='ocr_par' dir='ltr' id='par_1_123' title="bbox 2211 5658 3806 5803">
     <span class='ocr_line' id='line_1_124' title="bbox 2215 5658 3806 5743; baseline 0.013 -30"><span class='ocrx_word' id='word_1_818' title='bbox 2215 5658 2269 5725; x_wconf 84' lang='lat'><strong>5,</strong></span> <span class='ocrx_word' id='word_1_819' title='bbox 2303 5659 2636 5719; x_wconf 89' lang='lat' dir='ltr'><strong>Theodoret.</strong></span> <span class='ocrx_word' id='word_1_820' title='bbox 2667 5665 2764 5722; x_wconf 86' lang='lat' dir='ltr'><strong>lib.</strong></span> <span class='ocrx_word' id='word_1_821' title='bbox 2798 5683 2875 5735; x_wconf 91' lang='grc' dir='ltr'><strong><em>ιιι,</em></strong></span> <span class='ocrx_word' id='word_1_822' title='bbox 2909 5658 3030 5740; x_wconf 76' lang='lat' dir='ltr'><strong>cap.</strong></span> <span class='ocrx_word' id='word_1_823' title='bbox 3071 5670 3156 5739; x_wconf 72' lang='grc'><strong>12,</strong></span> <span class='ocrx_word' id='word_1_824' title='bbox 3191 5681 3244 5728; x_wconf 90' lang='lat' dir='ltr'><strong>et</strong></span> <span class='ocrx_word' id='word_1_825' title='bbox 3265 5658 3806 5743; x_wconf 46' lang='lat' dir='ltr'><strong>Tripart._llist.&#39;lib;</strong></span> 
     </span>
     <span class='ocr_line' id='line_1_125' title="bbox 2211 5733 2562 5803; baseline 0.011 -19"><span class='ocrx_word' id='word_1_826' title='bbox 2211 5745 2288 5800; x_wconf 75' lang='lat' dir='ltr'><strong>Vt,</strong></span> <span class='ocrx_word' id='word_1_827' title='bbox 2321 5745 2441 5803; x_wconf 89' lang='lat' dir='ltr'><strong>cap.</strong></span> <span class='ocrx_word' id='word_1_828' title='bbox 2471 5733 2562 5790; x_wconf 71' lang='lat'><strong>52.</strong></span> 
     </span>
    </p>
   </div>
  </div>
