3954 6164
1038 289 1061 320 ς.

141 301 242 359 977

1351 283 1836 344 EPISTOLABUM
1874 281 2153 342 CLASSIS
2193 286 2235 341 l.

3358 284 3428 341 78

208 411 298 465 l6.
346 407 507 463 Nemo
551 414 730 460 tamen
779 402 1008 458 donaria
1057 399 1341 468 delubris.
1387 408 1442 454 ει
1482 408 1508 434 ⁸
1539 399 1713 468 legata
1740 398 1788 459 Α
1820 415 1982 472 lentis
2024 431 2188 472 causa
2237 417 2672 482 constrinxerit;
2706 426 2766 472 ut
2794 416 3098 473 virentibus
3142 418 3427 488 segetibus

135 502 508 574 baruSpicibus
554 499 843 570 denegavit
875 515 888 551 :
941 496 1055 550 sola
1082 495 1294 550 sublata
1324 501 1450 548 sunt
1477 491 1714 562 praedia;

131 600 257 670 quia
287 611 396 651 non
424 593 675 664 religiose
697 591 994 647 utebantur
1024 590 1110 656 iis,
1140 603 1259 653 qua:
1289 586 1571 658 religionis
1594 585 1718 656 jure

134 690 501 748 defenderent.
535 685 635 753 Qui
669 694 858 740 nostro
903 691 1133 737 utuntur
1157 680 1431 751 exemplo,
1469 695 1568 735 cur
1607 693 1716 733 non

132 785 420 840 utebantur
467 779 688 837 ofﬁcio?
739 777 881 834 Nihil
929 776 1176 832 Ecclesia
1223 774 1350 840 sibi,
1401 774 1506 828 nisi
1553 771 1714 828 ﬁdem

128 879 388 950 possidet.
405 875 514 931 Hos
535 874 779 930 redditus
808 872 1038 942 pra-bet,
1058 869 1159 925 hos
1186 868 1410 923 fructus.
1431 866 1715 922 Possessio

131 973 385 1031 Ecclesia:
413 970 440 1009 ι)
469 977 720 1040 sumptus
750 975 834 1022 est
859 978 1178 1034 egenorum.
1225 961 1526 1016 Numerent
1576 973 1714 1029 quos

130 1064 454 1124 redemerint
499 1061 700 1132 templa
740 1060 1020 1129 captivos,
1064 1070 1188 1126 qua:
1232 1053 1566 1109 contulerint
1611 1051 1710 1105 ali-

125 1170 302 1216 menta
329 1155 674 1228 pauperibus,
709 1151 910 1224 quibus
954 1149 1238 1205 exsulibus
1278 1144 1504 1200 vivendi
1534 1143 1711 1199 subsi-

121 1255 202 1308 dia
240 1248 689 1307 ministraverint.
724 1256 746 1284 °
779 1243 984 1300 Przedia
1033 1243 1195 1314 igitur
1241 1240 1568 1309 intercepta,
1602 1250 1707 1291 non

118 1349 234 1418 jura
274 1352 414 1400 sunt.

191 1440 278 1494 l7.
310 1437 386 1492 En
414 1435 559 1506 quod
586 1434 814 1498 factum,
853 1447 978 1502 quae
1025 1429 1180 1484 triste
1208 1426 1383 1498 piaret
1414 1424 1588 1489 nefas,
1621 1425 1704 1477 fa-

122 1546 265 1596 mes,
292 1537 344 1584 ut
362 1530 513 1583 aiunt
533 1568 548 1592 ,
586 1525 804 1599 publica
824 1523 1152 1587 vindicavit;
1172 1521 1296 1592 quia
1319 1519 1436 1573 usui
1462 1517 1703 1572 omnium

122 1622 372 1695 proficere
397 1621 567 1692 coepit
588 1663 602 1685 ,
632 1618 775 1690 quod
825 1615 1144 1686 proficiebat
1191 1611 1496 1669 commodis
1524 1625 1705 1665 sacer-

1821 506 2000 562 subito
2023 521 2150 575 spes
2178 507 2305 561 anni
2333 507 2514 563 adulta
2548 516 2875 563 moreretur.

1894 599 1982 656 19.
2011 599 2082 656 Et
2111 609 2260 656 certe
2289 613 2415 657 ante
2447 602 2714 672 plurimos
2744 617 2920 656 annos
2949 603 3276 673 templorum
3299 605 3422 674 jura

1819 699 1936 747 toto
1961 692 2095 747 orbe
2125 693 2333 748 sublata
2367 703 2496 747 sunt
2525 711 2538 746 :
2569 693 2806 748 modone
2837 693 3059 748 demum
3101 693 3209 749 diis
3245 696 3423 764 genti-

1820 787 1948 840 lium
1981 788 2130 842 venit
2157 786 2211 840 in
2238 797 2478 842 mentem
2510 800 2635 841 suas
2655 786 2882 856 injurias
2905 786 3079 840 ultum
3104 787 3222 841 ire?
3251 786 3425 857 Prop-

1818 885 1970 933 terea
2002 892 2101 932 nec
2147 888 2369 932 assueto
2404 867 2576 932 ’cursu
2613 877 2768 932 Nilus
2802 878 3078 942 intumuit,
3119 876 3133 913 ί
3169 886 3228 932 ιιι
3259 877 3421 934 Urbi-

1818 985 2004 1026 corum
2050 971 2398 1026 sacerdotum
2440 971 2728 1042 dispendia
2780 970 3122 1039 vindicaret,
3176 972 3267 1042 qui
3310 985 3420 1028 non

1818 1065 2117 1120 vindicavit
2142 1066 2402 1121 suorum?

1886 1156 1977 1212 20.
2013 1157 2146 1212 Esto
2178 1168 2357 1214 tamen
2381 1159 2428 1215 si
2450 1159 2732 1230 superiore
2764 1173 2908 1213 anno
2941 1157 3167 1213 deorum
3197 1171 3418 1213 suorum

1814 1252 2043 1320 injurias
2070 1253 2370 1308 vindicatas
2418 1260 2628 1324 putant,
2661 1267 2762 1307 cur
2793 1253 3046 1321 prresenti
3085 1266 3231 1306 anno
3278 1266 3413 1306 con-

1813 1345 2040 1414 temptui
2073 1344 2263 1400 fuere?
2300 1344 2420 1400 Jam
2452 1346 2600 1400 enim
2633 1359 2733 1400 uec
2775 1343 3070 1398 herbarum
3107 1343 3280 1398 vulsis
3328 1359 3417 1398 ra—

1811 1437 2024 1494 dicibus
2071 1439 2344 1494 rustieana
2387 1439 2543 1509 plebs
2582 1438 2842 1508 pascitur,
2877 1452 2978 1492 nec
3019 1437 3201 1492 baccae
3243 1437 3414 1492 silve-

1808 1529 1942 1584 stris
1964 1528 2213 1600 explorat
2235 1529 2459 1594 solatia;
2497 1536 2510 1587 i
2540 1543 2641 1584 nec
2657 1529 2838 1583 cibum
2867 1528 2934 1583 de
2954 1527 3203 1583 sentibus
3233 1529 3408 1598 rapit:

1806 1622 1902 1678 sed
1925 1637 2152 1692 operum
2186 1622 2307 1676 laeta
2354 1621 2590 1676 felicium
2610 1663 2625 1688 ,
2656 1621 2784 1676 dum
2817 1635 3024 1676 messes
3051 1636 3179 1676 suas
3209 1630 3265 1676 et
3297 1622 3410 1691 ipsa

121 1717 319 1771 dctum.
353 1716 644 1784 Propterea
673 1726 806 1782 ergo
830 1709 1090 1766 detractis
1112 1751 1126 1774 ,
1158 1716 1215 1763 ut
1257 1707 1431 1770 aiunt,
1480 1704 1694 1759 arbusta

1813 1716 2060 1781 miratus,
2094 1716 2336 1787 explevit
2363 1715 2475 1770 voti
2509 1717 2762 1770 satietate
2788 1714 3058 1786 jejunium
3086 1734 3098 1768 :
3133 1715 3414 1770 usurarios

123 1819 274 1863 exuta
311 1807 624 1871 corticibus,
668 1819 832 1859 succo
863 1801 1160 1858 miserabili
1205 1799 1574 1856 deficientium
1603 1813 1696 1852 ora
1728 1787 1777 1846 Β
1805 1809 1965 1864 nobis
1993 1809 2226 1863 reddidit
2254 1819 2394 1864 rem
2426 1816 2742 1878 proventus,

122 1899 438 1955 lambebant.
493 1898 790 1968 Propterea
826 1892 854 1931 ἀ
883 1893 1184 1950 Chaoniam
1252 1891 1461 1961 frugem
1507 1889 1703 1960 glande

122 2002 402 2058 mutantes,
435 2005 625 2046 rursus
657 1991 710 2043 in
739 1987 1010 2059 pecudum
1039 1994 1248 2057 pastus,
1281 1992 1336 2038 ct
1369 1981 1435 2037 ad
1469 1981 1702 2036 infelicis

123 2087 286 2140 victus
321 2084 574 2139 alimenta
611 2079 890 2144 revocati,
932 2090 1199 2133 concussa
1227 2089 1435 2145 quercu
1457 2115 1470 2138 ,
1505 2072 1701 2128 famem

125 2179 171 2232 in
199 2178 342 2233 silvis
368 2176 538 2250 838
565 2183 590 2212 ε
620 2173 878 2228 miseram
906 2169 1244 2226 solabantur.
1275 2165 1422 2221 Nova
1446 2164 1703 2221 videlicet

123 2273 351 2342 prodigia
384 2279 680 2335 terrarum,
713 2283 833 2336 qua:
865 2279 1160 2336 numquam
1193 2272 1320 2317 ante
1345 2260 1698 2324 acciderant;

120 2377 232 2416 cum
263 2361 573 2432 superstitio
619 2359 840 2429 gentilis
870 2366 984 2412 tcto
1011 2355 1144 2412 orbe
1173 2352 1444 2409 ferveret?
1473 2351 1553 2406 Re
1570 2365 1701 2405 vera

120 2451 321 2523 quando
345 2460 471 2507 ante
507 2449 524 2488 τ
560 2450 745 2505 vacuis
789 2448 977 2503 avenis
1029 2460 1187 2516 seges
1231 2444 1378 2498 avari
1421 2451 1544 2497 vota
1578 2442 1704 2496 lusit

121 2542 376 2613 agricolas,
401 2554 455 2596 et
475 2557 629 2612 spem
653 2540 869 2596 rusticae
893 2538 1063 2610 plebis
1085 2537 1311 2608 quiesita
1339 2534 1505 2591 sulcis
1529 2534 1701 2604 frugis

120 2633 280 2690 herba
311 2633 592 2691 destituit?

185 2728 270 2782 18.
300 2727 366 2783 Et
389 2727 536 2782 unde
562 2726 770 2782 Graecis
801 2736 825 2774 ε
851 2726 1071 2780 oracula
1101 2722 1282 2779 habita
1306 2739 1416 2779 sua:
1437 2737 1697 2793 quercus,

123 2819 215 2874 nisi
235 2820 352 2890 quia
380 2818 682 2875 remedium
713 2818 980 2874 silvestris
1025 2817 1302 2872 alimouite
1343 2816 1587 2871 cmlestis
1616 2830 1701 2870 re-

122 2910 322 2981 ligionis
347 2913 549 2969 donum
597 2901 890 2983 putarunt?
929 2911 1080 2965 Talia
1125 2911 1269 2966 enim
1319 2924 1542 2964 suorum
1582 2925 1700 2963 mu-

123 3019 242 3060 nera
267 3005 495 3062 credunt
526 3004 941 3071 deorum.‘Quis
970 3003 1264 3058 dodonaeas
1311 3003 1558 3070 arbores,
1593 2997 1695 3058 nisi

122 3099 344 3167 gentium
371 3100 600 3170 populus
616 3097 896 3160 adoravit;
921 3112 1042 3152 cum
1067 3094 1093 3132 ιι
1119 3095 1376 3166 pabulum
1404 3097 1559 3151 triste
1579 3095 1696 3165 agri

123 3204 388 3246 nemorum
420 3191 629 3246 honore
656 3189 921 3246 donaret?
961 3187 1080 3243 Non
1119 3196 1202 3242 est
1229 3186 1525 3242 verisimile
1545 3187 1689 3256 quod
1715 3173 1763 3236 C

123 3281 443 3353 indignantes
469 3299 660 3339 eorum
689 3283 763 3337 dii
796 3281 851 3336 id
881 3296 978 3352 pro
1008 3295 1164 3351 paena
1198 3279 1513 3347 intulerint,
1545 3281 1688 3351 quod

122 3374 356 3430 solebant
394 3375 591 3446 placati
619 3372 871 3429 conferre
899 3386 998 3442 pro
1027 3387 1273 3427 munere.

181 3469 307 3537 Quae
329 3478 508 3526 autem
531 3470 776 3540 aequitas,
809 3477 864 3523 ut
893 3467 1080 3538 paucis
1109 3465 1483 3522 sacerdotibus
1504 3467 1691 3523 dolen-

121 3570 191 3616 tes
218 3562 412 3618 victum
446 3570 724 3634 negatum,
756 3562 860 3632 ipsi
888 3561 1143 3616 omnibus
1168 3560 1536 3632 denegarem;
1567 3575 1688 3616 cum

119 3651 478 3710 inclementior
522 3665 669 3710 esset
711 3653 980 3719 vindicta,
1028 3669 1187 3724 quam
1237 3654 1432 3724 culpa?
1463 3655 1578 3708 Non
1607 3665 1691 3710 est

115 3741 267 3813 igitur
302 3746 529 3814 idonea,
561 3761 682 3816 qua:
713 3755 919 3801 tantam
960 3745 1339 3817 :rgritudinem
1378 3748 1563 3804 mundi
1593 3752 1692 3808 fal-

187 3875 208 3941 f
237 3866 334 3922 Pro
360 3870 531 3941 legata
547 3868 922 3941 auruspicibns
939 3867 1418 3941 legendumlegota
1435 3869 1540 3941 aris
1569 3886 1682 3940 spe-

114 3937 272 3992 ciebus
299 3937 517 4010 conj'icit
547 3937 773 4008 Samuel
815 3940 954 3994 Petit
986 3940 1079 3994 lib.
1114 3955 1169 3992 ιιι
1205 3938 1410 4010 Variae.
1457 3937 1678 3996 lectibn.

115 4022 226 4077 cap.
257 4011 308 4081 7,
339 4007 444 4066 nou
483 4011 676 4081 injuria
704 4011 889 4080 infelix
933 4011 1140 4063 criticus
1167 4024 1196 4062 a
1222 4007 1445 4081 Valesio
1474 4011 1684 4066 vocita-

116 4087 214 4134 tus.
243 4080 394 4137 Certe
439 4091 496 4136 ut
525 4079 839 4137 omittamus
882 4096 1016 4135 mss.
1062 4095 1127 4135 ac
1167 4079 1297 4134 edit.
1330 4093 1678 4148 consensum,

115 4150 262 4204 lectio
290 4153 374 4208 illa
419 4153 644 4208 minime
675 4152 1031 4208 Ambrosiana
1081 4161 1194 4213 est,
1247 4164 1347 4204 nec
1399 4151 1638 4207 rationes
1665 4196 1680 4219 ,

116 4223 295 4291 quibus
337 4229 544 4289 nititur,
583 4227 718 4278 satis
755 4224 986 4278 idoneae.
1028 4222 1234 4277 Locum
1281 4221 1566 4290 expende,
1619 4239 1682 4280 ac

118 4297 406 4360 pronuntia.

182 4362 204 4400 δ
235 4366 374 4421 lianc
401 4369 599 4437 legem.
637 4382 742 4436 qua
774 4365 1072 4420 Ecclesiam
1125 4377 1342 4437 omnem
1375 4364 1546 4419 teneri
1579 4364 1682 4437 hoc

120 4433 228 4488 loco
253 4433 480 4493 teSIatur
495 4433 838 4499 Ambrosius.
872 4451 1032 4505 quam
1060 4435 1298 4505 perfecte
1325 4435 1553 4503 ipsemet
1581 4436 1683 4491 im-

120 4506 344 4580 pleverit,
379 4523 678 4579 cognosces
707 4524 774 4562 ex
805 4493 1138 4577 iis,'quaa'ad
1171 4507 1270 4562 lib.
1305 4493 1527 4561 n'Oflic.
1559 4523 1679 4580 cap.
1709 4493 1763 4553 Ῐ)

120 4591 177 4629 xv
200 4589 247 4631 et
269 4579 336 4635 28
361 4581 791 4636 observavimus.

185 4659 202 4684 ί
230 4651 348 4720 Mss.
379 4651 485 4706 duo
506 4691 520 4714 ,
568 4649 762 4705 Prteda
805 4650 962 4720 igitur
989 4649 1391 4720 interceptaaEl
1433 4659 1553 4718 post
1592 4663 1680 4704 se-

118 4719 329 4775 cundum
355 4737 595 4785 versum,
624 4722 716 4775 ubi
742 4719 851 4775 vet.
875 4719 988 4774 edit
1010 4735 1074 4774 ac
1100 4733 1231 4773 mss.
1261 4719 1676 4788 aliquammulti,

116 4792 270 4864 quod;
313 4794 555 4848 nonnulli
586 4809 700 4864 qua:
737 4793 881 4846 triste
916 4790 1060 4861 piare
1111 4789 1293 4864 nefas;
1322 4792 1514 4864 melius
1543 4792 1676 4864 ed,“-

120 4857 258 4916 liom.
309 4879 426 4918 cum
484 4857 749 4932 reliquis,
796 4857 925 4930 qua;
962 4863 1105 4915 triste
1155 4862 1321 4932 piaret
1368 4861 1532 4930 nefas.
1585 4863 1678 4916 Est

116 4933 291 5002 quippe
314 4935 544 4989 imitatio
576 4930 720 4988 illius
751 4948 942 4988 versus
970 4947 1001 4987 e
1031 4932 1122 4986 lib.
1152 4947 1190 4984 ιι
1218 4930 1434 4986 ιλΕιιθίιΙ.

226 5011 440 5075 Effigiem
462 5018 706 5075 statuere,
731 5012 870 5063 nefas
891 5025 1002 5076 qua:
1024 5011 1165 5062 triste
1190 5012 1366 5072 piaret.

175 5077 197 5116 δ
226 5081 318 5138 Hic
350 5099 482 5139 mss.
527 5094 582 5139 et
610 5084 742 5138 edit.
776 5084 917 5138 inter
961 5098 1020 5136 se
1060 5080 1417 5142 conveniunt,
1451 5088 1680 5146 excepto

114 5153 239 5217 quod
270 5156 318 5208 in
352 5155 571 5210 illorum
595 5155 871 5209 nonnullis
899 5153 1066 5208 dictio
1088 5151 1276 5223 glande
1312 5147 1680 5223 prmtermitti-

118 5229 222 5276 tur:
253 5227 343 5280 sed
376 5237 556 5280 tamen
583 5227 738 5282 ulcus
758 5225 839 5279 his
869 5225 1051 5278 verbis
1073 5221 1214 5277 inest
1240 5223 1466 5275 minime
1487 5221 1680 5274 obscu-

117 5306 235 5365 rum.
262 5297 390 5350 Nam
421 5307 619 5364 praeter
641 5312 798 5365 quam
821 5295 962 5364 quod
987 5293 1336 5349 Ambrosium
1370 5291 1678 5360 respexisse

116 5361 260 5432 liquet
287 5370 351 5420 ad
378 5361 595 5422 versum
627 5361 773 5420 illum
805 5361 869 5421 ex
903 5365 1140 5434 tGeorg.
1168 5382 1182 5416 :
1568 5376 1580 5387 '

220 5445 473 5502 Chaoniam
499 5447 668 5508 pingui
691 5445 918 5507 glandem
940 5446 1141 5494 mutavit
1164 5445 1338 5506 arista;

115 5525 200 5569 vox
219 5514 506 5571 Chaonium
552 5516 772 5570 ducitur
800 5531 828 5569 a
859 5515 1080 5583 regione
1111 5515 1280 5582 Epiri,
1330 5516 1382 5568 in
1431 5527 1534 5581 qua
1577 5513 1681 5568 Do-

112 5584 238 5642 done
275 5589 403 5655 urbs
439 5587 658 5642 condita
710 5596 847 5648 erat.
882 5586 999 5641 Non
1056 5586 1214 5656 longe
1245 5593 1427 5639 autem
1466 5584 1537 5638 ab
1586 5585 1682 5656 hac

113 5659 345 5728 surgebat
392 5660 532 5714 silva
579 5657 694 5712 Jovi
739 5672 922 5720 sacra,
973 5666 1026 5728 et
1066 5655 1175 5728 tota
1217 5656 1507 5728 quercina;
1539 5655 1683 5710 unde

109 5724 449 5796 Symmachus
481 5730 532 5783 in
580 5728 881 5794 Relatione,
913 5737 969 5783 et
993 5726 1314 5796 Ambrosius
1348 5725 1482 5778 infra
1522 5741 1686 5794 quer-

115 5795 196 5854 t-us
232 5798 505 5857 Dodoneas
536 5801 745 5854 arbores
773 5807 993 5855 vocant.
1033 5795 1395 5853 Scribendum
1428 5808 1560 5862 ergo
1599 5796 1684 5849 vel

1876 1902 1967 1955 2|.
2000 1900 2134 1969 Quis
2184 1915 2316 1970 ergo
2345 1909 2455 1955 tam
2497 1915 2672 1955 novus
2725 1901 2978 1956 humanis
3024 1900 3217 1956 usibus
3263 1899 3412 1955 vices

1805 2003 2026 2064 stupeat
2067 1994 2368 2049 annorum?
2411 1993 2481 2048 Et
2513 2003 2696 2048 tamen
2731 1994 2896 2048 etiam
2944 1994 3228 2064 superiore
3267 2007 3412 2048 anno

1805 2087 2092 2157 plerasque
2125 2086 2378 2140 novimus
2407 2086 2718 2155 provincias
2746 2085 3084 2140 redundasse
3112 2085 3407 2142 fructibus.

1803 2177 1880 2232 De
1909 2175 2099 2231 Galliis
2129 2175 2257 2244 quid
2285 2177 2476 2246 loquar
2496 2176 2661 2230 solito
2684 2175 3014 2230 ditioribus?
3041 2174 3402 2232 Frumentum

1805 2269 2130 2332 Pannouize,
2162 2267 2305 2338 quod
2351 2283 2458 2321 non
2500 2277 2788 2331 severam,
2838 2266 3204 2321 vendiderunt
3239 2285 3251 2320 :
3283 2266 3310 2304 ιε
3349 2278 3408 2322 et

1805 2359 2045 2416 secunda
2071 2359 2262 2414 Rhetia
2289 2357 2588 2414 fertilitatis
2630 2373 2742 2412 suae
2767 2357 2917 2411 novit
2945 2357 3235 2422 invidiam;
3277 2372 3403 2412 nam

1805 2469 1924 2524 qure
1955 2453 2165 2508 solebat
2201 2453 2364 2507 tutior
2391 2467 2514 2508 esse
2531 2451 2738 2522 jejunio
2760 2493 2774 2517 ,
2828 2451 3160 2506 fecunditate
3188 2450 3402 2507 hostem

1807 2545 1858 2600 in
1887 2560 1946 2600 se
1976 2546 2232 2600 excitavit
2260 2562 2272 2598 :
2299 2543 2574 2616 Liguriam
2623 2544 2986 2613 Venetiasque
3013 2544 3262 2597 autumni
3288 2543 3405 2598 fru-

1803 2644 1979 2691 menta
2014 2645 2299 2706 paverunt.
2335 2636 2476 2705 Ergo
2501 2651 2601 2690 nec
2634 2636 2726 2690 ille
2757 2635 3048 2704 sacrilegio
3072 2650 3251 2690 annus
3271 2650 3401 2691 exa-

1805 2729 1940 2792 ruit,
1985 2737 2040 2782 et
2072 2728 2174 2784 iste
2198 2728 2320 2784 fidei
2369 2727 2635 2784 fructibus
2683 2744 2860 2783 annus
2895 2727 3154 2784 effloruit.
3189 2728 3402 2799 Negent

1804 2823 1966 2877 etiam
1994 2821 2135 2889 quod
2183 2822 2334 2892 largo
2365 2821 2474 2877 fetu
2510 2822 2684 2877 vineae
2739 2821 3185 2877 redundaverint.
3234 2821 3404 2894 839

1805 2915 1988 2986 itaque
2015 2923 2072 2971 et
2101 2931 2333 2971 messem
2361 2914 2658 2971 feneratam
2713 2916 3018 2986 recepimus
3041 2959 3057 2983 ,
3101 2926 3158 2971 et
3202 2915 3401 2972 libera-

1803 3009 1956 3066 lioris
1998 3009 2284 3064 vindemia:
2315 3011 2582 3066 beneficia
2610 3010 2973 3081 possidemus.

1871 3105 1963 3159 22.
1993 3104 2307 3160 Postremus
2337 3113 2588 3175 superest
2619 3114 2674 3160 et
2696 3105 2963 3160 maximus
2998 3105 3182 3171 locus,
3214 3115 3395 3161 utrum

1796 3213 1856 3253 ea
1894 3213 2014 3268 quae
2061 3198 2215 3252 vobis
2259 3198 2596 3268 profuerint,
2648 3197 3054 3267 imperatores,
3104 3198 3396 3255 restituere

1796 3289 2037 3346 subsidia
2073 3290 2356 3355 debeatis;
2402 3291 2478 3344 ait
2514 3290 2659 3344 enim
2697 3306 2709 3343 :
2748 3289 2853 3344 Vos
2881 3289 3218 3357 defendant,
3241 3306 3273 3346 a
3301 3305 3402 3345 no-

1799 3385 1879 3438 bis
1905 3384 2177 3439 colantur.
2204 3384 2316 3438 lloc
2337 3393 2442 3450 est,
2471 3383 2773 3438 fidelissimi
2789 3383 3095 3452 Principes,
3118 3382 3264 3454 quod
3287 3382 3399 3439 fer-

1797 3491 1856 3532 re
1894 3493 2000 3530 non
2047 3491 2363 3544 possumus;
2393 3474 2519 3544 quia
2554 3473 2887 3543 exprobrant
2924 3475 3081 3529 nobis
3114 3483 3298 3530 vestro
3337 3491 3400 3530 se

1796 3571 2016 3626 nomine
2032 3570 2136 3625 diis
2165 3570 2276 3624 suis
2303 3569 2641 3637 supplicare,
2675 3574 2730 3620 et
2751 3566 2904 3621 vobis
2935 3581 3041 3620 non
3079 3566 3398 3622 mandanti-

1798 3665 1932 3731 bus,
1955 3663 2302 3732 sacrilegium
2337 3662 2572 3715 immane
2588 3659 2968 3724 committunt,
2999 3657 3396 3713 dissimulatio-

1800 3771 1922 3812 nem
1957 3770 2054 3825 pro
2080 3768 2348 3808 consensu
2374 3752 2816 3820 interpretantes.
2851 3749 2965 3804 Sibi
2993 3747 3229 3802 habeant
3249 3763 3398 3818 prai-

1794 3871 2077 3924 Cltaoniam
2099 3873 2249 3940 fruge
2269 3865 2507 3939 glandem
2526 3873 2806 3932 mutantes,
2831 3863 2915 3918 vel
2935 3860 3170 3918 Chaonia
3187 3863 3392 3936 frugem

1826 3942 2003 4006 laude,
2035 3950 2139 3994 etc.

2071 3959 2086 3992 ι
2128 3982 2139 3993 .

1790 3959 2064 4066 θἀῗίιῗόηθ
2078 3959 2233 4078 ιξοιιρί
2264 4023 2423 4070 mss.,
2452 4005 3051 4078 niiseranisolabamur;
3082 4015 3136 4061 et
3167 4007 3288 4064 istic
3313 4011 3396 4065 al-

1792 4083 1995 4140 luditur
2020 4077 2183 4136 etiam
2213 4080 2278 4134 ad
2312 4078 2664 4148 Virgilianum
2690 4077 2821 4131 illud
2851 4093 2882 4131 e
2913 4077 3008 4130 lib.
3034 4078 3146 4147 jam
3179 4081 3347 4135 citato
3374 4102 3388 4138 :

1868 4222 1888 4260 ι
1916 4157 2462 4276 gquusfﬁquziiamem
2487 4157 2538 4205 in
2560 4154 2695 4204 silvis
2719 4154 2948 4205 solabere
2969 4167 3179 4216 quercu.

1972 4226 2068 4276 ira.
2105 4222 2196 4276 lib.
2231 4221 2326 4276 cit.
2366 4237 2378 4272 :

2056 4262 2068 4274 .
2124 4239 2138 4275 ι
2185 4261 2196 4274 .
2289 4239 2326 4274 ι.
2366 4239 2378 4272 :

1912 4239 2212 4355 Igils‘geclttaa
2231 4239 2386 4353 greges
2403 4289 2567 4340 vacuis
2591 4288 2738 4339 elusit
2759 4290 2947 4338 avenis.

1863 4373 1888 4411 κ
1918 4364 1995 4418 lta
2025 4378 2181 4427 mss.;
2228 4363 2359 4417 edit.
2390 4370 2590 4424 autem,
2623 4360 2836 4414 oracula
2864 4360 3070 4415 habitat.
3096 4359 3297 4432 Utique
3321 4378 3387 4418 ex

1791 4435 1940 4506 Virg.
1968 4435 2062 4490 lib.
2097 4450 2134 4488 ιι
2163 4433 2362 4504 Georg.
2398 4432 2488 4486 ubi
2515 4431 2713 4502 legitur
2741 4449 2752 4484 :

1921 4555 1955 4568 ..
1967 4517 2187 4580 ...Atque
2212 4516 2393 4565 habitae
2412 4513 2569 4576 Graiis
2586 4513 2781 4564 oracula
2798 4527 3028 4578 quercus.

1797 4587 1874 4643 De
1913 4587 2194 4643 dodonieis
2216 4601 2382 4657 porro
2424 4585 2732 4655 quercubus
2776 4586 2864 4642 hic
2907 4587 2992 4657 agi
3034 4594 3280 4652 constat;
3314 4587 3383 4642 de

1792 4659 1989 4728 quibus
2013 4669 2216 4728 praeter
2240 4657 2447 4726 Virgilii
2473 4665 2934 4728 commentatores
2961 4657 3031 4728 ad
3061 4672 3276 4728 versum
3308 4658 3387 4712 ci-

1792 4738 1987 4853 ;atuan,
2017 4729 2303 4850 conisulere
2326 4727 2490 4782 etiam
2521 4728 2649 4782 licet
2681 4727 2966 4783 Erasmum
2987 4727 3119 4782 cbil.
3153 4727 3208 4795 1,
3238 4739 3384 4784 cent.

1830 4839 1845 4853 .
1879 4816 1906 4853 a
1951 4815 2069 4853 aeto
2138 4836 2150 4852 .

1830 4839 1845 4865 ,
1879 4799 2069 4865 adagio
2099 4800 2150 4852 7.

1879 4816 1906 4853 a
1951 4816 1976 4852 a
2019 4816 2069 4852 ιο
2108 4815 2150 4852 ι.

1863 4867 1890 4906 ιι
1912 4815 2120 4924 (illiusines
2164 4866 2320 4931 edit.,
2354 4865 2598 4936 pabulum
2635 4868 2779 4921 triste
2807 4870 2945 4922 sacri
2973 4869 3232 4936 nemoris;
3269 4885 3386 4926 0m-

1789 4955 1886 4996 ues
1914 4953 2044 4994 mss.
2077 4947 2134 4991 ut
2161 4952 2260 4990 nos
2288 4938 2339 4990 in
2376 4945 2544 4990 textu.

1866 5009 1878 5047 ί
1913 5005 2380 5076 Quemadmodum
2411 5006 2580 5059 Roma
2605 5023 2699 5076 per
2735 5010 3164 5065 antonomasiam
3213 5010 3378 5076 Urbs,

1784 5081 1856 5135 ita
1885 5090 1942 5134 et
1968 5079 2244 5133 Romanos
2279 5077 2589 5132 sacerdotes
2632 5080 2733 5133 hoc
2782 5080 2906 5134 loco
2948 5080 3181 5138 Urbicos
3225 5093 3380 5139 vocat

1786 5151 2126 5206 Ambrosius.

1862 5222 1874 5272 i
1914 5220 2168 5276 Nonnulli
2219 5234 2375 5284 mss.,
2408 5235 2499 5273 nec
2532 5219 2694 5292 _ribus
2734 5222 2798 5274 de
2841 5223 3065 5278 sentibus
3093 5224 3252 5292 sapit.
3282 5225 3382 5282 Se-

1782 5294 1966 5362 quenti
1995 5301 2172 5346 autem
2198 5305 2362 5346 sensu
2380 5290 2599 5361 parodia
2625 5300 2709 5345 est
2732 5306 2798 5346 ex
2826 5292 2918 5346 illo
2939 5293 3092 5366 Virg.
3114 5290 3312 5368 Georg.
3338 5315 3376 5352 ι.

1906 5370 1969 5420 Ει
1985 5371 2090 5430 ipsa
2112 5382 2227 5420 suas
2243 5370 2484 5420 mirantur
2507 5369 2722 5431 Gargara
2745 5383 2952 5420 messes.

1854 5441 1878 5479 ι
1914 5443 2118 5497 Omnes
2158 5441 2291 5495 edit.
2315 5483 2331 5506 ,
2372 5451 2422 5496 et
2463 5440 2953 5512 fecundathetia;
2985 5458 3174 5499 omnes
3216 5459 3376 5512 mss.,

1785 5523 1834 5570 et
1863 5513 2091 5568 secunda
2125 5513 2331 5584 Raetia.
2361 5508 2534 5567 Hodie
2559 5508 3092 5584 dividiturearegio
3120 5515 3172 5568 in
3210 5508 3379 5584 supel-

1787 5587 1989 5641 riorem
2019 5592 2074 5638 et
2105 5583 2422 5638 inferiorem
2458 5600 2471 5635 :
2505 5598 2572 5636 an
2605 5589 2785 5635 autem
2815 5581 3088 5638 Ambrosii
3132 5581 3292 5640 aetate
3323 5587 3379 5640 in

1788 5659 2104 5726 primamet
2133 5653 2424 5726 secundam
2445 5653 2893 5726 distingueretur,
2925 5655 3083 5726 nobis
3107 5669 3213 5710 non
3250 5671 3382 5710 con-

1788 5722 1913 5784 stat.
1937 5725 2072 5787 Vide
2096 5726 2258 5785 situm
2284 5725 2402 5796 ejus
2427 5725 2569 5793 apud
2596 5722 2936 5781 Ptolomeum
2962 5725 3056 5782 lib.
3080 5742 3140 5793 ιι,
3163 5735 3219 5783 et
3237 5728 3380 5796 apud

1790 5796 2127 5866 geograpbos
2163 5795 2517 5851 recentiores.
