3954 6164
564 312 671 370 979

1923 304 2168 363 SANC'I‘I
2198 305 2520 364 AMBROSII

3745 311 3846 368 980

565 433 699 485 sidia
728 443 824 484 sua
856 445 870 481 :
903 438 1030 480 suos
1066 424 1112 478 si
1144 431 1400 492 possunt,
1439 422 1531 478 illa
1569 420 1885 479 defendant.
1927 421 2068 478 Nam
2115 421 2158 476 si
2190 424 2241 486 Λ
2267 430 2352 476 est
2393 438 2408 474 :
2452 417 2861 489 reprehendant
2926 419 3160 485 olivam;
3221 420 3344 491 quia
3405 429 3715 492 postremus
3770 433 3844 479 est

566 524 632 576 iis
688 538 715 574 a
775 520 968 590 quibus
1010 517 1303 582 coluntur,
1345 516 1548 572 attxilio
1585 531 1706 571 esse
1751 531 1855 571 nou
1895 525 2156 586 possunt;

565 613 840 685 quomodo
882 619 1107 681 possunt
1140 625 1236 664 vos
1274 610 1569 666 defendere
1589 651 1603 675 ,
1645 626 1674 664 a
1702 610 1899 680 quibus
1929 625 2036 665 non
2068 624 2161 666 eo-

565 705 790 762 luntur?

633 801 724 856 Q5.
755 800 864 857 Sed
907 802 1211 871 majorum,
1249 800 1454 870 inquit,
1512 796 1816 853 servandus
1865 805 1948 851 est
1999 794 2157 865 ritus.

561 891 699 960 Quid
735 892 882 963 quod
938 894 1122 948 omnia
1177 902 1364 961 postea
1409 891 1464 945 in
1519 891 1716 944 melius
1760 885 2160 958 profecerunt?

559 983 948 1054 Mundusipse,
981 985 1073 1054 qui
1103 985 1188 1039 vel
1225 985 1458 1055 primum
1484 993 1511 1020 ⁸
1533 981 1739 1037 coactis
1761 983 2160 1036 elementorum

561 1091 659 1146 per
689 1077 849 1131 iuaue
878 1077 1180 1132 seminibus
1203 1118 1216 1140 ,
1247 1087 1438 1130 tenero
1467 1074 1600 1129 orbe
1621 1115 1635 1139 ,
1660 1081 2040 1137 concreverat,
2073 1073 2160 1128 vel

563 1166 793 1222 confuso
846 1167 1025 1222 adhuc
1066 1168 1319 1236 indigesti
1353 1167 1539 1236 operis
1577 1165 1848 1236 caligabat
1891 1163 2156 1228 horrore;

561 1275 744 1317 nonne
783 1271 972 1331 postea
1025 1261 1286 1317 distincto
1333 1262 1502 1326 cteli,
1547 1261 1743 1322 maris,
1785 1269 2162 1328 terrarumque

563 1352 909 1420 discrimine,
938 1369 1120 1409 rerum
1153 1353 1358 1408 formas
1385 1354 1582 1423 quibus
1607 1354 1892 1422 speciosus
1924 1352 2160 1418 videtur,

565 1443 814 1514 accepit?
846 1445 1037 1501 Emtae
1084 1446 1436 1501 humentibus
1483 1445 1725 1502 tenebris
1762 1461 1961 1501 novum
2002 1456 2163 1501 terra:

562 1546 822 1607 stupuere
843 1539 1040 1593 solem.
1077 1539 1201 1594 Dies
1224 1540 1276 1593 in
1307 1539 1535 1596 exordio
1562 1554 1668 1594 non
1699 1539 1951 1609 refulget,
1983 1537 2077 1594 sed
2110 1539 2164 1612 in

563 1643 827 1698 processu
859 1632 1123 1699 temporis
1152 1632 1495 1687 incremento
1524 1631 1744 1687 luminis
1774 1631 1962 1699 micat,
1996 1641 2051 1687 et
2076 1647 2166 1687 ca-

563 1723 698 1775 loris
726 1731 1015 1777 exaestuat.

2265 513 2495 568 fructus.

2333 606 2427 661 εδ.
2463 606 2605 677 Ergo
2629 617 2685 662 et
2728 606 2922 663 messis
2963 615 3147 662 nostra
3179 597 3314 663 fides
3336 616 3360 655 ε
3393 608 3700 666 animorum
3738 620 3841 676 est;

2264 700 2528 755 Ecclesia:
2574 700 2747 770 gratia
2779 702 3096 756 meritorum
3146 701 3416 756 vindemia
3460 712 3580 770 est,
3626 720 3744 776 qua:
3785 706 3844 762 ab

2263 803 2386 847 ortu
2441 793 2625 848 mundi
2659 793 2869 848 virebat
2895 793 2949 848 iu
2977 794 3182 849 sanctis
3204 835 3218 859 ,
3253 795 3349 848 sed
3381 805 3654 866 postrema
3700 807 3846 854 actate

2263 903 2324 942 se
2372 886 2586 942 diffudit
2629 889 2682 942 in
2717 889 2977 958 populos,
3026 899 3086 944 ut
3139 890 3492 946 adverterent
3526 906 3718 947 omnes
3746 907 3844 946 non

2263 979 2488 1036 rudibus
2517 981 2714 1035 animis
2757 981 3050 1050 irrepsisse
3081 981 3240 1036 fidem
3265 981 3470 1038 Christi
3501 984 3685 1051 (nulla
3712 985 3844 1040 enim

2264 1073 2383 1126 sine
2422 1071 2742 1128 adversario
2781 1087 2982 1128 corona
3030 1073 3299 1146 victoriae)
3337 1074 3434 1130 sed
3486 1075 3716 1145 explosa
3743 1076 3847 1146 opi-

2266 1164 2450 1228 nione,
2484 1181 2606 1234 quae
2657 1176 2782 1220 ante
2824 1163 3172 1234 convaluith,
3203 1168 3354 1236 quod
3384 1177 3502 1226 erat
3540 1183 3761 1234 verum,
3794 1168 3846 1222 fit

2261 1260 2385 1330 jure
2416 1260 2720 1328 praelatum.

2337 1352 2426 1406 50.
2459 1353 2515 1407 Si
2564 1354 2699 1407 ritus
2737 1362 2952 1408 veteres
2998 1353 3366 1421 delectabant,
3415 1369 3515 1410 cur
3560 1355 3616 1408 iu
3646 1354 3844 1412 alienos

2266 1446 2403 1500 ritus
2443 1445 2632 1501 eadem
2678 1445 2848 1500 Roma
2899 1447 3196 1500 successit?
3227 1446 3432 1501 Omitto
3471 1445 3832 1502 absconditam

2269 1538 2445 1608 pretio
2490 1537 2750 1602 humum,
2777 1546 2834 1594 et
2877 1538 3184 1608 pastorales
3225 1553 3385 1596 casas
3429 1554 3563 1594 auro
3607 1526 3849 1610 degeneri

2270 1632 2592 1686 renitentes.
2623 1630 2761 1698 Quid
2780 1672 2796 1698 ,
2831 1639 2890 1686 ut
2919 1630 2988 1686 de
3018 1633 3136 1702 ipso
3167 1629 3532 1701 respondeam
3549 1632 3697 1701 quod
3721 1645 3841 1702 que-

2270 1733 2486 1791 runtur,
2517 1732 2797 1794 captarum
2821 1723 3114 1780 simulacra
3143 1725 3681 1794 urbium,victosque
3702 1723 3843 1788 deos,

632 1811 724 1868 24.
762 1813 908 1868 Luna
955 1815 1092 1884 ipsa,
1125 1831 1230 1886 qua
1277 1814 1611 1886 propheticis
1659 1815 1900 1872 oraculis
1946 1815 2161 1886 species
2190 1815 2239 1875 Β
2266 1826 2320 1872 et
2353 1816 2667 1886 peregrinos
2712 1817 2852 1871 ritus
2899 1831 3178 1872 sacrorum
3223 1816 3416 1872 aliena:
3457 1814 3846 1885 superstitionis

564 1907 827 1963 Ecclesiae
850 1908 1147 1978 figuratur,
1179 1926 1303 1965 cum
1340 1912 1574 1979 primum
1607 1926 1898 1982 resurgens
1926 1913 1977 1966 iu
2011 1928 2164 1969 men-

565 2011 745 2058 struas
775 2011 1058 2072 reparatur
1099 2013 1288 2059 aetates
1318 2004 1367 2071 δ,
1402 2005 1643 2060 tenebris
1674 2006 1832 2060 nobis
1874 2007 2164 2062 abscondi-

569 2103 658 2148 tur
687 2111 699 2148 :
732 2095 1100 2167 paulatimque
1153 2111 1357 2152 cornua
1413 2112 1508 2152 sua
1541 2099 1858 2168 complens,
1891 2099 1973 2153 vel
2004 2114 2035 2154 e
2077 2114 2166 2154 re-

560 2186 722 2255 gione
748 2186 883 2242 solis
907 2188 1196 2244 absolvens
1219 2229 1232 2254 ,
1267 2189 1396 2243 clari
1427 2189 1720 2259 splendore
1763 2190 1989 2262 fulgoris
2027 2191 2166 2246 irru-

574 2278 718 2332 lilat.

637 2370 728 2425 25.
783 2370 1043 2427 Exerceri
1081 2373 1133 2427 in
1182 2372 1394 2428 fructus
1441 2381 1602 2429 terra!
1630 2383 1762 2430 ante
1799 2375 2164 2431 nesciebant:

568 2473 692 2533 post
718 2475 739 2504 ε
776 2464 866 2520 ubi
903 2465 1173 2536 imperare
1201 2467 1350 2521 arvis
1389 2466 1657 2522 sollicitus
1686 2468 1853 2537 erepit
1889 2467 2165 2536 agricola,

569 2565 623 2611 et
673 2555 904 2612 informe
931 2560 1107 2614 solum
1137 2558 1342 2614 vestire
1365 2559 1584 2624 vinetis,
1626 2559 1916 2616 silvestres
1955 2561 2170 2616 animos

571 2647 886 2703 domesticis
916 2649 1139 2703 mollita:
1167 2650 1402 2704 cultibus
1438 2659 1732 2704 exuerunt.

637 2740 729 2795 26.
765 2741 905 2794 Anni
947 2741 1116 2810 ipsius
1143 2752 1274 2796 aetas
1321 2743 1490 2810 prima
1514 2783 1530 2808 ,
1563 2758 1686 2811 qua:
1729 2757 1828 2798 nos
1871 2758 1974 2798 usu
2011 2744 2169 2813 parili

570 2829 886 2887 coloravitd
916 2842 1045 2888 nutu
1091 2833 1475 2904 gignentium:
1507 2835 1604 2889 sed
1658 2836 1709 2890 in
1756 2851 2018 2906 processu
2055 2838 2174 2906 lap-

572 2924 717 2978 suris
738 2923 964 2980 floribus
1000 2938 1238 2991 vernat,
1273 2931 1565 2998 postremis
1595 2929 1856 2985 adolescit
1882 2931 2170 2988 fructibus.

642 3016 733 3069 27.
767 3015 876 3070 Nos
907 3033 1123 3087 qquue
1154 3021 1254 3073 arvi
1294 3019 1482 3085 rudes,
1529 3035 1723 3075 sensus
1755 3033 1776 3058 υ
1799 3022 2062 3078 habemus
2091 3023 2171 3078 iu-

574 3106 798 3161 famiam
834 3125 846 3159 :
883 3108 979 3162 sed
1028 3112 1216 3164 mutati
1270 3109 1325 3165 in
1384 3126 1561 3166 annos
1609 3112 1809 3181 ingenii
1861 3115 2170 3171 rudimenta

570 3199 917 3268 tlepOItimus.

645 3295 836 3348 Dicant
867 3294 1028 3363 igitur
1051 3295 1104 3350 in
1129 3297 1240 3351 suis
1267 3297 1447 3352 omnia
1480 3313 1701 3355 manere
1730 3298 1988 3356 debuisse
2019 3301 2165 3369 priu-

571 3384 762 3453 cipiis;
799 3386 1058 3440 mundum
1095 3387 1337 3444 tenebris
1360 3390 1656 3446 obductum
1681 3431 1694 3453 ,
1720 3391 1846 3459 quia
1875 3392 2168 3460 splendore

571 3475 704 3529 solis
729 3477 988 3541 illuxerit,
1026 3479 1343 3547 displicere.
1379 3480 1448 3536 Et
1472 3492 1679 3551 quanto
1704 3482 1914 3550 gratius
1942 3494 2024 3537 est
2047 3486 2168 3538 ani-

571 3567 642 3621 mi
686 3569 939 3624 teuebras
972 3568 1277 3639 depulisse,
1302 3587 1462 3642 quam
1502 3573 1787 3641 corporis,
1823 3572 2058 3644 fideique
2083 3575 2171 3645 ju-

570 3663 669 3716 bar
711 3662 1000 3718 emicuisse
1029 3705 1041 3725 .
1078 3679 1244 3734 quam
1285 3665 1456 3721 solis?
1488 3665 1633 3736 Ergo
1659 3665 1827 3738 850
1870 3677 1926 3722 et
1981 3669 2169 3724 tnnndi

567 3754 709 3807 sicut
739 3753 980 3810 omnium
1017 3769 1196 3811 rerum
1233 3753 1251 3793 ί
1284 3756 1540 3825 primaeva
1580 3764 1872 3820 nutnruut,
1917 3765 1977 3816 ut
2005 3771 2169 3814 vene-

570 3847 761 3906 rabilis
807 3862 958 3904 cante
1005 3848 1130 3908 fidei
1183 3859 1506 3922 sequeretur
1555 3861 1833 3908 senectus.
1877 3852 2025 3920 Quos
2064 3851 2169 3908 hoc

573 3951 776 4006 movet,
812 3943 1218 4010 reprehendant
1251 3959 1484 4000 messem
1513 3962 1527 4009 ;
1557 3947 1681 4016 quia
1715 3961 1838 4000 sera
1866 3944 2169 4002 fecunditas

570 4042 656 4088 est
683 4051 695 4086 :
726 4034 1126 4104 reprehendant
1171 4037 1542 4104 vindemiam;
1572 4041 1699 4110 quia
1725 4040 1778 4094 iu
1809 4054 2008 4095 occasu
2037 4039 2167 4094 anni

641 4198 667 4227 ⁸
697 4188 998 4260 Compone,
1021 4193 1064 4247 si
1095 4191 1266 4255 lubet,
1297 4202 1465 4250 totum
1509 4195 1652 4252 hunc
1700 4196 1877 4252 locum
1918 4213 2042 4253 cum
2079 4200 2153 4251 si-

569 4261 680 4340 mili
711 4263 849 4330 apud
874 4263 1294 4340 Virgilium‘Ecl.
1330 4266 1392 4332 6,
1427 4278 1479 4323 et
1507 4269 1737 4323 alterum
1770 4285 1835 4323 ex
1866 4269 2042 4324 altero
2065 4283 2156 4340 pe-

572 4333 727 4386 titum
757 4349 863 4386 non
894 4333 1233 4389 diffitebcris.

642 4403 668 4441 δ
702 4401 830 4456 Mss.
859 4403 1084 4473 aliquot,
1116 4405 1333 4460 tenebris
1361 4410 1525 4462 noctis
1551 4409 1902 4463 absconditur.

2264 1907 2448 1963 remuli
2494 1908 2856 1978 receperunt?
2907 1908 3058 1964 Unde
3119 1908 3283 1978 igitur
3321 1907 3667 1977 exemplum,
3715 1905 3845 1979 quod

2272 1998 2288 2036 ί
2318 2016 2509 2055 currus
2536 2016 2666 2056 suos
2692 2000 2948 2055 simulato
2980 2001 3230 2055 Almonis
3258 1999 3314 2054 in
3339 1998 3562 2055 flumine
3587 1999 3729 2056 lavat
3754 1999 3845 2069 Cy-

2268 2093 2427 2148 bele?
2457 2093 2615 2153 Unde
2661 2093 2882 2164 Phrygii
2917 2102 3066 2146 vates
3091 2133 3105 2157 ,
3137 2102 3192 2147 et
3219 2107 3436 2162 semper
3462 2093 3634 2147 invisa
3669 2091 3850 2151 Bottia-

2267 2188 2352 2241 nis
2370 2202 2476 2241 non
2499 2202 2668 2257 aequm
2684 2185 3029 2255 Carthaginis
3052 2186 3308 2241 numina?
3329 2186 3501 2254 Quam
3528 2188 3544 2236 i
3569 2185 3848 2242 Ctelestem

2267 2279 2404 2347 Afri,
2427 2280 2673 2335 Mithram
2699 2279 2894 2348 ,Persze
2911 2322 2924 2343 ,
2957 2280 3205 2350 plerique
3239 2279 3502 2335 Venerem
3529 2277 3737 2342 colunt,
3763 2291 3852 2348 pro

2267 2370 2584 2430 diversitate
2615 2371 2872 2437 nominis,
2921 2386 3028 2426 non
3075 2385 3175 2442 pro
3200 2372 3436 2426 numinis
3458 2369 3736 2426 varietate.
3765 2370 3843 2424 Sic

2269 2463 2424 2520 deam
2453 2479 2578 2520 esse
2606 2473 2660 2518 et
2681 2464 2960 2520 victoriam
2985 2463 3356 2525 crediderunt,
3389 2478 3511 2533 quae
3540 2463 3725 2530 utique
3745 2477 3848 2517 mu-

2270 2571 2374 2612 nus
2392 2566 2477 2612 est
2497 2597 2511 2621 ,
2545 2571 2654 2612 non
2692 2565 2935 2625 potestas
2961 2573 2972 2609 :
2999 2555 3255 2621 donatur,
3285 2571 3394 2609 non
3423 2554 3759 2621 dominatur,
3788 2555 3852 2608 le—

2270 2651 2490 2720 gionum
2522 2649 2717 2718 gratia,
2749 2663 2854 2703 non
2889 2648 3217 2718 religionum
3251 2647 3519 2716 potentia.
3550 2647 3738 2718 Magna
3765 2645 3854 2717 igi-

2275 2752 2362 2798 tur
2391 2742 2515 2809 dea,
2546 2757 2707 2812 quam
2745 2741 2976 2797 militum
3004 2740 3300 2798 multitudo
3329 2740 3435 2796 sibi
3466 2740 3702 2796 vindicat
3727 2781 3744 2807 ,
3775 2741 3852 2794 vel

2272 2833 2587 2902 praeliorum
2616 2832 2784 2886 donat
2805 2831 3076 2887 eventus?

2344 2928 2434 2983 51.
2471 2926 2639 2994 Ilujus
2661 2941 2810 2980 aram
2837 2925 2972 2980 strui
2999 2924 3051 2978 in
3084 2923 3233 2980 urbis
3263 2925 3451 2978 Romae
3471 2923 3621 2978 curia
3647 2931 3846 2993 petunt.

2278 3020 2384 3073 hoc
2414 3027 2516 3082 est,
2558 3032 2666 3086 quo
2691 3017 2873 3084 plures
2913 3017 3248 3071 conveniunt
3279 3014 3584 3070 christiani.
3610 3015 3855 3070 Omnibus

2278 3111 2328 3165 in
2372 3107 2588 3178 templis
2624 3122 2774 3173 arae,
2813 3123 2903 3160 ara
2949 3106 3112 3162 etiam
3158 3107 3210 3160 in
3255 3105 3461 3174 templo
3501 3103 3854 3161 victoriarum.

2196 3194 2242 3256 C
2275 3201 2542 3268 Quoniam
2574 3212 2801 3254 numero
2831 3197 3204 3264 delectantur,
3239 3196 3508 3254 sacriﬁcia
3551 3211 3643 3251 sua
3674 3197 3859 3265 ubique

2275 3293 2681 3350 concelebrant.
2716 3290 2856 3359 Quid
2887 3298 2972 3346 est
2995 3291 3096 3344 nisi
3122 3291 3383 3346 insultare
3413 3289 3564 3356 fidei,
3593 3289 3736 3344 unius
3752 3305 3778 3340 ει
3797 3304 3861 3340 ΠΒ

2277 3387 2604 3442 sacrificium
2630 3384 2940 3440 vindicare?
2971 3382 3352 3440 Ferendumne
3385 3375 3550 3446 istud,
3578 3391 3634 3437 ut
3657 3381 3856 3452 gentilis

2276 3479 2580 3542 sacrificet,
2615 3487 2670 3532 et
2705 3476 3036 3534 christiauus
3067 3477 3319 3531 intersit?
3345 3475 3640 3539 llauriant.
3667 3474 3852 3547 inquit,

2280 3571 2534 3627 hauriant
2549 3570 2631 3626 vel
2663 3570 2816 3625 inviti
2851 3568 3057 3630 fumum
3093 3569 3294 3635 oculis,
3324 3569 3696 3642 symphoniam
3720 3566 3853 3620 auri-

2280 3667 2412 3732 bus,
2440 3666 2677 3722 cinerem
2707 3664 2980 3727 faucibus,
3019 3664 3142 3718 tlms
3194 3664 3416 3718 naribus
3442 3661 3488 3728 ,¹ί
3521 3673 3576 3717 et
3618 3676 3852 3716 aversan-

2279 3763 2412 3817 timu
2445 3759 2565 3815 licet
2581 3772 2674 3812 ora
2693 3756 2930 3813 excitata
2961 3753 3096 3810 focis
3123 3754 3324 3810 nostris
3353 3753 3534 3810 favilla
3566 3760 3842 3824 respergat.

2277 3853 2393 3908 Non
2427 3852 2500 3907 illi
2530 3850 2659 3905 satis
2686 3857 2812 3904 sunt
2839 3849 3072 3913 lavacra,
3108 3861 3214 3900 non
3239 3847 3504 3917 porticus,
3540 3861 3645 3901 non
3677 3845 3848 3914 platea:

2275 3953 2550 4011 occupata:
2577 3937 2917 3996 simulacris?
2944 3937 3196 3993 Etiamne
3227 3937 3280 3992 in
3309 3939 3584 3992 communi
3615 3937 3706 3992 illo
3730 3949 3845 3989 con-

2274 4038 2402 4093 cilio
2431 4052 2537 4090 non
2578 4035 2683 4090 erit
2721 4033 3024 4090 communis
3063 4030 3337 4091 cauditio?
3367 4032 3738 4104 Obstriugetur
3773 4027 3847 4098 pia

2337 4196 2352 4234 ί
2386 4198 2512 4253 Mss.
2548 4196 2775 4265 aliquot,
2817 4211 2997 4249 cursus
3055 4210 3192 4250 suos.
3241 4195 3336 4250 Est
3372 4206 3554 4252 autem
3578 4197 3762 4264 Almo,
3795 4204 3842 4250 ut

2259 4267 2504 4323 Nannius
2532 4267 2818 4330 observat,
2855 4266 3046 4320 ﬂuvius
3075 4266 3262 4320 Romae
3294 4266 3347 4321 iu
3395 4269 3565 4336 prima
3600 4269 3840 4336 regione,

2262 4340 2406 4406 apud
2437 4354 2597 4408 quem
2631 4338 2758 4409 olim
2794 4338 3019 4390 Romani
3048 4339 3446 4409 isacragliybelis
3477 4338 3742 4394 faciebant
3766 4355 3848 4392 eo-

2266 4411 2388 4464 dem
2414 4407 2544 4474 ritu,
2569 4423 2676 4478 quo
2705 4407 2843 4479 Galli
2874 4408 3183 4462 sacerdotes
3211 4407 3554 4479 iu‘Phrygia.
3583 4410 3716 4465 Tum
3737 4409 3846 4462 sub-

649 4485 671 4513 ο
705 4475 974 4552 Mutuatus
996 4485 1080 4530 est
1109 4478 1268 4530 etiam
1302 4477 1445 4532 hunc
1469 4480 1646 4534 locum
1689 4481 1940 4536 Ambros.
1968 4496 2040 4552 ex
2068 4481 2162 4538 illo
2189 4476 2242 4539 D
2262 4480 2424 4552 jectis
2453 4481 2521 4535 de
2551 4475 2743 4552 eodem
2765 4478 2952 4552 'lluvio
2980 4479 3260 4552 nominllis
3282 4475 3472 4552 Ovidii
3501 4495 3565 4535 ac
3592 4481 3845 4538 iuvenalis

576 4544 732 4617 Virg;
756 4544 953 4616 Georg.
991 4559 1004 4598 l
1041 4563 1054 4617 ς

697 4615 1013 4679 Exercetque
1035 4615 1272 4680 frequens
1290 4618 1538 4678 tellurem,
1565 4626 1712 4682 atque
1734 4621 1942 4684 imperat
1965 4626 2106 4675 arvis.

577 4687 724 4742 Alios
760 4703 974 4758 quoque
1007 4704 1196 4744 versus
1219 4704 1248 4744 e
1281 4690 1374 4744 lib.
1403 4706 1439 4745 tt
1470 4689 1558 4745 hic
1582 4694 1826 4762 espressi
1857 4703 2002 4761 sunt,
2032 4711 2168 4766 quos

578 4760 692 4812 inse
719 4773 815 4812 ner
833 4768 884 4812 te
916 4757 1074 4812 facile
1099 4759 1498 4812 deprehendes.

578 4760 692 4827 ipse
719 4768 884 4826 perte
916 4759 1074 4814 facile
1099 4759 1498 4828 deprehendes.
1659 4759 1668 4762 ⁷
1991 4759 1997 4761 ’
2052 4759 2064 4766 ’

645 4828 672 4866 ά
704 4830 862 4882 llum.
893 4830 1049 4903 edit.,
1082 4832 1221 4885 nuda
1249 4833 1598 4903 gignentium;
1624 4834 1829 4902 optimo
1859 4850 2044 4900 sensu,
2071 4836 2165 4894 sed

579 4915 711 4955 mss.
745 4911 908 4970 atque
937 4902 1067 4955 edit.
1098 4915 1208 4957 vet.
1243 4902 1509 4971 praesidiis
1550 4905 1832 4960 destituto.
1863 4907 2007 4962 Idem
2037 4923 2167 4964 vero

572 4981 676 5037 cst,
701 4983 830 5048 nutu
848 4973 1167 5048 gignentium
1191 4989 1252 5048 ac
1273 4975 1610 5048 gignentium
1643 4976 1866 5031 arbitrio
1898 4993 1992 5033 seu
2026 4979 2164 5048 lege.

646 5051 669 5078 θ
699 5041 916 5121 omnes
934 5043 1110 5121 edit.,_
1135 5041 1379 5121 habemus
1428 5046 1704 5118 infantiae;
1754 5064 1946 5106 omnes
1994 5041 2165 5121 prope

575 5127 728 5184 mss.
755 5114 998 5184 habemus
1024 5115 1320 5184 infantiam.
1487 5114 1496 5118 ⁷
1559 5165 1561 5167 ,

649 5182 668 5266 ξ
704 5183 848 5238 Edit.
884 5200 1006 5239 cum
1032 5182 1217 5256 paucis
1249 5202 1406 5253 mss,
1439 5189 1840 5270 primaria-viam
1863 5203 2164 5270 mutarunt;

571 5253 818 5332 aliiumss.
855 5253 1049 5323 magno
1077 5272 1337 5332 numero,
1367 5253 1614 5332 primwpa
1641 5261 1910 5315 nituerunt
1932 5280 1952 5324 ;
1971 5253 2162 5332 reliqui

574 5324 789 5392 melius,
813 5337 1059 5380 nutarnnt
1078 5369 1092 5393 ,
1122 5328 1172 5380 id
1205 5337 1308 5392 est,
1337 5324 1447 5394 prae
1475 5329 1789 5386 infirmitate
1817 5324 2160 5388 vacillarunt.

600 5466 609 5476 .
644 5406 669 5442 ὅ
703 5395 1045 5478 Βοιιικθιιιιη
1090 5398 1219 5466 ﬁdes
1261 5399 1554 5453 animarum
1575 5442 1589 5467 ,
1623 5409 1668 5454 et
1697 5402 1750 5456 in
1784 5402 2019 5459 Ecclesia
2043 5422 2165 5478 gra-

571 5475 660 5530 tia,
691 5476 796 5520 etc.

641 5535 898 5626 {omnes
920 5540 1076 5607 edit.,
1104 5541 1159 5626 id
1185 5541 1322 5626 quod
1351 5550 1459 5595 erat
1486 5557 1682 5626 verunt,
1697 5545 1822 5626 jure
1850 5547 2162 5626 pratulum,-

571 5621 709 5686 mss.
741 5613 960 5686 partim,
998 5613 1136 5686 quod
1183 5621 1291 5686 erat
1345 5627 1539 5678 verum,
1591 5614 1648 5680 ﬁt
1678 5613 1802 5686 jure
1844 5613 2158 5686 praelatum,

571 5679 838 5759 partim...
879 5679 1094 5759 injuria:
1133 5684 1429 5759 palatum,
1481 5679 2019 5759 partim'etiaui...’i_n
2038 5679 2162 5759 jure

572 5745 860 5829 ξτεςᾳςιιηι.
902 5745 1013 5804 Nec
1042 5745 1187 5806 male
1237 5745 1891 5826 forsitan'legeremus...
1938 5757 1994 5811 id
2038 5745 2162 5829 'jnre

575 5811 860 5885 prwlatum.

2277 4552 2556 4607 versiculis
2578 4593 2590 4615 ,
2625 4550 2763 4604 idem
2788 4549 3051 4620 Aadjttngit
3083 4568 3096 4603 :
3132 4548 3214 4604 Ad
3259 4550 3412 4614 Cujus
3457 4551 3844 4606 similitudinem

2275 4639 2396 4678 cum
2429 4622 2555 4676 alibi
2592 4635 2746 4674 sacra
2776 4618 2941 4684 fiunt,
2975 4618 3277 4689 proximum
3318 4620 3539 4676 fluvium
3583 4623 3845 4676 Almoul-m

2274 4709 2397 4749 esse
2428 4692 2667 4764 fingunt;
2699 4693 2746 4745 si
2783 4691 2998 4764 quidem
3044 4705 3160 4745 mos
3202 4701 3323 4764 est,
3364 4705 3419 4746 ut
3447 4707 3569 4761 qua:
3601 4696 3650 4747 in
3693 4693 3847 4747 sacris

2276 4764 2462 4819 haberi
2493 4762 2760 4832 nequeant
2784 4763 3154 4834 sii_milentur_:
3167 4762 3312 4831 quod
3333 4765 3555 4830 perinde
3576 4765 3844 4834 accipitur,

2273 4851 2336 4890 ac
2366 4837 2409 4890 sl
2433 4850 2556 4890 vera
2587 4845 2790 4888 esSent.
2819 4832 2966 4901 Virg.
2992 4848 3064 4896 tv,
3090 4831 3284 4886 .lEueid
3319 4851 3332 4886 :

2397 4906 2657 4968 Sparserat
2681 4911 2728 4953 et
2757 4903 2928 4953 latices
2949 4902 3200 4954 simulatos
3220 4901 3367 4952 fontis
3384 4902 3586 4954 Averni.

2275 4977 2400 5031 Hzrc
2430 4977 2690 5031 Nannius.
2717 4975 2886 5028 Porro
2912 4973 2982 5046 de
3005 4974 3174 5046 sacris
3195 4975 3516 5046 peregrinis,
3543 4992 3662 5046 qum
3683 4977 3848 5030 Romae

2273 5049 2528 5118 adoptata
2584 5047 2745 5100 tradit
2802 5044 3124 5118 Ambrosius
3150 5085 3164 5106 ,
3197 5045 3478 5118 eleganter
3503 5044 3717 5116 quoque
3753 5047 3848 5118 Leo

2309 5113 2422 5173 oni.
2455 5119 2613 5172 Ruth.
2641 5132 2810 5190 sertn.
2839 5131 2855 5169 1
2881 5156 2895 5180 ,
2941 5117 3007 5169 de
3040 5113 3314 5190 Apostolis
3347 5135 3358 5168 :
3386 5113 3675 5190 Cum—pene
3701 5115 3846 5190 omni-

2309 5134 2422 5173 out.
2455 5134 2613 5172 Itom.
2641 5134 2806 5172 serm.
2839 5134 2895 5180 ι,
2941 5134 3007 5169 ue
3040 5134 3314 5182 npostuns
3347 5135 3358 5168 :
3386 5134 3515 5169 cum
3549 5136 3675 5190 pene
3701 5134 3845 5172 0mm-

2271 5134 2389 5256 xus,
2425 5191 2622 5260 inquit,
2674 5187 3324 5260 dominaretungentibns,
3369 5189 3601 5260 omnium
3641 5189 3845 5260 gentium

2270 5257 2516 5316 serviebat
2565 5258 2843 5322 erroribus,
2898 5267 3002 5312 etc.
3041 5257 3430 5312 Verumtamen
3479 5257 3844 5325 facta'stepius

2271 5333 2447 5387 edicta
2475 5331 2543 5385 de
2588 5329 2852 5400 pellendis
2883 5345 2948 5384 ex
2978 5327 3124 5383 Urbe
3174 5327 3529 5396 religionibus
3562 5329 3841 5401 peregrinis

2271 5419 2374 5456 nou
2408 5405 2733 5471 ignoramus.
2939 5470 2945 5471 γ
3043 5468 3077 5471 η
3204 5467 3213 5471 Δ
3286 5469 3294 5471 _
3636 5419 3652 5435 .

2347 5471 2360 5522 i
2393 5464 2678 5535 Sitntptttttt
2705 5481 2787 5545 est
2815 5486 2881 5524 ex
2916 5470 3010 5524 illo
3041 5467 3297 5545 Herodoti
3321 5510 3336 5533 ,
3375 5472 3765 5545 ἐπιμιμαθήκασι
3796 5464 3841 5545 δέ

2269 5547 2352 5617 ita!
2375 5551 2441 5617 ,τῇ
2479 5545 2699 5617 Οὐρανίῃ
2737 5544 2875 5617 θύειν
2900 5545 3058 5617 ’ποιρᾲ
3085 5561 3139 5596 τι
3178 5539 3469 5617 ’Λγσσςυρίωέ
3502 5539 3733 5617 μαθόντες
3770 5539 3839 5590 ιαί

2267 5604 2797 5691 ἶΔρᾴᾷίωνίξιᾳλξφυσι
2823 5612 2878 5668 δὲ
2900 5604 3154 5691 ’Λσᾶύριρι
3174 5616 3263 5691 ’ζῇν
3292 5604 3582 5691 ’Δῖρροδίξςην
3610 5612 3832 5691 uelut.

2270 5682 2493 5762 'A'pa'rStm
2519 5682 2814 5762 δὲξΔλίτια,
2846 5696 3034 5761 Περσαι
3055 5682 3115 5740 δὲ
3139 5682 3359 5761 Μίθρᾳνζ
3380 5682 3456 5739 Ἰιι
3488 5685 3735 5762 μιιιιιιίιιξ.

2342 5756 2366 5794 II
2411 5756 2634 5810 Amerb.
2663 5771 2786 5811 cum
2823 5756 2952 5810 mss.
2997 5770 3102 5807 non
3129 5756 3332 5822 paucis,
3355 5768 3402 5811 et
3429 5756 3837 5812 adversantium;

2275 5829 2396 5886 aliae
2421 5843 2542 5890 curn
2567 5826 2810 5906 reliquis,
2839 5834 2886 5882 et
2911 5825 3272 5898 aversantium.
