3954 6164
1381 203 1876 264 ειδιετοιωωι
1913 203 2193 264 αιΑεειε
2231 207 2273 262 l.

3354 208 3462 267 983

141 333 368 379 seruatus
398 322 595 391 portio
611 321 992 377 obtestantium
1017 319 1260 385 vocibus,
1278 316 1643 388 adjurantium
1664 331 1753 374 sa-
1778 320 1832 387 Α
1927 319 2018 377 '57.
2045 317 2216 388 Quem
2258 320 2421 377 etiam
2467 318 2638 390 magis
2666 317 2952 377 sacrificiis
2989 317 3233 379 deditum
3252 360 3268 388 ,
3298 335 3461 392 quam

143 414 470 471 oramentis.
507 414 572 470 Si
596 413 812 479 refutet,
831 413 1104 469 videbitur
1122 410 1463 468 mendacium
1492 409 1752 481 prodere:

141 506 301 580 αι
324 508 373 562 si
403 506 732 577 acquiescat
750 548 766 574 ,
788 506 1135 577 sacrilegium
1164 504 1436 561 confiteri.

207 599 299 656 δὲ.
337 597 444 655 Ubi
470 640 489 666 ,
522 599 735 668 inquit,
766 600 821 654 in
853 600 1006 670 leges
1036 609 1247 653 vestras
1270 606 1326 652 et
1353 595 1522 652 verba
1544 594 1753 666 iurabi—

146 708 262 747 mus
279 692 303 746 ἲ
322 692 480 763 Ergo
494 706 655 748 mens
678 700 882 758 vestra,
907 706 1029 761 quae
1055 689 1268 760 legibus
1282 698 1499 746 tenetur
1524 687 1754 754 inclusa,

142 783 480 838 ceremoniis
508 782 1103 854 gentium‘sull‘ragium
1133 782 1375 853 colligit,
1400 781 1562 837 fidem
1590 783 1760 838 strin-

141 876 248 948 git?
308 874 438 931 Jam
495 890 610 932 non
647 875 823 931 solum
870 874 1257 946 prmacntium,
1302 873 1401 930 sed
1451 873 1757 931 absentium

144 970 328 1033 etiam,
359 981 417 1024 et
450 971 607 1040 quod
636 968 986 1039 estamplius,
1017 969 1397 1038 imperatores,
1427 967 1562 1023 lides
1579 975 1757 1023 vestra

143 1061 421 1130 pulsatur;
458 1075 566 1116 vos
598 1059 744 1117 enim
775 1059 994 1130 cogitis,
1027 1058 1075 1114 si
1096 1058 1323 1129 jubetis.
1359 1058 1387 1088 ⁸
1408 1058 1759 1114 Constantius

142 1164 387 1223 augustae
408 1154 702 1209 memorias
726 1152 965 1209 nondum
993 1152 1163 1208 sacris
1185 1151 1428 1207 initiatus
1456 1152 1756 1223 mysteriis,

142 1248 513 1303 contaminari
547 1262 607 1303 se
636 1247 865 1318 putavit,
891 1248 936 1301 si
963 1261 1114 1301 aram
1147 1245 1293 1300 illam
1325 1244 1557 1300 videret.
1588 1242 1761 1301 Jussit

142 1342 363 1409 auferri,
409 1357 533 1398 non
571 1342 736 1413 jussit
782 1342 994 1411 reponi.
1043 1339 1180 1396 Illud
1206 1338 1589 1395 auctoritatem
1628 1336 1759 1394 facti

145 1435 323 1502 habet,
350 1435 463 1491 hoc
497 1436 762 1507 praecepti
790 1450 896 1491 non
929 1434 1109 1490 habet.

210 1534 300 1587 53.
330 1529 525 1587 Nemo
565 1530 671 1586 sibi
712 1532 785 1586 de
817 1530 1060 1586 absentia
1107 1528 1435 1584 blandiatur.
1463 1527 1490 1566 δ
1516 1527 1758 1583 Praesen-

148 1623 247 1679 tior
271 1633 382 1690 est,
415 1624 518 1694 qui
546 1637 609 1680 se
634 1624 833 1678 animis
863 1622 1087 1689 inserit,
1122 1636 1284 1691 quam
1313 1622 1404 1692 qui
1430 1620 1604 1676 oculis
1634 1635 1761 1691 pro-

148 1725 390 1771 testatur.
423 1716 563 1772 Plus
600 1717 749 1772 enim
780 1724 865 1771 est
902 1723 1087 1770 mente
1114 1715 1401 1779 conuecti,
1435 1729 1596 1785 quam
1628 1728 1754 1770 cor-

146 1823 269 1879 pore
291 1808 575 1879 copulari.
596 1807 706 1863 Vos
733 1815 956 1864 senatus
982 1805 1213 1877 cogendi
1242 1806 1462 1861 concilii
1493 1804 1753 1876 pmsules

148 1899 327 1966 habet,
362 1902 385 1927 ‘
419 1900 590 1957 vobis
620 1899 731 1954 coit
759 1917 775 1954 :
800 1898 955 1955 vobis
983 1898 1381 1954 conscientiam
1417 1913 1572 1953 suam
1595 1939 1610 1962 ,
1640 1911 1752 1953 non

149 1992 242 2047 diis
280 1991 539 2063 gentium
592 2001 816 2062 praestat
849 2008 862 2044 :
890 2005 987 2047 vos
1022 1990 1211 2047 liberis
1238 1992 1385 2073 suis,
1420 2005 1529 2045 non
1571 1999 1752 2045 tamen

151 2084 264 2141 fidei
290 2101 408 2141 suae
431 2082 689 2156 praefert.
723 2083 850 2140 Hac
877 2093 961 2139 est
999 2082 1237 2138 cltaritas
1273 2082 1606 2153 expetenda,
1635 2080 1755 2137 hmo

151 2186 232 2231 est
254 2177 505 2233 cbaritas
540 2177 717 2247 major
745 2176 999 2248 imperio,
1018 2176 1066 2231 si
1094 2175 1228 2231 fides
1247 2184 1360 2231 tuta
1376 2174 1469 2242 sit,
1492 2190 1612 2245 qua:
1634 2189 1753 2230 ser-

148 2278 231 2322 vat
255 2269 579 2335 imperium.

211 2363 299 2419 34.
321 2363 431 2420 Sed
457 2363 703 2419 fortasse
724 2362 960 2429 aliquem
985 2371 1200 2418 moveat
1220 2357 1245 2396 ἀ
1272 2361 1342 2415 ita
1373 2358 1749 2415 fidelissimum

152 2455 442 2525 principem
495 2455 826 2511 destitutum
867 2473 881 2510 :
923 2454 1154 2525 proinde
1210 2453 1366 2524 quasi
1432 2455 1750 2509 meritorum

151 2548 369 2616 pretium
404 2550 643 2604 caducis
680 2548 986 2603 aestimetur
1041 2547 1417 2618 prmsentiunt.
1448 2545 1579 2613 Quis
1606 2547 1750 2601 enim

152 2642 357 2711 sapiens
388 2657 503 2698 non
554 2642 608 2697 in
636 2641 769 2697 orbe
806 2640 1041 2711 quodam
1097 2650 1261 2711 atque
1303 2640 1533 2696 circuitu
1576 2638 1749 2697 locata

154 2730 503 2790 humanarum
554 2750 739 2790 rerum
768 2734 920 2791 novit
952 2734 1203 2803 negotia;
1237 2734 1363 2804 quia
1396 2748 1502 2787 non
1526 2731 1748 2789 eosdem

157 2837 357 2894 semper
393 2839 695 2883 successus
753 2825 998 2881 habent:
1029 2823 1125 2880 sed
1171 2823 1385 2878 variant
1429 2829 1638 2890 status,
1696 2831 1751 2879 et

155 2925 351 2973 mutant
376 2918 572 2975 vices?

218 3012 303 3067 55.
330 3012 509 3080 Quem
540 3011 839 3067 beatiorem
858 3010 1033 3066 Cneio
1061 3009 1320 3079 Pompeio
1342 3009 1583 3064 Romana
1608 3017 1743 3065 tem-

157 3101 231 3169 pla
260 3104 566 3160 miserunt?
592 3103 663 3157 At
690 3103 736 3158 is
769 3118 894 3157 cum
928 3101 1100 3157 tribus
1139 3100 1427 3171 triumphis
1474 3108 1743 3156 terrarum
1774 3108 1820 3172 ο

157 3193 402 3253 cinxisset
431 3198 656 3260 orbem,
684 3196 871 3266 pulsus
893 3195 1011 3251 acie
1031 3235 1047 3261 ,
1082 3195 1229 3251 bello
1258 3194 1551 3269 profugus,
1582 3203 1636 3251 et
1662 3194 1749 3251 sui

160 3286 398 3344 terminis
425 3288 591 3345 exsul
617 3287 849 3358 imperii,
878 3286 1119 3357 Canopei
1153 3289 1175 3315 °
1198 3301 1358 3341 manu
1386 3287 1642 3357 spadonis
1657 3302 1745 3343 oc.

161 3376 348 3433 cubuh.

220 3470 302 3526 56.
334 3473 514 3542 Quem
537 3472 859 3529 nobiliorem
889 3470 1032 3542 Cyro
1056 3470 1343 3529 Persarum
1371 3474 1537 3529 totius
1556 3472 1749 3530 Orien-

162 3560 222 3616 tis
249 3572 406 3621 terra:
427 3581 619 3637 regem
648 3564 955 3619 dederunt?
979 3562 1026 3618 ls
1065 3579 1281 3634 quoque
1316 3579 1438 3618 cum
1474 3566 1745 3635 principes

163 3660 560 3722 potentissimos
579 3657 928 3713 adversantes
950 3656 1192 3721 vicisset,
1229 3654 1247 3695 ί
1274 3658 1446 3712 victos
1472 3672 1746 3713 reservas-

163 3755 254 3812 set,
278 3750 639 3807 muliebribus
669 3748 837 3804 armis
873 3745 1024 3802 fusus
1053 3746 1280 3803 interiit.
1315 3747 1385 3802 Et
1412 3748 1505 3803 ille
1531 3762 1625 3803 rex
1653 3749 1743 3819 qui

164 3834 429 3913 superatos
455 3844 629 3900 etiam
675 3853 971 3897 consessus
1011 3838 1221 3895 honore
1259 3837 1594 3904 donaverat,
1644 3856 1741 3895 ex-

166 3942 301 3985 secto
332 3938 519 4006 capite
546 3944 604 3991 et
627 3935 769 3989 intra
794 3940 969 3987 utrem
998 3931 1216 4001 plenum
1238 3933 1473 3996 cruoris,
1500 3941 1525 3979 Β
1557 3932 1744 3989 satiari

161 4018 350 4092 jussus,
377 4028 615 4092 incluso,
642 4024 890 4081 femineis
913 4023 1154 4093 imperiis
1180 4023 1415 4079 ludibrio
1446 4023 1567 4080 fuit.
1591 4022 1745 4080 Adeo

169 4108 216 4164 in
235 4112 382 4173 istius
402 4121 534 4178 vitae
564 4116 836 4177 curriculo
868 4128 974 4169 non
1006 4117 1157 4191 paria
1181 4116 1433 4189 paribus,
1464 4114 1558 4171 sed
1585 4114 1747 4187 longe

169 4200 366 4265 diversa
395 4212 744 4270 referuntur!

232 4356 256 4385 ⁸
282 4348 409 4425 Cod.
435 4355 614 4425 Long.
645 4364 701 4411 et
740 4355 906 4422 ἰδίει,
937 4351 1330 4410 Constantinus.
1364 4347 1472 4405 Sed
1515 4346 1741 4425 omnino
1768 4357 1823 4417 D

174 4412 439 4494 [egelidum
470 4412 857 4490 Constantius,
892 4412 963 4482 de
1005 4424 1162 4494 cujus
1193 4424 1513 4493 baptismate
1552 4420 1742 4476 scribit

176 4483 409 4564 Stierates
435 4498 535 4554 lib.
566 4513 627 4563 tt,
650 4483 878 4564 capJ'i,
899 4508 954 4553 et
983 4483 1097 4552 alii'.

188 4556 260 4639 ςδ
287 4556 626 4625 Ambrosius
661 4556 823 4639 supra
865 4556 1027 4637 epist.
1074 4567 1163 4639 μ,
1219 4580 1369 4639 num.
1403 4562 1459 4628 6,
1509 4560 1744 4639 Quorum

174 4625 440 4712 ("quenter
467 4625 773 4712 presentio'r
814 4625 1043 4712 absentia
1077 4625 1176 4712 [ait
1198 4625 1744 4712 Δ(μαι-11ηκὲεὲεἶιωηιίει

177 4710 344 4759 Sancto
373 4708 601 4766 Prtesnli
622 4708 1050 4766 eratadtnndntn
1084 4708 1386 4762 familiaris.

241 4782 262 4812 τ
300 4775 448 4838 Vobis
475 4784 579 4836 coit
603 4785 654 4835 in
698 4798 828 4837 mss.
854 4781 969 4836 fere
993 4780 1247 4835 omnibus
1278 4776 1640 4832 desideratur.

238 4839 262 4880 δ
289 4848 578 4908 Gratianus
604 4854 769 4907 dubio
798 4871 809 4917 ι
833 4851 984 4907 rocttl
1011 4852 1097 4907 hic
1135 4850 1471 4918 designatur,
1496 4847 1564 4901 de
1596 4845 1752 4915 cujus

181 4924 338 5040 {mile
357 4924 443 4980 adi
489 4925 739 4994 Exposit.
774 4924 909 4995 pral.
938 4938 1029 4977 LXI
1058 4932 1115 4977 et
1142 4935 1266 4992 qua:
1296 4933 1395 4973 nos
1426 4918 1624 4972 ibidem
1657 4932 1752 4972 att-

314 5007 496 5040 iamllﬁ-

214 4999 496 5050 Olaltamtts.

246 5065 267 5094 θ
290 5059 625 5136 Pompeium,
657 5066 859 5121 amissa
887 5063 1197 5136 Pharsalica
1225 5074 1401 5136 pugna
1427 5099 1442 5123 ,
1462 5056 1540 5136 ad
1571 5071 1751 5136 regem

183 5121 380 5203 ἐθεηηί
418 5121 835 5208 perfugietttem,
857 5152 978 5190 cum
1012 5152 1043 5189 c
1075 5133 1196 5188 ttavi
1223 5121 1326 5189 sua
1352 5128 1405 5208 in
1429 5121 1748 5208 ’Egyptiam

186 5197 438 5281 ingressus
484 5197 653 5274 essét,
697 5197 943 5281 Achillas
987 5208 1166 5281 regius
1198 5197 1751 5281 eunuchusnefarie

187 5273 559 5356 l‘fttcidavitLut
583 5271 906 5356 Plutarchus
934 5279 985 5331 in
1004 5271 1162 5356 illius
1198 5274 1349 5338 Vita,
1373 5271 1670 5356 Suetonius
1696 5271 1751 5324 in

191 5334 292 5393 Vita
337 5334 720 5415 Jul.C:esaris,
750 5360 912 5419 atque
966 5348 1059 5402 alii
1096 5334 1754 5419 commemorattt._Cano-

191 5420 329 5474 Deum
351 5432 533 5493 autem
562 5413 856 5493 spadonem
889 5431 1096 5493 vocata
1116 5417 1339 5493 Quippe
1355 5413 1571 5485 Aﬂgypti
1601 5416 1756 5477 urbe,

192 5494 295 5546 Quae
316 5490 379 5543 ab
398 5489 722 5547 Alexandria
753 5492 857 5547 1ἳο
885 5489 1072 5546 stadiis
1098 5489 1287 5542 dissita
1311 5496 1447 5541 erat.

258 5551 374 5634 ‘_De
403 5562 543 5634 Cyro
575 5566 859 5619 Persarum
895 5576 1021 5634 rege
1042 5603 1056 5625 ,
1081 5561 1171 5630 qui
1208 5560 1479 5613 devictum
1504 5555 1754 5634 .gresum‘

195 5623 582 5707 perhumaniter
601 5636 875 5707 planeque
904 5623 1053 5707 regie
1081 5623 1426 5707 tractaverit},
1451 5642 1481 5681 a
1503 5623 1760 5707 ’thotnyri

200 5703 339 5771 “Pi”
355 5715 404 5777 Cl
425 5697 750 5767 obtruticato
772 5697 994 5782 scripsti
1010 5702 1316 5778 Herodotus
1336 5698 1475 5758 libro
1497 5712 1514 5756 ι
1535 5697 1760 5764 ilistor.,

1862 411 2366 485 Carthaginensium
2424 412 2618 469 ducem
2684 411 3046 471 Hamilcarem
3111 415 3459 485 reperimus?

1860 507 1963 577 Qui
1991 523 2113 562 cum
2140 516 2256 563 toto
2284 507 2455 577 praelii
2484 515 2729 579 tempore
2768 507 2913 563 inter
2941 507 3090 563 acies
3120 508 3332 578 positus
3379 508 3465 564 di-

1862 603 2156 667 micantes,
2204 599 2529 655 sacriﬁcium
2568 598 2807 665 faceret;
2843 599 2933 654 ubi
2983 608 3188 670 partem
3235 614 3458 656 suorum

1861 694 2058 749 victam
2082 708 2205 748 esse
2229 693 2504 762 cognovit,
2521 690 2576 747 in
2597 692 2743 761 ipsos
2772 705 2908 763 quos
2935 689 3209 759 adolebat,
3240 705 3300 748 se
3322 706 3462 762 pra:-

1861 786 2102 857 cipitavit
2142 786 2332 857 ignes:
2364 793 2424 841 ut
2451 798 2547 841 eos
2578 781 2607 820 ιι
2634 783 2720 838 vel
2760 797 2993 853 corpore
3018 798 3119 840 suo
3155 784 3459 855 reatiugue-

1860 888 1967 946 ret,
1998 892 2135 948 quos
2162 877 2267 932 sibi
2299 875 2431 932 nihil
2465 874 2736 947 profuisse
2761 884 3110 946 cognoverat.

1929 968 2097 1043 842
2134 968 2226 1026 38.
2257 967 2393 1025 Nam
2419 968 2487 1025 de
2510 967 2728 1024 Iuliano
2778 967 2907 1038 quid
2958 967 3179 1037 loquar?
3200 968 3291 1038 qui
3333 980 3469 1023 cutn‘

1861 1061 2145 1133 respoitsis
2177 1061 2525 1133 haruspicqu
2555 1061 2697 1117 male
2727 1060 2982 1117 credulus
3012 1070 3179 1128 esset,
3216 1060 3230 1098 ί
3260 1061 3465 1117 ademit

1861 1155 1964 1211 sibi
1991 1155 2235 1211 subsidia
2268 1154 2601 1211 revertendi.
2629 1155 2770 1226 Ergo
2800 1154 2854 1209 in
2883 1153 3158 1209 communi
3188 1168 3320 1209 casu
3349 1169 3454 1210 non

1860 1257 1944 1303 est
1986 1249 2294 1304 communis
2342 1247 2586 1312 offensa;
2645 1248 2919 1303 neminem
2955 1247 3159 1302 etenim
3198 1247 3462 1318 promissa

1862 1352 2048 1397 nostra
2077 1342 2346 1398 luserunt.
3166 1358 3173 1361 '

1933 1434 2022 1490 59.
2052 1434 2330 1504 Respondi
2362 1433 2759 1491 lacessentibus
2791 1442 3066 1505 tamquam
3095 1448 3201 1490 non
3232 1433 3460 1490 lacessi-

1862 1539 1991 1598 tus;
2023 1528 2335 1586 refellenda:
2371 1531 2571 1584 ctenim
2603 1527 2909 1584 Relatiouis
2929 1568 2945 1595 ,
2978 1542 3087 1584 non
3126 1527 3461 1599 exponendas

1863 1622 2269 1695 superstitionis
2300 1621 2434 1678 mihi
2456 1622 2694 1677 studium
2725 1620 2842 1676 fuit.
2864 1612 2944 1676 Te
2977 1631 3155 1677 tamen
3179 1662 3195 1686 ,
3225 1623 3459 1690 impera-

1787 1715 1832 1777 B
1862 1728 1972 1787 tor,
2002 1718 2115 1790 ipsa
2160 1732 2351 1773 eorum
2394 1716 2587 1771 relatio
2622 1714 2784 1770 faciat
2816 1712 3143 1771 cautiorem.
3176 1713 3309 1769 Nam
3340 1728 3463 1771 cum

1861 1812 1929 1867 de
1959 1810 2334 1880 superioribus
2358 1807 2697 1889 principibus
2719 1806 3005 1872 texuisset,
3036 1806 3160 1875 quia
3194 1804 3344 1873 prior
3372 1819 3466 1860 eo-

1859 1920 1979 1960 rum
2021 1918 2284 1959 numerus
2324 1902 2668 1959 ceremonias
2705 1911 2917 1971 patrunt
2958 1899 3163 1965 coluit,
3188 1897 3462 1955 recentior

1858 2012 1964 2050 non
1993 1995 2256 2060 removit;
2279 1993 2583 2051 addidisset
2606 1993 2773 2049 etiam
2802 2010 2815 2045 :
2850 1992 2896 2046 si
2928 1991 3242 2057 exemplum
3272 1989 3465 2060 religio

1858 2096 2102 2143 veterum
2136 2102 2242 2142 non
2288 2086 2448 2151 facit,
2476 2084 2642 2143 faciat
2662 2083 3025 2139 dissimulatio
3056 2084 3462 2153 proximorum;
3494 2142 3497 2149 η

1858 2180 2138 2236 evidenter
2162 2177 2345 2235 docuit
2366 2176 2497 2248 quid
2528 2183 2583 2232 et
2604 2175 2727 2230 ﬁdei
2759 2185 2866 2230 tua:
2895 2173 3129 2237 debeas,
3160 2182 3220 2229 ut
3243 2171 3465 2244 gentili-

1860 2273 1919 2328 tii
1942 2272 2077 2329 ritus
2108 2287 2213 2326 non
2240 2270 2487 2340 sequaris
2510 2267 2817 2337 exemplum
2844 2285 2856 2321 :
2884 2277 2938 2321 et
2956 2267 3241 2337 pietati,ut
3270 2266 3455 2322 fratris

1857 2372 2054 2419 statuta
2077 2378 2182 2416 non
2215 2361 2405 2415 violes.
2438 2361 2494 2415 Si
2524 2361 2666 2414 enim
2702 2372 2800 2427 pro
2828 2358 2940 2412 suis
2966 2356 3249 2412 dumtaxat
3277 2357 3449 2427 parti-

1858 2458 1958 2512 bus
1987 2470 2177 2510 eorum
2207 2452 2700 2511 dissimulationem
2733 2452 3036 2521 principum
3066 2449 3450 2520 praedicarunt,

1855 2554 1946 2625 qui
1987 2567 2108 2609 cum
2137 2560 2322 2607 essent
2366 2548 2678 2615 cltristi-tni,
2702 2547 2918 2602 decreta
2958 2554 3137 2601 tamen
3168 2544 3451 2615 gentilium

1857 2645 2081 2701 minime
2110 2651 2460 2699 removerunt
2485 2658 2500 2696 ε
2523 2649 2725 2710 quanto
2752 2637 2922 2709 magis
2958 2637 3129 2692 amori
3157 2636 3329 2693 debes
3358 2635 3455 2691 de-

1855 2738 2001 2796 ferre
2044 2737 2287 2793 fraterno
2312 2777 2326 2804 ,
2361 2744 2420 2791 ut
2444 2735 2534 2805 qui
2565 2733 2909 2789 dissimulare
2936 2730 3204 2799 deberes,
3234 2728 3451 2784 etiamsi

1855 2831 1981 2902 quid
2028 2829 2250 2885 forsitan
2297 2843 2403 2883 non
2445 2824 2734 2898 probares,
2765 2840 2834 2883 ne
2872 2825 3129 2881 fraternis
3154 2823 3451 2893 derogares

1854 2922 2092 2990 statutis,
2121 2932 2176 2980 et
2199 2936 2343 2977 nunc
2372 2930 2563 2977 teneas
2584 2918 2729 2991 quod
2757 2928 2813 2975 et
2843 2917 2966 2973 fidei
2992 2926 3119 2985 tum,
3157 2926 3214 2973 et
3237 2931 3455 2988 germa-

1856 3014 2039 3071 nitatis
2068 3012 2454 3071 necessitudini
2478 3011 2690 3084 iudicas
2713 3010 3028 3067 convenire.

2356 3168 2368 3219 i
2410 3160 2745 3224 EPISTOLA
2798 3164 2940 3221 XIX.

1850 3302 2154 3360 Attsnostus
2176 3321 2209 3358 a
2241 3302 2449 3360 VIGILIO
2470 3301 2541 3356 ad
2566 3301 2925 3373 episcopatum
2949 3316 3126 3355 recens
3151 3299 3366 3365 allecto,
3395 3309 3452 3354 ut

1922 3396 2021 3452 sibi
2044 3402 2270 3468 formam
2292 3397 2631 3453 institutionis
2658 3396 2906 3461 traderet,
2932 3396 3250 3461 obsecratus,
3274 3397 3453 3450 admo-

1923 3502 2008 3546 net
2034 3507 2098 3545 ne
2120 3490 2301 3559 ﬁdeles
2316 3506 2432 3545 cum
2450 3488 2752 3559 inﬁdelibus
2777 3489 3006 3557 patiatur
3025 3489 3160 3542 inire
3178 3488 3455 3557 conjugia:

1925 3584 2177 3638 deterreat
2211 3582 2464 3653 papulum
2492 3598 2523 3634 α
2558 3578 2833 3653 fraudibus
2854 3588 3007 3646 atque
3038 3579 3301 3647 fenoribns
3323 3594 3341 3630 :
3373 3580 3443 3631 ad

1926 3652 2326 3744 hospitalitatem
2372 3686 2488 3725 vero
2508 3671 2656 3723 illum
2688 3652 2924 3722 hortetur
2949 3682 2968 3720 :
2998 3667 3089 3720 sed
3122 3667 3451 3738 potissimum

1925 3776 1979 3820 ut
2010 3772 2290 3819 memorata
2310 3762 2711 3817 cbristianorum
2741 3776 2859 3814 cum
2880 3757 3155 3830 gentilibus
3181 3759 3450 3813 matrimo-

1923 3862 2011 3915 nia
2037 3857 2290 3928 efﬁcacius
2319 3855 2607 3926 prohibeat,
2634 3854 2905 3908 historiam
2933 3851 3203 3907 Samsonis
3241 3852 3448 3907 univer-

1923 3969 2032 4005 sam
2058 3950 2285 4004 decurrit
2314 3960 2465 4019 atque
2491 3946 2746 4001 edisserit.

2335 4092 2637 4147 Auanosms
2664 4088 2690 4126 ιι
2743 4088 2966 4146 Vtetuo.

1934 4209 1983 4263 ί.
2014 4204 2318 4278 Poposcisti
2346 4220 2374 4259 a
2406 4219 2493 4260 me
2518 4200 2872 4259 inStitutionis
2898 4208 3006 4256 tute
3027 4198 3281 4270 insignia,
3305 4216 3442 4272 quo-

1846 4344 2089 4404 Justinus
2117 4342 2213 4400 lib.
2245 4344 2410 4400 etiam
2441 4358 2482 4407 ι,
2506 4351 2666 4413 atque
2689 4336 2802 4395 alii.

1923 4427 1949 4465 8
1974 4418 2175 4473 Saliari
2208 4417 2393 4487 jussus
2436 4405 2597 4487 deest'
2633 4412 2688 4469 in
2714 4415 2885 4487 Amss.‘
2904 4408 3019 4467 fere
3058 4405 3309 4467 omnibus
3390 4414 3447 4463 at

1850 4498 2042 4545 contra
2073 4490 2123 4543 itt
2150 4482 2361 4544 cunctis
2385 4482 2517 4542 edit.
2547 4485 2837 4540 invenitur.

1924 4559 1951 4597 ιι
1975 4557 2049 4614 Ita
2081 4576 2273 4614 omnes
2313 4574 2446 4613 mss.
2480 4555 2666 4626 paucis
2693 4552 2997 4625 exctnptis,
3029 4546 3306 4621 inquibus
3347 4560 3446 4626 pro

1852 4634 2201 4702 restingueret
2230 4630 2461 4702 habetur
2482 4620 2835 4699 restringeret
2861 4620 2891 4680 ἐ
2922 4635 3113 4677 omnes
3130 4620 3135 4621 7
3154 4637 3286 4676 vero
3312 4620 3443 4675 edit.

1854 4702 1935 4758 vel
1957 4700 2139 4755 cruore
2163 4718 2258 4755 suo
2284 4700 2642 4769 restingueret.

1932 4772 1947 4809 ί
1983 4772 2135 4827 Hanc
2179 4771 2381 4840 .lttliani
2411 4760 2674 4840 apostata:
2718 4765 2917 4840 bellum
2960 4760 3227 4840 adversus
3250 4761 3448 4840 Persas

1853 4843 2153 4899 adorientis
2175 4831 2618 4911 imprudentiam,
2639 4853 2742 4911 qua
2761 4836 3058 4911 combustis
3085 4834 3316 4911 navibus
3342 4831 3446 4911 sibi

1854 4929 1919 4969 ac
1974 4912 2219 4967 Romano
2252 4905 2547 4964 'exercitui
2599 4905 2860 4962 redeundi
2917 4920 3068 4976 spem
3126 4905 3443 4976 intercepit,

1854 4986 2185 5052 descriptam
2219 4980 2388 5035 babes
2434 4975 2969 5052 apudSozontettttnt
3004 4975 3095 5031 lib.
3130 4991 3205 5042 Vt,
3236 4990 3355 5044 cap.
3398 4975 3445 5039 i,

1856 5048 2131 5109 Theodor.
2164 5053 2256 5107 lii).
2294 5067 2372 5113 ttt,
2405 5048 2525 5119 cap.
2558 5048 2650 5113 25,
2678 5059 2731 5103 et
2755 5048 2914 5105 alios.

1930 5125 1943 5176 i
1985 5124 2199 5191 Scripta
2219 5138 2362 5177 anno
2389 5118 2516 5176 585.

1927 5193 1954 5232 ¹ί
1996 5184 2155 5250 lloni.
2186 5194 2345 5257 edit.,
2390 5191 2582 5263 Vigilio
2610 5189 2794 5263 fratri;
2816 5198 2871 5243 et
2892 5184 3056 5263 infra,
3082 5186 3455 5263 insinuandunt

1855 5266 2071 5321 videtur.
2100 5252 2354 5336 Vigiltum
2379 5263 2446 5336 ad
2460 5252 2627 5336 quem
2650 5252 2884 5336 dataest
2922 5252 3328 5336 ltmcepistola._
3344 5271 3450 5311 non

1859 5281 2071 5321 vtaetur.
2107 5281 2354 5336 Vtgtltum
2379 5281 2446 5317 au
2468 5281 2483 5315 t
2507 5281 2627 5317 Item
2650 5281 2769 5314 tlala
2801 5281 2884 5313 eat
2923 5281 3040 5315 itast:
3067 5281 3315 5328 eptstum,
3344 5281 3450 5311 ιιυιι

1859 5339 2021 5391 altum
2043 5352 2172 5409 esse
2197 5332 2448 5409 aVigilio
2476 5281 3005 5409 vi'riolentiepiscdpo
3034 5330 3141 5401 jam
3250 5325 3453 5409 admo—

1863 5410 1964 5465 nit.
1990 5407 2056 5462 ad
2086 5408 2179 5462 lib.
2214 5408 2281 5461 de
2312 5396 2480 5469 Tobia
2512 5396 2886 5462 illdicaVillillS,
2919 5396 3066 5454 neca
3095 5398 3251 5454 nobis
3271 5396 3373 5469 hac
3397 5396 3452 5450 in

1863 5496 1922 5535 re
1951 5483 2235 5549 quisquam
2276 5466 2615 5549 dissenserit.
2658 5473 2789 5542 Ejus
2822 5484 2983 5549 porro
3032 5477 3261 5525 mortem
3294 5466 3454 5549 lium.

1866 5537 2148 5623 Martyrtil.
2182 5564 2260 5623 vn
2286 5547 2394 5623 ital.
2428 5540 2597 5623 {tilias
2626 5537 2948 5623 annuntians
2968 5583 2981 5605 ,
3004 5557 3126 5597 eunt
3156 5554 3186 5594 a
3210 5537 3456 5623 paganis

1869 5608 2351 5697 cutn'idololatria:
2390 5616 2645 5697 reliquias
2675 5611 2999 5697 exscindere
3038 5618 3325 5697 conaretur
3350 5608 3462 5697 ,"la-

1871 5692 2089 5769 pidibus
2108 5691 2362 5750 obrutum
2389 5678 2572 5753 tradit,
2597 5685 2651 5741 itt
2678 5698 2786 5763 quo
2824 5680 2902 5740 illi
2923 5683 3259 5742 concinnant
3299 5678 3463 5740 colle.
