4040 6166
499 278 605 335 985

1867 267 2116 325 SANCTI
2154 265 2477 325 AMBROSII

3705 259 3829 316 934

497 395 642 449 niam
674 405 845 446 novus
892 389 1100 445 accitus
1131 403 1192 444 es
1229 386 1297 442 ad
1319 385 1708 442 sacerdotium.
1737 382 1802 439 Et
1839 382 2100 454 quoniam
2129 382 2183 444 Α
2205 381 2596 437 emolumenta.
2642 380 2830 451 Itaque
2878 379 2960 434 vir
3003 378 3336 435 christianus
3380 377 3428 433 si
3473 376 3679 444 habet,
3727 375 3830 431 det

501 497 555 541 te
586 486 761 555 ipsum
795 481 1100 547 :ediiicasti,
1131 491 1186 534 ut
1238 479 1510 550 oportuit,
1539 478 1630 548 qui
1658 476 1853 548 dignus
1882 474 2102 531 habitus

500 593 562 633 es
593 586 744 632 tanto
774 588 1030 641 munere;
1059 572 1335 644 quomodo
1359 581 1414 628 et
1441 572 1579 628 alios
1604 570 1865 638 aediﬁces,
1895 569 2103 641 signiﬁ-

501 668 733 723 candum
762 667 994 722 videtur.

566 761 625 815 2.
659 759 900 814 Primum
947 759 1193 814 omnium
1237 770 1512 830 cognosce
1543 756 1846 813 Ecclesiam
1889 755 2103 811 Domini

501 854 599 909 tibi
629 853 1006 918 commissam;
1038 852 1269 924 ideoque
1295 850 1578 906 vitandum
1611 865 1857 921 semper,
1883 865 1952 905 ne
1971 848 2103 921 quid

500 946 729 1015 obrepat
771 943 1090 1000 offensionis
1113 988 1127 1011 ,
1173 953 1230 1000 et
1278 945 1371 998 fiat
1402 944 1546 998 velut
1573 958 1865 1000 commune
1900 957 2105 1014 corpus

501 1040 622 1108 ejus
651 1041 937 1109 gentilium
969 1039 1327 1094 admixtione.
1347 1037 1500 1094 Unde
1521 1036 1800 1106 Scriptura
1823 1035 1918 1092 tibi
1941 1036 2100 1092 dicit:

501 1130 580 1188 Ne
610 1131 846 1200 accipias
894 1145 1121 1185 uxorem
1165 1130 1233 1186 de
1267 1130 1480 1186 filiabus
1505 1128 1938 1184 Chananaeorum
1960 1171 1974 1196 ,
2006 1129 2102 1185 sed

504 1226 640 1282 vade
672 1227 724 1280 in
765 1225 1213 1294 Mesopotamiam
1238 1266 1252 1290 ,
1279 1226 1330 1278 in
1355 1224 1578 1278 domum
1611 1223 1876 1291 Batliuel,
1907 1223 1958 1278 id
1998 1232 2103 1288 est,

504 1320 724 1373 domum
773 1319 1090 1389 sapientim;
1118 1325 1145 1355 ⁸
1175 1327 1232 1372 et
1275 1319 1394 1387 eius
1441 1317 1535 1372 tibi
1586 1317 1807 1388 acquire
1853 1317 2102 1388 copulam

504 1417 523 1485 (
550 1412 682 1467 (.‘en.
716 1429 906 1478 xxvm.
938 1414 991 1477 I,
1023 1412 1101 1481 2).
1135 1411 1521 1482 Mesopotamia
1553 1421 1733 1466 autem
1759 1412 1910 1481 regio
1937 1421 2020 1466 est
2051 1409 2103 1466 in

502 1507 754 1576 partibus
785 1506 1046 1568 Orientis,
1071 1519 1192 1570 qua:
1218 1503 1432 1560 duobus
1467 1505 1716 1559 maximis
1744 1519 1840 1574 per
1867 1518 1928 1558 ea
1956 1505 2106 1558 loco-

503 1615 622 1653 rum
655 1597 934 1668 Euphrate
956 1595 1121 1669 843
1142 1605 1197 1651 et
1219 1595 1368 1665 Tigri
1397 1594 1714 1650 ﬂuminibus
1745 1593 2108 1649 circumveni-

506 1702 616 1756 tur,
643 1690 671 1728 ι)
698 1691 899 1761 quibus
943 1692 1096 1760 origo
1135 1697 1224 1744 est
1271 1690 1324 1743 in
1369 1688 1646 1745 Armenia:
1685 1689 1840 1742 locis.
1871 1687 2107 1745 Inﬁuunt

2207 473 2494 544 pecuniam
2535 473 2686 543 quasi
2733 487 2840 528 non
2874 481 3193 541 recepturus
3226 490 3241 526 :
3281 478 3374 526 aut
3396 476 3547 526 certe
3575 478 3828 532 sortem,

2206 581 2368 638 quam
2401 565 2570 632 dedit,
2600 574 2940 636 recepturus.
2974 563 3149 620 Habet
3176 563 3229 619 in
3254 577 3321 619 ea
3343 577 3450 619 non
3475 561 3829 618 mediocrem

2205 661 2396 731 gratia:
2442 673 2684 714 usuram.
2745 658 3000 728 Alioquin
3045 656 3301 726 decipere
3344 655 3486 710 istud
3539 663 3661 720 est,
3708 668 3828 708 non

2207 752 2516 808 subvenire.
2552 750 2574 791 τ
2606 752 2747 820 Quid
2777 751 2922 806 enim
2955 750 3164 814 durius,
3195 765 3356 820 quam
3401 757 3459 804 ut
3496 747 3594 804 des
3641 761 3830 818 pecu-

2207 848 2353 904 niam
2388 854 2534 901 tuam
2569 860 2677 900 non
2706 844 2949 909 habenti,
2979 853 3035 899 et
3062 843 3178 914 ipse
3206 841 3427 913 duplum
3459 840 3692 910 exigas?
3714 837 3828 906 Qui

2207 939 2462 1010 simplum
2505 953 2612 993 non
2655 937 2846 995 habuit
2881 935 3024 992 unde
3052 935 3319 999 solveret,
3351 930 3827 1006 quemadmodum

2207 1032 2431 1102 duplum
2463 1031 2680 1086 solvet?

2279 1123 2333 1179 5.
2377 1121 2648 1192 Exemplo
2693 1121 2852 1176 nobis
2899 1120 2972 1174 sit
2993 1117 3228 1187 Tobias,
3257 1117 3350 1189 qui
3380 1131 3680 1188 numquam
3733 1131 3830 1171 re-

2207 1214 2430 1286 quisivit
2469 1213 2780 1284 pecuniam,
2813 1226 2972 1282 quam
3005 1210 3252 1275 dederat,
3280 1209 3384 1265 nisi
3410 1216 3661 1265 extremo
3690 1208 3829 1262 vitae

2207 1323 2322 1362 sua:
2351 1315 2594 1378 tempore
2621 1305 2777 1380 (Tob.
2805 1319 2883 1368 iv.
2914 1304 3034 1374 2|);
3062 1313 3086 1350 κ
3119 1302 3292 1374 magis
3312 1317 3382 1358 ne
3403 1301 3687 1356 fraudaret
3706 1302 3829 1356 liae-

2209 1399 2431 1465 redem,
2477 1413 2638 1468 quam
2685 1406 2746 1452 ut
2785 1395 3089 1467 depositam
3141 1393 3427 1464 pecuniam
3471 1399 3705 1463 cogeret
3756 1406 3826 1445 ac

2209 1500 2578 1562 recuperaret.
2610 1487 2637 1527 ιι
2665 1489 2854 1560 Populi
2895 1503 3044 1559 saepe
3089 1485 3449 1542 conciderunt
3492 1483 3686 1540 fenore
3715 1523 3733 1548 ,
3769 1493 3828 1538 et

2208 1603 2274 1645 ea
2305 1586 2506 1658 publici
2535 1584 2684 1641 exitii
2717 1597 2880 1639 causa
2911 1581 3138 1638 exstitit.
3182 1578 3340 1636 Unde
3371 1577 3531 1634 nobis
3559 1578 3828 1632 sacerdo-

2211 1680 2354 1736 tibus
2385 1679 2438 1734 id
2467 1677 2745 1749 prascipue
2787 1691 2934 1731 curae
2978 1675 3089 1742 sit,
3121 1682 3180 1728 ut
3204 1687 3269 1729 ea
3296 1669 3426 1727 vitia
3456 1684 3780 1727 resecemus
3803 1711 3821 1737 ,

503 1791 686 1836 autem
738 1777 957 1836 diverso
1014 1790 1195 1835 meatu
1231 1791 1251 1818 ε
1279 1779 1333 1834 in
1389 1795 1540 1835 mare
1594 1779 1869 1845 Rubrum;
1901 1789 1957 1836 et
1988 1779 2110 1836 idco
2139 1772 2188 1832 B
2215 1789 2333 1844 quae
2362 1774 2414 1828 in
2444 1772 2706 1843 plurimos
2726 1768 2979 1826 Videnlul‘
3008 1782 3250 1840 serpere.

510 1873 914 1944 Mesopotamia:
956 1875 1175 1930 nomine
1196 1873 1441 1944 signatur
1479 1873 1647 1943 ﬁgura
1669 1872 1924 1929 Ecclesiae
1943 1915 1959 1941 ,
1989 1889 2110 1942 qua:

507 1967 762 2022 maximis
784 1966 1112 2022 ﬂuentorum
1138 1965 1675 2037 prudentimirriguis
1701 1975 1866 2036 atque
1883 1965 2112 2036 iustitia:

507 2056 765 2114 fecundat
792 2065 1004 2112 mentes
1041 2056 1284 2112 ﬁdelium
1305 2097 1318 2121 .
1344 2055 1543 2127 quibus
1563 2056 1704 2112 sacri
1733 2056 2074 2126 baptismatis
2091 2097 2106 2122 ,

507 2151 664 2222 cujus
687 2160 845 2223 typus
858 2150 1144 2221 praecessit
1163 2150 1216 2206 in
1244 2149 1431 2206 Rubro
1448 2149 1585 2206 mari
1604 2149 1839 2206 infundit
1858 2150 2112 2221 gratiam,

509 2243 837 2315 culpamque
883 2243 1077 2298 abluit.
1131 2243 1276 2299 Doce
1327 2257 1460 2314 ergo
1507 2241 1749 2314 plebem,
1791 2253 1850 2297 ut
1898 2259 2007 2298 non
2043 2259 2112 2298 ex

508 2335 854 2406 alienigenis,
887 2334 984 2391 sed
1001 2349 1067 2392 ex
1097 2333 1351 2390 domibus
1364 2333 1679 2390 christianis
1696 2333 1937 2406 conjugii
1961 2349 2112 2406 qua:-

511 2434 663 2481 ratur
691 2425 906 2496 copula.

581 2521 638 2574 5.
678 2517 854 2575 Nemo
884 2519 1100 2576 fraudet
1123 2517 1152 2557 ά
1183 2520 1584 2576 mercenarium
1617 2520 1872 2585 mercede
1899 2520 2114 2586 debita;

509 2614 634 2686 quia
662 2623 718 2669 et
759 2629 859 2669 nos
889 2613 1217 2670 mercenarii
1264 2627 1454 2669 sumus
1496 2613 1591 2669 Dei
1634 2613 1843 2679 nostri,
1871 2622 1926 2669 et
1953 2613 2022 2669 ab
2049 2627 2118 2669 eo

407 2740 422 2754 ο
513 2705 824 2761 mercedem
871 2704 1074 2761 laboris
1122 2706 1294 2761 nostri
1341 2714 1726 2776 exspectamus
1767 2703 1965 2777 (Levit.
2001 2721 2116 2772 xix,

515 2799 632 2866 15).
659 2797 725 2852 Ει
752 2807 809 2852 ιιι
835 2799 1077 2869 quidem,
1109 2813 1143 2854 ο
1171 2798 1504 2870 quicumque
1531 2814 1590 2854 es
1614 2799 1945 2869 negotiator,
1976 2814 2120 2855 mer-

513 2889 735 2945 cenario
777 2899 871 2945 tuo
909 2891 1217 2947 mercedem
1268 2891 1635 2960 pecuniariam
1681 2905 1879 2960 negas,
1912 2891 1962 2946 id
2009 2901 2116 2960 est,

513 2981 698 3046 vilem,
727 2980 988 3036 caducam
1029 2999 1043 3034 :
1091 2982 1182 3037 tibi
1213 2991 1394 3038 autem
1427 2981 1712 3053 negabitur
1743 2996 1953 3038 merces
1984 2999 2118 3054 pro-

517 3073 807 3128 missorum
851 3072 1160 3128 ccelestium
1193 3089 1208 3127 :
1243 3071 1366 3129 Non
1417 3073 1688 3145 fraudabis
1726 3089 1892 3145 ergo,
1921 3083 1980 3131 ut
2006 3057 2132 3132 Lex?

516 3164 670 3231 dicit,
702 3165 1081 3218 mercenarium
1120 3165 1352 3220 mercede
1380 3181 1476 3220 sua
1507 3164 1690 3238 (Deut.
1724 3182 1871 3235 xxiv,
1899 3167 2012 3238 Μ).

588 3259 645 3314 4.
687 3257 804 3314 Non
853 3256 1010 3313 dabis
1054 3258 1339 3328 pecuniam
1392 3268 1537 3315 tuam
1585 3259 1654 3315 ad
1702 3275 2112 3333 usuram;quoo

519 3353 667 3407 niam
707 3350 969 3422 scriptum
1013 3360 1098 3406 est
1125 3350 1273 3420 quod
1304 3351 1349 3405 is
1377 3352 1469 3422 qui
1499 3351 1783 3422 pecuniam
1811 3366 1965 3408 suam
2008 3369 2116 3408 non

518 3441 669 3497 dedit
695 3442 764 3496 ad
795 3455 1014 3497 usuram
1041 3484 1058 3509 ,
1093 3439 1358 3497 habitabit
1397 3443 1450 3499 in
1492 3443 1844 3500 tabernaculo
1873 3445 1966 3500 Dei
1995 3442 2114 3517 (Ps.

515 3535 732 3607 xiv,5);
767 3546 790 3572 ε
822 3550 944 3590 nam
973 3535 1066 3592 ille
1091 3535 1490 3608 supplantatur,
1517 3538 1607 3610 qui
1629 3553 1914 3594 usurarum
1938 3549 2120 3610 captat

514 3698 622 3754 ctio
650 3695 904 3761 Usuardi.
934 3699 1133 3753 etActa
1162 3697 1216 3752 in
1247 3696 1544 3754 Mabillonii
1575 3698 1793 3754 Praefat.
1817 3699 1875 3755 in
1906 3717 1937 3755 x
1961 3714 2120 3756 suum

483 3769 756 3841 .seculum
797 3780 1120 3841 memorata.
1154 3768 1306 3825 Unde
1342 3769 1396 3841 in
1430 3781 1645 3839 promtu
1673 3779 1780 3835 est.
1808 3785 1905 3827 cur
1941 3786 1971 3825 a
1997 3786 2135 3841 per-_

519 3839 802 3896 mittendis
833 3839 1070 3896 ﬁdelium
1098 3849 1262 3910 atque
1287 3839 1634 3896 ethnicorum
1666 3841 1809 3897 inter
1830 3857 1890 3898 se
1915 3839 2123 3898 connu-

519 3911 623 3966 biis
667 3910 923 3980 Vigilium
970 3920 1253 3982 tantopere
1297 3911 1620 3968 dehortatus
1681 3913 1846 3969 fuerit
1891 3915 2123 3971 Ambro-

593 4060 619 4122 s
651 4051 811 4105 Rom.
835 4051 965 4108 edit.
994 4053 1130 4117 sola,
1157 4053 1288 4107 etde
1311 4053 1520 4122 ﬁliabus
1542 4053 1721 4109 Lobon
1745 4055 1858 4116 tibi.
1886 4065 1994 4112 etc.

591 4121 619 4158 δ
660 4123 1046 4195 Mesopotamia
1077 4139 1209 4194 ergo
1240 4121 1529 4195 prepterea
1576 4126 1776 4182 dicitur
1822 4127 1910 4184 hic
1955 4137 2116 4184 terra:

524 4203 756 4268 tractus,
789 4193 1032 4268 quodrsit
1056 4193 1212 4268 μὲσὸς
1236 4193 1501 4268 iret-3M9.

598 4275 620 4302 ο
663 4264 822 4320 Rom.
864 4267 1020 4330 edit.,
1057 4264 1118 4321 in
1147 4281 1290 4319 mare
1318 4264 1622 4331 Persicum;
1667 4266 1763 4322 sed
1796 4277 2021 4337 priestat
2061 4269 2116 4324 in

521 4337 909 4408 geograpliiamg
936 4351 1182 4392 errorem
1221 4337 1360 4408 pati,
1387 4351 1549 4406 quant
1591 4337 1660 4392 ab
1699 4339 1954 4395 omnibus
1983 4355 2114 4396 mss.

521 4406 686 4463 atoue
719 4407 853 4462 edit.
881 4406 1140 4462 deficere.

663 4478 869 4550 Eadem
888 4475 1234 4550 prsecipiebat
1258 4477 1345 4550 vir_
1365 4486 1582 4550 sanctus
1603 4475 1926 4550 Constantio
1949 4483 2115 4550 epist.

2285 1865 2340 1920 6.
2386 1864 2664 1934 Ilospitem
2717 1861 2858 1916 doce
2908 1859 3274 1915 voluntarium
3321 1858 3492 1928 magis
3538 1870 3706 1927 qnam
3753 1870 3826 1911 ex

2214 1955 2540 2013 necessitate
2580 1967 2704 2010 esse
2749 1962 3041 2024 oportere;
3073 1965 3140 2006 ne
3164 1950 3216 2005 in
3249 1948 3486 2019 hospitio
3514 1945 3828 2004 deferendo

2216 2047 2594 2118 inhospitalem
2626 2045 2881 2100 allectum
2927 2043 3092 2099 animi
3141 2041 3227 2097 sui
3265 2039 3498 2113 prodat,
3528 2047 3586 2094 et
3613 2038 3668 2093 in
3700 2037 3826 2109 ipsa

2216 2139 2448 2213 hospitis
2490 2137 2834 2210 susceptione
2881 2152 2980 2208 per
3025 2134 3278 2206 iniuriam
3326 2132 3557 2189 violetur
3596 2131 3823 2201 gratia:

2216 2234 2311 2292 sed
2342 2233 2512 2304 magis
2536 2229 2820 2288 excolatur
2845 2227 3148 2286 ofﬁciorum
3175 2240 3275 2281 usu
3300 2266 3315 2290 ,
3339 2232 3396 2280 et
3422 2223 3604 2294 aliquo
3625 2221 3830 2277 huma-

2217 2328 2402 2384 nitatis
2424 2324 2747 2381 ministerio.
2780 2321 2795 2358 ί
2823 2321 2940 2378 Non
2971 2319 3118 2376 enim
3141 2335 3172 2374 a
3200 2327 3251 2375 te
3271 2331 3498 2373 munera
3523 2315 3831 2386 exiguntur

2217 2421 2373 2487 ditia,
2401 2418 2500 2475 sed
2540 2416 2708 2490 8M
2747 2413 2928 2472 ofﬁcia
2975 2411 3283 2467 voluntaria
3305 2451 3322 2477 ,
3349 2409 3507 2481 plena
3552 2408 3740 2479 pacis,
3773 2415 3830 2463 et

2218 2513 2598 2571 convenientis
2642 2509 2981 2575 concordiae;
3033 2505 3262 2562 meliora
3299 2511 3429 2560 sunt
3468 2501 3614 2558 enim
3667 2501 3830 2556 olera

2219 2623 2342 2664 cum
2389 2604 2628 2661 amicitia
2658 2612 2713 2658 et
2739 2601 2947 2674 gratia,
2976 2615 3140 2670 quam
3184 2597 3229 2653 si
3263 2595 3544 2668 exquisitis
3587 2592 3833 2666 dapibus

2221 2703 2518 2758 adornetur
2546 2697 2857 2755 convivium
2886 2737 2901 2762 ,
2932 2696 2977 2750 si
3004 2694 3147 2750 desit
3171 2691 3395 2747 aﬁ‘ectus
3415 2688 3602 2761 gratia:
3632 2686 3830 2760 (Prov.

2222 2812 2320 2864 xv,
2352 2795 2465 2864 17).
2498 2793 2750 2864 Legimus
2793 2795 3109 2861 peremptos
3147 2785 3298 2856 gravi
3342 2781 3572 2855 populos
3607 2778 3835 2836 excidio

2225 2897 2447 2960 propter
2490 2884 2689 2940 violata
2724 2883 2850 2954 jura
2885 2877 3108 2949 hospitii
3141 2875 3340 2948 (Judic.
3372 2889 3472 2940 xx,
3499 2870 3618 2945 44).
3647 2871 3832 2944 Prop-

2223 2989 2308 3036 ter
2345 2976 2624 3033 libidinem
2655 2987 2874 3046 quoque
2901 2969 3190 3028 commissa
3230 2966 3370 3024 bella
3411 2965 3618 3021 atrocia
3664 2961 3828 3036 (Gen.

2225 3087 2411 3136 xxxiv,
2439 3068 2558 3140 25).

2147 3155 2194 3219 C
2299 3165 2352 3219 7.
2394 3162 2503 3220 Sed
2532 3175 2703 3233 prope
2748 3157 2881 3214 nihil
2910 3156 3130 3229 gravius
3160 3168 3321 3226 quam
3348 3150 3593 3224 copulari
3629 3151 3830 3206 alieni-

2223 3273 2402 3330 genie,
2431 3257 2520 3312 ubi
2563 3265 2618 3311 et
2649 3253 2892 3310 libidinis
2921 3261 2976 3308 et
3019 3249 3308 3306 discordiae
3336 3246 3626 3314 incentiva,
3655 3256 3714 3302 et
3739 3261 3831 3303 sa-

2221 3352 2429 3422 crilegii
2453 3349 2652 3421 flagitia
2671 3347 2994 3405 conﬂantur.
3014 3344 3150 3401 Nam
3170 3359 3293 3399 cum
3311 3343 3489 3414 ipsum
3512 3340 3824 3414 coniugium

2226 3447 2240 3494 i’
2279 3443 2548 3500 velamine
2577 3439 2898 3497 sacerdotali
2927 3478 2942 3502 ,
2972 3448 3030 3495 et
3071 3435 3454 3494 benedictione
3496 3433 3821 3491 sanctiﬁcari

2223 3543 2504 3608 oporteat;
2535 3532 2813 3606 quomodo
2858 3541 3038 3604 potest
3083 3530 3395 3603 coniugium
3431 3527 3558 3597 dici,
3591 3529 3684 3584 ubi
3715 3542 3820 3584 non

2224 3697 2412 3826 populi
2441 3697 2526 3754 hic
2553 3697 2914 3781 .lndicantur,
2937 3710 3098 3768 quam
3143 3693 3316 3779 Chiiiii
3364 3693 3464 3760 illi,
3511 3692 3609 3778 de.
3627 3692 3819 3764 quibus

2248 3769 2410 3826 tb.de
2430 3769 2601 3825 Tobia
2627 3784 2747 3840 cap.
2775 3770 2861 3840 II,
2894 3783 3044 3823 num.
3072 3767 3161 3840 39.
3190 3767 3327 3840 dixit
3345 3765 3679 3840 _Anibrosius
3701 3765 3817 3836 ptu-

2224 3858 2305 3896 res
2333 3841 2439 3897 suis
2472 3857 2627 3912 quam
2657 3838 2928 3896 hostilibus
2944 3838 3178 3911 jactibus
3202 3838 3430 3892 interire.

2307 3911 2322 3949 ί
2365 3911 2485 3968 Non
2524 3913 2632 3968 alio
2661 3912 2822 3983 plane
2862 3925 3026 3983 sensit
3055 3911 3199 3983 idem
3230 3907 3551 3983 Ambrosius
3577 3907 3673 3964 lib.
3709 3907 3816 3963 ide

2226 3983 2502 4067 Abraham
2548 3979 2677 4056 cap.
2709 3983 2763 4051 5,
2801 3997 2927 4038 num
2953 3979 3061 4036 55:
3090 3980 3214 4036 Non
3238 3996 3360 4051 opes
3384 3997 3416 4035 ιι
3442 3988 3496 4035 tc
3523 3981 3708 4052 hospes
3737 3995 3813 4034 re-

2223 4065 2699 4196 quinll‘iiﬁifmagis
2719 4124 2974 4180 omnibus
2995 4134 3208 4187 notum.
3231 4138 3392 4194 quam
3423 4121 3816 4196 feniinasapud

2221 4197 2471 4254 ethnicos
2497 4194 2657 4268 caput
2687 4197 2864 4268 crocei
2893 4197 3092 4252 coloris
3120 4196 3414 4260 velamine,
3436 4194 3567 4268 dum
3600 4194 3668 4249 ad
3703 4209 3815 4268 ina-

2224 4269 2386 4324 ritum
2417 4266 2774 4335 ducebantur,
2798 4267 3081 4323 obnubere
3107 4267 3478 4322 consuevisse.
3512 4267 3626 4322 Hoc
3652 4266 3814 4321 etiam

2221 4339 2364 4408 apud
2395 4339 2726 4395 christianos
2750 4355 2780 4392 a
2810 4339 3001 4409 primis
3029 4338 3367 4408 temporibus
3396 4354 3494 4409 usu
3535 4346 3812 4409 receptum

2223 4407 2345 4466 esse
2383 4411 2644 4466 discimus
2673 4425 2702 4464 a
2729 4407 3089 4476 scriptoribus
3115 4407 3512 4464 Ecclesiasticis
3535 4427 3550 4464 :
3575 4407 3672 4464 sed
3701 4407 3816 4478 ejus

2224 4483 2300 4537 rei
2344 4481 2609 4550 originem
2637 4480 3003 4536 Tertullianus
3019 4481 3088 4536 de
3124 4479 3352 4535 Veland.
3386 4479 3536 4549 Virg.
3566 4494 3688 4550 cap.
3718 4479 3810 4544 Η,

521 4549 578 4623 ἓ.
611 4527 1082 4623 -ηιῖιῖιῖἰέζίιιίιῦτ
1089 4527 1253 4623 ἐεὶῖξῲ
1273 4527 2112 4608 isuissesza'iiiag'iii;7i};

2223 4527 2395 4623 alii;
2412 4527 2734 4607 Χῆἱιῖἱ-ὂεῖιῖέ
2750 4527 3008 4606 ’ῦῦΪῖἇὲ
3021 4527 3467 4621 insitam"
3480 4527 3816 4607 ῗὲιὲἶῦἒηᾞᾶ

523 4619 696 4692 Tobia
721 4635 842 4689 cap.
873 4619 967 4692 ει,
995 4633 1146 4692 num.
1177 4617 1267 4674 92.
1464 4689 1476 4692 _
1868 4691 1875 4692 ί
2223 4617 2487 4678 Rebecca:
2533 4623 2926 4690 imitationem,
2979 4638 3100 4691 qua:
3144 4617 3440 4692 conspecto
3487 4624 3687 4678 marito
3712 4663 3725 4687 ,
3750 4623 3816 4676 ad

596 4702 620 4728 ο
662 4691 738 4746 Ita
758 4706 888 4776 mss.
911 4689 1124 4776 duobus
1141 4689 1518 4776 tantummodo
1535 4692 1804 4776 exceptis,
1830 4691 2115 4776 ubiprin'ia
2221 4709 2383 4776 quem
2409 4693 2773 4776 contendebat
2791 4734 2822 4776 ,_
2831 4689 3110 4776 extemplo
3141 4689 3344 4750 velavit
3370 4708 3516 4776 sese,
3547 4693 3816 4764 quemad-

523 4777 690 4842 manii
730 4763 963 4844 positum
1013 4759 1630 4844 fuer:it.,.supplantator,
1663 4759 1806 4830 quod
1838 4759 2035 4833 legitur
2062 4767 2112 4819 in

518 4833 926 4914 omnibusedit.
951 4831 1059 4888 Sed
1083 4835 1432 4914 verisimilius
1451 4841 1536 4888 est
1554 4834 1922 4914 supplantatur
1940 4835 2112 4914 activo

2222 4759 2440 4819 modum
2468 4763 2762 4833 Scriptura:
2790 4763 2989 4820 divinae
3018 4759 3341 4820 memorant.
3372 4764 3484 4821 Hac
3509 4759 3692 4820 autem
3723 4779 3819 4821 ve-

2220 4836 2422 4914 latjone
2451 4835 2814 4914 signiﬁcatum
2849 4835 3012 4914 docet
3040 4833 3590 4914 Ambrosiusnuptiis
3619 4835 3818 4914 ιιι-κῆνο

519 4919 689 4959 sensti
733 4905 823 4959 hic
875 4903 1441 4975 usurpari.Ca-teruni
1489 4903 1635 4975 quod
1657 4903 1948 4975 pecuniam
1982 4906 2116 4962 dare
2219 4905 2420 4962 debere
2449 4903 2853 4962 verecundiam.
2879 4905 3118 4962 Isidorus
3139 4918 3319 4961 autem
3344 4907 3437 4963 lib.
3464 4903 3500 4962 ii
3523 4909 3593 4963 de
3619 4903 3818 4963 Eccle-

521 4975 676 5050 iiibet
716 4975 848 5050 sine
872 4989 968 5050 spe
1007 4973 1328 5050 recipiendi,
1362 4975 1416 5050 id
1450 4973 1612 5050 quam
1655 4973 1990 5050 simillimum
2030 4986 2118 5050 est
2219 4981 2376 5050 siast.
2401 4977 2585 5050 οιῘίοη
2610 4991 2731 5047 cap.
2763 4977 2854 5050 19,
2881 4978 3276 5050 subiectionem
3317 4978 3503 5050 uxoris
3531 4992 3662 5050 erga
3695 4993 3813 5050 ina-

517 5045 607 5111 ‘iis,
646 5046 890 5120 quietib.
925 5045 1000 5120 de
1017 5044 1193 5120 _'I‘obia
1238 5060 1358 5120 _ca_p.
1387 5045 1444 5113 2,
1469 5044 1542 5101 'n.
1581 5047 1636 5113 8,
1667 5060 1789 5119 cap.
1823 5046 1912 5115 i4,
1942 5064 1996 5103 ii.
2016 5047 2110 5117 49,
2221 5048 2388 5120 ritum
2420 5044 2694 5120 signatam
2709 5048 2893 5120 tradit.
2926 5044 3096 5120 Porro
3127 5047 3270 5120 quod
3297 5044 3622 5105 Ambrosius
3645 5048 3816 5105 utitur

519 5125 576 5170 et
603 5114 724 5188 cap.
759 5115 849 5183 I6,
882 5131 938 5171 ιι.
967 5114 1060 5183 54,
1087 5117 1499 5188 praecipiuntur.
1735 5114 1751 5188 Ῐ
1899 5114 1905 5115 “
2095 5114 2104 5117 ’
2223 5118 2308 5174 his
2328 5114 2509 5176 verbis
2531 5119 2784 5174 velamine
2809 5114 3381 5182 sacerdotali,'videtur
3409 5119 3654 5178 indicare
3682 5120 3812 5176 illud

598 5186 616 5225 ί
660 5186 865 5243 Eodem
914 5186 1102 5258 sensu'
1127 5187 1223 5244 lib.
1263 5186 1336 5242 de
1365 5188 1536 5244 Tobia
1570 5203 1690 5258 cap.
1718 5187 1785 5254 4,
1819 5204 1968 5243 num.
2004 5190 2110 5244 i5:

523 5257 664 5324 Quid
693 5259 833 5313 vobis
854 5257 1105 5327 iniquius,
1127 5266 1235 5314 etc.
1266 5258 1394 5312 Item
1418 5273 1538 5326 cap.
1567 5260 1621 5321 3.
1644 5257 1793 5315 itum.
1819 5261 1880 5314 II
1906 5259 2114 5315 :Minus

523 5330 659 5400 datis
685 5339 731 5383 et
756 5331 871 5400 plus
890 5330 1120 5399 exigitis,
1151 5338 1256 5384 etc.
1282 5328 1526 5400 Denique
1547 5344 1666 5399 cap.
1696 5331 1788 5396 ‘14,
1823 5347 1972 5385 num.
2004 5334 2109 5390 48:

522 5399 730 5455 Durum
758 5399 837 5456 cst
865 5410 1112 5469 repetere,
1141 5411 1249 5455 etc.

596 5473 838 5555 {Citato
868 5472 962 5527 lib.
1001 5471 1079 5555 de
1107 5469 1277 5527 Tobia
1309 5484 1429 5539 cap.
1473 5473 1527 5534 2,
1554 5486 1706 5555 num.
1737 5471 1810 5524 6:
1838 5469 1964 5525 Non
2010 5481 2114 5526 tam

521 5544 732 5608 cupiens
758 5543 1171 5598 commendatum
1197 5556 1490 5612 reposcere,
1519 5552 1629 5597 etc.

592 5612 619 5650 ιι
660 5614 830 5683 Long.
860 5612 1008 5677 cod.,
1042 5611 1238 5684 Papuli
1265 5613 1361 5666 sibi
1390 5613 1733 5668 condiderunt
1771 5615 1955 5681 fenero
1981 5611 2114 5684 :galii

518 5692 682 5752 atque
712 5682 843 5754 edit.
875 5691 934 5737 ut
965 5682 1233 5754 intexto,
1265 5683 1379 5750 ,gnisi
1407 5685 1551 5754 quod
1583 5699 1682 5754 pro
1707 5682 2113 5754 stepeconcide-

513 5751 654 5818 runt,
681 5751 833 5818 pauci
857 5767 989 5809 mss.
1009 5752 1210 5809 habent
1229 5771 1285 5810 se
1306 5751 1657 5812 conciderunt.
1686 5753 1802 5811 Non
1827 5752 1915 5809 alii
1944 5755 2110 5825 porro

2221 5191 2467 5262 velamen
2497 5206 2526 5245 a
2555 5189 2838 5246 sacerdote
2867 5190 2985 5262 ipso
3015 5191 3217 5262 imponi
3243 5191 3491 5256 solitum,
3519 5191 3666 5262 quod
3704 5209 3807 5246 non

2221 5260 2380 5318 facile
2409 5262 2550 5332 apud
2593 5263 2759 5318 alium
2791 5260 3067 5332 auc—torem
3100 5261 3365 5316 invenias.
3391 5260 3555 5331 Quod
3576 5279 3713 5321 vero
3740 5264 3806 5317 ad

2219 5331 2652 5388 benedictionem
2686 5348 2790 5387 non
2824 5333 2986 5389 modo
3018 5331 3158 5386 illius
3189 5345 3346 5386 usum
3387 5335 3440 5387 iii
3482 5337 3656 5401 prima
3706 5335 3800 5390 Ec-

2218 5403 2384 5457 clesia
2412 5403 2649 5473 viguisse
2679 5403 2972 5458 ostendunt
3001 5404 3346 5458 Innocentius
3372 5401 3392 5456 I
3419 5407 3580 5473 epist.
3614 5408 3680 5462 ad
3717 5405 3804 5459 Vi-

2217 5475 2396 5538 ctric.,
2429 5474 2666 5545 synodus
2696 5490 2748 5528 iv
2774 5475 3031 5545 Cartliag.
3073 5490 3194 5528 caii.
3243 5474 3331 5545 13,
3362 5473 3601 5532 Isidorus
3641 5477 3734 5532 lib.
3763 5491 3798 5531 ti

2216 5545 2286 5600 de
2326 5543 2534 5598 Eccles.
2568 5543 2726 5606 Ofﬁc,
2755 5559 2806 5599 c.
2841 5545 2909 5601 I9
2933 5587 2947 5611 ,
2972 5543 3026 5600 et
3052 5545 3172 5610 alii;
3205 5543 3299 5598 sed
3339 5546 3503 5600 etiam
3536 5560 3664 5603 ante
3705 5547 3799 5602 hos

2216 5613 2584 5688 Tertullianus
2612 5615 2703 5670 lib.
2729 5630 2767 5670 it
2793 5616 2865 5688 ad
2887 5615 3120 5688 Uxorem
3149 5630 3197 5688 cf.
3223 5614 3278 5679 9,
3305 5615 3734 5688 Syriciusepist.
3760 5634 3797 5686 ι⁸

2212 5687 2282 5740 ad
2315 5685 2632 5752 Hiinerium,
2678 5700 2798 5756 cap.
2839 5686 2906 5751 4-,
2937 5686 3134 5750 ubi-sic
3173 5685 3410 5754 loquitur
3454 5703 3472 5744 ξ
3511 5685 3622 5743 Illo
3651 5689 3796 5743 bene.

2212 5757 2388 5827 dictio,
2421 5771 2575 5827 quam
2604 5767 2839 5827 nuptura:
2879 5756 3120 5814 sacerdos
3163 5757 3411 5825 imponit,
3441 5760 3586 5828 apud
3623 5761 3795 5828 ﬁde-tes
