3954 6164
102 275 200 334 985

1315 269 1803 329 EPISTOLARUM
1841 269 2120 328 CLASSIS
2160 271 2201 325 l.

3304 272 3414 331 986

98 402 175 448 est
200 389 325 446 fidei
363 387 694 444 concordia?
721 387 860 444 Cum
893 387 1070 442 oratio
1116 387 1424 442 communis
1450 401 1574 443 esse
1601 387 1688 443 de-
1713 391 1764 452 Α
1791 405 1942 458 spem
1986 389 2298 460 parentibus
2339 390 2759 448 annuntiaretur
2780 433 2795 458 ,
2829 390 2855 429 ι)
2885 391 3128 448 futurum
3163 393 3410 464 regimen

101 483 236 547 beat,
259 479 540 552 quomodo
586 481 723 535 inter
765 479 1018 550 dispares
1046 477 1334 534 devotione
1371 487 1550 548 potest
1575 493 1696 534 esse

97 573 326 644 conjugii
375 570 683 627 communis
726 569 1004 626 cbaritas?
1050 567 1212 640 Saepe
1261 569 1506 639 plerique
1551 570 1695 640 capti

97 679 272 740 amore
313 662 640 718 feminarum
691 662 856 719 fidem
907 678 1058 717 suam
1101 661 1488 732 prodiderunt;
1517 672 1576 717 ut
1603 677 1696 732 pa-

98 768 226 814 trum
255 757 494 828 populus
529 757 582 811 iu
611 755 975 826 Beelphegor.
1006 754 1164 813 Unde
1191 754 1447 821 Phinees,
1475 763 1696 826 arrepto

97 849 288 920 gladio,
323 847 602 904 interfecit
653 848 941 904 llebrmum
981 857 1036 903 et
1074 847 1401 903 Madianiten
1436 847 1692 903 feminam

99 943 277 1016 (Nam.
308 958 442 1010 xxv,
475 942 557 1013 8),
587 950 642 998 et
670 942 938 1013 mitigavit
964 940 1390 1013 indignationem
1421 939 1690 1012 divinam,

99 1051 158 1091 ne
184 1044 328 1090 totus
354 1035 590 1106 populus
614 1035 1078 1104 exstingueretur.

165 1129 215 1184 8.
259 1126 404 1196 Quid
437 1125 506 1182 de
533 1126 780 1197 pluribus
825 1125 1092 1197 exemplis
1139 1126 1365 1197 loquar?
1400 1126 1476 1182 Ex
1508 1126 1695 1182 multis

100 1236 253 1276 unum
297 1218 614 1290 proferam,
645 1226 699 1273 et
742 1217 862 1286 ejus
903 1218 1428 1274 commemoratione
1460 1219 1690 1289 liqueat,

98 1329 245 1386 quam
278 1312 651 1384 perniciosum
675 1313 748 1367 sit
771 1311 1095 1382 alienigena:
1123 1311 1370 1367 mulieris
1401 1311 1694 1367 adscivisse

99 1408 361 1478 copulam.
398 1406 537 1473 Quis
566 1405 777 1466 fortior.
803 1415 858 1460 et
887 1405 955 1458 ab
985 1404 1327 1460 incunabulis
1351 1405 1462 1459 suis
1493 1415 1548 1459 et
1576 1421 1693 1458 tnu-

102 1501 252 1555 nitior
285 1499 384 1554 Dei
412 1500 630 1570 spiritu,
661 1513 823 1568 quam
855 1497 1148 1553 Nazarzeus
1172 1497 1451 1553 Samson?
1481 1499 1544 1552 Et
1576 1498 1693 1568 ipse

103 1595 336 1664 proditus
362 1604 449 1649 est
477 1634 492 1658 ,
523 1604 578 1648 et
605 1594 721 1661 ipse
751 1608 849 1662 per
885 1591 1169 1647 mulierem
1197 1607 1304 1646 non
1333 1591 1507 1662 potuit
1536 1606 1690 1646 suam

104 1698 274 1755 tenere
298 1686 534 1757 gratiam
565 1683 768 1758 (Judic.
799 1700 888 1739 xvt
912 1726 926 1748 ,
958 1683 1029 1739 18
1056 1695 1105 1738 et
1135 1683 1298 1756 ιαμ).
1326 1682 1494 1754 Cujus
1523 1697 1691 1754 gene-

1799 490 1856 536 et
1885 481 2195 552 praesidium
2221 483 2368 547 suis;
2399 497 2523 538 nam
2556 483 2816 553 gravibus
2849 482 3060 554 jamdiu
3090 484 3414 542 Palaestino-

1798 589 1920 629 rum
1954 573 2196 646 imperiis
2221 573 2645 632 afﬂictabantur.

1873 667 1960 722 11.
2002 667 2165 724 Pater
2191 668 2266 723 illi
2295 679 2410 726 erat
2438 670 2506 727 de
2537 671 2678 726 tribu
2712 670 2824 726 Dan
2852 671 3052 728 timens
3085 673 3253 730 Deum
3281 672 3406 746 (Ju-

1799 759 1903 813 dic.
1931 775 2048 826 xm,
2079 760 2114 814 2
2143 771 2190 815 et
2219 760 2374 833 πᾳ),
2408 761 2548 818 haud
2582 763 2807 834 ignobili
2848 764 3067 835 genitus
3091 764 3236 832 loco,
3272 781 3413 836 prae-

1797 859 1948 908 8tans
1977 854 2197 907 caeteris
2225 869 2239 907 :
2265 861 2441 908 mater
2470 862 2627 910 utero
2653 854 2885 921 sterilis,
2913 855 3009 912 sed
3039 857 3209 912 animi
3231 857 3410 912 virtu-

1797 941 1944 996 tibus
1985 941 2126 998 haud
2164 942 2482 1010 infecunda;
2511 961 2632 1016 qua:
2674 946 2909 1016 propria:
2948 947 3185 1019 hospitio
3209 949 3409 1004 mentis

1797 1035 2042 1104 recipere
2069 1037 2269 1092 meruit
2295 1037 2560 1093 visionem
2602 1039 2824 1110 angeli,
2852 1040 3166 1096 mandatqu
3208 1041 3402 1106 tenuit,

1796 1128 2077 1183 oraculum
2109 1128 2372 1199 implevit.
2410 1129 2522 1186 Nec
2569 1139 2750 1186 tamen
2786 1146 2944 1200 passa
2971 1133 3090 1188 sine
3116 1135 3234 1187 viro
3259 1133 3403 1188 seire

1796 1220 1881 1276 vel
1909 1220 2209 1276 divinitatis
2235 1232 2531 1290 secretum,
2552 1221 2849 1278 insinuavit
2871 1225 3066 1279 marito
3089 1226 3262 1281 visum
3291 1225 3396 1280 sibi

1795 1313 2072 1370 hominem
2104 1314 2220 1381 Dei,
2250 1317 2512 1386 przeclara
2540 1318 2746 1388 specie,
2768 1317 2962 1373 futura:
2985 1318 3192 1373 sobolis
3219 1317 3402 1374 feren-

1797 1417 1904 1464 tem
1951 1409 2169 1464 oracula
2196 1427 2208 1462 :
2235 1424 2339 1480 qua
2369 1410 2762 1480 pollicitatione
2809 1426 2934 1468 sese
2981 1412 3240 1468 fidentem
3271 1427 3398 1468 cum

1796 1501 2028 1572 conjuge
2077 1501 2238 1556 fidem
2284 1504 2678 1573 promissorum
2717 1505 3021 1560 ctelestium
3050 1506 3400 1578 participare.

1796 1592 1951 1662 Quod
1983 1593 2073 1648 ubi
2102 1594 2410 1664 comperit,
2445 1595 2534 1665 pie
2578 1595 2748 1650 Deum
2795 1605 3048 1666 precatus
3095 1598 3314 1665 oravit;
3346 1609 3404 1655 ιιι

1796 1686 1899 1741 sibi
1928 1701 2145 1756 qunque
2185 1687 2414 1742 visionis
2442 1687 2561 1758 ejus
2589 1689 2761 1759 gratia
2792 1689 3145 1758 tribueretur,
3175 1690 3400 1748 dicens:

105 1782 315 1838 rationis
369 1791 429 1838 et
477 1782 602 1836 vitae
649 1780 816 1842 totius
869 1779 1067 1835 seriem
1117 1777 1382 1834 historico
1433 1777 1695 1849 digestam
1728 1783 1776 1843 B
1802 1779 1885 1833 Ad
1912 1797 2010 1845 me,
2047 1778 2290 1844 Domine,
2317 1782 2531 1851 angelus
2561 1783 2730 1836 veniat
2757 1791 2899 1836 tuna.

105 1875 230 1946 stylo
269 1873 655 1929 enarrabimus
699 1871 1004 1928 secundum
1051 1871 1193 1928 sacri
1238 1871 1362 1926 libri
1408 1872 1696 1926 continen-

109 1969 241 2033 tiam,
269 1983 394 2039 qua:
425 1967 480 2023 in
505 1966 653 2023 hunc
679 1976 765 2023 est
792 1967 1032 2035 modum,
1064 1981 1172 2022 non
1205 1966 1495 2022 verborum
1527 1967 1691 2032 serie,

108 2060 184 2115 scd
207 2075 392 2117 sensu.

165 2153 214 2209 9.
255 2154 456 2208 Multos
486 2167 587 2223 per
611 2167 785 2208 annos
832 2151 1185 2209 Hebraeorum
1215 2152 1470 2223 populum
1512 2151 1698 2207 subdi-

108 2254 201 2298 tum
227 2244 502 2300 Palrestini
530 2259 595 2300 ac
616 2245 920 2314 subjectum
951 2243 1252 2310 habebant;
1281 2245 1536 2315 quoniam
1573 2243 1695 2298 fidei

108 2339 504 2410 prmrogativam
538 2339 832 2404 amiserat,
859 2355 960 2410 qua
992 2338 1273 2394 victoriam
1309 2348 1488 2409 patres
1515 2336 1695 2406 adepti

109 2430 257 2486 fuere.
314 2431 434 2486 Non
467 2431 689 2502 penitus
733 2439 913 2486 tamen
963 2431 1316 2486 interciderat
1346 2431 1558 2501 insigne
1581 2429 1696 2484 ele-

107 2525 279 2578 etionis
292 2523 442 2594 apud
463 2532 743 2580 auctorem
759 2538 939 2587 suum,
955 2534 1009 2578 et
1034 2523 1304 2578 funiculus
1323 2521 1657 2576 ha-reditatis
1678 2541 1691 2577 :

106 2618 186 2672 sed
211 2619 332 2689 quia
368 2633 559 2673 rerum
584 2617 945 2673 secundarum
977 2615 1264 2671 insolentia
1293 2630 1440 2686 smpe
1464 2613 1691 2670 extolle-

108 2708 298 2778 bantur,
323 2709 501 2765 dabat
529 2723 626 2764 eos
651 2709 970 2779 plerumque
1000 2709 1054 2763 in
1080 2716 1402 2779 potestatem
1432 2707 1691 2772 hostium,

107 2808 155 2854 ut
176 2816 321 2858 more
351 2800 564 2872 ingenii
596 2801 817 2856 humani
843 2801 1146 2857 remedium
1171 2801 1438 2857 malorum
1461 2801 1528 2856 de
1553 2801 1694 2857 caelo

109 2894 193 2949 sibi
222 2904 556 2965 quaererent.
587 2895 740 2950 Tunc
775 2897 921 2951 enim
950 2896 1064 2952 Deo
1091 2897 1290 2952 subditi
1330 2911 1539 2965 sumus,
1567 2911 1691 2952 cum

108 2987 326 3046 adversis
357 2988 643 3060 aliquibus
682 3005 940 3060 urgemur
981 3007 994 3044 :
1031 2991 1284 3047 secunda:
1320 3006 1410 3047 res
1451 2999 1690 3048 mentem

111 3083 364 3139 extollunt.
424 3082 582 3151 Quod
626 3099 751 3139 cum
792 3085 929 3140 alias
974 3099 1074 3140 usu
1121 3085 1408 3156 probatum
1454 3088 1542 3150 sit,
1579 3095 1690 3141 tum

109 3177 317 3235 maxime
357 3181 419 3234 in
470 3194 536 3234 ea
584 3195 768 3235 rerum
809 3181 1203 3245 conversione,
1231 3195 1338 3250 qua
1387 3195 1578 3235 rursus
1621 3180 1687 3236 ad
1718 3157 1764 3220 Ο

110 3265 340 3330 Hebraeos
367 3291 400 3329 a
438 3268 742 3330 Palaestinis
778 3290 932 3331 versa
963 3276 1082 3331 vice
1107 3290 1202 3331 res
1227 3283 1468 3330 mutam.

165 3364 245 3419 10.
285 3365 537 3438 Namque
574 3382 696 3423 cum
742 3367 995 3424 diuturna
1040 3368 1232 3439 injuria
1289 3368 1465 3439 longae
1510 3368 1694 3439 subje-

109 3455 279 3512 ctionis
303 3458 373 3514 ita
407 3469 599 3514 essent
619 3461 879 3530 depressa
894 3460 1249 3516 Hebraeorum
1266 3458 1432 3532 845
1445 3469 1688 3532 pectora,

111 3554 157 3600 ut
193 3549 360 3606 nullus
389 3550 541 3607 virili
572 3552 791 3622 ingenio
822 3551 887 3606 ad
917 3553 1222 3608 libertatem
1253 3553 1466 3608 animos
1497 3552 1694 3608 tollere

111 3638 328 3709 auderet,
359 3652 522 3700 ortus
562 3652 647 3698 est
691 3644 801 3699 illis
832 3644 1061 3700 Samson
1086 3645 1273 3701 divino
1303 3645 1526 3701 oraculo
1554 3661 1694 3716 pra:-

110 3727 410 3801 destinatus,
440 3749 669 3804 magnus
690 3736 797 3801 vir,
817 3749 918 3790 nec
943 3734 996 3790 in
1027 3735 1274 3804 pluribus
1299 3735 1688 3806 numerandus,

111 3822 189 3878 sed
229 3827 277 3880 in
325 3828 520 3898 paucis
565 3828 1095 3898 prtestantissimus,
1125 3837 1180 3884 et
1223 3828 1367 3898 quod
1415 3829 1536 3883 sine
1585 3828 1692 3884 ulla

112 3920 466 3977 controversia
527 3920 637 3987 sit,
688 3921 896 3977 viribus
948 3922 1195 3990 corporis
1243 3919 1489 3975 omnium
1535 3918 1693 3975 facile

114 4010 311 4076 primus.
357 4013 555 4084 quue
595 4013 800 4084 ingenti
846 4013 1207 4069 admiratione
1245 4012 1400 4066 nobis
1441 4020 1691 4082 spectan-

113 4098 194 4155 dus
217 4117 243 4156 a
273 4105 567 4176 principio,
599 4119 709 4160 non
735 4105 824 4161 illa
852 4092 975 4176 quae
1004 4104 1378 4174 temperantia:
1400 4115 1456 4159 et
1485 4103 1692 4158 sobrie-

113 4193 220 4249 tatis
243 4195 350 4266 jam
407 4196 535 4253 inde
565 4205 593 4234 ει
623 4213 651 4251 a
686 4197 916 4268 pueritia
947 4197 1056 4252 vini
1089 4195 1391 4251 abSIentius
1434 4195 1689 4260 przeelara

113 4283 313 4358 insignia
341 4290 520 4355 dedit,
550 4305 652 4346 nec
682 4290 771 4346 illa
803 4306 924 4360 qua:
955 4292 1172 4344 intonso
1197 4289 1374 4358 capite
1403 4287 1691 4343 Nazarteus

113 4391 243 4437 sacra
289 4384 382 4441 diu
429 4385 673 4440 servavit
724 4384 969 4440 custodia
1015 4402 1029 4438 :
1071 4382 1168 4438 sed
1197 4383 1269 4438 ab
1298 4381 1690 4449 adolescentia,

114 4485 213 4540 quze
237 4476 286 4530 in
312 4478 438 4533 aliis
462 4487 596 4532 tetas
617 4477 852 4542 mollior,
871 4476 928 4532 in
954 4477 1058 4532 hoc
1082 4477 1321 4546 egregia,
1345 4485 1505 4546 atque
1525 4489 1688 4546 supra

116 4563 380 4628 humanum
433 4571 656 4627 modum
697 4570 954 4641 perfecta:
981 4570 1195 4625 virtutis
1241 4569 1506 4641 stupenda
1553 4547 1764 4626 faci-D

117 4671 223 4714 nora
247 4663 665 4735 olfecitzquibus
686 4663 859 4719 divini
880 4662 1084 4718 oraculi
1109 4677 1232 4717 mox
1255 4663 1468 4731 aperuit
1495 4662 1681 4729 fidem,

115 4753 234 4819 quod
269 4773 373 4814 non
413 4756 787 4829 perfunctorie
828 4767 975 4812 tanta
1015 4771 1139 4812 eum
1179 4757 1446 4813 anteisset
1473 4758 1679 4828 gratia;

116 4850 162 4895 nt
185 4846 531 4908 descenderet
560 4850 806 4923 angelus,
839 4865 937 4922 per
962 4865 1123 4922 quem
1155 4858 1308 4906 ortus
1333 4850 1451 4920 ejus
1481 4859 1683 4922 praeter

115 5011 387 5089 Cltjgtsdann
388 5015 651 5089 sacrilegii
691 5017 856 5070 instar
893 5024 991 5089 est,
1033 5014 1080 5068 si
1118 5013 1235 5089 ulla
1276 5013 1686 5089 transgressione

116 5082 321 5140 violetur.
347 5082 719 5143 Tertullianus
745 5095 926 5141 autem
960 5084 1324 5140 benedictioni
1351 5082 1681 5137 oblationem

114 5146 296 5224 iungit:
321 5172 419 5213 nec
443 5172 577 5212 sane
604 5157 823 5220 mirum,
847 5172 971 5211 cum
1003 5155 1143 5224 apud
1177 5155 1464 5222 plerosque
1490 5154 1680 5206 infide-

118 5217 184 5274 les
206 5227 502 5298 coniugium
533 5229 652 5283 sine
676 5217 946 5283 sacrificio
976 5217 1083 5281 non
1114 5217 1505 5298 celebraretur.

176 5299 199 5328 ⁸
235 5294 382 5353 Ειιὶιῖ
411 5314 464 5354 et
505 5314 638 5354 mss.
687 5298 975 5365 nonnulli,
1022 5317 1054 5352 a
1102 5297 1322 5367 pueritia
1368 5295 1476 5350 vini
1518 5294 1680 5348 abui-

121 5373 242 5417 neua.

176 5430 201 5512 Ρ
240 5436 374 5493 Edit.
403 5455 617 5506 omnes,
658 5439 824 5512 futuri
852 5443 1078 5512 regimen
1105 5482 1118 5506 ,
1150 5453 1281 5492 mss.
1312 5453 1344 5493 e
1369 5437 1680 5512 contrario,

122 5503 328 5585 [ιςιρντιυιι
346 5515 570 5585 regimen
588 5503 613 5579 ;⁷
638 5503 682 5567 si
706 5525 884 5585 tamen
909 5503 1072 5566 unum
1092 5503 1396 5585 alterumve
1417 5508 1679 5585 excipias,

124 5572 196 5626 "bi
227 5572 462 5653 habent},
493 5572 701 5653 [murus
729 5583 976 5651 regimen,
1009 5583 1104 5636 sed
1152 5581 1468 5653 incongrue.
1513 5572 1684 5653 Porro

121 5645 243 5770 good
267 5645 569 5709 Palaestinos
597 5645 857 5723 appellat,
893 5645 1030 5722 quos
1057 5651 1198 5708 LXX
1229 5661 1286 5728 et,
1313 5651 1467 5721 Vulg.
1504 5649 1684 5704 vcrsio

153 5727 284 5770 munt
305 5719 601 5770 Philiuiim:
619 5725 672 5770 in
695 5739 761 5770 en
778 5726 1029 5770 nemrilm!
1043 5739 1158 5770 .non
1180 5720 1476 5770 losenlmm
1499 5719 1683 5770 modo.

153 5719 284 5794 icuut
305 5719 603 5795 Philistiona;
619 5719 761 5789 iu'eo
777 5719 1029 5795 sequitur
1043 5739 1158 5784 tuon
1180 5719 1476 5795 losephum
1499 5719 1683 5785 modo,

127 5773 285 5844 rerum
327 5773 757 5854 aetatula;
774 5773 1233 5862 sagittatis
1250 5773 1685 5861 vetustiusque

1873 1871 1965 1926 12.
2007 1871 2161 1928 Unde
2205 1887 2305 1943 ego
2353 1873 2608 1939 arbitror,
2656 1889 2762 1929 non
2806 1875 2926 1931 zelo
2966 1875 3252 1944 mulieris,
3281 1891 3405 1947 quae

1799 1974 1945 2021 esset
1974 1965 2292 2035 spectabilis
2323 1965 2742 2036 pulchritudinis
2763 2007 2778 2032 ,
2825 1967 3029 2038 aliquid
3061 1983 3184 2024 eum
3216 1983 3407 2038 suspe-

1797 2067 1944 2113 ctum
1977 2057 2254 2123 habuisse,
2289 2069 2311 2097 ε
2345 2066 2404 2113 ιιι
2450 2059 2668 2128 quidam
2707 2060 3041 2115 existimavit
3065 2079 3081 2117 :
3105 2061 3200 2117 sed
3234 2063 3407 2134 magis

1798 2151 2000 2208 divina:
2048 2151 2167 2206 zelo
2214 2152 2406 2222 gratize
2450 2162 2808 2223 provocatum
2835 2196 2850 2220 ,
2881 2166 3214 2225 conspectus
3261 2159 3407 2213 sacri

1797 2245 2040 2300 voluisse
2100 2245 2418 2314 participari
2480 2260 2728 2300 munere.
2791 2245 2980 2318 Neque
3038 2247 3185 2303 enim
3253 2250 3406 2306 vitiis

1798 2337 1966 2393 animi
2007 2353 2172 2408 prave
2213 2337 2440 2392 affectus
2465 2379 2480 2404 ,
2513 2346 2714 2392 tantam
2747 2339 2892 2409 apud
2921 2339 3210 2396 Dominum
3242 2343 3402 2398 inve-

1797 2433 1968 2487 nisset
1992 2432 2224 2502 gratiam
2249 2472 2265 2498 ,
2297 2440 2356 2486 ut
2379 2431 2608 2502 angelus
2640 2431 2693 2487 in
2736 2432 2855 2502 ejus
2894 2432 3116 2489 domum
3149 2445 3393 2493 reverte-

1799 2535 1987 2582 retur:
2012 2525 2101 2594 qui
2127 2525 2350 2579 monitis
2371 2525 2435 2580 iis
2459 2541 2579 2596 qum
2602 2540 2731 2580 usus
2752 2526 2955 2580 oraculi
2984 2527 3397 2597 postulavisset,

1797 2620 1980 2675 subito
2025 2620 2258 2674 flammm
2315 2618 2658 2674 vehementis
2709 2619 2955 2675 elevatus
2999 2621 3224 2692 specie,
3273 2635 3402 2677 sese

1798 2714 2022 2784 recepit.
2055 2712 2110 2768 Id
2143 2712 2556 2768 formidolosum
2589 2713 2707 2767 viro
2730 2755 2744 2778 ,
2780 2712 2978 2767 mulier
3007 2713 3283 2768 salubrius
3313 2715 3400 2770 in-

1797 2813 2120 2875 terpretata,
2148 2807 2201 2858 in
2232 2803 2486 2874 gaudium
2523 2804 2685 2858 vertit
2711 2845 2724 2868 ,
2755 2812 2917 2874 atque
2957 2787 3162 2860 ademii
3189 2804 3397 2861 sollici-

1797 2898 2078 2964 tudinem;
2108 2911 2176 2953 eo
2220 2897 2363 2968 quod
2412 2911 2797 2967 prosperorum
2848 2897 3106 2954 indicium
3127 2938 3143 2965 ,
3169 2911 3278 2954 non
3307 2898 3397 2954 ad-

1796 2992 2126 3050 versantium
2155 2992 2227 3046 sit
2254 2991 2428 3047 visere
2458 2991 2650 3047 Deum.

1870 3087 1958 3142 15.
1997 3083 2226 3142 Talibus
2255 3101 2286 3141 e
2315 3085 2459 3142 caelo
2501 3083 2922 3140 commendatus
2965 3083 3268 3155 insignibus
3309 3083 3400 3140 ubi

1796 3183 2028 3254 primum
2076 3181 2640 3251 adolevit,eonjugio
2684 3188 2925 3236 mentem
2977 3179 3233 3242 intendit,
3282 3179 3400 3235 sive

1794 3275 1939 3346 quod
1971 3289 2162 3345 vagam
2200 3289 2264 3330 ac
2295 3273 2618 3329 familiarem
2664 3271 3090 3328 adolescentulis
3135 3270 3400 3326 abhorre-

1795 3375 1880 3423 ret
1928 3367 2110 3420 animo
2160 3365 2385 3421 lubrica:
2438 3362 2679 3420 libidinis
2725 3363 3177 3421 consuetudinem
3226 3380 3238 3416 :
3282 3363 3400 3419 sive

1793 3461 1918 3531 quia
1945 3459 2058 3528 jam
2106 3473 2269 3514 eausa
2300 3457 2648 3529 quaerebatur
2675 3498 2689 3521 ,
2716 3457 3177 3526 quemadmodum
3209 3470 3239 3510 a
3269 3471 3396 3512 eer-

1793 3551 2002 3608 vicibus
2033 3550 2208 3620 plebis
2258 3565 2372 3604 suae
2421 3557 2692 3604 averteret
2736 3549 3152 3605 Palaestinorum
3204 3558 3398 3618 poten-

1795 3643 1948 3709 tiam,
1977 3642 2219 3712 duraque
2248 3642 2495 3712 imperia.
2543 3640 2784 3709 Pcrgens
2833 3641 3017 3708 itaque
3049 3637 3253 3709 (ludia.
3280 3654 3396 3704 xiv,

1796 3735 1822 3789 1
1856 3745 1906 3789 et
1930 3733 2059 3805 seq.)
2094 3734 2145 3787 in
2177 3731 2532 3785 Thamnatam
2560 3729 2704 3794 (urbi
2734 3729 2838 3784 hoc
2868 3743 3065 3784 nomen
3091 3735 3176 3781 est
3203 3726 3257 3781 in
3289 3727 3396 3782 illis

1796 3827 1985 3894 positae
2016 3825 2170 3888 locis,
2194 3838 2316 3892 quae
2343 3832 2470 3877 tunc
2500 3820 2760 3889 temporis
2792 3819 3206 3874 Palaestinorum
3234 3818 3393 3874 inco-

1797 3918 1862 3972 lis
1894 3913 2395 3986 frequentabatur),
2429 3913 2693 3982 virginem
2742 3910 2909 3983 m
2955 3911 3204 3980 aspexit,
3239 3922 3391 3982 grata

1793 4010 1997 4080 specie,
2020 4017 2076 4064 ct
2097 4007 2247 4062 vultu
2269 4006 2490 4068 decoro,
2516 4013 2570 4059 et
2593 4013 2846 4072 parentes
2867 4003 3136 4074 proprios,
3160 4020 3392 4076 quorum

1794 4103 2056 4158 comitatu
2086 4101 2246 4156 fultus
2285 4099 2665 4170 gradiebatur,
2693 4097 2873 4152 oravit
2900 4107 2958 4150 ut
2981 4111 3100 4152 eam
3126 4099 3179 4153 in
3206 4100 3392 4170 conju-

1793 4197 1940 4264 gimn
1970 4193 2072 4248 sibi
2107 4200 2418 4262 poscerent.
2453 4188 2652 4244 Verum
2688 4187 2768 4242 illi
2813 4186 3126 4256 ignorantes
3155 4189 3299 4258 quod
3328 4206 3394 4245 eo

1797 4289 2029 4344 intentio
2073 4293 2357 4358 vergeret,
2388 4295 2446 4340 ut
2483 4283 2789 4340 Palaestinis
2828 4291 2925 4338 aut
2959 4282 3278 4353 negantibus
3314 4283 3396 4338 in-

1798 4382 1986 4438 festior
2012 4380 2175 4446 foret,
2203 4387 2298 4434 aut
2326 4376 2821 4449 acquiescentilms,
2849 4374 3074 4431 affectus
3101 4375 3396 4431 inferendae

1797 4476 1849 4530 in
1877 4475 2127 4531 subditos
2153 4472 2366 4543 injuriae
2387 4471 2698 4528 demeretur
2723 4486 2738 4535 ;
2765 4484 2890 4524 cum
2913 4484 2978 4524 ex
3007 4467 3395 4538 conjunctione

1789 4569 2075 4640 aequalitas
2104 4581 2222 4637 par,
2255 4574 2312 4622 et
2336 4565 2507 4635 gratia
2557 4562 2821 4619 consortii
2863 4563 2986 4632 jure
3030 4569 3391 4627 aceresceret,

1789 4673 1883 4719 aut
1921 4663 1964 4716 si
2006 4661 2136 4734 quid
2183 4660 2450 4716 offensum
2487 4665 2664 4724 esset,
2696 4656 2912 4727 longius
2954 4655 3174 4710 ultionis
3212 4653 3389 4709 studia

1793 4756 2193 4827 procederent,
2226 4753 2378 4824 quasi
2411 4751 2776 4820 alienigenam
2828 4747 3207 4804 declinandam
3254 4745 3393 4800 arbi-

1791 4849 2095 4904 trabantur.
2141 4843 2249 4902 Sed
2281 4843 2370 4898 ubi
2419 4841 2641 4897 flectere
2665 4840 2908 4896 animum
2941 4839 3183 4909 pignoris
3209 4836 3392 4907 legiti-

1790 5005 2008 5080 Syriaca
2034 5001 2340 5080 et_t_&rabica
2369 4999 2738 5080 consentiunt.

1869 5091 1890 5118 ε
1914 5076 2032 5131 Non
2063 5073 2204 5128 alius
2224 5071 2309 5125 his
2335 5071 2516 5124 verbis
2538 5070 2853 5138 designatur
2874 5082 3033 5139 quam
3073 5065 3346 5138 .losepbus
3372 5085 3387 5134 ;

1791 5150 1838 5205 is
1865 5149 2012 5204 enim
2047 5145 2142 5200 lib.
2177 5159 2206 5196 v
2237 5142 2420 5210 Antiq.
2456 5155 2578 5210 cap.
2615 5141 2704 5204 10,
2748 5139 2837 5193 ubi
2888 5139 3149 5194 eximiam
3199 5141 3390 5194 matris

1790 5221 1985 5275 luturm
2011 5215 2295 5271 Samsonis
2323 5214 2552 5267 formam
2580 5211 2916 5282 prtedieavit,
2939 5225 3042 5264 non
3073 5210 3244 5264 multo
3267 5220 3390 5280 post

1787 5288 2064 5358 subjungit
2092 5303 2104 5341 :
2134 5284 2194 5346 ἦν
2213 5284 2268 5340 δὲ
2288 5284 2375 5339 καὶ
2395 5281 2648 5356 μανιώδὴς
2667 5282 2756 5338 ὑπ’
2779 5281 2966 5408 axona;
2991 5283 3072 5335 ἐπὶ
3090 5290 3153 5354 τῇ
3190 5285 3388 5354 γυναικὶ

1787 5366 1867 5408 ναὶ
1892 5361 1977 5408 διὰ
1998 5363 2153 5408 τοῦτο
2183 5356 2465 5408 ζηλότυπος
2495 5357 2747 5408 ἀκοατὼς.
2803 5388 2806 5391 -
2831 5369 2860 5406 c
2883 5354 3100 5406 demum
3147 5363 3266 5408 Dost
3309 5353 3388 5406 fa-

1787 5366 1867 5417 καὶ
1889 5353 2153 5417 diois-01710
2183 5353 2465 5431 Cnidi-erro;
2495 5357 2747 5431 ἁκραςτώςθ
2785 5353 2860 5408 Ac
2883 5354 3100 5431 (lentum
3132 5353 3388 5431 ptis-tufa-

1787 5445 1929 5489 ctam
1981 5431 2169 5499 prima:
2201 5428 2376 5497 angeli
2408 5424 2769 5499 apparitionis
2806 5424 3136 5499 mentionem
3165 5424 3338 5499 addit
3371 5441 3383 5475 :

1787 5507 1817 5564 ἡ
1845 5503 1899 5560 δέ
1924 5491 2105 5592 τᾶνδρὶ
2128 5491 2522 5592 παβαῖγενομόῲ
2546 5499 2610 5554 τὰ
2636 5497 2896 5592 τι-αθτξχτοῦ
2919 5494 3134 5580 arma,”
3157 5491 3385 5592 Ξκδιηγῖς-

1789 5597 1920 5632 σατο
1941 5617 1954 5637 .
1987 5565 2504 5644 ἐκθαυμᾶζοῦσαξοῦ
2527 5589 2581 5644 τι
2610 5569 2669 5644 ῖὸ
2698 5565 2874 5644 adpo;
2892 5606 2906 5629 ,
2947 5565 3004 5644 es
3041 5565 3281 5644 μιὲςγεθος3
3317 5570 3386 5625 ὡς

1791 5636 1974 5701 istthon
1997 5688 2011 5710 ,
2041 5648 2096 5700 ἐκ
2124 5636 2226 5699 ¹ἑῶν
2268 5644 2485 5698 ἐπαίνων
2509 5643 2579 5700 εἰς
2607 5636 2838 5710 ἔκπληξιν
2877 5638 3003 5692 κατά
3037 5637 3341 5704 ζηλοτυπίαν
3366 5676 3382 5700 ,

1796 5709 2126 5794 περιστῆναι,
2163 5717 2245 5770 καὶ
2279 5712 2522 5770 ὑπόνοιαν
2551 5714 2640 5768 vis
2665 5709 2717 5762 ἐκ
2739 5710 2974 5764 τοιούτου
3002 5709 3197 5766 πάθους
3217 5725 3388 5761 κινουο·

1794 5792 1961 5860 μέῠην.
