4040 6166
560 251 666 308 987

794 241 820 256 ’
1917 241 2162 300 ΞΔΝΟΤΙ
2201 241 2529 302 ΑηΒηοδιι

3779 236 3898 292 9’8

560 383 772 424 morum
805 367 1021 437 objectu
1067 364 1268 420 frustra
1320 363 1529 434 experti
1555 405 1570 431 ,
1599 361 1657 419 in
1703 360 1990 420 arbitrium
2039 361 2158 430 ejus
2183 363 2233 422 Α
2265 359 2406 428 Quid
2432 361 2623 429 fortius
2666 359 2809 416 leone
2835 359 2860 412 .’
2891 357 3028 425 Quid
3054 358 3265 414 dulcius
3295 351 3494 411 melle?
3538 353 3602 410 Et
3647 353 3752 408 ille
3805 371 3898 408 re-

564 465 813 520 volentes
841 473 1186 516 concessere.

640 555 726 610 14.
773 553 1010 622 Recepta
1065 553 1246 622 itaque
1295 552 1580 622 petitione,
1604 550 1837 607 Samson
1887 565 2010 606 cum
2057 549 2161 606 sibi

563 649 886 720 promissam
914 645 1206 711 reviseret,
1233 644 1476 709 divertit,
1496 654 1550 699 et
1577 645 1848 714 paulisper
1869 642 1940 698 de
1964 656 2163 713 aggere

563 742 816 807 deﬂexit;
846 741 1216 811 continuoque
1245 739 1487 796 occurrit
1514 740 1563 794 ei
1589 740 1678 794 leo
1719 738 1864 794 ferus
1906 737 1974 793 de
2003 738 2160 804 silva.

560 835 764 908 agresti
814 834 1068 889 libertate
1115 833 1334 888 saevior.
1383 832 1582 888 Comes
1631 832 1856 897 nullus,
1887 831 2056 887 telum
2105 831 2162 885 in

562 928 814 986 manibus
838 927 1254 998 haudquaquam
1279 925 1661 997 suppeditabat
1693 943 1707 982 :
1735 925 1934 982 cedere
1963 926 2160 995 pudor,

563 1031 616 1076 et
645 1020 864 1076 conscia
894 1019 1066 1075 virtus
1101 1019 1352 1074 lidueiam
1385 1019 1540 1075 dare.
1570 1018 1838 1075 Ruentem
1867 1019 1920 1072 iu
1952 1034 2013 1073 se
2040 1019 2166 1074 bra-

561 1115 700 1169 cbiis
728 1113 1013 1183 amplexus
1045 1121 1206 1168 necat
1229 1155 1243 1177 ,
1277 1123 1330 1166 et
1358 1113 1688 1169 lacertorum
1715 1111 1860 1166 nudo
1886 1111 2164 1167 exanima-

559 1215 698 1271 tum,
727 1215 929 1276 prteter
969 1220 1223 1275 aggerem
1255 1219 1418 1274 supra
1459 1204 1730 1260 silvestria
1759 1203 2005 1274 germina
2037 1219 2163 1273 pro-

555 1297 692 1368 jecit
719 1311 782 1352 ac
813 1296 1122 1367 dereliquit.
1169 1295 1350 1350 Locus
1389 1304 1507 1350 erat
1532 1295 1689 1350 ltetus
1720 1295 1900 1365 pabuli
1931 1293 2165 1350 herboso

560 1391 826 1463 gramine,
878 1389 1071 1445 vinetis
1122 1389 1384 1444 consitus.
1438 1388 1623 1459 Itaque
1679 1387 1824 1458 apud
1873 1387 2167 1442 dilectissi-

567 1500 710 1538 mam
740 1483 840 1539 sibi
883 1497 1143 1552 sponsam
1181 1481 1408 1538 exuvias
1440 1480 1572 1536 ferte
1615 1480 1848 1537 credidit
1885 1481 2005 1536 sine
2048 1494 2165 1536 mo-

569 1588 755 1634 mento
806 1578 1059 1642 futuras;
1107 1591 1230 1630 cum
1295 1577 1478 1630 talium
1531 1590 1714 1630 rerum
1768 1585 2010 1644 tempora
2057 1591 2163 1632 non

567 1669 904 1726 terribilibus
950 1668 1183 1739 spoliis,
1222 1667 1318 1724 sed
1363 1667 1584 1722 mitibus
1634 1667 1884 1735 gaudiis,
1927 1675 1983 1722 et
2031 1666 2163 1723 festa

2262 454 2520 524 spondit:
2555 462 2576 490 θ
2631 468 2730 509 nec
2774 451 3002 509 muliere
3043 450 3246 522 aliquid
3296 448 3648 522 perfidiosius
3679 465 3697 501 :
3739 447 3895 501 Nam

2263 547 2308 600 si
2333 563 2436 602 non
2466 546 2795 600 domuissetis
2821 544 3038 600 vitulam
3079 559 3264 604 meum,
3298 558 3579 612 numquam
3614 539 3899 611 intellige-

2265 639 2386 692 ntia
2416 639 2719 710 parabolam
2747 655 2945 704 meam;
2971 646 3024 692 et
3067 636 3251 692 statim
3279 633 3564 690 descendit
3619 634 3673 688 in
3715 632 3902 688 Asca-

2263 732 2442 790 lonem
2472 740 2527 786 et
2554 732 2768 800 triginta
2797 730 2942 785 viros
2967 728 3233 798 peremit,
3264 742 3493 792 quorum
3524 725 3770 780 exuvias
3797 739 3902 779 an-

2265 825 2444 881 fcrens
2464 867 2478 890 ,
2509 839 2602 879 eos
2649 823 2740 894 qui
2789 823 3119 894 propositam
3160 819 3517 891 quaestionem
3549 817 3858 873 solverant
3883 858 3899 883 ,

2264 917 2536 988 promisso
2563 932 2785 971 munere
2810 915 3052 971 donavit.

2339 1009 2427 1066 18.
2471 1010 2744 1065 Abstinuit
2771 1019 2950 1064 autem
2979 1007 3231 1078 coniugio
3261 1005 3454 1077 puellae
3475 1048 3488 1071 ,
3523 1007 3687 1076 cujus
3721 1006 3902 1076 perli-

2266 1103 2409 1160 diam
2435 1096 3088 1174 deprehenderat,'atque
3139 1101 3192 1154 in
3239 1099 3470 1169 patriam
3497 1098 3734 1153 domum
3771 1111 3901 1152 sese

2269 1199 2495 1264 recepit.
2529 1194 2880 1264 Turbataque
2922 1193 3086 1246 animi
3110 1191 3434 1262 juvencula,
3465 1207 3588 1261 qua:
3619 1190 3864 1259 indigna
3885 1223 3900 1232 -

2269 1291 2469 1346 tionem
2519 1290 2666 1357 laesi,
2697 1289 2955 1345 ferociam
2986 1287 3264 1343 fortissimi
3298 1285 3471 1342 fraudi
3501 1286 3604 1342 sibi
3638 1285 3899 1340 futuram

2263 1384 2408 1455 justa
2438 1383 2730 1440 formidine
2767 1383 3236 1454 perborresceret,
3263 1382 3316 1437 in
3357 1381 3584 1437 alterius
3614 1381 3720 1436 viri
3758 1397 3902 1434 con-

2267 1478 2432 1532 cessit
2455 1479 2702 1547 nuptias;
2736 1491 2894 1546 quem
2926 1486 3105 1530 tamen
3129 1472 3690 1544 paranympbumﬂbi
3728 1473 3898 1529 Sam-

2269 1584 2369 1625 son
2399 1569 2552 1639 quasi
2583 1567 2748 1623 lidum
2777 1566 3043 1632 sodalem,
3074 1580 3197 1621 cum
3224 1567 3449 1620 duceret
3476 1579 3599 1620 eam
3625 1579 3896 1632 uxorem,

2269 1661 2594 1716 adsciverat.
2628 1661 2737 1716 Nec
2763 1661 2842 1716 sic
2871 1671 3048 1716 tamen
3073 1701 3088 1727 ,
3121 1668 3386 1731 pra-teuto
3413 1659 3540 1714 licet
3579 1659 3854 1730 coniugio
3880 1703 3896 1727 ,

568 1763 763 1818 fronde
792 1763 924 1816 fiant
955 1757 1290 1817 venust‘iora.
1330 1759 1734 1832 Denique-post
1763 1761 1954 1816 eadem
1988 1776 2168 1831 regro-
2198 1748 2242 1809 Β
2271 1753 2591 1808 offensionis
2622 1753 2920 1824 periculum
2970 1752 3185 1808 avertit.
3215 1751 3456 1822 Namque
3491 1749 3708 1820 (Judic.
3736 1768 3832 1814 xv,
3868 1753 3894 1806 1

568 1855 726 1910 diens
773 1857 900 1918 via,
931 1853 1115 1910 favum
1164 1856 1215 1910 in
1263 1863 1414 1910 utero
1466 1853 1641 1909 leonis
1689 1853 1954 1920 oﬂ'endit,
2001 1863 2168 1924 atque

569 1948 832 2014 abstulit,
873 1947 897 1975 ⁸
931 1947 1132 2001 donum
1185 1946 1496 2016 parentibus
1540 1961 1604 2000 ac
1651 1947 1850 2016 puellae
1893 1946 2164 2012 futurum;

569 2042 694 2098 talia
743 2041 884 2095 enim
934 2055 1190 2109 sponsam
1238 2054 1459 2095 munera
1510 2039 1741 2105 decent,
1772 2054 1837 2094 ac
1880 2039 2168 2111 degustato

571 2134 758 2199 melle,
792 2133 972 2189 favum
1005 2132 1282 2204 praedictis
1312 2131 1584 2188 edendum
1631 2131 1801 2200 dedit,
1835 2147 2052 2188 causam
2083 2147 2170 2188 re-

575 2226 790 2297 pressit.

648 2321 736 2375 15.
777 2319 885 2376 Sed
919 2320 1057 2375 forte
1084 2319 1318 2390 quadam
1360 2317 1450 2375 die
1480 2315 1737 2388 nuptialis
1775 2315 1896 2372 festi
1923 2316 2172 2372 celebra-

573 2413 732 2468 batur
758 2413 1096 2479 convivium,
1127 2411 1154 2450 δ
1183 2412 1305 2466 lteta
1351 2413 1404 2467 in
1447 2411 1624 2482 epulis
1661 2409 1925 2480 juventus
1969 2411 2173 2464 mutuis

575 2519 633 2559 se
669 2503 739 2558 ad
772 2503 957 2558 ludum
988 2503 1252 2558 invitabat
1279 2503 1655 2567 sermonibus;
1688 2516 1812 2557 cum
1843 2501 1980 2557 alius
2005 2502 2169 2555 alium

573 2598 803 2654 salsiorc
833 2598 1123 2653 dicacitate
1153 2597 1574 2667 perstringeret,
1605 2597 1746 2650 sicut
1769 2611 1831 2650 se
1863 2592 2174 2665 huiusmodi

576 2707 706 2747 usus
738 2692 921 2753 liabet.
955 2700 1234 2746 certamen
1270 2691 1473 2745 ltetitia:
1498 2688 1916 2745 accendebatur.
1950 2689 2024 2742 lbi
2059 2697 2170 2744 tum

577 2785 936 2854 qua-stionem
968 2783 1281 2854 bujusmodi
1317 2784 1601 2852 proposuit
1628 2781 1857 2836 Samson
1881 2781 2173 2850 juvenibus

576 2876 995 2944 coepnlantibus
1027 2892 1039 2928 :
1069 2874 1146 2928 De
1173 2873 1518 2928 manducante
1545 2873 1701 2927 exiuit
1721 2887 1858 2940 esca,
1891 2883 1935 2927 et
1959 2873 2023 2928 de
2050 2875 2172 2943 forti

573 2967 819 3036 processit
859 2965 1486 3030 dulce;absolventibus
1537 2964 1801 3034 pollicens
1847 2966 2165 3035 praemium,

576 3058 731 3129 quasi
779 3057 1086 3113 mercedem
1136 3057 1454 3127 sapientiae,
1507 3055 1726 3128 triginta
1774 3056 2074 3124 sindones,
2117 3065 2174 3112 et

2270 1856 2320 1900 et
2346 1843 2479 1916 seq.)
2513 1845 2601 1900 ubi
2634 1861 2722 1900 res
2749 1845 2987 1916 prodita,
3015 1844 3330 1916 volentique
3369 1844 3435 1898 ad
3476 1843 3782 1914 conjugem
3813 1859 3903 1900 re-

2270 1937 2388 1992 dire
2413 1937 2702 1992 interclusa
2731 1937 2885 2007 copia
2905 1977 2920 2001 ,
2961 1936 3104 2007 quod
3137 1943 3289 2006 pater
3314 1951 3434 1992 eam
3462 1937 3550 1989 alii
3591 1938 3719 1992 viro
3751 1953 3896 2006 nup-

2271 2030 2409 2084 sisse
2453 2029 2697 2096 diceret,
2726 2045 2972 2084 sororem
3019 2043 3150 2083 sane
3181 2029 3297 2098 ejus
3320 2072 3334 2094 ,
3368 2029 3412 2084 si
3442 2029 3652 2094 vellet,
3686 2029 3900 2085 ducere

2272 2124 2494 2190 liceret;
2538 2122 2760 2177 stimulo
2795 2121 3008 2192 injurite
3050 2122 3428 2189 exulceratus,
3462 2121 3741 2192 publicam
3797 2139 3897 2177 ex-

2272 2216 2528 2286 cogitavit
2560 2214 2822 2270 ultionem
2850 2229 3138 2285 capessere
3183 2215 3495 2270 domestica!
3530 2216 3900 2271 contumelia:

2273 2308 2644 2380 indignatione
2675 2326 2687 2361 :
2712 2310 3085 2380 correptisque
3111 2309 3367 2364 trecentis
3391 2310 3662 2379 vulpibus,
3690 2311 3897 2366 adulta

2274 2411 2486 2468 testate,
2530 2417 2651 2458 cum
2676 2405 2786 2471 jam
2819 2413 3027 2457 matura
3084 2413 3266 2457 essent
3305 2403 3355 2458 in
3384 2403 3530 2472 agris
3572 2403 3897 2470 frumenta,

2275 2495 2430 2551 binas
2456 2496 2556 2552 sibi
2584 2496 2813 2551 invicem
2859 2495 3086 2551 caudam
3129 2495 3196 2551 ad
3223 2496 3449 2552 caudam
3475 2497 3689 2567 ligavit,
3726 2509 3898 2570 atque

2275 2587 2328 2644 in
2357 2587 2594 2642 medium
2645 2602 2832 2643 earum
2883 2587 3164 2644 ardentem
3194 2590 3423 2645 inseruit
3453 2589 3624 2643 facem
3648 2631 3664 2655 ,
3716 2592 3899 2645 nodo-

2274 2696 2380 2751 que
2428 2681 2715 2737 adstrinxit
2767 2683 3150 2750 inexsolnbili,
3181 2692 3239 2739 et
3280 2685 3424 2740 ultor
3451 2685 3671 2754 injuria:
3724 2702 3898 2756 super

2276 2779 2583 2848 manipulos
2607 2779 2798 2835 messis
2829 2781 3036 2837 dimisit
3067 2782 3466 2848 frumentariae,
3499 2800 3665 2854 quam
3693 2802 3898 2843 sticne-

2275 2884 2396 2926 rant
2446 2873 2638 2927 incola:
2685 2873 3118 2930 Palaestiuorum.
3149 2876 3219 2930 At
3261 2876 3369 2932 illa:
3415 2878 3522 2947 igni
3565 2881 3892 2942 exterrittn,

2274 2978 2612 3034 quacumque
2657 2965 2960 3036 praecipites
3005 2968 3508 3033 convolvebantur,
3551 2973 3896 3040 Spargebant

2276 3057 2615 3128 incendium,
2646 3072 2700 3118 et
2726 3064 3026 3119 exurebant
3064 3065 3242 3134 spicas
3268 3081 3481 3122 eorum.
3510 3071 3632 3134 Quo
3663 3067 3896 3139 dispen-

579 3151 798 3224 totidem
825 3148 1018 3215 stolas,
1051 3149 1347 3205 secundum
1375 3164 1666 3204 numerum
1695 3150 1935 3206 virorum
1961 3165 2172 3208 comes-
2199 3131 2244 3195 Ο
2277 3151 2365 3206 dio
2397 3156 2676 3219 commoti,
2704 3157 2848 3227 quod
2879 3173 3072 3214 omnes
3097 3131 3198 3214 sibi
3250 3159 3494 3215 locorum
3535 3131 3782 3216 fructus
3811 3164 3895 3216 in-

578 3243 834 3308 santium,
863 3251 956 3296 aut
983 3241 1240 3296 mulctam
1270 3242 1668 3312 ignorantibus.

650 3336 737 3391 16.
778 3335 878 3400 Qui
928 3349 1050 3389 cum
1107 3333 1347 3389 enodare
1397 3334 1674 3404 implexa,
1725 3343 1781 3390 et
1828 3333 2168 3405 distinguere

577 3427 830 3498 ambigua
880 3427 1211 3498 nequirent,
1264 3426 1550 3482 mulierem
1600 3427 1717 3499 ejus
1771 3427 1963 3499 partito
2015 3427 2175 3484 minis

578 3521 927 3593 exagitanda,
961 3521 1153 3591 partim
1181 3520 1454 3592 fatigando
1485 3521 1758 3592 precibus,
1784 3538 1850 3580 eo
1878 3522 2175 3591 impulere,

581 3623 638 3668 nt
667 3632 694 3666 a
729 3615 846 3669 viro
893 3623 1146 3682 posceret
1197 3613 1517 3685 quaestionis
1565 3613 1682 3682 ejus
1732 3614 2174 3678 absolutionem,

579 3707 796 3776 insigne
821 3704 1058 3760 futurum
1083 3705 1384 3776 coniugalis
1405 3705 1599 3776 gratia:
1623 3706 1675 3760 in
1698 3705 2007 3761 mercedem
2027 3719 2178 3760 amo-

580 3800 675 3854 ris.
707 3802 886 3868 Atque
905 3812 967 3853 ea
991 3813 1085 3853 seu
1112 3797 1278 3852 animi
1307 3797 1518 3864 territa,
1550 3812 1646 3852 seu
1678 3795 1932 3852 muliebri
1959 3795 2178 3866 ingenio

580 3891 802 3955 inﬂexa,
826 3889 990 3944 veluti
1024 3890 1113 3959 pio
1134 3899 1328 3960 questu
1353 3889 1616 3944 maritalis
1637 3889 1745 3944 odii
1771 3888 2015 3946 dolorem
2040 3904 2179 3959 pri]?-

585 3996 772 4040 texere
803 3986 906 4040 hoc
935 3985 1123 4057 coepit,
1154 3986 1296 4057 quod
1330 3994 1596 4042 secretum
1630 3986 1731 4042 viri
1759 3999 1987 4040 consors
2015 3984 2180 4039 totius

582 4079 708 4132 vita:
735 4089 756 4116 ο
789 4087 844 4134 et
864 4082 1081 4136 conscia
1105 4097 1210 4138 non
1234 4081 1614 4151 comperisset,
1639 4080 1941 4150 similisque
1967 4079 2178 4134 ett-teris

583 4173 766 4230 habita
816 4173 1103 4244 foret,cui
1151 4192 1410 4232 arcanum
1459 4177 1563 4232 viri
1613 4176 1816 4247 proprii
1854 4173 2018 4247 “7
2069 4190 2175 4230 non

581 4266 932 4324 crederetur:
961 4267 1132 4323 Odisti
1159 4285 1258 4334 me,
1292 4270 1498 4340 inquit,
1531 4277 1579 4323 et
1625 4285 1730 4322 non
1775 4269 1994 4335 amasti,
2023 4283 2177 4334 quam

581 4361 760 4416 celaui
780 4378 940 4430 usque
961 4361 1152 4416 adhuc.

655 4455 742 4511 17.
782 4451 810 4492 ά
842 4455 1040 4524 Hisque
1070 4463 1127 4510 et
1151 4455 1362 4510 cteteris
1395 4453 1592 4511 talibus
1623 4453 1853 4510 invictus
1881 4453 1947 4509 ad
1976 4463 2174 4509 ctetera

2279 3244 2536 3300 terierant
2565 3288 2578 3309 ,
2611 3247 2810 3304 factum
2837 3252 3175 3322 principibus
3223 3254 3336 3308 suis
3379 3253 3800 3309 intimaverunt.
3830 3256 3893 3310 Et

2278 3337 2353 3392 illi
2389 3340 2651 3395 miserunt
2699 3344 2845 3398 viros
2886 3343 2938 3397 in
2995 3343 3394 3412 Tliatnnatam,
3449 3345 3542 3416 qui
3588 3347 3885 3404 mulierem

2277 3445 2400 3500 quae
2446 3435 2652 3490 variato
2692 3435 2851 3491 fidem
2900 3437 3149 3509 conjugio
3216 3449 3554 3506 mutaverat,
3607 3456 3671 3496 ac
3712 3451 3890 3497 tutam

2277 3523 2395 3593 ejus
2438 3524 2657 3582 domum
2703 3538 3066 3599 parentesque
3114 3531 3220 3600 igni
3264 3531 3577 3595 involvere;
3628 3534 3786 3603 quod
3830 3550 3888 3588 ea

2277 3631 2436 3672 causa
2465 3631 2578 3672 sua:
2601 3622 2868 3676 vastitatis
2889 3634 2940 3676 et
2967 3622 3179 3692 injuria:
3218 3623 3360 3679 foret
3390 3642 3403 3676 :
3445 3639 3546 3678 nec
3575 3627 3890 3694 oportuisse

2280 3709 2401 3766 laedi
2432 3710 2605 3766 virum
2653 3714 3102 3782 pronuntiantes,
3134 3717 3223 3786 qui
3264 3725 3448 3786 posset
3487 3718 3632 3771 man
3660 3717 3888 3786 publico

2280 3820 2339 3859 se
2380 3804 2589 3860 ulcisci.
2657 3819 2660 3823 ·
2853 3851 2858 3856 .

2356 3899 2438 3954 19.
2485 3900 2593 3957 Nec
2645 3910 2826 3958 tatnen
2881 3902 3111 3958 Samson
3184 3904 3399 3975 populis
3467 3904 3885 3961 Palaestinorum

2279 3989 2464 4048 delicti
2502 3994 2729 4063 gratiam
2781 3994 2948 4060 fecit,
2978 4007 3139 4064 atque
3191 4010 3258 4050 eo
3289 3995 3551 4050 vindicta:
3600 3998 3703 4051 line
3753 4012 3886 4051 cou-

2281 4089 2466 4136 tenlus
2493 4084 2588 4137 fuit
2615 4102 2628 4138 :
2659 4085 2754 4140 sed
2795 4085 3032 4140 concidit
3062 4101 3158 4140 eos
3198 4095 3381 4156 strage
3411 4088 3680 4150 maxima,
3709 4088 3884 4155 pluri-

2281 4173 2465 4244 mique
2505 4191 2694 4232 eorum
2739 4179 2883 4233 ferro
2913 4179 3187 4232 interiere.
3218 4177 3341 4247 Ipse
3381 4189 3563 4234 autem
3608 4179 3887 4236 concessit

2281 4266 2333 4321 in
2379 4268 2528 4321 Elam
2555 4308 2570 4332 ,
2603 4269 2670 4324 ad
2707 4277 3003 4324 torrentem
3036 4271 3086 4323 in
3118 4269 3359 4326 deserto.
3405 4270 3562 4326 Petra
3613 4272 3721 4326 illic
3770 4281 3886 4326 erat

2281 4361 2508 4415 munitio
2541 4360 2712 4418 tribus
2735 4360 2891 4417 Juda.
2921 4361 3190 4417 PaImStini
3235 4377 3384 4429 vero,
3415 4372 3472 4417 ut
3511 4363 3604 4432 qui
3628 4378 3750 4417 eum
3778 4380 3885 4417 non

2280 4451 2544 4508 auderent
2586 4455 2883 4521 lacessere,
2911 4469 3010 4510 nec
3034 4454 3350 4509 munitionis
3382 4464 3658 4523 praerupta
3687 4457 3887 4511 ardua-

581 4549 823 4612 animus,
879 4521 1230 4604 muliebribus
1276 4549 1549 4604 emollitos
1599 4545 1876 4602 blanditiis
1901 4587 1915 4610 ,
1967 4547 2174 4617 aperuit
2205 4521 2258 4583 Β
2283 4560 2386 4616 que
2413 4560 2695 4615 superare,
2723 4546 2920 4601 tribum
2956 4545 3091 4602 Juda
3123 4521 3445 4601 denuntiato
3468 4546 3649 4601 adorsi
3691 4563 3886 4618 urgere

579 4640 790 4696 dilectte
839 4641 1168 4710 prepositam
1199 4639 1593 4708 qtta’stionem,
1645 4649 1700 4694 et
1747 4639 1836 4694 illa
1874 4639 2105 4695 civibus.
2131 4639 2178 4695 A

579 4733 774 4802 quibus
799 4733 884 4788 vix
920 4734 1135 4789 tandem
1166 4734 1402 4805 septimo
1439 4733 1553 4798 die,
1585 4734 1674 4804 qui
1705 4733 2057 4804 prtescriptus
2082 4733 2178 4788 ab-

579 4826 854 4883 solvenda:
885 4829 1156 4898 parabolae
1185 4826 1382 4896 fuerat,
1416 4839 1544 4885 ante
1574 4843 1825 4885 occasum
1855 4829 1986 4884 solis
2029 4843 2179 4884 com-

580 4933 728 4992 perta
777 4922 952 4978 soluta
1005 4933 1172 4991 sunt,
1205 4935 1368 4994 atque
1407 4924 1459 4979 in
1510 4923 1654 4979 hunc
1701 4922 1920 4978 modum
1959 4923 2173 4979 relata:

650 5137 675 5200 ξι
716 5129 843 5200 Mss.
876 5128 1100 5199 aliquot,
1133 5130 1325 5184 donum
1353 5130 1648 5200 parentibus
1679 5129 1881 5198 puellm.

648 5197 694 5276 b_
709 5197 984 5276 dnsepltus
1009 5201 1130 5276 1900
1146 5197 1471 5276 Δ(ῑὶιειιοζρτθῦ
1493 5209 1658 5276 ποτοῦ
1680 5197 2170 5276 προϐαίνοντος-,βίαι

579 5269 786 5346 natale;
795 5269 980 5333 οὔσης.
999 5268 1080 5326 οἷα
1096 5273 1224 5345 φιλεῖ
1241 5274 1386 5346 ποερᾲ
1399 5280 1512 5346 τοῖς
1526 5268 1786 5346 reiceret;
1799 5281 2016 5346 καιροῖς.
2032 5272 2169 5346 _|_l_inc

577 5343 947 5396 animadverte
975 5343 1133 5410 quam
1165 5343 1326 5397 vetus
1357 5343 1516 5397 fuerit
1549 5343 1839 5396 miscenda:
1865 5343 2170 5409 genialibus

573 5412 748 5480 epulis
795 5413 1083 5466 verborum
1133 5414 1366 5468 lasciviae
1406 5411 1764 5473 consuetudo,
1793 5422 1848 5466 et
1877 5413 2024 5468 unde
2054 5412 2171 5466 tha-

572 5483 822 5606 ldassinuis
849 5482 1395 5554 fescenninorumque
1417 5484 1721 5537 carminum
1748 5482 1960 5538 licentia
1991 5493 2168 5538 ortum

617 5563 806 5606 uxertt.

617 5555 806 5606 uxerit.

655 5635 675 5660 ο
717 5625 920 5677 Omnes
949 5625 1078 5681 edit.
1113 5634 1170 5680 et
1203 5628 1354 5695 pauci
1401 5640 1558 5690 mss.,
1587 5633 1634 5680 et
1661 5623 1938 5688 consociat;
1963 5625 2170 5692 cmteri,

587 5697 760 5764 quiet
785 5697 1021 5754 melioris
1052 5709 1217 5760 nota.
1247 5712 1292 5756 et
1320 5701 1550 5758 conscia.

659 5762 685 5800 ά
711 5765 912 5844 omnes
933 5766 1088 5842 edit.,
1121 5769 1220 5826 His
1249 5781 1402 5844 atque
1429 5771 1616 5828 talibus
1643 5767 1862 5824 invictus
1887 5775 2021 5827 certe
2062 5767 2176 5844 tnti-

2286 4637 2502 4708 prtelio,
2532 4637 2551 4676 ί
2582 4639 2870 4707 cumjusta
2913 4637 3103 4693 referri
3143 4647 3456 4703 cernerent,
3505 4637 3650 4708 quod
3698 4639 3885 4691 subdi-

2285 4741 2368 4786 tos
2391 4730 2560 4804 848
2582 4732 2682 4788 sibi
2711 4741 2765 4787 et
2793 4733 3105 4788 tributarios
3133 4733 3400 4803 perditum
3447 4733 3512 4788 iri
3545 4748 3883 4803 nequaquam

2285 4836 2309 4871 κ
2333 4841 2517 4880 verum
2549 4837 2603 4881 et
2628 4842 2840 4896 :rquum
2870 4835 3032 4896 atque
3059 4842 3122 4882 ex
3173 4840 3268 4880 usu
3318 4825 3596 4881 videretur
3626 4826 3842 4896 publico
3865 4867 3878 4889 ,

2285 4937 2381 4992 pro
2410 4921 2586 4999 alieno
2626 4921 2926 4992 praesertim
2957 4922 3193 4976 facinore
3226 4939 3239 4976 :
3270 4920 3624 4976 consulentes
3674 4923 3727 4976 in
3772 4935 3880 4976 meo

2270 5146 2382 5184 mus
2413 5145 2430 5183 :
2464 5137 2520 5185 at
2546 5144 2737 5185 omnes
2769 5144 2900 5201 mss.
2929 5139 2986 5182 ut
3015 5143 3114 5184 nos
3142 5129 3195 5182 in
3228 5135 3398 5192 textu,
3430 5127 3539 5183 nisi
3566 5127 3714 5201 quod
3745 5143 3873 5184 non-

2275 5201 2405 5256 nulli
2443 5216 2549 5255 non
2588 5213 2788 5264 ponunt
2822 5199 2891 5254 ad
2921 5211 3048 5255 ante
3079 5210 3284 5254 uetera.

2345 5271 2696 5349 {JOSt-phus,
2723 5272 3094 5349 audiriaudire;
3123 5266 3247 5349 siuei
3271 5292 3318 5349 rt
3338 5269 3677 5349 δολερῴτερογ
3712 5288 3724 5324 :
3759 5282 3867 5349 qui!

2273 5345 2435 5396 verba
2467 5360 2589 5396 cum
2622 5345 2800 5397 desint
2833 5343 2884 5396 in
2919 5347 3091 5397 sacris
3117 5343 3420 5407 COtllCthS,
3453 5343 3534 5395 'ab
3572 5343 3764 5396 codem
3795 5343 3863 5392 lti-

2279 5413 2483 5468 Slot'ico
2515 5415 2787 5468 transtulit
2818 5424 3039 5468 sanctus
3067 5413 3286 5468 Doctor.

2357 5482 2374 5520 ί
2409 5484 2533 5556 Cum
2553 5488 2700 5556 jusla
2742 5487 2922 5555 referri
2951 5492 3244 5547 cernerent,
3268 5481 3630 5556 desideratur
3654 5483 3710 5538 in
3749 5495 3866 5536 cun-

2280 5556 2381 5609 etis
2409 5555 2537 5608 edit.
2555 5555 2668 5610 sed
2693 5573 2722 5610 e
2747 5558 2959 5612 cunctis
2986 5571 3118 5610 mss.
3151 5555 3473 5608 restituitur.

2354 5637 2376 5672 κ
2406 5627 2544 5681 Edit.
2577 5638 2633 5682 et
2682 5628 2904 5697 quidam
2956 5645 3113 5688 mss.,
3137 5627 3340 5698 justum
3379 5635 3440 5698 et
3479 5641 3707 5698 mquam.
3739 5621 3860 5679 Infra

2285 5712 2414 5769 vero
2444 5713 2573 5758 mss.
2605 5696 2883 5764 nonnulli,
2915 5696 3232 5770 patratorem
3260 5697 3385 5752 tanti
3410 5696 3619 5771 ﬂagitii.
