4040 6166
214 291 306 349 ςεο

1415 289 1904 352 εριετοιληυυ
1941 292 2228 353 CLASSIS
2265 298 2307 355 ι.

3393 303 3497 360 990

211 409 382 473 dium,
415 405 556 464 tradi
599 406 701 464 sibi
733 406 1132 479 designatorem
1163 408 1294 462 tanti
1338 406 1524 478 ﬂagitii
1557 405 1796 476 postula-
1823 409 1866 468 Α
1895 405 2186 476 jacentem,
2220 410 2485 478 percussit
2515 409 2661 465 mille
2685 409 2854 475 viros,
2891 408 3096 480 fugavit
3127 411 3264 467 alios
3304 414 3496 484 grandi

209 511 406 566 verunt,
437 511 601 572 atque
626 502 697 556 ita
730 501 837 556 illis
865 502 1007 571 quod
1047 500 1117 556 ab
1157 515 1223 556 eo
1247 502 1622 564 commissura,
1653 497 1795 552 futu-

206 609 315 648 rum
343 593 466 650 sine
498 608 636 648 noxa
665 603 831 648 esset.

267 687 350 740 20.
393 687 512 756 Qua
542 688 854 758 ρτιεεετίρια
887 685 993 744 sibi
1020 685 1366 755 conditione,
1407 685 1511 741 viri
1538 685 1607 742 de
1649 685 1789 741 tribu

203 777 326 836 Juda
367 779 468 832 tria
510 779 679 833 millia
720 793 789 832 ex
833 778 950 834 suis
995 789 1393 849 congregantes
1428 776 1792 834 ascenderunt

202 871 260 926 ad
289 887 411 925 eum
435 913 450 938 ,
493 881 545 927 et
591 870 817 941 praefato
858 871 1001 942 quod
1032 883 1214 926 essent
1243 871 1508 927 subdititii
1547 871 1791 926 Palaesti-

203 980 406 1031 norum,
435 963 634 1035 quibus
664 963 766 1017 sibi
795 964 1097 1019 necessilas
1125 963 1410 1020 obediendi
1443 980 1549 1018 non
1586 979 1654 1018 ex
1701 977 1789 1017 ar-

199 1057 383 1120 bitrio,
431 1057 526 1112 sed
573 1071 643 1111 ex
687 1055 918 1125 periculi
975 1053 1266 1110 formidine
1311 1066 1596 1121 maneret;
1662 1054 1786 1110 facti

197 1154 271 1207 sui
312 1153 570 1208 invidiam
614 1153 1001 1224 retorquebant
1040 1153 1092 1207 in
1129 1167 1264 1217 eos,
1295 1153 1385 1224 qui
1423 1152 1515 1223 jus
1559 1152 1786 1222 cogendi

196 1245 480 1302 habebant.
518 1246 655 1302 Tum
694 1247 826 1302 ille:
869 1247 936 1302 Et
963 1261 1105 1317 quas,
1133 1246 1322 1316 inquit,
1347 1247 1572 1316 justitia:
1611 1245 1784 1300 forma

196 1349 291 1406 est,
319 1356 491 1410 genus
519 1339 1008 1396 Abrahamidarum
1032 1379 1047 1405 ,
1077 1349 1135 1394 ut
1159 1339 1584 1408 circumscriptae
1611 1339 1784 1408 primo

194 1431 465 1502 conjugis,
495 1431 696 1488 deinde
722 1431 970 1487 abducta:
1008 1432 1316 1503 perniciosa
1365 1431 1494 1486 mihi
1545 1431 1782 1488 vindicta

195 1524 287 1586 sit,
320 1534 375 1578 et
421 1525 544 1578 sine
585 1523 827 1593 periculo
868 1523 1222 1580 domesticam
1270 1524 1520 1594 injuriam
1563 1540 1668 1582 non
1723 1525 1785 1580 li-

195 1617 356 1672 cuerit
381 1617 615 1674 ulcisci?
643 1617 948 1674 Tantumne
979 1618 1253 1674 inclinatis
1276 1619 1488 1674 animos
1512 1618 1578 1674 ad
1623 1627 1782 1689 turpe

195 1710 530 1765 vernularum
570 1709 925 1780 obsequium;
977 1719 1034 1765 ut
1073 1719 1422 1766 exsecutor-es
1453 1725 1548 1766 vos
1587 1711 1780 1768 alienae

1902 500 2116 555 virtutis
2156 503 2505 571 spectaculo;
2538 517 2663 558 cum
2695 504 2890 558 inermi
2915 511 2971 559 et
2998 505 3086 558 uni
3117 505 3374 561 cederent
3409 523 3497 561 ar-

1897 603 2162 647 matorum
2192 595 2429 664 agmina.
2466 597 2531 650 Et
2560 597 2648 665 qui
2676 596 2929 651 cominus
2957 598 3073 652 ausi
3119 597 3332 653 fuerant
3366 614 3498 654 con-

1893 684 2070 752 gredi,
2105 685 2248 740 facili
2295 689 2536 757 negotio,
2564 688 2712 758 nullo
2753 689 2942 744 labore
2985 689 3336 755 obtruncati;
3375 692 3496 747 aliis

1894 775 2016 846 fuga
2061 779 2286 834 exitium
2331 781 2588 851 dempsit.
2624 781 2775 837 Unde
2821 780 3140 852 hodiequeb
3169 787 3324 853 Agon
3372 783 3492 837 loco

1889 867 2058 941 βω
2084 885 2279 926 nomen
2308 881 2420 938 est,
2449 873 2591 943 quod
2620 873 2694 928 ibi
2725 872 2950 929 Samson
2991 875 3290 946 gloriosum
3315 886 3490 930 certa-

1892 978 2016 1017 men
2039 974 2059 1000 ο
2087 964 2285 1019 virtute
2311 968 2523 1038 egregia
2551 969 3037 1024 consummaverit.

1959 1055 2051 1108 25.
2093 1053 2202 1109 Sed
2243 1054 2444 1111 utinam
2486 1073 2647 1127 quam
2691 1058 2845 1113 fortis
2875 1059 2928 1113 in
2970 1059 3204 1125 hostem,
3238 1068 3344 1115 tam
3373 1074 3488 1116 mo-

1886 1145 2110 1204 deratus
2175 1150 2226 1204 in
2302 1150 2530 1205 victoria
2582 1150 2794 1206 fuisset.
2865 1153 3064 1208 Verum
3115 1153 3259 1222 quod
3328 1153 3485 1208 facile

1888 1254 1987 1294 usu
2030 1241 2193 1306 venit,
2227 1240 2467 1297 insolens
2504 1257 2688 1298 rerum
2711 1243 3070 1299 secundarum
3110 1245 3346 1311 animus,
3392 1245 3483 1313 qui

1886 1330 2075 1385 debuit
2113 1341 2366 1388 eventum
2431 1349 2620 1405 pugnae
2675 1335 2857 1388 divino
2907 1335 3077 1390 favori
3131 1347 3183 1390 et
3230 1336 3482 1406 praesidio

1885 1422 2133 1490 deferre,
2167 1424 2266 1480 sibi
2308 1428 2575 1494 arrogavit
2601 1468 2616 1491 ,
2649 1426 2840 1482 dicens
2890 1445 2904 1482 τ
2947 1426 3014 1481 In
3061 1429 3276 1483 maxilla
3321 1429 3483 1483 asinw

1886 1518 2042 1572 delevi
2072 1519 2212 1574 mille
2233 1521 2385 1574 viros.
2413 1519 2526 1575 Nec
2549 1536 2696 1575 aram
2747 1523 2932 1576 statuit
2968 1524 3075 1579 Ileo
3116 1538 3215 1578 nec
3253 1523 3481 1576 hostiam

1884 1607 2183 1664 immolavit
2230 1629 2242 1663 :
2293 1611 2386 1666 sed
2421 1613 2704 1683 negligens
2733 1613 3002 1680 sacriﬁcii,
3036 1625 3342 1685 assumptor
3367 1615 3483 1684 glov

1884 1702 2000 1766 τίω,
2035 1711 2090 1757 ut
2121 1703 2450 1774 triumphum
2492 1719 2648 1760 sumn
2695 1715 2954 1776 perpetuo
2984 1715 3331 1761 consecraret
3383 1722 3479 1759 no-

193 1802 473 1872 prtebeatis
515 1803 844 1869 insolentiae,
870 1812 1034 1872 atque
1065 1805 1115 1858 in
1145 1813 1353 1859 vosmet
1383 1804 1527 1875 ipsos
1554 1805 1778 1862 venalis
1808 1803 1856 1863 B
1885 1796 2052 1859 mine,
2081 1797 2296 1850 vocavit
2327 1797 2501 1852 locum
2534 1797 2762 1852 Maxilla:
2795 1796 3250 1853 interfectionem.

191 1911 371 1951 manus
394 1896 420 1950 ?
450 1896 508 1951 Si
536 1895 871 1967 pereundum
904 1909 1007 1964 cst,
1044 1898 1169 1968 quia
1196 1897 1438 1952 dolorem
1468 1897 1627 1952 habui
1651 1898 1783 1953 libe-

190 2001 334 2057 rum,
376 1989 532 2059 juvat
579 1989 760 2060 perire
804 1989 1052 2045 manibus
1098 1989 1526 2054 l’alzrstinorum.
1556 1989 1784 2046 Tentata

191 2082 731 2149 domus,sollicitata
761 2098 943 2139 uxor:
986 2085 1032 2139 si
1079 2099 1186 2140 non
1235 2084 1384 2138 licuit
1430 2083 1561 2139 mihi
1604 2085 1783 2138 vivere

191 2171 295 2227 sine
335 2190 528 2230 eorum
573 2173 784 2237 fraude,
811 2175 1004 2232 saltem
1029 2175 1191 2234 liceat
1214 2175 1351 2229 mori
1394 2176 1512 2230 sine
1535 2190 1780 2231 meorum

191 2265 409 2322 scelere.
445 2265 624 2321 [tetuli
666 2281 770 2338 ego
812 2275 1089 2338 acceptam
1136 2265 1420 2336 injuriam,
1451 2282 1558 2321 non
1592 2266 1782 2320 intnb?

190 2355 287 2412 Vos
347 2360 615 2416 :rstimate
667 2375 736 2414 an
788 2358 948 2430 digna
993 2357 1308 2416 vicissitudo
1354 2358 1529 2414 fuerit.
1577 2357 1657 2412 llli
1715 2359 1782 2413 de

187 2447 373 2510 damno
402 2451 674 2508 fructuum
715 2461 1044 2523 queruntur,
1087 2467 1188 2523 ego
1226 2453 1291 2506 de
1329 2450 1580 2521 conjugis
1619 2451 1782 2504 amis-

187 2545 328 2600 sione
363 2563 377 2600 :
426 2545 671 2601 conferte
698 2545 1005 2617 manipulos
1031 2546 1245 2609 messis,
1276 2556 1326 2602 et
1370 2547 1572 2600 sociam
1613 2545 1776 2600 thori.

188 2633 436 2692 Dolorem
488 2653 668 2693 meum
699 2638 799 2708 ipsi
848 2639 1174 2708 probarunt,
1205 2639 1360 2708 cnjns
1391 2639 1616 2707 injurias
1662 2639 1778 2694 \in.

183 2727 515 2794 dicaverunt.
557 2729 752 2790 Videte
793 2747 899 2802 quo
942 2747 1042 2787 vos
1103 2731 1402 2788 ministerio
1447 2732 1639 2804 dignos
1685 2751 1782 2803 pu-

185 2831 316 2878 Iant.
351 2823 395 2880 A
439 2825 594 2880 vobis
634 2839 760 2884 eum
805 2825 856 2880 in
904 2833 1133 2882 mortem
1175 2823 1314 2880 afﬁci
1353 2825 1778 2895 volunt,.qut~m

184 2918 272 2988 ipsi
310 2919 512 2975 ultione
539 2919 760 2990 digitum
807 2918 874 2975 de
919 2919 1012 2986 iis,
1041 2920 1131 2990 qui
1164 2919 1419 2976 lmscrant
1443 2960 1456 2982 ,
1502 2918 1780 2991 judicare-

185 3022 339 3074 runt.
384 3021 438 3068 et
481 3011 572 3080 qui
619 3010 872 3068 vindicta:
924 3011 1203 3082 pra‘buere
1244 3012 1624 3068 ministerium.
1671 3013 1777 3069 Sed

184 3107 222 3161 si
269 3105 405 3162 adeo
449 3106 664 3162 subdita
708 3105 962 3177 superbis
1006 3105 1146 3164 colla
1193 3107 1402 3177 geritis,
1453 3107 1650 3166 tradite
1693 3124 1778 3163 me

1955 1885 2044 1941 24.
2092 1887 2162 1940 Et
2205 1902 2326 1942 mox
2359 1887 2450 1942 siti
2496 1889 2737 1958 graviter
2787 1889 2956 1957 C(Bpit
3005 1889 3387 1952 inardescere,
3433 1897 3488 1942 et

1888 1988 2046 2051 potus
2088 1981 2310 2047 deerat,
2342 1997 2442 2038 nec
2487 1982 2598 2051 jam
2652 1982 2798 2038 ferre
2841 1997 2904 2037 ac
2967 1982 3201 2037 tolerare
3249 1990 3481 2051 poterat.

1888 2071 2040 2129 l'nde
2070 2073 2374 2143 intelligens
2400 2073 2544 2143 quod
2573 2074 2704 2128 nihil
2737 2085 2842 2126 tam
2877 2073 3036 2128 facile
3064 2081 3210 2128 esset
3239 2070 3263 2110 ἀ
3297 2073 3486 2127 huma-

1887 2184 1968 2223 na:
1998 2169 2150 2238 opis,
2179 2167 2323 2239 quod
2373 2170 2494 2222 sine
2544 2168 2733 2224 divino
2763 2168 3078 2239 adjumento
3127 2184 3234 2223 non
3266 2168 3485 2224 difficile

1883 2262 2056 2330 foret,
2111 2265 2434 2322 exclamavit
2475 2275 2636 2335 atque
2681 2265 3023 2328 obsecravit,
3076 2281 3142 2318 ne
3187 2264 3292 2318 sibi
3343 2264 3485 2318 Dens

1883 2357 2230 2426 omnipotens
2261 2357 2314 2410 in
2348 2355 2609 2412 olfeiisam
2643 2366 2901 2420 verteret,
2933 2356 3074 2425 quod
3112 2355 3484 2423 imprudenter

1883 2449 2098 2506 incauto
2144 2465 2397 2506 sermone
2441 2452 2543 2506 sibi
2591 2452 2791 2521 aliquid
2845 2451 3254 2520 assignavisset.
3309 2447 3482 2515 Quin-

1883 2545 2045 2598 etiam
2080 2543 2229 2600 illam
2253 2544 2536 2600 victoriam
2570 2543 2682 2598 Deo
2713 2543 3006 2612 deputabat
3033 2540 3220 2596 dicens
3246 2557 3258 2592 :
3291 2538 3371 2593 Tu
3395 2538 3484 2591 de-

1883 2635 2003 2689 disti
2034 2637 2086 2691 in
2132 2652 2290 2691 malm
2315 2638 2444 2692 servi
2469 2637 2543 2690 tui
2571 2637 2788 2691 salutem
2817 2652 3057 2706 magnam
3081 2634 3236 2698 hanc,
3271 2641 3317 2685 et
3349 2647 3482 2684 nunc

1882 2729 2145 2795 subvenit;
2173 2731 2294 2798 quia
2322 2747 2438 2785 ecce
2463 2732 2656 2784 morior
2682 2731 2789 2796 siti,
2820 2740 2865 2784 et
2895 2729 2948 2783 in
2977 2737 3276 2798 potestatem
3303 2740 3484 2780 eorum

1883 2821 1946 2876 de
1968 2823 2150 2894 quibus
2180 2835 2378 2879 tantum
2403 2824 2604 2879 donasti
2632 2821 2951 2892 triumphum
2976 2863 2990 2888 ,
3023 2821 3133 2875 sitis
3176 2819 3478 2874 necessitate

1882 2916 2179 2986 adjudicor.
2215 2917 2500 2984 Quomodo
2549 2917 2643 2973 Dei
2676 2915 3081 2979 misericordia,
3131 2929 3255 2968 cum
3306 2911 3486 2983 proje-

1881 3014 2045 3068 cisset
2080 3013 2170 3068 ille
2203 3014 2482 3068 maxillam
2503 3055 2517 3078 ,
2546 3013 2761 3084 aperuit
2789 3012 3083 3068 scissuram
3112 3010 3252 3079 ejus.
3282 3019 3336 3062 et
3366 3008 3485 3061 fons

1883 3103 2060 3173 erupit
2105 3119 2170 3159 ex
2196 3119 2257 3160 ea
2283 3146 2298 3172 ,
2329 3115 2384 3161 et
2414 3105 2546 3160 bibit
2592 3105 2853 3170 Samson,
2888 3113 2943 3159 et
2989 3102 3285 3170 resumpsit
3328 3099 3486 3170 spiri-

186 3192 408 3250 hostimn
457 3193 737 3256 manibus;
780 3207 876 3247 vos
911 3193 1074 3247 nolite
1100 3191 1368 3250 occidere.
1400 3192 1516 3248 Non
1547 3202 1774 3259 mortem
1803 3180 1847 3243 C
1885 3205 1995 3251 tum
2019 3237 2034 3263 ,
2069 3204 2125 3250 et
2170 3199 2385 3254 vocavit
2432 3199 2611 3252 locum
2639 3207 2661 3234 ε’
2712 3197 3113 3252 invocationem
3166 3194 3367 3256 fontis,
3419 3207 3486 3246 eo

184 3290 396 3354 abnuo,
447 3300 473 3326 ιι
505 3289 599 3344 sed
646 3296 886 3344 vestrum
938 3287 1078 3356 fugio
1123 3288 1452 3356 contagium.
1483 3287 1680 3344 Verum
1728 3289 1774 3345 si

185 3380 468 3437 formidine
499 3380 694 3438 ceditis
733 3379 1356 3450 insolentibus,alligate
1397 3379 1625 3436 vinculis
1666 3395 1776 3436 ma-

186 3491 280 3531 nus
307 3494 321 3532 :
351 3477 584 3531 inermes
618 3475 766 3541 licet,
798 3474 1074 3530 invenient
1111 3474 1210 3528 sibi
1248 3490 1393 3529 arma
1438 3473 1591 3530 nodis
1631 3474 1778 3530 soln-

187 3577 270 3623 tre.
305 3567 468 3623 Certe
495 3567 793 3623 conditioni
824 3567 1089 3636 imposita:
1115 3566 1245 3622 satis
1273 3564 1510 3622 futurum
1533 3565 1777 3620 arbitrati

183 3671 320 3724 sunt.
347 3661 391 3716 si
424 3661 702 3716 viventem
731 3659 784 3713 in
826 3666 1148 3728 potestatem
1181 3658 1402 3713 daretis.

248 3753 335 3808 2|.
376 3753 580 3821 Quibus
609 3751 685 3806 illi
721 3751 916 3808 auditis
950 3749 1140 3822 (Ibid.,
1175 3751 1240 3806 15
1265 3761 1310 3804 et
1339 3753 1500 3820 δαίμ),
1533 3751 1781 3821 quamvis

186 3845 278 3900 tria
309 3845 476 3900 millia
507 3845 742 3898 virorum
771 3844 1152 3904 ascenderant,
1177 3853 1579 3898 sacramentum
1609 3843 1778 3898 dedc-

186 3944 302 3990 runt
338 3933 480 4004 quod
519 3949 549 3987 a
605 3948 664 3989 se
721 3934 846 3990 vita:
910 3933 1029 4003 ejus
1090 3931 1170 3986 vis
1215 3933 1358 3986 nulla
1409 3933 1777 4002 irrogaretur;

185 4027 548 4086 tantummodo
589 4029 800 4099 patiens
827 4027 1166 4084 vinculorum
1208 4035 1395 4090 esset,
1451 4035 1508 4080 nt
1547 4025 1780 4082 deditio-

185 4136 300 4177 nem
326 4121 448 4192 ejus
486 4127 798 4194 patrarent,
839 4135 946 4193 quo
984 4117 1140 4174 vacui
1186 4116 1379 4173 fierent
1435 4117 1584 4188 ejus,
1628 4119 1783 4189 cujus

184 4213 559 4288 arguebantur,
596 4210 882 4266 facinoris.

246 4307 332 4361 22.
379 4309 615 4378 Accepta
659 4305 842 4376 itaque
873 4303 1009 4372 fide,
1041 4302 1243 4373 spclzeo
1291 4318 1583 4374 egressus,
1628 4303 1787 4362 dese-

186 4399 288 4453 rnit
331 4407 498 4470 petrae
545 4399 900 4453 munitionem
953 4415 966 4452 :
1016 4411 1080 4451 ac
1118 4395 1328 4451 duobus
1368 4395 1600 4456 innexus
1648 4398 1787 4454 funi-

186 4490 296 4558 bus,
325 4491 418 4547 ubi
462 4491 898 4564 apprOpinquare
922 4489 1124 4543 accitos
1147 4487 1212 4544 ad
1244 4491 1646 4563 suscipiendum
1676 4491 1777 4546 Pa-

1881 3289 2022 3359 quod
2049 3290 2286 3346 victoriae
2306 3292 2622 3361 jat-tantiam
2642 3290 2998 3346 invneationis
3027 3289 3276 3358 precibus
3294 3302 3450 3340 emcn
3469 3315 3483 3325 -

1881 3381 2063 3438 dasset
2093 3402 2105 3437 :
2141 3385 2212 3440 ita
2255 3385 2466 3440 diversa
2513 3385 2719 3455 judicia
2772 3395 2984 3440 mature
3031 3383 3172 3438 edita
3199 3424 3211 3447 ,
3244 3379 3388 3452 quod
3436 3388 3491 3434 et

1883 3477 2191 3544 arrogantia
2216 3477 2326 3532 cito
2353 3477 2617 3533 olfensam
2653 3480 3051 3541 incurreret,et
3081 3474 3356 3532 lmmilitas
3375 3472 3492 3528 sine

1883 3568 1991 3624 ulla
2019 3569 2323 3628 offensione
2351 3587 2474 3629 sese
2503 3573 2902 3628 reconciliaret.

1962 3666 2053 3722 25.
2101 3665 2300 3720 Verum
2347 3665 2436 3720 ubi
2483 3665 2711 3719 decursa
2743 3663 2890 3718 serie
2940 3663 3137 3716 bellum
3169 3661 3486 3716 Palaéstino-

1885 3777 2006 3817 rum
2053 3757 2397 3827 composuit,
2429 3767 2483 3810 et
2513 3771 2736 3810 suorum
2786 3755 3069 3810 declinans
3098 3754 3365 3822 ignaviam
3390 3793 3404 3816 ,
3436 3761 3492 3807 et

1887 3851 2139 3906 hostilem
2185 3847 2492 3916 despiciens
2526 3862 2778 3910 mantnn,
2833 3844 3032 3899 Gazam
3064 3857 3189 3896 sese
3227 3843 3482 3896 cnntulit:

1879 3956 1948 3994 ea
1989 3939 2184 3996 civitas
2214 3949 2327 3992 erat
2363 3938 2414 3990 in
2465 3937 2597 3990 locis
2630 3936 3041 3991 Palavstinornm
3068 3976 3081 3998 ,
3113 3943 3167 3988 et
3213 3923 3492 3989 habitabat

1887 4033 2000 4089 illic
2052 4033 2102 4088 ili
2153 4029 2478 4086 diverSorio.
2519 4028 2674 4094 Quod
2724 4027 3002 4098 cognitum
3053 4025 3217 4082 Gazei
3266 4025 3486 4097 (ludio.

1888 4144 1997 4193 xvi,
2031 4128 2054 4182 l
2089 4136 2135 4182 et
2159 4124 2292 4195 seq.)
2337 4123 2758 4193 haudquaquam
2805 4120 3244 4175 dissimulatione
3294 4131 3489 4192 prtth-

1889 4221 2192 4286 terierunt,
2221 4217 2315 4272 sed
2348 4215 2672 4274 festinantes
2719 4211 3197 4270 circumdederunt
3245 4213 3487 4268 diverso-

1890 4315 2030 4370 rium
2057 4313 2212 4385 ejus,
2245 4321 2300 4370 et
2345 4308 2680 4368 obsederunt
2727 4308 3011 4362 universos
3043 4305 3223 4361 aditus
3253 4304 3446 4358 domus
3475 4348 3488 4373 ,

1892 4430 1960 4470 ne
1989 4412 2171 4486 fugam
2215 4413 2268 4468 in
2318 4418 2476 4466 nocte
2507 4416 2884 4480 componeret.
2921 4407 3104 4473 Itaque
3139 4404 3367 4460 SatnStm
3398 4418 3491 4457 co-

1891 4507 2041 4576 gnito
2071 4505 2197 4574 quid
2256 4513 2584 4574 pararetur,
2639 4499 2970 4570 compositas
3025 4497 3250 4553 insidias
3316 4497 3489 4550 noctis

185 4581 514 4638 ltestinorutn
544 4581 750 4639 validos
789 4579 956 4646 videt,
1003 4579 1283 4635 infremuit
1311 4583 1528 4654 spiritu,
1572 4594 1624 4638 et
1659 4584 1776 4638 uni-
1803 4571 1854 4634 ι)
1880 4571 2104 4654 gummi
2142 4571 2510 4668 ρτωῆθιιιεηε,
2541 4593 2824 4651 columnas
2854 4592 3050 4646 damus
3082 4589 3333 4644 manibus
3362 4603 3510 4641 am--

185 4691 328 4732 versa
358 4676 561 4746 dirupit
581 4675 827 4737 vincula;
859 4683 1019 4745 atque
1041 4675 1309 4746 arripiens
1337 4677 1608 4732 maxillam
1635 4680 1773 4735 asini

251 4811 554 4887 {Vanum
577 4810 722 4882 fugio
762 4810 1078 4881 contagium,
1111 4809 1213 4865 hoc
1242 4811 1364 4867 loco
1395 4813 1464 4868 ita
1503 4814 1776 4887 interpre-

183 4883 422 4958 tandum,
457 4896 625 4958 caveo
656 4896 723 4936 ne
750 4897 845 4936 vos
877 4896 944 4936 ex
978 4890 1152 4936 morte
1177 4897 1293 4940 mea
1318 4887 1624 4954 contagium
1652 4883 1778 4958 pec-

183 4957 282 5010 cati
313 4953 674 5009 contrahatis.

249 5025 276 5065 δ
308 5026 466 5082 Rom.
497 5025 656 5089 edit.,
693 5023 890 5094 Siagon
919 5023 1032 5078 loco
1071 5039 1257 5076 nomen
1285 5033 1381 5078 est.
1429 5065 1441 5080 .
1488 5067 1501 5079 .
1549 5065 1562 5080 .
1594 5029 1777 5085 virtute

183 5099 382 5168 egregia
407 5097 542 5168 asini
569 5094 787 5168 maxilla
811 5095 1262 5168 consummaverit.
1325 5094 1521 5152 Verum
1557 5101 1774 5157 tametsi

181 5165 234 5222 et
263 5165 315 5222 in
348 5167 520 5222 sacris-
551 5167 761 5236 paginis
789 5176 842 5220 et
869 5165 1010 5231 apttd
1044 5165 1337 5234 .losephnm
1358 5169 1512 5222 locus
1539 5168 1627 5223 ille
1657 5169 1774 5226 dlu-

179 5239 308 5292 xitla
335 5249 383 5293 et
431 5238 662 5292 Elevatio
710 5237 936 5292 maxilla:
978 5237 1278 5299 vocitetur,
1308 5247 1488 5292 tamen
1544 5254 1666 5294 cum
1720 5243 1771 5298 in

181 5310 594 5381 omnibusmss.
622 5317 676 5361 et
707 5309 874 5381 antiq.
905 5307 1036 5361 edit.
1066 5307 1527 5381 scribaturdgon.
1551 5320 1604 5365 et
1638 5327 1774 5368 nun-

182 5380 484 5444 cupationis
512 5394 674 5434 causa
703 5378 959 5438 reddatur
979 5388 1258 5434 certamen
1288 5377 1489 5437 ibidem
1513 5397 1774 5438 consum-

185 5461 408 5516 matum,
431 5451 705 5504 mentione
735 5449 963 5502 asinina:
994 5450 1227 5504 maxillae
1256 5453 1638 5518 printer-missa.
1667 5472 1772 5510 non

185 5521 495 5574 dubitamus
521 5520 648 5588 quin
681 5528 860 5576 nostra
895 5521 1054 5574 lectio
1082 5522 1150 5572 sit
1192 5521 1357 5576 etiam
1386 5521 1769 5580 Ambrosiana.

186 5589 500 5669 verisimile
527 5606 657 5669 ergo
681 5599 765 5669 est
795 5593 844 5644 in
879 5591 982 5669 illis
1019 5589 1240 5669 Josephi
1288 5592 1465 5669 verbis
1487 5635 1501 5659 ,
1523 5595 1559 5669 γὸ
1581 5601 1774 5669 Σιαγὼν

187 5661 412 5738 salitur:
441 5668 530 5738 vos
559 5660 644 5738 διᾴ
683 5667 774 5738 τὴν
816 5661 1086 5738 Σαμψῶνος
1127 5660 1462 5738 ᾀγδραγαθίαν
1512 5667 1593 5721 ἐπ’
1638 5660 1772 5728 αὖτῶ

221 5736 442 5813 ινομένην
461 5775 474 5796 .
505 5733 850 5813 ambrosiam
881 5733 1095 5813 legisse
1121 5735 1146 5796 ὅ
1173 5733 1330 5813 ’ᾇγᾶν
1371 5738 1638 5813 καλεῖταὴ
1662 5751 1770 5800 elo.

221 5753 474 5808 ινομενην,
505 5753 850 5794 Λιηυτθειιιηι
900 5753 1095 5806 legisse
1121 5753 1146 5796 ο
1178 5753 1330 5813 ’ἀγών
1371 5753 1627 5803 καλεῖται.
1662 5753 1770 5800 elo.

188 5753 356 5868 z’orro
385 5805 527 5884 quod
559 5806 840 5880 subjicitur
885 5807 952 5864 de
980 5807 1261 5865 Samsonis
1303 5809 1489 5866 animo
1513 5811 1565 5866 in
1596 5812 1773 5871 victo-

1889 4689 2103 4759 plexus.
2137 4687 2418 4742 materiem
2467 4693 2636 4739 t0!am
2669 4694 2723 4738 et
2750 4684 3010 4738 culminis
3039 4682 3237 4735 molem
3270 4680 3485 4734 cervice

1881 4823 1962 4878 ria
1995 4839 2088 4877 sua
2115 4823 2280 4884 elato,
2315 4836 2414 4876 nec
2445 4836 2553 4875 non
2577 4821 2744 4874 divini
2775 4821 3024 4875 beneficii
3057 4821 3396 4885 immemore,
3430 4821 3481 4875 id

1881 4908 1946 4949 ex
1981 4893 2171 4948 eodem
2201 4892 2458 4946 historico
2491 4891 2717 4959 petitum
2747 4891 2863 4945 fuit.

1956 4975 1976 5003 ε
2004 4963 2162 5018 Rom.
2189 4964 2344 5027 edit.,
2376 4963 2562 5016 virtute
2591 4963 2812 5033 egregia,
2845 4963 2976 5016 asini
2999 4963 3213 5017 maxilla
3240 4977 3480 5016 consumo

1879 5035 2111 5090 moverit.

1950 5102 1976 5141 ⁴¹
2010 5105 2082 5158 Ita
2115 5113 2223 5160 vet.
2254 5104 2383 5159 edit.
2417 5117 2480 5158 ac
2507 5118 2637 5157 mss.
2665 5119 2893 5169 omnes,
2939 5119 3046 5158 uno
3087 5114 3350 5173 excepto.
3389 5105 3479 5161 tibi

1879 5177 2122 5238 habetur,
2156 5175 2384 5228 humano
2411 5174 2578 5243 operi.
2607 5175 2828 5230 minime
2860 5176 3004 5230 male
3033 5191 3046 5227 :
3083 5189 3131 5228 at
3161 5177 3316 5229 Rom.
3342 5176 3473 5230 edit.

1879 5247 2207 5307 emendavit,
2239 5246 2480 5300 humana:
2511 5247 2616 5314 api.
2652 5245 2847 5300 Verum
2883 5256 3060 5301 tamen
3093 5249 3334 5300 liumrmaz
3364 5250 3478 5313 apis

1881 5328 2028 5372 recte
2055 5321 2262 5372 servari
2300 5327 2494 5384 potest,
2527 5317 2688 5371 modo
2719 5317 2793 5370 sic
2821 5326 3190 5379 construatur,
3222 5319 3356 5372 nihil
3383 5319 3479 5372 hu-

1883 5404 2055 5442 manu!
2100 5391 2246 5458 opis,
2281 5391 2330 5442 id
2362 5401 2480 5455 est,
2511 5388 2866 5444 humanarum
2908 5391 3133 5452 viritim,
3167 5399 3276 5444 tam
3322 5390 3480 5444 facile

1880 5467 2048 5521 esset,
2072 5460 2214 5530 quod
2233 5500 2248 5524 ,
2275 5471 2383 5516 etc.
3018 5493 3024 5498 -

1956 5539 1978 5566 ο
2014 5530 2168 5585 Rom.
2205 5531 2336 5586 edit.
2367 5532 2504 5596 sola,
2532 5531 2870 5586 invorationis
2900 5531 3113 5600 fontem.
3141 5530 3291 5585 Hunc
3318 5546 3480 5599 porro

1882 5617 1986 5654 non
2021 5619 2084 5656 ex
2118 5604 2230 5670 ipsa
2282 5603 2529 5668 maxilla,
2564 5604 2658 5658 sed
2689 5621 2718 5657 e
2747 5605 2916 5657 vicina
2953 5613 3099 5672 petra
3127 5604 3479 5658 seatnrivissc

1883 5683 2072 5727 narrat
2099 5674 2388 5743 Joscphus.

1960 5743 1979 5783 τ
2012 5745 2210 5801 Eadem
2237 5747 2370 5802 edit.
2404 5747 2588 5812 Rom.,
2622 5758 2951 5817 praeverteris,
2984 5748 3122 5817 {om
3154 5756 3318 5817 porta
3348 5747 3488 5804 urbis

1885 5825 1932 5874 st
1961 5827 2198 5903 utrosque
2232 5828 2400 5890 parm
2431 5820 2668 5878 manibus
2697 5823 2968 5896 arnplexus
2990 5864 3006 5893 ,
3038 5822 3297 5882 mamiem
3327 5829 3486 5880 totout
