3954 6164
476 288 576 347 991

1823 288 2068 346 SANCTI
2100 288 2424 348 AIBROSII

3672 291 3771 348 992

477 403 659 459 valida
685 409 1019 465 sustentans,
1040 400 1095 455 in
1115 399 1378 455 verticem
1407 400 1610 455 montis
1626 399 1881 455 altissimi
1908 410 2082 456 trans-
2109 405 2161 465 Α
2187 403 2382 459 mulier
2431 403 2854 475 deploravisset,
2883 404 3160 477 indignam
3192 421 3251 462 se
3280 405 3526 462 habitam
3556 406 3768 476 dolens,

482 497 745 567 portavit,
774 495 864 566 qui
896 492 1218 550 imminebat
1250 493 1370 549 urbi
1400 491 1678 562 Cbebron,
1711 507 1832 565 qua:
1862 495 2081 565 populis

486 592 732 648 Hebreis
759 589 1120 646 incolebatur.

555 684 647 738 26.
688 681 798 739 Sed
821 697 946 738 cum
976 683 1153 738 libero
1182 691 1237 738 et
1261 697 1397 752 vago
1429 691 1580 738 motu
1612 681 2085 753 transgrederetur

485 793 593 833 non
644 778 820 833 solum
871 776 1109 848 regionis
1153 785 1393 846 paterna:
1446 775 1708 830 terminos
1735 817 1750 840 ,
1783 773 1878 830 scd
1919 775 2084 829 etiam

487 888 699 929 morum
733 871 969 934 limites,
1017 881 1069 926 et
1103 871 1371 941 majorum
1404 871 1785 926 observatione
1836 868 2084 940 praescri-

487 979 611 1040 ptos
636 1010 651 1032 ,
681 982 803 1023 eam
836 965 939 1022 sibi
973 965 1167 1021 futura:
1218 981 1342 1020 mox
1391 964 1565 1019 cladis
1612 973 1821 1033 pestem
1856 963 2082 1020 invenit.

491 1061 738 1132 Namque
784 1074 974 1131 parum
1027 1058 1131 1113 fida
1181 1067 1448 1126 expertus
1520 1057 1839 1127 alienigena:
1899 1058 2088 1111 uxoris

491 1156 663 1225 prima
693 1151 965 1208 connubia
992 1193 1007 1216 ,
1037 1151 1129 1222 qui
1175 1149 1455 1205 debuisset
1500 1164 1694 1205 cavere
1743 1149 1826 1205 vel
1858 1158 2045 1220 postea
2071 1192 2086 1216 ,

492 1261 686 1303 rursus
735 1245 922 1301 Dalila:
953 1245 1197 1300 mulieris
1226 1244 1535 1300 fornicaria:
1564 1244 1816 1314 cupulam
1859 1257 1966 1298 non
1992 1242 2090 1298 de-

490 1341 744 1404 clinavit;
773 1347 829 1394 et
853 1355 978 1396 cum
1011 1353 1132 1393 eam
1161 1338 1416 1407 diligeret
1446 1338 1712 1408 impense,
1741 1336 1984 1391 tentandi
2032 1351 2092 1392 se

491 1447 714 1488 causam
740 1432 881 1487 dolis
910 1430 1198 1486 hostilibus
1230 1429 1500 1502 prrestitit.
1536 1427 1911 1484 Ascendentes
1946 1427 2091 1483 enim

495 1524 772 1580 Palaestini
798 1523 970 1596 850
996 1522 1064 1578 ad
1092 1537 1213 1578 eam
1234 1565 1248 1588 ,
1283 1522 1511 1593 polliciti
1541 1530 1670 1575 sunt
1696 1521 1984 1590 pecuniam
2013 1519 2095 1574 vi-

493 1617 642 1672 ritim
673 1617 898 1672 daturos
944 1617 1092 1670 mille
1142 1627 1196 1671 et
1225 1627 1446 1671 centum
1496 1615 1787 1676 denarios,
1820 1615 1867 1668 si
1900 1613 2096 1683 prode-

496 1718 580 1765 ret
623 1709 704 1764 eis
735 1714 787 1763 ln
832 1723 940 1779 quo
982 1708 1075 1762 ille
1124 1707 1377 1762 ﬁduciam
1422 1708 1640 1762 virtutis
1686 1723 1801 1762 suae
1823 1708 2095 1762 constitu-

2182 495 2268 549 cui
2297 498 2674 553 comitteretur
2694 514 2953 554 arcanum
2981 500 3197 564 dilecti;
3227 511 3283 555 et
3308 499 3360 556 id
3386 501 3534 571 quod
3566 515 3667 572 pro
3690 518 3772 558 re-

2184 587 2426 643 rcmedio
2449 600 2741 660 qmereret,
2759 591 2825 646 ad
2851 591 3213 661 proditionem
3232 593 3532 662 suspectari
3552 592 3775 663 videret,

2185 680 2439 750 lacrymis
2488 682 2649 737 Iidem
2695 684 2874 753 coegit
2906 700 2920 737 :
2948 684 3110 738 simul
3160 684 3287 753 quia
3317 685 3624 740 debebatur
3650 687 3778 741 invi-

2184 782 2286 826 ctre
2313 773 2378 826 ad
2412 773 2462 827 id
2492 783 2706 844 tempus
2734 775 3065 830 fortitudinis
3091 776 3242 840 viro,
3275 785 3331 830 ut
3362 791 3666 832 :erumnam
3704 777 3781 834 in-

2186 863 2394 919 cideret
2413 907 2428 930 ,
2455 867 2672 921 saucius
2701 867 2874 921 animi
2903 876 3172 922 secretum
3204 868 3413 938 aperit:
3443 869 3782 940 praetendere

2190 957 2242 1009 in
2275 971 2333 1010 se
2385 958 2636 1012 virtutem
2667 957 2790 1024 Dei,
2821 968 2876 1014 et
2906 975 3029 1014 esse
3062 961 3292 1014 Domino
3345 960 3778 1031 sanctificatum,

2189 1048 2485 1103 secundum
2517 1050 2637 1120 ejus
2682 1061 3011 1121 pmeptum
3041 1066 3253 1106 comam
3305 1067 3529 1121 pascere
3551 1094 3567 1118 ,
3595 1069 3718 1124 quae
3738 1054 3782 1108 si

2192 1142 2588 1210 attonderetur,
2631 1144 2908 1200 desineret
2935 1145 3225 1200 Nazarxeus
3269 1160 3419 1214 esse,
3451 1157 3511 1202 et
3551 1148 3786 1218 propria:

2194 1234 2411 1289 virtutis
2463 1250 2618 1289 usum
2665 1237 2965 1292 amitteret.
3019 1236 3297 1292 Palaestini
3355 1253 3452 1308 per
3499 1239 3787 1296 mulierem

2194 1336 2472 1398 comperta
2521 1329 2831 1385 infirmitate
2861 1331 2998 1396 viri,
3027 1331 3254 1387 sceleris
3297 1334 3611 1389 mercedem
3663 1334 3788 1390 alie-

2196 1431 2355 1487 runt,
2385 1432 2445 1476 ut
2475 1424 2646 1493 pretio
2673 1424 2931 1491 obnoxia,
2962 1425 3150 1480 dolum
3181 1437 3438 1497 patraret.

2270 1517 2361 1571 50.
2402 1516 2474 1569 At
2501 1517 2592 1570 illa
2623 1518 2944 1572 meretriciis
2991 1517 3370 1575 deliuimentis
3400 1519 3604 1576 fessum
3647 1537 3795 1578 amo-

2201 1608 2278 1663 ris
2307 1608 2361 1663 in
2408 1623 2659 1679 soporem
2706 1610 3000 1680 compulit,
3031 1621 3084 1666 et
3112 1621 3336 1669 tonsore
3359 1613 3640 1680 adhibito,
3671 1630 3797 1686 sep-

2202 1711 2309 1757 tem
2361 1703 2542 1758 crines
2584 1704 2777 1774 capitis
2821 1705 2942 1775 ejus
2986 1705 3201 1760 admota
3231 1708 3492 1763 novacula
3526 1709 3795 1775 abscidit,

496 1811 606 1857 tam
657 1802 883 1858 haberet
930 1818 943 1856 :
989 1815 1098 1872 quo
1143 1803 1390 1873 cognito,
1440 1799 1824 1856 circumveniri
1875 1809 1928 1856 et
1961 1800 2092 1871 capi
2125 1803 2173 1863 B
2198 1799 2566 1866 continuoque
2599 1799 2869 1854 interdicti
2904 1800 3352 1870 prmvaricatione
3381 1803 3525 1858 vires
3551 1803 3796 1858 minutas.

500 1900 705 1963 posset.

570 1988 659 2042 27.
703 1989 772 2044 At
801 1988 888 2043 illa
913 2004 1034 2059 qua:
1084 1988 1253 2045 semel
1305 2003 1366 2044 se
1417 1988 1662 2059 pecunia:
1702 1991 2093 2058 prostituerat,

501 2077 694 2149 (lbid.,
724 2080 758 2134 6
785 2088 832 2134 et
860 2079 1023 2151 seq.),
1053 2089 1233 2135 astute
1280 2080 1415 2136 satis
1438 2088 1464 2116 ³
1495 2093 1550 2136 et
1573 2079 1769 2136 callide
1815 2080 1960 2136 inter
1996 2095 2096 2150 po-

498 2171 620 2228 eula
649 2181 704 2228 et
734 2172 1020 2228 illecebras
1051 2172 1255 2228 amoris
1275 2173 1430 2243 quasi
1458 2173 1736 2229 admirans
1763 2172 2099 2228 fortitudinis

498 2266 621 2331 ejus
651 2265 1002 2320 eminentiam
1026 2306 1041 2330 ,
1073 2280 1318 2335 quaerere
1348 2265 1453 2320 hoc
1493 2268 1680 2338 cmpit,
1713 2281 1824 2338 quo
1879 2266 2097 2322 tandem

502 2374 703 2429 genere
753 2370 958 2414 tantum
1011 2367 1296 2430 prmstaret
1365 2360 1701 2430 reliquorum
1755 2353 2096 2425 virtutibus;

501 2452 661 2507 simul
689 2463 745 2506 et
772 2453 926 2524 quasi
959 2453 1153 2523 pavida
1184 2462 1348 2523 atque
1375 2452 1608 2508 sollicita
1641 2467 1806 2509 orare
1829 2495 1844 2518 ,
1879 2462 1938 2508 ut
1963 2453 2101 2508 dile-

499 2554 600 2600 ctze
644 2560 757 2600 sua:
798 2548 1203 2615 committeret,
1233 2547 1322 2616 qui
1370 2562 1550 2603 nexus
1596 2549 1880 2604 astrictum
1908 2549 2101 2604 aliena:

504 2641 755 2710 potestati
803 2641 1198 2697 substerneret.
1231 2640 1328 2696 llle
1373 2652 1553 2696 autem
1594 2641 1772 2697 adhuc
1800 2643 2017 2697 sobrius
2047 2649 2102 2696 et

506 2731 666 2786 furtis
693 2732 859 2786 animi
887 2731 1151 2788 adversus
1190 2733 1546 2789 delinimcnta
1579 2735 1888 2790 meretricia
1915 2735 2100 2789 dolum

505 2822 634 2877 dolo
665 2825 881 2891 retulit,
916 2825 1104 2881 dicens
1137 2827 1258 2896 quia
1289 2829 1332 2882 si
1368 2828 1569 2883 vitibus
1598 2828 1898 2884 virentibus
1923 2828 2104 2884 adhuc

505 2923 560 2968 ct
587 2930 691 2969 non
723 2916 892 2970 aridis
921 2917 1268 2988 alligarctur,
1303 2919 1622 2974 infirmitate
1649 2923 1915 2989 {corporis
1941 2921 2104 2976 adae-

507 3017 702 3077 quaret
748 3009 981 3064 aliorum
1031 3011 1465 3066 similitudinem.
1512 3011 1631 3080 Quo
1682 3012 1955 3068 Palmstini
2006 3030 2104 3085 per

510 3100 738 3154 Dalilam
768 3101 872 3156 sibi
904 3112 1208 3171 comperto,
1237 3118 1359 3157 cum
1393 3106 1538 3159 vitea
1564 3106 1842 3175 sOporanti
1873 3108 2105 3162 circum-

2200 1889 2442 1962 Denique
2471 1907 2535 1946 ex
2560 1907 2754 1947 somno
2779 1893 3091 1965 expergitus
3125 1912 3140 1947 :
3173 1893 3410 1962 Faciam,
3439 1897 3634 1968 inquit,
3667 1897 3801 1951 sicut

2200 1983 2362 2037 soleo:
2378 1994 2426 2038 et
2454 1986 2709 2039 excutiam
2734 2002 2814 2040 me
2839 2003 2993 2059 super
3011 1987 3360 2053 adversarios;
3381 1988 3482 2045 sed
3510 2003 3614 2046 nec
3632 1989 3800 2044 animi

2200 2075 2284 2130 Sui
2332 2076 2666 2133 alacritatem
2692 2121 2706 2145 ,
2741 2094 2841 2134 nec
2885 2081 3141 2135 virtutem
3191 2081 3456 2151 agnovit:
3489 2096 3590 2138 nec
3637 2083 3803 2154 vigor

2201 2178 2347 2235 erat,
2378 2171 2540 2245 851
2569 2188 2670 2228 nec
2700 2172 2874 2244 gratia
2904 2173 3178 2228 manebat.
3208 2175 3393 2243 Itaque
3423 2183 3683 2244 reputans
3711 2191 3802 2232 se-

2201 2276 2326 2342 cum
2351 2259 2376 2298 ἀ
2400 2264 2544 2334 quod
2573 2264 2871 2335 improvide
2909 2281 2969 2320 se
2996 2265 3319 2322 mulieribus
3353 2265 3714 2334 credidisset,
3746 2277 3803 2324 et

2203 2359 2340 2413 calvi
2368 2369 2518 2413 ratus
2561 2370 2772 2415 tentare
2800 2361 3030 2416 ulterius
3068 2360 3271 2432 aliquid
3302 2359 3617 2416 damnatum
3647 2362 3803 2418 inﬁr-

2203 2455 2411 2509 mitatis
2438 2455 2668 2511 excitati
2712 2456 2923 2522 oculos,
2950 2455 3184 2510 vinculis
3213 2471 3403 2510 manus
3446 2455 3718 2526 praebuit,
3750 2466 3802 2512 et

2203 2547 2559 2617 compedibus
2603 2547 2835 2602 innexus
2883 2563 3160 2604 carcerem
3210 2547 3430 2604 intravit
3480 2548 3667 2604 multis
3696 2549 3801 2604 sibi

2205 2640 2537 2710 ineognitum
2571 2640 3000 2710 tempestatibus.

2276 2734 2366 2788 51.
2409 2733 2477 2788 Et
2501 2734 2610 2804 jam
2643 2748 2900 2803 processu
2936 2735 3197 2802 temporis
3231 2734 3456 2806 (ludia,
3495 2749 3620 2801 xvt,
3651 2733 3729 2788 22
3760 2745 3805 2789 et

2205 2829 2336 2895 seq.)
2365 2842 2615 2882 crescere
2641 2828 2692 2883 ei
2729 2843 2884 2884 coma
2911 2839 3150 2899 cmperat
3178 2829 3358 2900 itaque
3382 2844 3506 2884 cum
3534 2837 3683 2885 esset
3711 2844 3802 2886 ce-

2207 2920 2356 2976 lebrc
2378 2921 2681 2975 convivium
2699 2963 2713 2986 ,
2737 2921 3145 2976 Palmstinorum
3169 2925 3458 2978 conventui
3485 2920 3805 2992 producitur

2206 3013 2276 3068 de
2302 3028 2521 3068 carcere
2545 3012 2806 3080 Samson,
2835 3029 2898 3069 ac
2920 3003 3176 3070 statuitur
3197 3016 3249 3069 in
3271 3014 3457 3086 populi
3478 3020 3803 3082 conspectu.

2210 3108 2374 3162 Erant
2403 3108 2503 3162 tria
2534 3108 2698 3163 millia
2728 3107 2898 3164 ferme
2924 3107 3202 3163 hominum
3231 3108 3400 3164 virilis
3433 3122 3497 3162 ac
3526 3106 3809 3162 muliebris

508 3192 788 3247 dedissent
817 3193 1051 3260 vincula,
1079 3195 1232 3264 quasi
1260 3194 1328 3249 de
1354 3196 1653 3266 improviso
1678 3198 1935 3263 excitum,
1963 3199 2104 3254 haud
2135 3196 2182 3258 C
2212 3215 2406 3265 sexus;
2447 3211 2499 3255 et
2532 3201 2784 3271 gravibus
2822 3216 2949 3256 eum
2992 3200 3323 3256 insultabant
3363 3199 3660 3265 conviciis,
3704 3199 3809 3255 eir-

508 3285 837 3355 degenerem
885 3283 1167 3342 offendere
1224 3295 1365 3342 notae
1412 3299 1466 3343 et
1507 3289 1684 3344 solita:
1734 3290 2103 3356 fortitudinis;

509 3393 632 3432 cum
663 3378 854 3432 solutis
881 3379 1146 3445 nexibus,
1177 3379 1346 3434 virtus
1380 3380 1548 3436 libera
1579 3381 1764 3437 multis
1790 3382 1936 3447 licet,
1966 3385 2106 3440 resi-

510 3482 685 3529 steret
711 3487 774 3528 ac
803 3483 1152 3544 repugnaret.

581 3568 673 3622 28.
698 3566 941 3639 ~Sed,ubi
969 3582 1154 3636 parum
1181 3569 1464 3639 processit,
1496 3585 1682 3626 rursus
1715 3569 1886 3626 Dalila
1903 3571 1931 3609 ι)
1954 3573 2106 3642 quasi

508 3661 688 3716 derisa
721 3670 778 3717 et
807 3675 1149 3732 conquerens
1199 3671 1452 3732 repetere
1482 3673 1632 3719 artes
1659 3679 1786 3720 suas
1807 3705 1824 3731 ,
1855 3675 1910 3721 et
1945 3666 2108 3722 tidem

512 3753 716 3808 amoris
746 3767 969 3823 poscere
997 3768 1102 3808 non
1130 3754 1606 3825 przetermittcbat.
1631 3755 1730 3811 Cui
1761 3756 1992 3812 Samson
2021 3774 2111 3812 va-

513 3848 654 3903 lidus
681 3847 858 3903 adhuc
887 3848 1121 3912 consilii,
1156 3849 1344 3904 dolum
1375 3849 1560 3905 ridens
1582 3892 1596 3914 ,
1625 3849 1955 3921 signiﬁcavit
1979 3851 2111 3922 liga-

513 3954 624 3998 tum
653 3959 713 3998 se
760 3952 966 4013 septem
996 3942 1243 4012 funibus,
1273 3944 1362 4016 qui
1395 3942 1573 3998 adhuc
1617 3945 1738 4000 sine
1768 3959 1865 3999 usu
1893 3943 2108 4012 forent,

514 4045 805 4089 venturum
857 4035 911 4089 in
960 4043 1280 4105 potestatem
1313 4035 1550 4092 hostium
1587 4055 1599 4090 :
1629 4037 1724 4092 sed
1754 4045 1808 4092 et
1858 4037 1963 4094 hoc
2001 4039 2111 4092 fru-

514 4138 628 4183 stra
681 4128 801 4183 fuit.
833 4128 1016 4185 Tertio
1062 4146 1276 4200 quoque
1308 4142 1585 4202 tamquam
1635 4131 1705 4188 de
1735 4133 1997 4204 mysterio
2025 4132 2115 4188 de-

513 4220 814 4292 prompsit,
863 4232 918 4278 et
961 4223 1077 4291 jam
1108 4235 1128 4260 ε
1180 4224 1402 4294 lapsuro
1449 4223 1708 4293 propior,
1759 4224 1807 4279 si
1861 4225 2109 4280 dissoluti

514 4324 699 4371 essent
725 4316 906 4371 crines
927 4325 1133 4385 septem
1162 4315 1359 4387 capitis
1381 4316 1489 4381 sui,
1518 4325 1576 4371 et
1603 4317 1758 4386 quasi
1789 4316 1842 4371 in
1867 4319 2111 4373 cubitum

516 4408 704 4464 intexti
733 4449 748 4472 ,
779 4407 1090 4462 discederet
1125 4409 1194 4463 ab
1223 4423 1291 4462 eo
1320 4408 1491 4463 virtus
1521 4423 1640 4464 sua.
1672 4407 1742 4464 Et
1771 4409 1875 4466 boe
1897 4425 2113 4482 quoque

514 4501 641 4556 lusit
670 4500 991 4556 insidiarum
1021 4500 1396 4557 fabricatores.

2210 3295 2566 3364 eumagebant
2609 3293 2892 3359 ludibriis,
2936 3293 3080 3363 quod
3123 3292 3312 3348 durius
3349 3301 3404 3346 et
3449 3291 3590 3346 ultra
3633 3291 3808 3362 ipsam

2210 3386 2536 3457 captivitatis
2563 3386 2798 3456 speciem
2825 3386 2942 3441 viro
2966 3386 3216 3457 ingenitae
3244 3384 3455 3439 virtutis
3479 3383 3709 3438 conscio
3735 3391 3811 3437 to-

2211 3477 2504 3532 lerabatur.
2541 3478 2675 3533 Nam
2713 3480 2897 3534 vivere
2923 3489 2978 3534 ct
3004 3478 3140 3533 mori
3168 3488 3375 3532 natura:
3403 3476 3643 3542 functio,
3671 3475 3812 3532 ludi-

2211 3569 2332 3624 brio
2356 3585 2477 3624 esse
2505 3571 2703 3640 probro
2727 3570 2963 3626 ducitur.
2992 3569 3228 3642 Cupiens
3255 3571 3417 3640 igitur
3443 3577 3652 3624 tantam
3681 3583 3810 3624 con-

2214 3665 2490 3719 tumeliam
2521 3665 2602 3721 vel
2634 3666 2842 3720 ultione
2882 3665 3081 3734 solari,
3121 3665 3204 3720 vel
3241 3673 3417 3719 morte
3453 3663 3506 3719 in
3542 3663 3810 3733 reliquum

2214 3766 2545 3827 przevertere
2563 3797 2578 3822 ,
2605 3757 2856 3812 simulato
2878 3757 3021 3828 quod
3050 3766 3272 3827 propter
3298 3755 3673 3811 infirmitatem
3699 3770 3811 3810 coro

2215 3849 2362 3917 poris
2389 3857 2442 3903 et
2471 3849 2643 3904 nodos
2665 3849 2986 3920 compedum
3018 3859 3328 3904 sustentare
3360 3863 3481 3904 sese
3522 3849 3810 3919 nequiret;

2216 3942 2459 4012 poposcit
2485 3957 2512 3994 a
2544 3957 2742 4012 puero,
2773 3943 2861 4012 qui
2886 3942 3153 4013 dirigebat
3182 3942 3300 3997 vias
3323 3941 3476 4012 ejus,
3535 3949 3595 3994 ut
3624 3941 3811 3996 admo-

2214 4046 2365 4092 veret
2415 4052 2538 4092 eum
2585 4036 2652 4091 ad
2700 4037 2979 4092 columnas
3025 4036 3325 4107 proximas,
3371 4035 3571 4106 quibus
3621 4036 3814 4091 domus

2216 4131 2393 4186 omnis
2438 4129 2865 4193 sull‘ulciebatur.
2917 4131 2984 4185 Et
3029 4131 3319 4197 admotus,
3375 4140 3605 4200 utraque
3654 4144 3815 4184 manu

2217 4224 2387 4281 fulcra
2433 4227 2596 4281 totius
2631 4226 3046 4296 comprehendit
3091 4225 3342 4293 aedificii,
3383 4233 3546 4296 atque
3593 4225 3817 4280 intentis

2215 4321 2282 4376 ad
2320 4322 2454 4378 festa
2481 4323 2730 4379 sacrificii
2772 4323 3104 4390 Palaestinis,
3145 4323 3289 4394 quod
3331 4323 3532 4392 Dagoni
3573 4321 3684 4378 deo
3720 4335 3817 4377 suo

2215 4416 2560 4484 deferebant,
2600 4433 2697 4489 per
2729 4433 2890 4489 quem
2921 4417 3024 4473 sibi
3049 4417 3417 4472 adversarium
3443 4431 3602 4471 suum
3631 4414 3816 4471 datum

2218 4513 2271 4566 in
2297 4520 2620 4582 potestatem
2643 4511 3044 4568 arbitrabantur
3058 4553 3073 4576 ,
3099 4510 3378 4566 muliebris
3399 4505 3643 4581 perfidia:
3663 4507 3820 4563 dolos

582 4592 672 4648 29.
715 4594 784 4650 At
816 4600 1158 4664 postremum
1178 4607 1300 4648 cum
1336 4593 1553 4649 illusum
1583 4593 1690 4650 sibi
1723 4595 1887 4654 toties
1913 4610 2113 4668 procax
2142 4589 2196 4650 Ῑ)
2222 4602 2500 4662 beneﬁciis
2545 4614 2968 4662 annumerantes
3002 4603 3350 4670 cmleslibus,
3388 4601 3719 4658 exclamavit
3752 4599 3818 4655 ad

511 4820 558 4874 et
582 4823 745 4861 seram
774 4804 988 4865 cervice.
1018 4811 1148 4868 etc.;
1182 4813 1290 4859 vet.
1325 4801 1459 4858 edit.
1492 4817 1617 4858 cum
1645 4816 1776 4858 mss.
1811 4803 2064 4860 omnibus
2087 4845 2102 4868 ,

514 4892 572 4934 ut
600 4881 652 4935 in
681 4884 961 4939 contextu,
995 4875 1096 4930 nisi
1127 4875 1272 4944 quod
1300 4889 1398 4945 pro
1422 4875 1691 4928 materiem
1716 4889 1855 4930 unus
1880 4889 1982 4930 ms.
2007 4891 2105 4930 ex-

515 4952 662 5006 hibet
691 4949 980 5004 maceriem.
1013 4946 1128 5002 Non
1175 4947 1307 5002 satis
1332 4954 1480 5016 recte
1506 4987 1520 5009 ,
1545 4959 1669 5016 nam
1700 4961 1795 5016 per
1840 4947 2106 5016 ntateriem

513 5033 668 5076 totam
698 5019 1004 5094 redduntur
1032 5018 1120 5094 illa
1153 5015 1379 5088 Joscpbi
1404 5017 1598 5082 verba,
1628 5015 1723 5075 ὅση
1748 5039 1802 5072 τε
1827 5015 1948 5077 ἄλλη
1986 5023 2107 5094 περὶ

511 5096 684 5154 αὐταῖς
711 5089 771 5151 ἦν
799 5092 1027 5156 ξὺλωσις.
1059 5090 1329 5144 Cteterum
1373 5097 1432 5142 ut
1470 5097 1655 5142 vectes
1690 5098 1860 5156 porta:
1907 5089 2108 5143 omitiit

511 5163 859 5225 Ambrosius,
885 5163 953 5216 ita
977 5161 1140 5214 etiam
1167 5161 1408 5214 culminis
1431 5160 1615 5213 malent
1637 5157 1789 5212 solus
1819 5170 2104 5214 memorat.

586 5247 609 5272 α
647 5235 802 5288 110111.
834 5233 992 5292 111111..
1019 5232 1168 5301 quasi
1198 5233 1781 5301 derisamrcouquereus.

585 5304 611 5343 ³»
641 5304 758 5358 Vct.
788 5303 921 5359 edit.
954 5300 1092 5356 inter
1121 5303 1310 5371 epulas
1341 5310 1395 5354 et
1424 5300 1714 5355 illecebras
1741 5317 1755 5361 ;
1801 5300 1959 5354 Rom.
1985 5316 2108 5356 cum

511 5392 647 5434 mss.
679 5376 849 5431 multo
871 5373 1141 5445 pluribus,
1160 5375 1292 5445 inter
1321 5372 1509 5445 pocula
1536 5381 1583 5424 et
1611 5371 1879 5445 illecebras
1904 5389 1922 5436 ;
1951 5374 2110 5443 quin-

510 5465 618 5521 que
636 5441 1086 5521 mss.,iuierpolat
1103 5455 1148 5499 et
1171 5441 1469 5521 illecebras;
1491 5456 1627 5511 quos
1655 5441 1874 5521 quidem
1899 5441 2006 5497 11011
2030 5459 2117 5521 re-

512 5513 815 5593 pugnantes
848 5518 933 5572 hic
962 5530 1337 5587 sequeremur,
1369 5513 1470 5568 nisi
1500 5526 1622 5566 cum
1657 5513 1898 5582 .loseplto
1942 5515 2116 5584 magis

512 5593 603 5647 alii
637 5595 1024 5659 congruerent.

588 5674 609 5699 ε
649 5651 801 5717 1111Ιῖ1.
833 5657 983 5719 111111..
1011 5657 1202 5726 'lapsui
1251 5656 1484 5726 propiori.
1527 5651 1682 5726 Quod
1750 5661 1935 5708 autem
1979 5652 2118 5726 infra

518 5733 740 5800 ponitur
784 5730 839 5800 in
869 5722 1125 5800 cubitant,
1156 5722 1374 5800 videtur
1425 5725 1572 5800 idem
1613 5722 1716 5778 hoc
1742 5737 1866 5778 esse
1912 5724 2122 5784 aclicio

533 5795 649 5856 sive
676 5801 729 5852 in
757 5799 966 5863 licittm;
998 5805 1056 5851 ut
1085 5795 1141 5851 in
1167 5795 1443 5866 Scriptura
1472 5795 1695 5865 legitur;
1728 5801 1965 5852 attamen
2003 5805 2125 5851 erat

2213 4806 2375 4862 etiam
2409 4805 2606 4861 vinculi
2631 4820 2804 4876 genus
2824 4846 2840 4871 ,
2867 4802 3010 4876 quod
3040 4800 3338 4876 vocabatur
3378 4797 3780 4872 ὰγκωνόδεσμος
3802 4838 3816 4860 ,

2213 4892 2322 4953 quo
2352 4873 2828 4953 respicere—potuit
2861 4873 3203 4953 Ambrosius.
3434 4941 3466 4953 ﬂ
3531 4941 3543 4953 .

2286 4947 2311 4984 ι¹
2351 4941 2554 5003 011111118
2579 4941 2923 5016 11111⁷1.,’ᾳ11α111
2943 4943 3228 5011 improvide
3253 4959 3307 4996 se
3334 4941 3543 5016 mulieri
3573 4941 3820 5016 aduersa:

2213 5019 2412 5073 riorum
2438 5011 2849 5076 credidisset}!
2888 5016 3118 5070 salvatus
3149 5023 3346 5068 tentare
3372 5012 3590 5066 ulterius
3619 5011 3820 5079 aliquid

2216 5091 2457 5143 demotus
2482 5090 2800 5160 infirmitatis
2830 5088 3092 5160 nequiret.
3139 5083 3358 5160 cmcitati
3402 5083 3616 5148 oculos;
3662 5083 3811 5137 Eras.

2217 5172 2274 5216 et
2315 5162 2472 5224 Gill.,
2515 5155 2736 5215 emeatus
2777 5155 2985 5223 oculos,
3035 5155 3284 5218 vinculis,
3330 5161 3439 5208 etc.
3467 5169 3480 5205 :
3507 5167 3642 5208 mss.
3687 5166 3817 5224 vero

2215 5222 2503 5288 lectionem
2542 5243 2782 5285 nostram
2823 5222 3086 5286 exhibent
3122 5240 3315 5295 magno
3352 5238 3665 5288 consensu,
3715 5222 3814 5277 nisi

2215 5303 2360 5372 quod
2397 5318 2560 5357 voces
2588 5302 2719 5357 calvi
2748 5298 3158 5372 ratuspleriquc
3182 5295 3623 5372 compinguntju
3661 5295 3817 5348 calvi-

2214 5364 2360 5428 r'atus
2381 5415 2393 5438 ,
2440 5388 2560 5444 qua:
2596 5372 2768 5426 dietin
2801 5364 2946 5425 nulla
2964 5364 3226 5444 _est:apud
3258 5365 3505 5444 Latinos.
3538 5364 3614 5420 Ut
3639 5375 3812 5444 autem

2219 5437 2472 5518 ultimam
2513 5443 2655 5497 banc
2701 5453 2908 5512 partem
2958 5437 3133 5518 facile
3163 5437 3504 5518 assequaris,
3549 5437 3815 5518 111111111οο

2220 5517 2385 5572 1110110
2430 5506 2793 5583 interpretare
2835 5529 2848 5566 :
2895 5511 3026 5566 calvi
3069 5519 3258 5583 ratus,
3285 5507 3335 5561 id
3373 5516 3497 5572 est,
3532 5506 3711 5583 decipi
3759 5518 3815 5556 se

2221 5595 2374 5644 ratus
2407 5605 2418 5638 :
2452 5579 2647 5658 tentare
2678 5583 2910 5658 alterius
2955 5581 3158 5651 aliquid
3182 5621 3196 5658 ε
3247 5579 3505 5658 I_toc.es_t,
3549 5579 3613 5658 si
3646 5584 3816 5658 tenta:

2224 5667 2340 5722 ret,
2384 5666 2519 5722 etc.,
2567 5654 2803 5724 denique
2847 5648 3148 5708 damnatum
3177 5648 3526 5720 inﬁrmitatis,
3562 5648 3704 5704 idem
3738 5651 3815 5700 est

2226 5738 2418 5799 atque,
2456 5741 2580 5784 cum
2609 5725 2900 5782 damnatus
2929 5731 3109 5792 esset,
3140 5731 3243 5778 etc.
