4040 6166
87 239 196 297 9θό

1305 233 1792 297 EPISTOLARUM
1831 235 2118 299 CLASSIS
2156 238 2196 296 I.

3275 240 3379 298 994

88 350 378 409 Dmninum
399 351 615 408 dicens:
637 353 894 422 Domine,
915 353 1091 412 adhuc
1111 357 1280 414 semel
1302 373 1511 415 memor
1531 360 1680 429 pueri
1710 363 1757 423 Α
1857 361 1945 417 δι.
1991 361 2104 417 Hoc
2129 374 2260 431 ergo
2284 359 2536 435 exemplo
2560 359 2731 431 liquet
2754 372 2776 400 ε
2804 360 3228 431 alienigenarum
3253 377 3386 418 con-

87 449 158 502 tui
186 457 312 504 esto
330 489 345 513 ,
374 455 438 502 ut
457 462 552 518 pro
570 448 784 505 duobus
802 449 978 506 oculis
1000 451 1136 508 meis
1158 453 1448 510 vindictam
1477 455 1682 511 tribuas
1783 455 1952 510 sortia
1980 454 2324 526 refugienda;
2355 471 2423 512 ne
2449 469 2547 525 pro
2571 452 2835 510 charitate
2859 453 3094 526 conjugii
3125 455 3386 525 proditio-

87 543 152 599 de
178 543 522 612 nationibus;
564 559 632 599 ne
665 543 793 599 deut
829 545 1054 615 gloriam
1082 547 1197 604 suis
1222 547 1352 612 diis,
1380 549 1522 620 quod
1552 549 1683 620 ipsis

85 636 402 708 iuvantibus
422 677 437 702 ,
467 651 552 692 me
580 636 633 691 in
664 645 985 708 potestatem
1011 640 1321 710 acceperint
1351 659 1364 696 :
1394 655 1496 697 nec
1518 642 1683 698 vitam

90 746 260 787 meam
289 731 467 802 pluris
511 730 672 787 laeio.
717 731 979 788 Moriatur
1008 735 1182 789 anima
1216 751 1327 790 mea
1359 751 1477 791 cum
1505 734 1686 791 Palat-

91 824 251 889 stinis,
269 832 331 879 ut
350 824 763 893 agnoscantsibi
786 825 1156 883 inﬁrmitatem
1177 843 1353 885 meam
1376 844 1485 886 non
1507 830 1688 888 minus

93 931 244 985 quam
267 915 534 972 virtutem
560 915 836 972 exitialem
863 917 1049 973 fuisse.

160 1011 248 1066 32.
289 1009 584 1067 Concussit
614 1011 795 1082 itaque
818 1011 1104 1068 columnas
1129 1028 1321 1084 magna
1350 1014 1432 1078 vi,
1469 1029 1534 1070 ac
1571 1013 1687 1070 dis-

97 1103 249 1158 solvit
294 1112 354 1159 et
405 1103 726 1159 comminuit
762 1119 855 1160 eas
883 1122 898 1160 :
927 1121 1064 1176 quas
1106 1118 1291 1163 secuta
1334 1106 1487 1162 ruina
1529 1121 1691 1178 supc—

100 1195 248 1252 rioris
272 1195 567 1259 culminis,
598 1205 656 1252 et
681 1197 858 1267 ipsum
882 1198 1140 1264 involvit,
1171 1207 1226 1254 et
1251 1199 1534 1255 universos
1554 1240 1569 1265 ,
1599 1199 1690 1271 qui

98 1290 324 1362 desuper
370 1289 768 1361 aspectabant,
817 1291 1193 1362 praecipitavit.
1245 1292 1322 1347 Ibi
1372 1307 1567 1364 magna
1611 1292 1692 1348 vis

102 1384 321 1439 marium
365 1382 804 1454 feminarumque
842 1383 1148 1454 promiscue
1183 1384 1519 1451 exanimata,
1578 1394 1603 1422 ⁸
1638 1393 1694 1441 et

105 1478 403 1549 triumphus
431 1479 700 1546 qua-situs
728 1489 1013 1550 perempto
1039 1487 1095 1534 et
1122 1493 1283 1548 supra
1320 1493 1512 1534 omnes
1535 1492 1696 1548 supe-

104 1572 264 1628 riores
285 1571 552 1627 victorias
582 1571 721 1626 haud
762 1586 1027 1642 quaquam
1063 1571 1335 1643 degenere
1359 1580 1414 1628 et
1439 1571 1694 1628 decoloro

107 1671 257 1723 exitu.
285 1667 425 1723 Nam
467 1667 572 1724 etsi
613 1666 938 1723 inviolabilis
972 1667 1040 1722 ad
1078 1667 1130 1722 id
1173 1667 1415 1723 locorum
1451 1675 1507 1723 et
1538 1666 1694 1722 dein-

111 1775 225 1831 ceps
245 1803 261 1830 ,
289 1771 460 1832 atque
490 1760 929 1832 incomparabilis
957 1761 1009 1816 in
1039 1760 1140 1818 hac
1164 1761 1271 1816 vita
1299 1761 1542 1832 expertis
1573 1760 1700 1818 belli
1728 1763 1780 1829 Β

110 1853 255 1910 luerit
279 1854 418 1911 viris
440 1898 456 1922 ,
489 1863 670 1911 tamen
699 1854 752 1909 in
781 1864 957 1910 morte
983 1868 1042 1910 se
1069 1854 1243 1924 ipsum
1270 1853 1436 1918 vicit,
1465 1861 1520 1910 et
1549 1854 1700 1908 insu-

111 1947 390 2015 perabilem
419 1947 596 2019 gessit
621 1947 894 2014 animum,
926 1955 986 2002 ut
1008 1955 1416 2012 contemneret,
1445 1955 1502 2002 et
1531 1947 1697 2020 852

113 2040 244 2109 quasi
279 2056 379 2108 pro
405 2039 586 2097 nihilo
621 2039 847 2096 haberet
882 2039 1005 2095 vita:
1040 2039 1202 2095 ﬁnem
1231 2038 1483 2095 omnibus
1511 2039 1700 2095 formi-

116 2132 340 2189 dolosum
351 2173 364 2187 .

177 2225 260 2281 33.
303 2225 546 2282 Virtutis
583 2224 747 2296 igitur
785 2225 887 2280 luit
913 2224 1057 2296 quod
1097 2224 1444 2282 victoriarum
1474 2239 1702 2280 numero

120 2315 244 2373 diem
269 2319 508 2384 clausit,
544 2333 646 2374 nec
684 2321 955 2389 captivum
985 2319 1224 2384 exitum,
1267 2318 1363 2374 sed
1404 2317 1702 2387 triumpha-

124 2410 214 2467 lem
236 2412 467 2470 invenit.
488 2410 972 2484 Circumscriptum
995 2421 1174 2468 autem
1199 2411 1367 2467 fuisse
1387 2427 1418 2466 a
1443 2412 1701 2477 muliere,

125 2516 308 2563 natura:
333 2507 525 2578 potius
547 2522 707 2578 quam
736 2522 986 2578 persona:
1009 2506 1422 2573 ascribendum;
1451 2506 1578 2578 quia
1608 2507 1707 2560 hu-

128 2611 259 2652 mana
281 2598 308 2637 ι)
328 2598 581 2656 conditio
597 2641 613 2666 ,
635 2614 795 2669 quam
813 2598 971 2669 culpa
997 2598 1254 2664 inferior;
1281 2599 1544 2669 premitur
1560 2598 1704 2654 enim

128 2692 324 2748 eteedit
350 2691 636 2748 illecebris
661 2691 1009 2764 ﬂagitiorum.
1046 2691 1234 2763 Itaque
1268 2707 1393 2748 cum
1428 2692 1709 2761 Scriptura

133 2784 171 2838 ei
194 2787 515 2844 testiﬁcetur
542 2786 687 2858 quod
713 2787 897 2857 plures
926 2788 978 2843 in
1009 2795 1217 2853 morte,
1246 2801 1407 2857 quam
1432 2785 1484 2840 in
1509 2785 1712 2841 lumine

133 2877 234 2932 vita:
260 2881 411 2938 istius
443 2880 661 2952 positus
686 2880 983 2948 occiderit,
1014 2880 1227 2936 videtur
1266 2879 1334 2935 ad
1376 2877 1713 2934 adversario-

137 2986 233 3027 rum
261 2978 430 3049 magis
468 2975 693 3032 exitium
730 2987 921 3046 captus
941 3017 955 3043 ,
987 2990 1144 3045 quam
1172 2989 1278 3046 quo
1312 2973 1427 3046 ipse
1453 2973 1714 3045 dejectior

140 3063 297 3134 ﬁeret,
326 3080 420 3126 aut
456 3068 638 3124 minor
670 3078 817 3124 esset
853 3086 866 3122 :
903 3082 1010 3123 non
1053 3076 1137 3123 est
1169 3069 1311 3122 enim
1358 3083 1418 3124 se
1459 3075 1716 3138 expertus

1786 548 1871 602 nis
1897 547 2106 602 insidia:
2128 547 2442 604 succedant.
2469 547 2632 616 Vale,
2673 557 2728 604 et
2754 562 2854 604 nos
2881 547 3074 619 dilige,
3119 548 3242 618 quia
3281 563 3382 603 nos

1788 649 1841 697 te
1869 640 2162 712 diligimus.

2306 733 2334 772 ἀ
2372 735 2702 794 EPISTOLA
2741 737 2859 794 XX.

1791 827 1989 882 Narrat
2019 829 2187 883 sorori
2218 845 2333 900 qua:
2358 829 2644 884 Mediolani
2676 847 2767 902 per
2798 833 2908 886 dies
2943 831 3138 900 aliquot
3177 843 3384 903 promer

1862 921 2148 988 basilicam,
2179 939 2334 992 quam
2355 923 2538 978 Ariani
2559 923 2795 995 petebant
2820 940 3047 990 evenere,
3079 930 3334 996 quomodo
3359 945 3390 980 a

1871 1013 2221 1070 Valentiniani
2241 1016 2490 1071 ministris
2511 1017 2619 1084 ipse
2640 1017 2798 1088 fuerit
2818 1018 3157 1087 compellatus
3176 1060 3192 1085 ,
3225 1035 3390 1091 pOpu-

1864 1108 1947 1162 lus
1978 1119 2151 1162 autem
2177 1108 2532 1163 reclamaverit
2555 1127 2576 1164 :
2602 1108 2784 1164 deinde
2810 1109 3068 1180 quomodo
3097 1109 3268 1166 missis
3295 1111 3390 1166 dc-

1865 1202 2007 1255 canis
2025 1201 2094 1254 ad
2115 1201 2384 1257 basilicam
2417 1202 2793 1269 invadendam,
2821 1212 3002 1273 raptus
3029 1203 3187 1271 fuerit
3219 1221 3251 1258 a
3291 1221 3388 1274 po-

1865 1293 1990 1364 pulo
2031 1291 2273 1348 Castulus
2303 1294 2555 1362 Arianus,
2601 1297 2752 1367 cujus
2792 1296 3099 1364 occasione,
3140 1297 3256 1352 licet
3301 1313 3395 1352 sua

1863 1386 2028 1454 ipsius
2057 1402 2186 1440 cura
2209 1386 2410 1441 liberati
2447 1388 2603 1444 uarice
2630 1397 2821 1444 secutte
2851 1397 2970 1443 sunt
3011 1389 3393 1444 condemnatio-

1867 1495 1986 1544 nes;
2018 1488 2132 1550 post
2173 1497 2290 1550 qua:
2329 1481 2514 1536 iterum
2557 1481 2915 1552 interpellatus
2947 1482 3276 1554 imperatoris
3303 1499 3398 1537 no-

1867 1573 2004 1626 mine
2047 1581 2259 1627 sanctus
2296 1575 2488 1644 prtesul
2531 1590 2719 1646 magna
2766 1575 3058 1630 constantia
3101 1577 3398 1647 respondet.

1869 1664 2027 1719 Addit
2055 1666 2300 1737 postridie
2341 1676 2593 1738 occupata
2629 1667 2873 1734 basilica,
2903 1667 3091 1722 milites
3120 1685 3176 1724 se
3210 1669 3280 1722 ad
3314 1685 3403 1722 ca-

1879 1759 2096 1815 tholicos
2131 1761 2436 1817 transituros
2458 1763 2788 1835 promisisse,
2813 1778 2905 1818 nec
2929 1763 3177 1833 pupulum
3205 1761 3269 1816 de
3296 1762 3406 1832 for-

1874 1851 2092 1906 titudine
2146 1853 2426 1923 quidquam
2480 1854 2744 1908 remisisse
2790 1869 2808 1907 :
2857 1853 3160 1908 tentationcs
3202 1851 3304 1908 Job
3357 1861 3406 1908 et

1875 1947 2098 2001 maxime
2120 1963 2252 2017 quas
2273 1965 2306 2001 a
2333 1948 2550 2004 muliere
2578 1965 2764 2018 passus
2795 1947 3004 2020 legitur,
3036 1948 3158 2003 huic
3189 1948 3409 2020 tempori

1873 2039 2292 2094 accommodatas
2319 2056 2338 2093 :
2363 2041 2571 2094 interim
2593 2040 2865 2096 liberatam
2885 2042 3172 2108 basilicam,
3201 2042 3293 2096 sed
3315 2059 3408 2096 no-

1875 2133 2065 2186 larium
2089 2131 2188 2186 sibi
2215 2132 2351 2184 dura
2378 2132 2672 2200 nuntiasse,
2699 2132 2885 2201 quibus
2909 2135 3208 2202 neutiquam
3237 2144 3408 2189 motus

1878 2226 2032 2293 fuerit
2062 2240 2081 2278 :
2111 2234 2370 2296 postremo
2414 2223 2700 2295 prophetiw
2724 2223 2876 2279 Iona:
2904 2225 2974 2278 ad
3008 2242 3089 2280 res
3133 2235 3408 2295 prtesentes
3458 2297 3464 2304 _

1878 2320 2305 2390 adaptationem,
2355 2316 2537 2390 pepuli
2582 2317 2644 2372 ob
2690 2318 2957 2373 liberatam
3002 2317 3307 2382 basilicam,
3358 2326 3410 2372 et

1877 2413 2096 2467 multam
2123 2411 2494 2467 mercatoribus
2523 2411 2788 2466 remissam
2816 2411 3070 2483 gaudium
3086 2451 3102 2478 ,
3124 2411 3275 2466 verba
3301 2409 3410 2463 Va-

1883 2506 2152 2561 lentiniani
2189 2504 2258 2559 ad
2297 2505 2544 2569 comites,
2582 2514 2631 2559 et
2665 2521 2815 2559 suum
2850 2505 2920 2560 ad
2959 2504 3219 2575 Calligoni
3240 2507 3411 2561 minas

1882 2615 2182 2671 responsum
2207 2599 2398 2654 subdit.

1885 2693 1940 2747 l.
1983 2702 2007 2729 θ
2037 2691 2304 2760 Quoniam
2349 2693 2401 2747 in
2445 2691 2698 2750 omnibus
2735 2693 2852 2750 fere
2893 2694 3139 2766 epistolis
3180 2695 3417 2753 sollicite

1815 2785 2015 2855 quaeris
2059 2783 2128 2839 de
2169 2781 2445 2852 Ecclesia,
2485 2785 2673 2856 accipe
2715 2785 2845 2856 quid
2885 2795 3098 2857 agatur.
3145 2786 3418 2842 Postridie

1815 2891 1976 2949 quam
2001 2878 2190 2949 accepi
2214 2877 2428 2934 litteras
2455 2886 2594 2945 luas,
2623 2879 2822 2949 quibus
2843 2879 3248 2950 signiﬁcaveras
3269 2881 3416 2951 quod

1819 2981 1872 3029 te
1894 2972 2234 3044 exagitarent
2254 2972 2464 3027 somnia
2495 2981 2580 3028 tua
2601 3014 2615 3038 ,
2644 2972 2814 3028 moles
2837 2971 3268 3043 inquietudinnm
3291 2987 3417 3044 gra-

1818 3065 1964 3119 vium
2008 3064 2172 3136 cmpit
2209 3065 2439 3119 moveri.
2475 3063 2584 3119 Nec
2619 3063 2730 3134 jam
2774 3061 2793 3101 ί
2826 3064 3113 3131 Portiana,
3155 3063 3260 3120 hoc
3305 3073 3419 3133 est,

143 3155 424 3220 interiorem
451 3204 471 3230 ,
503 3160 661 3231 cujus
686 3161 961 3232 sepultura
994 3160 1371 3230 praestantior,
1417 3175 1576 3228 quam
1616 3175 1714 3231 po-
1741 3173 1786 3238 ρ
1817 3165 2203 3211 extramurana
2231 3155 2397 3228 853
2427 3156 2649 3212 basilica
2689 3157 3010 3228 petebatur,
3058 3156 3153 3213 sed
3197 3157 3424 3214 basilica

145 3255 283 3309 tentia
310 3256 426 3313 luit.
501 3255 743 3325 Denique
767 3270 875 3311 non
905 3255 1056 3322 telis,
1099 3254 1194 3310 sed
1230 3254 1585 3310 cadaveribus
1625 3255 1718 3310 lto-

146 3343 282 3402 stium
308 3362 541 3420 pressus
567 3354 623 3404 et
651 3346 910 3402 humatus
936 3355 1044 3413 est,
1075 3346 1297 3417 proprio
1333 3355 1507 3403 tectus
1533 3347 1724 3402 trium-

149 3433 269 3505 pho,
306 3440 519 3497 clarum
559 3439 769 3510 insigne
808 3437 1120 3508 relinquens
1158 3437 1428 3508 posteris;
1469 3453 1536 3494 eo
1578 3439 1722 3510 quod

149 3529 378 3597 populum
422 3546 624 3596 suum,
667 3545 826 3602 quem
866 3529 1138 3600 captivum
1178 3533 1492 3597 invenerat,
1531 3529 1719 3603 viginti

151 3619 283 3676 annis
305 3621 355 3678 in
386 3625 650 3680 libertate
686 3622 890 3693 judicio
933 3637 1032 3677 suo
1073 3623 1242 3689 rexit,
1291 3633 1348 3680 et
1383 3624 1628 3695 sepultus
1665 3626 1719 3680 in

155 3715 304 3779 patrio
328 3720 449 3776 solo
477 3718 742 3774 libertatis
767 3717 1038 3774 lneredem
1064 3717 1292 3775 dimisit.

201 3863 234 3932 f'
269 3855 392 3932 Mss.
422 3859 539 3916 duo
563 3899 578 3924 ,
607 3867 654 3912 et
676 3858 966 3930 triumphus
994 3859 1234 3930 quietus;
1261 3858 1354 3914 alii
1398 3857 1618 3914 totidem
1643 3898 1656 3924 ,
1687 3865 1735 3911 et

159 3928 422 4000 triumphus
464 3947 710 4000 magnus.

214 3997 241 4073 ξ
275 4001 481 4061 Omnes
527 3997 659 4058 edit.
684 4043 700 4067 ,
749 4002 978 4057 conditio
1021 4004 1217 4073 major,
1259 4017 1413 4072 quam
1459 3999 1736 4073 culpaAin-

160 4063 324 4142 Mor;
367 4075 526 4132 nullo
568 4063 732 4130 sensu
778 4076 863 4129 vel
901 4063 1133 4128 absurd'e
1172 4063 1498 4127 enuntiato:
1529 4063 1735 4142 optime

159 4137 520 4216 {Bitur'omnes
550 4161 684 4201 mss.
719 4145 1016 4201 dietionem
1052 4146 1220 4216 major
1253 4137 1644 4216 excluserunt,
1678 4152 1736 4197 ut

162 4209 370 4279 humana
403 4222 654 4282 conditio
690 4222 900 4278 dicatur
927 4223 1106 4286 culpae
1128 4209 1397 4272 'obnoxia.
1426 4215 1734 4286 Snll'ragan-

163 4292 236 4342 tur
257 4296 582 4354 correctioni
606 4301 806 4349 nostra:
827 4293 992 4350 etiam
1015 4287 1234 4362 Iosephi
1266 4290 1426 4346 verba
1444 4331 1459 4355 ,
1504 4290 1557 4344 in
1585 4287 1735 4362 calce

166 4369 426 4424 memorati
455 4368 568 4436 jam
589 4380 737 4435 saepe
758 4366 863 4421 loci
895 4367 968 4420 ita
999 4361 1272 4436 loquentis
1294 4381 1306 4416 :
1325 4366 1420 4417 sui
1440 4364 1606 4433 τὸμὲν
1632 4361 1737 4436 ὑπὸ

165 4440 374 4502 Tanato;
404 4434 595 4498 ἁλῶναι
613 4481 626 4504 ,
673 4434 752 4496 δεῖ
784 4449 846 4515 τῇ
885 4440 1034 4515 ptiust
1061 4434 1160 4493 iam
1190 4437 1469 4510 ἀνθρώπων
1498 4434 1739 4508 προσάπ-

168 4521 252 4591 τειξ
273 4511 438 4591 ἥττονι
467 4511 1039 4591 ἁμαρτημάτωῇοὕσςῃ,
1071 4518 1177 4591 (δίς.
1232 4580 1245 4591 .
1347 4578 1360 4591 .
1415 4577 1427 4590 ο
1466 4578 1499 4591 Α.

230 4587 247 4613 ε
285 4580 395 4640 Non
421 4578 527 4641 hac
550 4578 756 4639 tantum
787 4578 1012 4653 epistola
1034 4580 1280 4653 conjugia
1314 4578 1734 4653 Christianorum

169 4655 520 4726 fumalterius
559 4664 725 4712 secta:
761 4647 1011 4726 personis
1048 4647 1462 4726 proscribuntur
1491 4649 1584 4726 _ab_
1610 4647 1740 4726 Am-

171 4711 784 4797 brosiopverum’etiam
818 4724 983 4780 variis
1019 4711 1212 4791 prioris
1244 4721 1536 4797 voluminis
1571 4721 1738 4797 locis,

173 4792 400 4864 [limitum
457 4799 550 4854 lib.
602 4813 639 4852 ιι
695 4797 765 4855 de
808 4797 1082 4854 Abraham
1127 4809 1250 4864 cap.
1303 4795 1378 4858 9,
1424 4807 1572 4864 num.
1627 4792 1736 4857 84,

174 4853 399 4940 Exposuit.
445 4853 519 4926 in
551 4870 686 4940 psal.
737 4853 930 4933 cxvttt,
972 4883 1140 4924 serm.
1191 4853 1296 4933 20,
1342 4853 1493 4920 num.
1536 4863 1643 4940 48_,
1686 4853 1740 4918 et

173 4923 258 5005 Ub:
277 4950 363 4993 vnt
384 4923 606 4997 tiu—Luc.
620 4923 875 4996 ίιιιιιιιίείξ
893 4923 1084 5008 Magna
1108 4953 1239 4994 vero
1264 4923 1641 4992 controversia
1657 4944 1740 4990 est

176 5008 298 5083 Ψιετ
319 5022 528 5070 veteres
548 5027 824 5083 novosque
845 5011 1224 5083 scholasticos,
1249 5019 1428 5064 utrum
1451 5022 1514 5062 ea
1525 5009 1738 5083 cultus,

177 5077 226 5153 Pl
247 5088 450 5153 yocant,
481 5077 802 5153 diSparita'te
832 5082 1379 5153 matrimoniumnon
1415 5077 1576 5153 modo
1611 5092 1742 5153 con-

180 5143 476 5224 trahendum
524 5143 807 5224 impediri,
858 5154 952 5210 sed
1000 5155 1163 5209 etiam
1203 5151 1383 5224 dirimi
1413 5147 1741 5224 dissolvique

180 5223 492 5282 90ntractum
519 5219 740 5282 censeat
772 5227 972 5281 Doctor
1002 5233 1211 5281 noster.
1244 5222 1617 5278 Alﬁrntantem
1649 5219 1744 5273 de-

184 5278 396 5368 !‘Eﬂdunt
410 5278 738 5368 opinionem
760 5278 1153 5352 (ξωίἰείηιέιιξ
1167 5293 1508 5368 Lombardus
1527 5333 1542 5368 ,
1581 5300 1745 5362 atque

185 5352 298 5440 alii:
326 5379 354 5419 a
383 5352 613 5440 negante
642 5352 822 5424 autem
855 5378 964 5423 stat
988 5367 1396 5440 illellarmintts,
1433 5352 1612 5440 Estius
1631 5352 1746 5440 ,iet

189 5433 362 5506 Vetera
387 5433 539 5497 ttha
563 5440 948 5496 recentiorum.
984 5439 1046 5494 Hi
1087 5433 1250 5505 perro
1276 5437 1618 5506 potissimum
1645 5434 1746 5489 du-

193 5504 361 5583 ίξξιηιυιδ
380 5525 439 5565 ea
460 5513 692 5576 ratione,
713 5511 854 5583 quod
877 5504 1160 5583 luet-elices
1183 5504 1396 5581 quoque
1421 5509 1474 5564 in
1498 5506 1746 5583 eamdem

193 5562 560 5652 ςιειεεεηίίειῑιίί
571 5562 1151 5639 ἷίῐιὶιῖέιὲῖσιῖιιιδῷἰέ
1189 5562 1351 5652 toga
1376 5562 1707 5652 ambrosius
1733 5595 1746 5631 ε

199 5643 338 5725 Eique
363 5653 494 5710 adeo
527 5655 970 5725 impedimentum
1001 5653 1130 5707 illud
1163 5643 1470 5725 usn'potius
1499 5662 1552 5706 et
1585 5651 1751 5725 tacito

200 5715 436 5796 ξίξηξθηξιι
461 5715 620 5796 quani
651 5727 762 5781 ulla
796 5727 912 5796 lege
933 5725 1196 5778 dirimens
1222 5715 1418 5778 factum
1442 5737 1564 5778 esse
1591 5722 1752 5796 iidem

202 5785 524 5856 c(linendum.
556 5797 814 5855 Fatemur
837 5785 1058 5868 quidem
1085 5810 1192 5852 non
1219 5803 1327 5850 tam
1357 5796 1644 5866 perspicue
1674 5792 1755 5848 lo-

1825 3265 1998 3317 nova,
2029 3249 2131 3306 hoc
2162 3259 2244 3307 est
2265 3294 2280 3318 ,
2314 3252 2721 3320 intramurana,
2751 3267 2872 3323 quae
2901 3253 3078 3323 major
3109 3262 3215 3309 est.

1894 3344 1950 3398 2.
1993 3343 2381 3400 Convenerunt
2429 3360 2517 3401 me
2564 3355 2590 3393 ις
2627 3345 2802 3416 primo
2843 3346 3120 3416 principes
3164 3345 3427 3403 virtutum

1825 3436 1951 3504 viri,
1974 3439 2206 3494 comites
2227 3438 2610 3496 consistoriani
2629 3481 2644 3507 ,
2668 3448 2727 3494 ut
2747 3450 2803 3496 et
2823 3441 3103 3497 basilicam
3129 3441 3426 3511 traderem,

1826 3542 1880 3589 et
1911 3549 2295 3603 procurarem,
2329 3549 2398 3590 ne
2427 3535 2555 3606 quid
2588 3534 2819 3604 populus
2849 3535 3128 3590 turbarum
3160 3545 3426 3592 moveret.

1827 3625 2104 3696 Respondi
2135 3629 2278 3697 quod
2312 3636 2431 3682 erat
2465 3627 2704 3694 ordinis,
2741 3627 3000 3698 templum
3039 3627 3140 3683 Dei
3179 3642 3210 3682 a
3253 3642 3434 3683 sacer-

1829 3717 1955 3774 dote
1982 3718 2125 3774 tradi
2151 3733 2260 3774 non
2288 3733 2471 3789 posse.

1837 3868 2022 3914 culum
2074 3859 2177 3914 hac
2225 3859 2294 3913 de
2339 3873 2398 3914 re
2436 3860 2819 3928 Ambrosium,
2868 3869 2928 3916 ut
2970 3859 3165 3930 nullus
3192 3859 3432 3930 supersit

1839 3931 1989 3987 dubii
2038 3930 2188 3985 locus
2218 3948 2232 3983 :
2265 3938 2504 3986 attamen
2535 3933 2581 3986 si
2613 3931 2918 3986 testimonia
2955 3930 3123 4001 ipsius
3150 3929 3273 4001 jam
3297 3932 3434 3986 indi-

1836 4014 1959 4060 cata
1983 4003 2198 4072 penitus
2223 4001 2604 4072 introspicias,
2641 4002 2820 4056 omnia
2846 4001 3112 4072 ejusmodi
3135 4004 3436 4059 connubio-

1837 4092 1957 4131 rum
1985 4071 2185 4146 genera
2214 4071 2283 4146 a_b
2308 4071 2493 4129 eosic
2530 4073 2803 4146 prohiberi
2847 4071 3187 4146 cumperics,
3234 4085 3289 4129 ut
3335 4091 3435 4146 pro

1840 4142 2009 4202 nullis
2050 4142 2296 4199 habenda
2334 4158 2455 4216 esse
2495 4142 2630 4201 satis
2668 4142 3350 4216 signiﬁceIJQnodvero'
3367 4147 3435 4202 ad

1839 4215 2592 4291 priucipunrconstitutiones
2608 4259 2623 4282 ,
2647 4215 2945 4291 Theodosii
2977 4218 3150 4291 legem
3175 4215 3438 4291 habemus

1842 4287 1932 4347 an.
1979 4289 2090 4345 588
2135 4287 2314 4342 datam
2342 4327 2357 4351 ,
2391 4303 2512 4357 qua:
2541 4289 2858 4344 chrisﬁanis
2887 4304 2951 4344 ac
2976 4287 3180 4344 Judreis
3210 4288 3352 4342 inter
3380 4304 3440 4344 sc

1845 4359 2556 4432 matrimoniocoeuntibus
2594 4360 2844 4416 adulterii
2879 4376 3130 4432 poenam,
3175 4359 3278 4416 hoc
3321 4369 3440 4425 est,

1845 4434 2168 4503 capitalem,
2210 4431 2428 4487 indixit.
2472 4431 2744 4490 Caeterum
2793 4431 2920 4490 ante
2964 4433 3054 4488 illa
3097 4441 3341 4500 tempora
3385 4432 3437 4503 in

1848 4502 2036 4564 eadem
2069 4520 2129 4560 re
2158 4503 2339 4558 varias
2362 4504 2528 4560 variis
2552 4504 2687 4562 locis
2711 4503 3135 4562 consuetudines
3161 4502 3441 4560 observari

1763 4587 1814 4648 Ι)
1841 4578 2191 4638 consuevisse
2213 4575 2481 4632 credibile
2506 4587 2610 4634 est.

1831 4693 1834 4698 .
1913 4649 1939 4688 ι¹
1973 4649 2189 4720 Scripta
2212 4663 2358 4703 anno
2382 4649 2507 4704 585.

1917 4735 1940 4758 ε’
1980 4717 2141 4777 Rom.
2169 4721 2304 4778 edit.
2329 4720 2472 4788 sola,
2500 4720 2801 4776 Ambrosius
2822 4721 3095 4792 episcopus
3119 4717 3444 4774 Marcellime

1839 4811 2025 4852 sorori.

1923 4866 1940 4904 τ
1986 4863 2332 4920 lllabillonius
2356 4868 2545 4918 noster
2570 4862 2785 4918 Itineris
2808 4863 2928 4919 Ital.
2955 4876 3078 4933 pag.
3106 4861 3172 4916 I7
3201 4877 3216 4916 :
3261 4861 3442 4918 Sancti

1853 4937 2076 4993 Victoris
2108 4934 2336 4990 Basilica
2358 4975 2372 4999 ,
2406 4948 2514 4987 sevo
2540 4933 2800 4988 Ambrosii
2847 4943 3234 5001 extramurana,
3266 4949 3297 4986 a
3319 4949 3444 4988 con-

1844 5011 2009 5063 ditore
2043 5006 2296 5061 Portiana
2324 5005 2619 5058 vocabatur.

1923 5090 1948 5128 ε
1989 5077 2260 5147 Principes
2283 5077 2531 5131 uirtutum
2558 5075 2902 5132 desideratur
2927 5075 2982 5132 in
3008 5075 3194 5132 multis
3217 5089 3350 5147 mss.
3391 5073 3446 5130 in

1826 5149 2128 5207 nonnullis
2160 5146 2338 5203 tamen
2366 5157 2422 5204 et
2444 5147 2654 5202 cunctis
2693 5147 2826 5202 edit.
2857 5148 3150 5219 reperitur.
3196 5146 3446 5219 Forsitan

1850 5234 2030 5279 autem
2074 5219 2334 5291 principes
2374 5219 2772 5291 uirtutumnou
2815 5218 3197 5276 alii'dicnntur
3222 5218 3293 5273 ab
3318 5218 3448 5272 Am-

1851 5293 2039 5348 brosio
2060 5289 2083 5358 ,“
2107 5305 2269 5360 quam
2298 5289 2544 5362 magistri
2576 5289 2840 5357 militum,
2886 5299 2942 5348 et
2986 5291 3452 5362 principesagen-

1853 5305 2039 5348 ιιι-οειο
2060 5335 2076 5358 ,
2107 5305 2269 5360 quam
2298 5305 2544 5362 magism
2576 5305 2840 5357 mllllllm,
2886 5305 2942 5348 et
2986 5305 3260 5416 principes
3286 5305 3450 5361 agen-

1853 5365 1984 5420 tium
2013 5364 2066 5418 in
2090 5363 2288 5418 rebus:
2315 5363 2384 5418 de
2413 5377 2647 5432 quorum
2684 5362 2882 5419 nlﬁciis
2907 5361 3138 5432 consule
3201 5401 3214 5415 .
3246 5358 3310 5432 C.
3345 5361 3450 5416 Bu-

1854 5434 2256 5507 lengerumlib.
2280 5449 2339 5489 ιιι
2364 5431 2441 5490 de
2460 5433 2694 5502 Imperio
2721 5435 2879 5490 Rom.
2903 5449 3022 5507 cap.
3060 5431 3149 5494 I2,
3174 5442 3230 5487 et
3251 5431 3347 5507 lib.
3371 5447 3452 5507 vr,

1853 5500 1976 5578 cap'.
2008 5506 2100 5563 44.
2132 5503 2373 5562 Comites
2403 5500 2944 5578 vero‘consistoriani
2974 5500 3239 5578 vocantur
3271 5503 3328 5568 ii,
3349 5500 3456 5578 qui

1853 5573 2113 5649 principis
2143 5578 2478 5634 consistorio
2501 5577 2804 5649 interera_nt
2828 5596 2840 5630 :
2864 5577 2932 5634 de
2960 5575 3157 5649 quibus
3179 5576 3332 5649 idem
3349 5573 3457 5628 Bu-

1853 5645 2096 5722 lingerus
2128 5649 2311 5722 lib.ttt
2342 5649 2412 5704 de
2436 5649 2690 5722 Imperat.
2725 5647 2884 5722 Rom.
2927 5645 3053 5722 cap.
3089 5647 3161 5722 2,
3188 5655 3250 5722 _et
3280 5645 3376 5722 lib.
3418 5660 3455 5700 ιι

1855 5717 2192 5794 (Ιέιιιιρειιὶυ
2227 5721 2385 5794 Itoni.
2424 5717 2541 5794 cup.
2567 5721 2628 5794 9.
2657 5719 2866 5794 Quibus
2895 5717 3060 5794 etiam
3098 5717 3303 5777 addere
3330 5717 3461 5778 licet

1855 5790 2214 5853 Godelridum
2241 5791 2299 5848 in
2324 5792 2430 5864 leg.
2461 5791 2530 5849 de
2556 5790 2758 5850 Comit.
2783 5793 3026 5852 Consist.
