3954 6164
129 251 229 306 99⁸1

1340 244 1830 306 Εριετοωιιυιι
1866 245 2147 303 CLASSIS
2185 246 2224 302 ι.

3305 254 3411 311 998

125 363 300 419 omnia
327 377 448 432 qua:
479 363 579 416 mei
605 373 730 416 sunt
750 403 766 428 ,
799 370 986 420 essent
1023 376 1320 432 pauperum
1361 380 1375 419 :
1419 379 1604 419 verum
1651 380 1713 419 ea
1746 369 1792 427 Α
1823 365 1990 427 uisse,
2012 379 2120 419 non
2152 364 2220 419 ad
2253 364 2497 433 pra-lium
2531 363 2920 435 loquebantur.
2945 366 3209 423 Clamavit
3239 370 3418 440 aliqua

125 473 238 526 qua:
282 464 412 510 sunt
457 454 668 522 divina,
720 455 1095 525 imperatoriae
1144 458 1398 527 potestati
1442 473 1551 514 non
1596 472 1718 514 esse

124 550 385 619 subjecta.
421 548 472 604 Si
499 550 893 620 patrimonium
929 551 1160 621 petitur,
1194 551 1433 608 invadite
1465 570 1478 605 :
1512 553 1556 607 si
1595 566 1720 607 cor-

127 657 252 712 pus,
286 657 596 698 occurram.
630 641 806 698 Vultis
846 643 900 700 in
936 643 1151 698 vincula
1195 645 1425 714 rapere?
1459 645 1624 700 vultis
1665 644 1718 699 in

128 744 349 792 mortem
385 736 410 787 ἲ
454 744 478 771 ιι
523 735 787 804 voluptati
832 746 912 790 est
964 735 1119 791 mihi.
1168 736 1285 791 Non
1333 753 1434 808 ego
1474 737 1722 794 vailabor

125 828 544 885 circumfusione
576 829 934 900 populorum,
970 845 1073 885 nec
1103 829 1295 886 altaria
1327 831 1524 886 tenebo
1556 831 1719 885 vitam

126 922 442 984 obsecrans,
471 921 570 978 sed
603 937 701 989 pro
729 920 996 976 altaribus
1021 922 1234 991 gratius
1270 921 1623 976 innuolabor.

187 1017 238 1070 9.
281 1013 588 1068 Horrebam
615 1013 821 1084 quippe
847 1017 1034 1068 animo
1053 1053 1067 1077 ,
1099 1029 1223 1068 cum
1253 1022 1495 1070 armatos
1523 1013 1592 1068 ad
1630 1013 1724 1068 ba—

123 1107 327 1162 silicam
368 1106 628 1162 Ecclesiae
663 1105 1042 1176 occupandam
1066 1111 1266 1162 missos
1292 1117 1721 1176 cognoscerent;

123 1219 185 1258 ne
224 1201 354 1257 dum
399 1200 680 1256 basilicam
712 1200 1024 1265 vindicant,
1066 1201 1246 1270 aliqua
1278 1209 1492 1271 strages
1530 1201 1723 1264 fieret,

123 1312 239 1365 qua:
280 1297 334 1350 in
377 1295 679 1365 perniciem
713 1297 882 1349 totius
917 1306 1170 1364 vergeret
1199 1293 1455 1349 civitatis.
1490 1292 1724 1348 Orabam

125 1406 187 1445 ne
227 1399 392 1446 tantae
431 1390 584 1444 urbis
608 1389 693 1443 vel
727 1389 899 1444 totius
923 1388 1090 1443 Italian
1109 1389 1268 1445 busto
1289 1388 1723 1458 superviverem.

127 1481 148 1520 δ
163 1483 485 1539 Detestabar
504 1481 762 1537 invidiam
784 1480 1042 1537 fundendi
1069 1482 1306 1543 cruoris,
1321 1479 1620 1536 offerebam
1641 1480 1728 1549 ju-

127 1577 299 1646 gulum
333 1591 535 1631 meum.
565 1574 731 1647 855
757 1573 999 1631 Aderant
1030 1573 1196 1631 Gellii
1237 1574 1474 1640 tribuni,
1505 1572 1727 1628 adorie-

129 1670 218 1723 bar
245 1686 340 1724 cos
362 1711 377 1733 ,
411 1669 600 1724 dicens
641 1686 656 1724 :
701 1669 997 1739 Propterea
1036 1683 1132 1725 vos
1171 1669 1447 1738 possessio
1483 1667 1725 1722 Rotnana

1822 457 2072 527 populus.
2107 458 2282 526 Quam
2323 457 2624 521 moderate.
2668 473 2831 529 quam
2876 471 3220 527 constanter,
3253 479 3418 533 quant

1823 550 2061 607 tideliter
2109 553 2384 622 miscebat,
2419 559 2480 606 ut
2517 551 2586 607 ad
2640 553 2789 608 illam
2835 568 3190 624 pergeremus
3231 556 3418 612 basili-

1819 647 1974 698 caml
2022 643 2083 698 in
2131 643 2227 699 illa
2254 659 2475 715 quoque
2523 645 2747 701 basilica
2793 645 2969 702 fertur
3003 646 3151 717 quod
3183 649 3420 718 populus

1822 737 2168 805 praesentiam
2200 734 2478 806 ﬂagitabat
2510 753 2705 792 meam.
3267 758 3270 762 ·

1895 827 1983 882 14.
2016 828 2170 883 Tunc
2193 845 2298 900 ego
2329 829 2474 892 [inite
2503 829 2733 886 adoratis
2766 846 3076 888 sermone
3106 847 3226 888 sum
3265 851 3279 888 :
3314 835 3420 888 Au-

1823 920 2007 986 distis,
2047 921 2170 986 lilii,
2205 929 2228 958 θ
2266 921 2465 977 librum
2505 920 2612 978 Job
2641 922 2765 992 legi,
2799 923 2893 992 qui
2924 923 3157 978 solemni
3195 939 3424 980 munere

1822 1022 1908 1068 est
1933 1013 2198 1070 decursus
2226 1025 2283 1069 et
2309 1023 2579 1084 tempore.
2604 1014 2774 1069 Scivit
2812 1032 2879 1072 ex
2912 1031 3013 1072 usu
3043 1016 3186 1071 hunc
3219 1017 3420 1072 librum

1824 1107 1990 1160 etiam
2037 1106 2290 1162 diabolus
2321 1107 2709 1174 intimandum,
2751 1123 2861 1178 quo
2889 1110 3062 1164 virtus
3090 1109 3270 1165 omnis
3313 1125 3426 1164 suae

1825 1199 2142 1255 tentationis
2165 1202 2411 1271 aperitur
2425 1212 2478 1257 et
2496 1202 2773 1272 proditur;
2798 1218 2852 1259 et
2872 1204 2995 1260 ideo
3015 1220 3073 1260 se
3093 1205 3252 1260 hodie
3274 1215 3426 1259 motu

1828 1294 2036 1364 majore
2062 1294 2361 1348 concussit.
2402 1295 2509 1352 Sed
2537 1295 2747 1366 gratias
2780 1296 2890 1352 Deo
2931 1306 3146 1363 nostro,
3193 1297 3287 1368 qui
3332 1311 3427 1352 vos

1829 1384 1902 1438 ita
1933 1386 2169 1440 firmavit
2199 1384 2306 1442 fide
2334 1395 2502 1457 atque
2543 1387 2822 1456 patientia.
2858 1388 3038 1444 Unum
3068 1389 3173 1444 Job
3201 1390 3430 1444 miratu-

1827 1491 1920 1531 rus
1955 1478 2334 1543 aseenderam,
2367 1494 2561 1535 omnes
2589 1480 2694 1536 Job
2739 1497 2880 1550 quos
2924 1482 3176 1549 mirarer,
3217 1481 3425 1537 inveni.

1825 1568 1889 1623 in
1919 1569 2151 1639 singulis
2183 1571 2340 1627 vobis
2365 1570 2470 1627 Joh
2499 1573 2716 1639 revixit,
2739 1572 2798 1628 iu
2823 1573 3057 1645 singulis
3082 1577 3254 1630 sancti
3283 1575 3430 1629 illius

1831 1663 2096 1732 patientia
2135 1671 2192 1720 et
2234 1664 2404 1721 virtus
2436 1665 2668 1722 refulsit.
2705 1665 2724 1704 ί
2759 1667 2898 1734 Quid
2929 1669 3076 1723 enim
3108 1669 3434 1739 praesentius

129 1763 390 1831 suscepit,
436 1772 495 1818 ut
541 1762 971 1832 perturbationis
1018 1762 1250 1831 publica:
1299 1777 1397 1816 vos
1437 1759 1724 1830 prasheatis
1755 1753 1801 1816 Β
1829 1754 1940 1809 dici
1967 1758 2143 1824 potuit
2172 1756 2536 1814 acltristianis
2564 1759 2717 1825 viris,
2749 1775 2914 1830 quant
2939 1760 2992 1814 id
3013 1761 3156 1830 quod
3189 1760 3350 1816 hodie
3377 1761 3448 1816 in

130 1855 446 1910 ministros?
476 1858 594 1924 Quo
623 1857 960 1921 transibitis,
990 1857 1038 1910 si
1067 1858 1184 1910 haec
1211 1854 1388 1911 deleta
1416 1853 1652 1909 fuerint?

199 1949 278 2004 to.
316 1948 652 2018 Exigebatur
683 1963 713 2002 a
745 1961 858 2014 me,
902 1954 961 2001 ut
987 1960 1396 2015 compescerent
1439 1947 1719 2016 populum.

131 2038 444 2095 Referebam
471 2040 524 2094 in
564 2055 685 2096 meo
709 2039 835 2109 jure
866 2053 1009 2106 esse,
1044 2051 1102 2094 ut
1145 2053 1250 2093 non
1282 2039 1586 2095 excitarem
1618 2054 1630 2090 :
1669 2037 1723 2091 in

135 2133 217 2188 Dei
249 2149 439 2198 manu,
473 2131 552 2187 uti
579 2132 875 2203 mitigaret.
911 2131 1197 2186 Poetremo
1224 2132 1270 2186 si
1307 2147 1393 2186 me
1427 2141 1452 2169 ο
1477 2131 1726 2186 incento-

132 2241 234 2281 rent
277 2237 515 2298 putaret,
553 2225 664 2296 jam
697 2227 749 2280 in
781 2242 868 2280 me
895 2224 1162 2280 vindicari
1198 2233 1482 2292 oportere,
1511 2223 1598 2279 vel
1632 2222 1727 2278 ab—

133 2320 242 2376 duci
269 2339 358 2378 me
388 2324 444 2377 in
471 2336 610 2392 quas
634 2323 801 2376 vellet
837 2331 1104 2376 terrarum
1131 2318 1478 2374 solitudines.
1529 2318 1623 2371 llis
1644 2317 1727 2372 di-

132 2415 242 2479 ctis,
266 2415 346 2470 illi
373 2415 636 2470 abierunt
665 2431 678 2467 :
711 2429 812 2484 ego
840 2412 892 2468 in
923 2412 1149 2467 basilica
1176 2410 1346 2466 veteri
1377 2419 1548 2465 totum
1570 2408 1726 2479 exegi

135 2507 282 2562 diem.
317 2508 455 2563 lude
493 2507 716 2563 domum
758 2507 1001 2562 cubitum
1039 2522 1128 2563 me
1175 2504 1360 2574 recepi
1383 2543 1400 2571 ,
1441 2513 1496 2558 ut
1527 2503 1728 2582 siquis

134 2602 398 2659 abducere
429 2602 618 2669 vellet,
653 2601 917 2656 inveniret
948 2609 1222 2670 paratum.

198 2696 281 2750 ll.
309 2697 458 2750 Ante
491 2695 669 2749 lucem
697 2694 785 2750 ubi
814 2693 1008 2763 pedem
1045 2693 1236 2747 limine
1264 2690 1456 2756 extuli,
1487 2690 1725 2746 circum-

136 2786 242 2840 fuso
271 2786 449 2840 milite
479 2795 778 2856 occupatur
808 2784 1052 2840 basilica.
1087 2783 1252 2853 idque
1279 2797 1310 2837 a
1339 2781 1604 2836 militibus
1628 2781 1733 2835 im-

140 2879 366 2947 peratori
401 2877 716 2932 mandatum
747 2877 967 2943 dicitur,
1001 2884 1062 2932 ut
1098 2875 1143 2930 si
1175 2874 1397 2945 prodire
1417 2873 1601 2939 vellet,
1634 2873 1731 2928 ha-

104 2971 113 2978 ’
139 2971 277 3028 beret
312 2975 566 3040 copiam;
598 2986 656 3026 se
697 2978 875 3026 tamen
905 2978 1104 3040 przcsto
1135 2969 1368 3032 futuros,
1399 2969 1444 3022 si
1486 2969 1732 3023 viderent

139 3076 246 3118 eum
277 3079 413 3120 cum
445 3062 730 3118 catholicis
762 3063 1058 3117 convenire
1087 3080 1100 3115 :
1129 3061 1372 3131 alioquin
1416 3073 1476 3115 se
1503 3059 1570 3114 ad
1604 3075 1728 3115 eum

141 3169 345 3220 emtum,
385 3172 548 3226 quem
573 3154 898 3209 Ambrosius
927 3162 1169 3224 cogeret,
1201 3152 1548 3207 transituros.

203 3251 284 3306 12.
314 3250 553 3306 Prodire
587 3249 657 3304 de
696 3247 920 3302 Arionis
951 3247 1134 3302 nullus
1162 3245 1435 3311 audebat;
1476 3245 1603 3315 quia
1635 3257 1737 3299 nec

143 3345 422 3418 quisquam
461 3345 530 3399 de
557 3344 773 3398 civibus
814 3349 953 3407 erat,
996 3341 1154 3411 pauci
1195 3341 1266 3396 de
1310 3338 1519 3396 familia
1564 3337 1733 3408 regia,

144 3439 377 3495 nonnulli
413 3437 576 3493 etiam
604 3436 790 3493 Gothi.
823 3435 1036 3503 Quibus
1061 3446 1118 3490 ut
1143 3434 1272 3489 olim
1304 3434 1332 3472 ά
1370 3434 1612 3503 plaustra
1652 3446 1738 3486 se-

145 3529 229 3588 des
255 3542 401 3596 erat,
430 3532 500 3588 ita
533 3546 679 3586 nunc
713 3529 1013 3599 plaustrum
1046 3527 1291 3583 Ecclesia
1321 3537 1426 3582 est.
1463 3527 1738 3592 Quocum-

146 3637 236 3690 que
265 3622 471 3677 femina
508 3622 611 3676 ista
638 3619 992 3691 processerit,
1029 3633 1216 3676 secum
1243 3633 1375 3674 suos
1403 3631 1598 3672 omnes
1629 3629 1740 3672 cot-

147 3722 222 3770 tus
252 3715 430 3772 vehit.

209 3808 295 3863 i3.
356 3805 756 3862 Circumfusam
800 3805 1082 3860 basilicam
1126 3818 1251 3859 esse
1297 3801 1504 3872 gemitu
1557 3799 1742 3870 populi

148 3897 389 3958 intellexi
446 3917 457 3952 :
506 3898 605 3954 sed
653 3898 781 3953 dum
829 3898 1080 3968 leguntur
1125 3896 1415 3960 lectiones,
1458 3893 1745 3948 intimatur

151 3991 270 4047 mihi
325 3992 540 4062 plenam
573 3992 754 4062 pepuli
806 4006 933 4046 esse
975 3990 1258 4045 basilicam
1301 3986 1466 4042 etiam
1497 4001 1693 4040 novam
1728 4003 1741 4040 :

151 4088 412 4158 majorem
442 4087 613 4142 videri
642 4085 883 4157 plebem,
916 4099 1078 4154 quam
1102 4097 1227 4137 cum
1258 4090 1443 4137 essent
1469 4093 1660 4136 omnes
1685 4079 1748 4133 Ii-

154 4181 261 4239 beri
295 4201 312 4237 :
351 4183 614 4238 lectorem
649 4177 956 4248 elilagitari.
982 4175 1124 4244 Quid
1161 4174 1351 4244 plura?
1382 4175 1588 4230 Milites
1619 4172 1745 4243 ipsi,

155 4276 241 4346 qui
280 4275 613 4330 videbantur
653 4286 951 4342 occupasse
995 4268 1302 4336 basilicam,
1343 4268 1563 4339 cognito
1599 4266 1749 4338 quod

159 4371 564 4439 praecepissem,
605 4375 662 4420 ut
691 4366 1102 4421 abstinerentur
1129 4379 1158 4418 a
1190 4362 1593 4417 communionis
1619 4377 1751 4418 cou-

157 4465 356 4528 sortio,
391 4462 458 4517 ad
495 4469 833 4516 conventum
875 4459 1019 4514 hunc
1054 4467 1300 4514 nostrum
1337 4459 1525 4514 venire
1561 4472 1744 4527 cmpe-

1827 1849 1984 1910 vobis
2029 1849 2268 1921 Spiritus
2311 1861 2534 1908 sanctus
2565 1862 2650 1909 est
2690 1853 2940 1909 locutus?
2980 1854 3280 1924 tingamus,
3320 1853 3431 1909 Au-

1821 1949 2004 2011 guste,
2039 1958 2148 1996 non
2183 1957 2487 2012 pugnamus
2520 1962 2532 1997 :
2566 1958 2676 2000 non
2707 1946 2989 2011 timemus,
3023 1946 3122 2001 sed
3155 1961 3430 2017 rogamus.

1828 2033 1944 2088 Hoc
1972 2034 2306 2090 christianos
2338 2036 2528 2100 decet,
2561 2046 2619 2090 ut
2648 2046 2702 2092 et
2736 2037 3108 2108 tranquillitas
3144 2040 3294 2108 pacis
3332 2054 3432 2110 op-

1830 2135 1995 2192 tetur,
2026 2137 2081 2184 et
2109 2126 2234 2182 ﬁdei
2260 2127 2618 2198 veritatisque
2643 2129 2957 2186 constantia
2991 2145 3094 2186 nec
3126 2132 3320 2187 mortis
3347 2148 3438 2188 re-

1829 2229 2053 2276 vocetur
2079 2219 2347 2290 periculo.
2383 2220 2483 2276 Est
2515 2221 2661 2276 enim
2689 2222 2868 2294 356
2907 2225 3102 2292 pracsul
3145 2225 3428 2292 Dominus,

1829 2313 1921 2383 qui
1952 2315 2136 2368 salvos
2165 2311 2330 2368 faciet
2358 2324 2647 2383 Sperantes
2681 2316 2738 2370 in
2764 2331 2822 2371 se
2853 2314 3030 2387 (Psal.
3066 2332 3176 2383 tm,
3209 2317 3285 2387 7).

1905 2409 1992 2463 15.
2026 2407 2134 2465 Sed
2157 2408 2440 2464 veniamus
2468 2409 2536 2464 ad
2565 2410 2872 2479 propositas
2899 2411 3182 2467 lectiones.
3221 2410 3431 2468 Videtis

1829 2500 2046 2556 diabolo
2079 2501 2326 2558 tentandi
2366 2501 2644 2558 licentiam
2671 2501 2791 2560 dari
2820 2501 2965 2574 (Job.
2990 2518 3031 2568 ι,
3063 2503 3150 2573 12)
3173 2543 3188 2569 ,
3218 2512 3276 2558 ιιι
3304 2503 3435 2560 boui

1827 2594 2156 2663 probentur.
2190 2604 2218 2640 κ
2243 2593 2456 2652 Invidet
2481 2595 2698 2665 iniquus
2729 2597 2888 2652 bonis
2919 2597 3279 2667 profectibus,
3318 2609 3436 2654 teu-

1835 2698 1908 2742 tat
1935 2687 2168 2744 diversis
2184 2689 2381 2745 modis.
2412 2689 2667 2746 Tentavit
2697 2702 2942 2748 Sanctum
2962 2693 3066 2748 Job
3088 2693 3142 2748 iu
3167 2710 3232 2764 pa
3244 2695 3437 2750 trimo-

1834 2783 1946 2847 nio,
1997 2785 2223 2839 tentavit
2267 2785 2320 2838 in
2369 2784 2512 2852 filiis,
2568 2785 2794 2842 tentavit
2839 2788 2894 2842 in
2919 2787 3114 2844 dolore
3160 2791 3432 2860 corporis.

1835 2877 2050 2934 Fortior
2078 2879 2132 2932 in
2162 2894 2263 2935 suo
2291 2895 2523 2950 corpore
2553 2891 2819 2948 tentatur,
2845 2883 3117 2938 infirmior
3147 2884 3204 2940 in
3229 2885 3432 2941 alieno.

1837 2969 1900 3024 Et
1933 2969 2063 3025 mihi
2095 2985 2246 3028 meas
2270 2971 2512 3039 divitias,
2545 2989 2682 3044 quas
2715 2977 2764 3029 in
2795 2975 2952 3032 vobis
2991 2976 3191 3044 babe0,
3215 2978 3436 3034 volebat

1833 3061 2071 3127 auferre,
2113 3071 2170 3120 et
2215 3064 2320 3121 hoc
2362 3067 2777 3136 tranquillitatis
2806 3080 3008 3126 vestra:
3045 3073 3434 3141 patrimonium

1760 3141 1806 3205 C
1837 3153 2112 3226 dissipare
2130 3155 2406 3223 cupiebat.
2420 3156 2527 3218 Vos
2541 3174 2758 3230 qucque
2779 3161 2929 3230 ipsos
2947 3163 3078 3218 mihi
3101 3164 3273 3220 bonos
3297 3164 3440 3221 filios

1837 3247 2109 3318 gestiebat
2137 3248 2375 3319 eripere,
2422 3265 2521 3320 pro
2551 3255 2750 3322 quibus
2776 3269 2880 3325 ego
2915 3257 3166 3326 quotidie
3195 3259 3442 3318 inlutth

1839 3343 2162 3397 sacrificium
2192 3359 2204 3396 :
2231 3359 2326 3398 vos
2349 3343 2520 3398 ruinis
2546 3347 2870 3416 quibusdam
2897 3349 3131 3417 publicae
3155 3353 3441 3420 perturba-

1843 3435 2008 3489 tionis
2043 3435 2349 3491 cuuabatur
2391 3437 2686 3496 inVolvere.
2723 3440 2841 3494 Duo
2887 3442 3052 3511 igitur
3087 3444 3199 3514 jam
3239 3429 3440 3516 genera

1844 3526 2168 3582 tentationis
2197 3529 2409 3598 excepi.
2445 3528 2513 3583 Et
2548 3529 2778 3585 fortasse
2805 3533 2931 3600 quia
2970 3533 3326 3591 infirmiorem
3357 3552 3442 3591 me

1842 3617 2110 3674 Dominus
2138 3619 2284 3676 Deus
2307 3623 2476 3686 novit,
2499 3622 2679 3678 adhuc
2703 3626 2754 3678 in
2780 3639 2985 3693 corpus
3013 3643 3190 3683 meum
3216 3645 3322 3684 non
3345 3632 3444 3686 tte-

1847 3709 1926 3764 dit
1951 3719 2302 3782 potestatem.
2339 3713 2452 3767 Etsi
2487 3713 2604 3782 ipse
2631 3716 2847 3784 cupiam
2869 3755 2886 3781 ,
2922 3717 3026 3770 etsi
3053 3717 3312 3782 oll‘eram,
3351 3721 3448 3775 ad-

1847 3805 1955 3862 huc
1981 3822 2067 3860 me
2091 3804 2320 3860 fortasse
2360 3804 2487 3860 huic
2511 3807 2798 3862 certamini
2841 3808 3102 3876 imparem
3129 3809 3354 3879 judicat,
3388 3823 3446 3869 et

1847 3899 2084 3955 diversis
2114 3907 2340 3954 exercet
2379 3898 2683 3955 laboribus.
2731 3899 2846 3956 Nec
2888 3899 2992 3956 Job
3028 3901 3098 3958 ab
3129 3903 3234 3960 isto
3278 3906 3447 3976 cmpit

1849 3990 2174 4054 certamine.
2207 3989 2301 4046 sed
2333 3990 2388 4046 in
2426 3991 2531 4048 hoc
2555 3995 2978 4048 consummavit.

1926 4084 2012 4138 ιθ.
2051 4082 2316 4140 Testatus
2345 4093 2431 4140 est
2475 4095 2658 4140 autem
2703 4084 3062 4148 Job_nuntiis
3101 4095 3448 4150 coacervatis

1852 4177 2140 4243 malorum,
2169 4185 2413 4236 tentatus
2434 4189 2518 4234 est
2541 4180 2705 4235 etiam
2728 4193 2833 4250 .per
2854 4182 3160 4249 mulierem,
3189 4203 3308 4256 qua:
3331 4190 3407 4243 ait
3431 4207 3444 4243 :

1855 4259 1953 4325 Dic
1981 4270 2196 4341 aliquod
2221 4271 2428 4327 verbum
2465 4273 2522 4328 in
2562 4272 2749 4341 Deum,
2781 4283 2828 4329 et
2869 4291 3068 4332 morere
3093 4277 3236 4349 (Job.
3272 4296 3332 4348 tt,
3366 4281 3443 4352 9).

1856 4364 2065 4420 Videtis
2093 4374 2292 4433 quanta
2322 4366 2502 4422 subito
2531 4379 2872 4437 moveantur,
2903 4368 3091 4436 Gothi,
3121 4387 3292 4434 arma.
3315 4388 3449 4443 gen-

1857 4458 2000 4525 tiles,
2039 4458 2206 4514 multa
2239 4469 2629 4526 mercatorum,
2674 4477 2832 4532 pmna
2864 4474 3200 4520 sanctorum.
3246 4467 3451 4522 Adver-

161 4569 297 4612 runt.
335 4553 545 4623 Quibus
577 4553 730 4617 visis,
764 4551 1054 4608 turbantur
1081 4552 1372 4605 mulierum
1404 4551 1592 4614 animi,
1621 4567 1746 4621 pro-
1775 4534 1830 4595 Ι)
1858 4552 1966 4606 litis
1983 4550 2114 4622 quid
2137 4551 2416 4621 iubeatur,
2441 4569 2562 4608 cum
2588 4555 2876 4611 mandatur
2903 4573 2916 4612 :
2943 4557 3122 4614 Trade
3145 4560 3449 4628 basilicam,

159 4653 278 4723 ripit
303 4667 364 4708 se
390 4665 515 4706 una.
552 4647 659 4719 Ipsi
693 4655 874 4702 tamen
903 4645 1103 4701 milites
1135 4659 1194 4701 se
1222 4644 1286 4700 ad
1319 4647 1622 4700 orationem
1658 4658 1752 4699 ve-

163 4837 292 4888 modi
308 4851 335 4906 ;7
352 4833 513 4887 Rom.
545 4846 670 4886 cum
693 4830 813 4906 aliis
841 4825 1397 4906 quidvishujusmodi.
1655 4895 1687 4906 η

239 4916 262 4943 ι
297 4895 424 4960 Mss.
457 4917 629 4972 prope
659 4901 727 4955 ad
758 4895 945 4962 unum.
974 4895 1228 4954 uoluniati
1261 4910 1352 4954 εει·
1371 4895 1529 4961 mihi;
1562 4895 1758 4952 melius

164 4990 348 5050 omnes
372 4973 968 5050 cdit.,volt_¢pt_oti.et_.c.
1214 5041 1224 5050 ι
1488 5046 1499 5050 Δ
1571 5036 1613 5050 _
1709 5035 1722 5049 ο

229 5048 256 5086 δ
289 5048 346 5102 Id
385 5058 503 5110 est,
525 5036 706 5114 magis
734 5043 1056 5118 horrebam,
1106 5056 1173 5097 ne
1214 5039 1413 5094 invidia
1449 5046 1507 5092 et
1529 5036 1760 5118 oﬂ_’ensio

165 5119 319 5174 alieni
341 5109 706 5186 sanguinis-ill
734 5130 820 5170 me
858 5113 1096 5181 rediret,
1124 5125 1282 5184 quam
1316 5125 1388 5165 ne
1409 5123 1563 5165 meus
1591 5109 1762 5178 ipsius

168 5188 507 5245 funderetur.

241 5274 261 5300 ε
295 5263 504 5316 Omnes
529 5258 689 5324 edit.,
715 5259 1034 5311 incentorem
1071 5262 1379 5326 putarent...
1411 5251 1467 5304 in
1497 5265 1625 5318 quas
1654 5249 1762 5304 vel-

171 5331 268 5386 lent
301 5349 318 5387 :
350 5346 545 5387 omnes
575 5345 711 5384 mss.
744 5338 946 5397 putaret
974 5342 1170 5397 nempe
1199 5328 1495 5396 imperator
1536 5330 1630 5376 aut
1659 5337 1758 5393 po-

175 5405 274 5459 tius
294 5404 504 5459 Justina
533 5401 709 5470 ipsius
733 5409 924 5455 mater.

241 5473 267 5512 ά
291 5475 477 5532 Gottbi
519 5466 776 5543 Scythica
797 5486 939 5540 gens
984 5469 1245 5543 creditur,
1278 5467 1369 5543 qui
1407 5468 1466 5521 in
1513 5466 1762 5543 curribus

176 5545 391 5615 degunt,
421 5537 716 5619 ἀμαξόῦωιι,
741 5554 796 5619 et
812 5537 1134 5619 ’ἆμξξοϐίτοιι
1155 5537 1521 5619 appellentur.
1554 5537 1762 5619 Gotbo.

180 5611 291 5672 rum
331 5611 491 5674 sedes
529 5628 646 5670 tum
685 5611 1062 5677 orientalium,
1107 5614 1208 5672 hoc
1237 5619 1352 5675 ‘est,
1398 5611 1765 5680 Ooatgoethen,

183 5690 333 5760 vulgo
353 5687 699 5760 Ostrogothen
717 5705 734 5751 ,-
749 5695 862 5738 tum
886 5683 1326 5760 occidentalium:
1345 5685 1447 5760 hoc
1467 5678 1572 5745 est,
1587 5678 1773 5760 fueu-

185 5748 412 5830 goe‘t'ten,
445 5748 610 5830 vnigo
655 5748 1010 5827 Virogouhen,
1038 5754 1097 5809 in
1125 5754 1254 5809 mari
1285 5750 1511 5808 Baltiteo
1541 5748 1606 5804 ad
1636 5749 1770 5806 Suc-

1859 4645 1961 4700 hoc
1988 4653 2073 4700 est
2100 4661 2113 4698 :
2141 4641 2237 4700 Dic
2257 4645 2471 4717 aliquod
2497 4649 2702 4703 verbum
2727 4651 2783 4704 in
2812 4648 3004 4716 Deum,
3026 4663 3071 4708 ct
3095 4661 3315 4709 mo’rere.
3343 4653 3454 4710 Nec

1863 4825 2006 4879 diam
2047 4824 2520 4881 demoerantur.
2550 4827 2804 4884 Arbitror
2835 4831 2941 4886 illis
2983 4847 3182 4887 nomen
3221 4834 3453 4891 inditum

1863 4912 1890 4974 ει
1916 4896 2180 4958 bonitate,
2207 4896 2309 4974 hoc
2331 4908 2415 4951 est
2436 4897 2610 4974 goetlt.
2639 4911 2694 4954 ut
2721 4903 2891 4974 altera
2911 4918 3051 4969 gens
3076 4918 3136 4960 se
3167 4923 3192 4957 a
3225 4908 3457 4974 malitia.

1865 4966 1968 5039 hoc
1996 4975 2080 5020 est
2103 4968 2311 5039 quaem,
2331 4966 2742 5037 appellaverunt
2772 4966 2994 5039 Quados
3027 4993 3039 5027 :
3065 4987 3121 5030 ut
3150 4977 3345 5034 Franci
3378 4966 3461 5035 di?

1864 5038 1936 5114 eti
1968 5047 2095 5091 sunt
2124 5038 2229 5114 ιιι-ῆι
2264 5041 2485 5114 onchen,
2521 5039 2621 5114 hoc
2647 5055 2758 5114 est,
2781 5038 3014 5111 juvenes
3047 5050 3287 5114 cmlibes,
3327 5067 3463 5107 non-

1864 5107 1994 5164 dum
2035 5110 2235 5187 mariti.
2264 5110 2338 5164 Ita
2367 5110 2627 5187 Nannius.
2653 5107 2898 5171 inanitur
2922 5133 3054 5187 ergo
3075 5119 3143 5174 ab
3170 5107 3463 5179 Ambrosio

1863 5195 2098 5251 synaxes
2133 5182 2458 5236 Arianorum
2493 5182 2662 5238 fuisse
2689 5182 3100 5245 ambulatorias.

1939 5261 1962 5332 ξ
1993 5253 2148 5332 itam.
2179 5251 2338 5332 edit,
2371 5254 2563 5332 tierunt
2594 5253 2696 5332 Job
2719 5257 2874 5332 hodie
2903 5262 3024 5332 legi.
3199 5320 3202 5322 γ

1907 5320 1961 5405 ,ί
1993 5322 2153 5378 Rom.
2187 5323 2318 5405 edit.
2352 5327 2490 5392 sola,
2523 5327 2666 5405 Quid
2700 5320 3243 5405 enimgpréstmrtius?
3266 5330 3466 5395 At'mi-

1867 5396 2014 5468 nime
2057 5396 2372 5451 mutandum
2421 5403 2763 5468 praesentius;
2804 5396 2944 5457 idem
2995 5406 3138 5460 enim
3174 5421 3259 5462 est
3312 5426 3375 5464 ac
3418 5412 3464 5467 si

1866 5466 2076 5551 scribas
2102 5484 2116 5551 ς
2147 5466 2434 5551 Quodnam
2457 5472 2660 5551 dictum
2689 5474 2756 5526 ab
2779 5476 2962 5551 animo
2988 5476 3088 5551 sibi
3119 5482 3293 5551 magis
3329 5466 3461 5551 prte-

1865 5547 2048 5616 seute,
2067 5548 2122 5592 et
2149 5538 2644 5616 affectibusjibero
2671 5544 2904 5613 proferri
2932 5548 3109 5616 potuit
3134 5549 3158 5600 ν

1953 5620 1978 5656 ις
2003 5609 2214 5682 Omnes
2241 5610 2420 5682 edit.,'
2437 5610 2645 5682 Invidet
2671 5609 2962 5682 inimicus}
3001 5624 3196 5680 ournes
3215 5629 3356 5679 mss.
3391 5626 3474 5680 ni-

1880 5679 1990 5738 hilo
2021 5681 2281 5738 deteriori
2298 5697 2495 5747 sensu,
2521 5679 2977 5755 Invidctt'm'qmts.
