4040 6166
563 250 672 307 999

1956 241 2204 302 SANCTI
2241 242 2564 303 AMBROSII

3733 237 3901 299 1000

562 363 743 419 solum
773 361 860 417 die
890 362 1185 417 adversum
1212 357 1416 425 Deum,
1450 356 1547 413 sed
1575 356 1742 414 etiam
1775 358 1858 413 fac
1903 357 2169 414 adversus
2194 359 2471 427 Alterum
2516 359 2717 415 dicitur
2765 357 3057 414 mandasse
3102 357 3489 429 imperatorem
3537 372 3551 411 :
3600 356 3795 414 Debeo
3836 368 3898 414 ct

568 454 761 511 Deum.
794 453 1078 508 Mandatur
1110 470 1123 505 :
1151 450 1331 506 Trade
1357 450 1555 506 altaria
1586 449 1701 505 Dei.

642 545 734 598 17.
766 542 1037 614 Urgemur
1068 542 1235 612 igitur
1264 542 1554 613 praeceptis
1584 542 1880 613 regalibus,
1904 541 2005 598 sed
2040 557 2172 598 con-

565 639 849 693 lirmamur
897 636 1195 706 Scripturze
1238 635 1613 702 sermonibus,
1645 650 1769 706 qua:
1815 634 2106 706 respondit
2153 650 2168 689 :

566 730 859 799 Tamquam
898 746 1001 784 una
1031 746 1095 785 ea:
1135 729 1500 797 insipientibus
1532 730 1710 784 locuta
1750 746 1803 783 es
1832 726 2024 799 (Ibid.,
2057 725 2169 797 10).

567 825 688 881 Non
719 824 1010 881 mediocris
1039 824 1205 896 igitur
1232 825 1335 879 ista
1368 824 1631 889 tentatio;
1661 838 1898 893 namque
1924 822 2174 892 asperio-

564 932 655 974 res
685 918 1017 974 tentationes
1053 918 1150 972 bas
1179 931 1303 972 esse
1332 916 1715 988 cognovimus,
1748 931 1870 985 qua:
1908 916 2048 969 ﬁunt
2076 929 2173 985 per

564 1009 845 1066 mulieres.
872 1008 1119 1079 Denique
1141 1024 1237 1079 per
1266 1009 1434 1063 Evam
1456 1008 1624 1064 etiam
1650 1006 1824 1063 Adam
1848 1007 2174 1079 supplanta-

566 1108 654 1157 tus
683 1109 769 1155 est
795 1098 950 1171 (Gen.
995 1114 1079 1167 ut,
1120 1100 1209 1170 6);
1257 1114 1434 1172 eoque
1480 1102 1703 1166 factum,
1739 1108 1796 1153 ut
1838 1099 1868 1153 'a
1900 1098 2175 1154 mandatis

564 1195 881 1252 ctelestibus
908 1194 1173 1251 deviaret.
1206 1195 1327 1264 Quo
1357 1210 1548 1251 errore
1574 1195 1820 1265 cognito,
1846 1193 2176 1264 praevarica-

565 1288 721 1344 tricis
759 1289 1114 1345 conscientia:
1157 1302 1282 1344 reus
1328 1289 1501 1344 latere
1545 1286 1827 1358 cupiebat,
1860 1284 1959 1341 sed
2000 1284 2175 1340 latere

568 1398 679 1439 non
702 1392 952 1454 poterat;
972 1392 1029 1440 et
1056 1381 1177 1438 ideo
1199 1382 1278 1437 ait
1298 1382 1352 1437 ei
1376 1382 1521 1438 Deus
1545 1397 1560 1436 :
1587 1380 1776 1446 Adam,
1798 1381 1883 1434 ubi
1910 1395 1962 1434 es
1980 1376 2171 1450 (lbid.,

567 1478 669 1547 9)?
701 1478 808 1533 hoc
834 1486 940 1543 est,
964 1477 1092 1548 quid
1115 1492 1239 1533 eras
1269 1475 1435 1532 ante?
1464 1475 1553 1531 ubi
1584 1488 1727 1529 nunc
1754 1487 1881 1528 esse
1910 1470 2175 1541 cmpisti?

568 1571 662 1628 ubi
711 1579 767 1626 te
811 1570 1250 1627 constitueram?
1306 1584 1415 1639 quo
1472 1568 1591 1637 ipse
1650 1576 2027 1636 transgressus
2058 1563 2174 1618 es?

569 1666 835 1737 Agnoscis
861 1681 986 1722 esse
1012 1675 1064 1721 te
1095 1664 1324 1730 nudum,
1347 1664 1475 1735 quia
1510 1665 1667 1719 bona:
1692 1661 2013 1719 indumenta
2042 1660 2173 1717 lidei

2276 469 2377 524 ego
2410 468 2572 508 unam
2621 450 2900 507 basilicam
2933 451 3157 507 habere.
3194 461 3216 488 ο
3264 449 3543 521 Respondi
3574 466 3589 503 :
3628 448 3753 504 Non
3789 449 3902 505 tibi

2276 544 2405 599 licet
2432 544 2577 599 illam
2608 542 2832 600 habere.
2855 542 2995 610 Quid
3025 542 3124 599 tibi
3149 557 3273 597 cum
3296 541 3543 597 adultera
3564 540 3589 595 ‘l
3609 540 3899 597 Adultera

2272 648 2356 693 est
2374 638 2541 703 enim,
2572 652 2695 708 quae
2722 653 2829 693 non
2868 647 2955 693 est
2981 636 3226 707 legitimo
3264 634 3465 693 Christi
3496 632 3762 706 conjugio
3793 649 3898 689 co-

2274 731 2476 801 pulata.

2344 820 2433 876 20.
2465 821 2600 876 Dum
2626 822 2741 877 haec
2760 830 2955 888 tracto,
2975 830 3290 892 suggestum
3315 828 3402 877 est
3421 819 3555 875 mihi
3575 816 3603 857 ιι
3633 819 3901 875 cortinas

2276 918 2453 987 regias
2481 930 2604 972 esse
2634 916 2917 983 collectas,
2952 914 3211 971 refertam
3240 924 3420 970 autem
3453 912 3659 986 populo
3682 912 3898 969 basili-

2275 1023 2415 1075 cam,
2464 1010 2812 1078 prvesentiam
2861 1010 2967 1064 mei
3018 1022 3282 1079 poscere;
3316 1007 3615 1078 statimque
3645 1020 3715 1061 eo
3749 1020 3898 1061 con-

2276 1100 2415 1156 verti
2439 1114 2753 1157 sermonem
2784 1116 2991 1168 meum,
3034 1100 3221 1156 dicens
3250 1116 3264 1155 :
3297 1099 3470 1168 Quam
3509 1099 3619 1154 alta
3658 1107 3717 1154 et
3753 1114 3895 1169 pro-

2275 1194 2439 1251 funda
2468 1196 2688 1251 oracula
2732 1206 2861 1250 sunt
2902 1195 3145 1265 Spiritus
3178 1196 3381 1251 sancti!
3416 1194 3693 1249 Matutinis
3727 1193 3894 1249 horis

2276 1288 2477 1345 lectum
2514 1298 2618 1355 est,
2646 1299 2704 1345 ut
2731 1290 3060 1345 meministis
3089 1289 3311 1356 fratres,
3344 1288 3487 1361 quod
3519 1304 3741 1344 summo
3770 1290 3896 1344 ani-

2276 1384 2348 1438 mi
2381 1383 2570 1439 dolore
2612 1383 3005 1455 respondemus
3056 1402 3069 1437 :
3118 1383 3285 1452 Deus,
3327 1392 3576 1439 venerunt
3602 1395 3786 1455 gentes
3834 1386 3890 1437 in

2277 1476 2626 1531 hcereditatem
2656 1486 2796 1531 tuam
2829 1475 3004 1548 (Psal.
3037 1491 3273 1542 Lxxvnt,
3304 1474 3382 1546 1).
3430 1475 3497 1531 Ει
3532 1491 3593 1532 re
3622 1490 3760 1531 vera
3793 1492 3891 1532 ve-

2275 1582 2472 1625 nerunt
2503 1580 2715 1641 gentes,
2743 1580 2799 1627 et
2826 1571 2946 1641 plus
2968 1572 3133 1627 etiam
3161 1586 3323 1643 quam
3350 1582 3545 1642 gentes
3574 1581 3883 1635 venerunt;

2277 1674 2541 1721 venerunt
2565 1666 2713 1722 enim
2743 1666 2927 1733 Gothi,
2958 1674 3013 1721 et
3044 1666 3379 1723 diversarum
3413 1667 3699 1723 nationum
3733 1667 3841 1722 viri
3867 1682 3883 1721 ε

569 1758 878 1831 perdidisti.
927 1759 1080 1815 Folia
1122 1768 1252 1814 sunt
1295 1759 1421 1823 ista,
1456 1757 1658 1828 quibus
1697 1772 1841 1812 nunc
1886 1756 2070 1811 velare
2116 1764 2171 1812 te
2197 1753 2246 1813 B
2274 1768 2542 1815 venerunt
2588 1774 2709 1815 cum
2748 1760 2940 1826 armis,
2988 1769 3043 1816 et
3096 1760 3410 1816 circumfusi
3464 1770 3888 1833 occupaverunt

569 1852 794 1922 quatris.
833 1851 1155 1923 Repudiasti
1196 1851 1453 1915 fructum,
1486 1850 1589 1906 sub
1618 1849 1764 1905 foliis
1802 1848 1959 1920 Legis
2001 1848 2172 1905 latere

567 1943 747 2014 cupis,
780 1944 878 2000 sed
929 1944 1202 2016 proderis.
1253 1942 1538 2000 Recedere
1584 1958 1613 1997 a
1645 1943 1880 1999 Domino
1925 1943 2037 1999 Deo
2080 1953 2172 1998 tuo

570 2046 798 2109 propter
824 2038 1305 2108 unamjmulierem
1330 2038 1676 2106 desiderasti,
1712 2048 2004 2109 propterea
2034 2038 2173 2110 fugis

565 2146 729 2203 quem
759 2131 946 2188 videre
973 2131 1279 2203 quaerebas.
1302 2130 1438 2187 Cum
1471 2145 1576 2186 una
1603 2130 1835 2186 muliere
1865 2139 1919 2185 te
1940 2131 2173 2186 abscon-

567 2225 700 2283 dere
720 2226 982 2293 maluisti,
1003 2226 1316 2296 relinquere
1337 2225 1622 2297 speculum
1645 2223 1855 2291 mundi,
1874 2223 2169 2280 incolatum

568 2321 829 2394 paradisi,
856 2320 1085 2393 gratiam
1123 2318 1348 2377 Christi.

643 2416 732 2472 18.
753 2415 896 2484 Quid
922 2414 1099 2470 dicam
1120 2414 1267 2487 quod
1296 2414 1459 2470 etiam
1489 2412 1669 2467 Eliam
1698 2410 1916 2468 Jezabel
1946 2419 2172 2467 cruente

569 2518 864 2581 persecuta
886 2517 973 2566 est
998 2508 1089 2581 (ιιι
1117 2508 1245 2580 Reg.
1272 2523 1391 2575 xix,
1418 2508 1440 2561 1
1471 2515 1519 2561 et
1542 2505 1711 2577 seq.)?
1734 2505 1879 2577 quod
1905 2505 2173 2561 Joannem

567 2602 867 2673 Baptistam
915 2601 1187 2657 Herodias
1228 2600 1358 2656 fecit
1402 2598 1580 2655 occidi
1622 2597 1861 2671 (Matth.
1907 2613 2019 2664 xrv,
2053 2598 2086 2651 ‘5
2128 2606 2175 2651 et

567 2696 745 2765 seq.)l
795 2694 1039 2765 Singula:
1084 2704 1263 2750 tamen
1312 2692 1580 2764 singulos,
1629 2692 1761 2746 milii
1804 2706 1913 2761 quo
1960 2691 2172 2745 minora

569 2788 733 2859 longe
780 2788 997 2853 merita,
1030 2802 1098 2844 eo
1126 2794 1459 2842 tentamenta
1498 2786 1769 2855 graviora.
1799 2784 1991 2839 Virtus
2025 2785 2174 2838 inlir-

571 2882 738 2948 mior,
771 2880 870 2936 sed
922 2880 1048 2951 plus
1098 2882 1344 2952 periculi.
1386 2866 1701 2935 Succedunt
1747 2878 1850 2932 sibi
1884 2877 2172 2932 mulierum

570 2974 744 3040 vices,
774 2974 1119 3029 alternantur
1142 2974 1289 3039 odia,
1312 2979 1621 3027 commenta
1652 2968 1958 3035 variantur,
1986 2968 2172 3024 senio-

568 3082 659 3126 res
702 3067 1123 3134 conveniuntur,
1172 3067 1337 3139 857
1389 3063 1707 3136 praetexitur
1752 3064 1900 3134 regis
1946 3061 2170 3133 injuria.

2277 1851 2579 1907 basilicam.
2606 1852 2719 1909 Hoc
2742 1867 2843 1909 nos
2870 1853 3045 1924 ignari
3069 1862 3174 1909 tua:
3196 1854 3496 1910 altitudinis
3521 1854 3886 1921 dolebamus,

2280 1954 2302 1980 °
2336 1943 2431 1999 sed
2460 1954 2644 2000 nostra
2676 1944 3043 2015 imprudentia
3075 1946 3224 2002 aliud
3265 1947 3616 2018 opinabatur.

2342 2037 2727 2094 2LVenerunt
2744 2048 2959 2109 gentes,
2976 2040 3072 2096 sed
3094 2056 3225 2097 vere
3247 2042 3299 2096 in
3326 2041 3707 2100 hereditatem
3736 2053 3887 2101 tuam

2275 2137 2580 2196 venerunt;
2604 2132 2693 2201 qui
2716 2132 2860 2187 enim
2883 2142 3073 2202 gentes
3094 2144 3384 2203 venerunt,
3420 2134 3551 2191 facti
3571 2146 3705 2192 sunt
3737 2138 3889 2193 chri-

2276 2223 2460 2279 stiani.
2495 2224 2597 2293 Qui
2644 2223 2714 2280 ad
2764 2225 3125 2284 invadendam
3154 2227 3528 2286 haereditatem
3581 2242 3886 2299 venerunt,

2277 2314 2402 2371 facti
2451 2325 2580 2372 sunt
2609 2316 2927 2375 cohaeredes
2970 2320 3089 2375 Dei.
3135 2320 3463 2379 Defensores
3495 2321 3702 2391 habeo,
3746 2340 3887 2395 quos

2278 2408 2756 2481 hosmsjputabam
2806 2428 2819 2463 :
2870 2411 3054 2467 socios
3102 2420 3300 2479 teneo,
3339 2428 3477 2485 quos
3519 2414 3888 2471 adversarios

2277 2501 2633 2557 aestimabam.
2648 2502 2987 2573 Completum
3003 2505 3231 2561 estillud
3245 2507 3389 2578 quod
3409 2508 3478 2564 de
3498 2508 3745 2565 Domino
3758 2510 3888 2566 Jesu

2278 2594 2447 2650 David
2481 2596 2744 2667 propheta
2780 2598 3000 2666 cecinit,
3030 2600 3158 2670 quia
3182 2600 3351 2669 factus
3371 2612 3446 2656 est
3477 2602 3532 2655 in
3575 2619 3713 2672 pace
3743 2605 3887 2657 locus

2276 2692 2409 2761 ejus,
2444 2699 2497 2743 et
2532 2708 2544 2743 :
2588 2688 2674 2744 Ibi
2714 2694 2968 2765 confregit
3012 2709 3207 2748 cornua
3233 2711 3472 2762 arcuum,
3504 2707 3745 2763 scutum,
3776 2698 3887 2769 gla-

2278 2782 2425 2835 dium
2453 2791 2501 2836 et
2553 2783 2743 2837 bellum
2766 2783 2940 2855 (Psal.
2973 2801 3138 2854 Lxxv,
3182 2787 3237 2851 5,
3278 2786 3357 2857 ι).
3398 2787 3567 2858 Cujus
3594 2791 3751 2845 enim
3785 2791 3889 2846 hoc

2278 2888 2497 2941 munus,
2518 2878 2674 2946 cujus
2694 2891 2854 2947 opus,
2880 2878 2982 2933 nisi
3007 2889 3181 2947 tuum,
3206 2880 3435 2938 Domine
3453 2881 3584 2937 Jesu
3605 2884 3631 2937 ?
3650 2883 3886 2941 Videbas

2278 2964 2345 3019 ad
2370 2966 2633 3037 templum
2667 2978 2817 3023 tuum
2846 2979 3087 3026 armatos
3118 2972 3305 3027 venire
3335 2991 3347 3027 :
3376 2972 3501 3029 hinc
3524 2990 3756 3045 gemere
3787 2992 3883 3048 po-

2280 3059 2490 3129 pulum,
2522 3070 2578 3115 et
2620 3060 2962 3131 frequentem
3009 3063 3224 3132 adesse,
3281 3064 3299 3103 '
3350 3082 3418 3124 ne
3449 3068 3745 3127 basilicam
3793 3070 3884 3127 Dei

568 3165 704 3230 Quae
754 3161 895 3216 ratio
948 3158 1114 3229 igitur
1175 3169 1261 3214 est
1314 3158 1579 3213 adversus
1628 3157 1773 3212 hunc
1817 3156 2171 3212 vermiculum
2202 3146 2247 3208 C
2280 3151 2496 3209 tradere
2521 3154 2988 3212 videretur:inde
3009 3157 3115 3212 vim
3141 3158 3407 3217 militibus
3428 3162 3719 3234 imperari.
3742 3165 3883 3220 Mors

567 3253 882 3325 “gravioris
910 3250 1254 3314 tentationis,
1289 3249 1394 3304 nisi
1432 3249 1557 3319 quia
1590 3262 1699 3304 non
1728 3263 1837 3313 me,
1859 3247 1955 3303 sed
1982 3245 2174 3301 Eccle—

570 3345 709 3401 siam
742 3345 1187 3417 persequuntur?

639 3441 731 3497 19.
756 3438 1049 3495 Mandatur
1071 3437 1308 3509 denique
1340 3455 1354 3493 :
1383 3436 1563 3494 Trade
1592 3436 1898 3492 basilicam.
1926 3435 2174 3506 Respon-

566 3532 672 3589 deo
697 3551 711 3587 :
736 3531 851 3588 Nec
871 3530 1006 3588 mihi
1036 3531 1114 3585 las
1136 3540 1219 3587 est
1245 3529 1465 3586 tradere
1487 3571 1501 3595 ,
1527 3544 1631 3586 nec
1652 3529 1749 3584 tibi
1773 3519 2049 3599 accipere,
2068 3527 2173 3581 lm-

567 3636 809 3697 perator,
863 3623 1105 3695 expedit.
1144 3623 1374 3678 Domum
1409 3622 1601 3694 privati
1649 3622 1800 3677 nullo
1845 3630 2003 3692 potes
2046 3621 2170 3691 jure

567 3732 862 3789 temerare,
890 3720 1116 3776 domum
1148 3719 1247 3775 Dei
1279 3718 1567 3775 existimas
1597 3715 1992 3772 auferendum?
2020 3714 2171 3771 Alle-

563 3826 723 3889 gatur
752 3815 1071 3886 imperatori
1103 3813 1275 3869 licere
1304 3812 1510 3880 omnia,
1537 3810 1707 3883 ipsius
1732 3825 1857 3867 esse
1888 3812 2164 3865 universa.

568 3908 898 3981 Respondeo
932 3907 1091 3964 :Noli
1123 3916 1175 3963 te
1202 3921 1455 3979 gravare,
1490 3905 1813 3976 Imperator,
1846 3913 1904 3958 ut
1930 3913 2089 3974 putes
2118 3911 2171 3956 te

570 4003 626 4057 in
659 4017 745 4069 ea,
786 4000 814 4038 δ
844 4016 966 4071 quae
992 4000 1174 4055 divina
1206 4008 1355 4067 sunt,
1390 3996 1654 4069 imperiali
1699 3995 1917 4067 aliquod
1956 3996 2045 4065 jus
2075 3993 2171 4048 ha-

568 4093 720 4150 bere.
753 4093 874 4149 Noli
919 4102 972 4150 te
998 4094 1288 4159 extollere,
1332 4093 1427 4149 sed
1456 4093 1502 4148 si
1532 4093 1614 4147 vis
1640 4090 1849 4146 diutius
1878 4092 2168 4161 imperare,

569 4195 688 4243 esto
713 4188 825 4244 Deo
851 4187 1125 4244 subditus.
1148 4186 1427 4257 Scriptum
1451 4194 1537 4241 est
1568 4204 1581 4239 :
1608 4185 1741 4253 Quae
1768 4184 1866 4240 Dei
1896 4184 2030 4251 Deo,
2053 4198 2173 4255 qua:

567 4280 800 4337 Ctesaris
827 4279 1031 4336 Caesari
1063 4279 1285 4349 (Matth.
1329 4294 1461 4343 χιιι,
1496 4278 1617 4348 21).
1650 4276 1732 4331 Ad
1781 4277 2166 4345 imperatorem

567 4375 771 4446 palatia
812 4373 1108 4445 pertinent,
1138 4372 1203 4427 ad
1234 4370 1577 4427 sacerdotem
1607 4368 1887 4424 Ecclesia'.
1920 4367 2171 4423 Publico-

566 4484 687 4525 rum
711 4467 805 4524 tibi
829 4466 1088 4523 manium
1105 4464 1196 4535 jus
1218 4464 1576 4519 commissum
1600 4469 1706 4527 est,
1728 4475 1835 4515 non
1860 4473 2163 4515 sacrorum.

2276 3256 2401 3302 ante
2429 3248 2617 3304 oculos
2655 3249 2819 3315 mihi;
2854 3265 2922 3306 ne
2950 3251 3079 3322 quid
3112 3253 3253 3309 inter
3284 3255 3401 3311 haec
3441 3256 3611 3313 furori
3640 3258 3832 3314 liceret
3864 3274 3878 3316 :

2276 3339 2556 3396 inseruisti
2602 3353 2673 3408 te,
2710 3343 2960 3411 Domine,
3006 3344 3273 3411 medium,
3322 3356 3377 3403 et
3424 3348 3605 3404 fecisti
3656 3361 3879 3423 utraque

2275 3448 2442 3487 unum
2478 3434 2699 3507 (Ep/tes.
2730 3451 2791 3500 ιι,
2825 3434 2939 3508 14).
2962 3436 3362 3509 Compescuisti
3395 3450 3664 3511 armatos,
3696 3443 3879 3499 dicens

2274 3526 2523 3596 profecto
2552 3545 2563 3580 :
2588 3528 2644 3582 Si
2673 3528 2741 3583 ad
2770 3543 2924 3585 arma
2964 3533 3333 3601 concurritur,
3362 3534 3530 3607 858
3560 3535 3609 3591 si
3658 3536 3714 3592 in
3749 3546 3876 3593 tem-

2275 3618 2367 3690 plo
2398 3634 2522 3675 meo
2554 3629 2579 3668 Β
2609 3620 2782 3677 clausi
2809 3636 3253 3692 commoventur,
3291 3642 3407 3695 qua:
3440 3628 3647 3684 utilitas
3673 3632 3728 3684 in
3755 3646 3874 3684 san-

2278 3713 2435 3782 guine
2466 3730 2575 3769 meo
2625 3712 2806 3787 (Deut.
2854 3732 3026 3785 χχχιι,
3082 3716 3213 3790 56)?
3260 3718 3473 3776 Gratias
3518 3721 3712 3792 itaque
3760 3722 3873 3786 tibi,

2277 3804 2514 3863 Christe.
2535 3807 2654 3864 Non
2685 3809 2916 3881 legatus,
2936 3826 3112 3882 neque
3140 3812 3383 3879 nuntius,
3409 3813 3503 3869 sed
3527 3825 3607 3882 tu,
3630 3815 3871 3881 Domine,

2278 3902 2475 3955 salvum
2522 3902 2690 3971 fecisti
2746 3905 2995 3976 papulum
3041 3918 3183 3959 tuum
3236 3923 3255 3962 :
3320 3908 3621 3963 conseidisti
3673 3924 3872 3964 saccum

2278 4008 2469 4061 meum,
2498 4004 2545 4048 et
2576 3996 2897 4065 prwcinzisti
2929 4012 3009 4051 me
3034 3997 3214 4052 lwtitia
3243 3998 3420 4070 (Psal.
3454 4016 3609 4065 xxxx,
3642 4003 3734 4066 10,
3767 4001 3870 4070 12).

2348 4087 2436 4141 2i.
2468 4088 2594 4144 liceo
2623 4104 2725 4162 ego
2766 4088 3041 4156 dicebam,
3088 4090 3318 4146 miratus
3362 4093 3719 4163 imperatoris
3757 4094 3870 4147 ani-

2276 4198 2423 4237 mum
2464 4182 2647 4238 studio
2696 4183 2956 4249 militum,
2988 4184 3380 4241 obsecratione
3409 4186 3706 4254 comitum,
3750 4202 3869 4257 prc-

2273 4283 2396 4329 catu
2429 4274 2614 4343 populi
2649 4289 2814 4345 posse
2843 4275 3157 4332 mitescere.
3189 4276 3402 4334 interea
3431 4279 3719 4333 nuntiatur
3746 4278 3868 4334 mihi

2272 4367 2497 4421 missum
2529 4366 2557 4404 δ
2580 4368 2873 4435 notarium,
2908 4368 2999 4439 qui
3028 4369 3283 4425 mandata
3316 4370 3581 4427 deferret.
3610 4371 3870 4428 COIICC>Si

2272 4460 2573 4531 paululum,
2602 4461 2919 4516 mandatum
2964 4461 3197 4517 intimat.
3231 4462 3373 4530 Quid
3407 4463 3505 4519 tibi
3546 4466 3726 4520 visum
3768 4472 3864 4528 est,

636 4618 661 4645 ει
690 4608 767 4662 lta
796 4621 927 4661 mss.
961 4603 1169 4675 plures,
1192 4609 1247 4658 et
1267 4600 1507 4672 potiores
1542 4618 1554 4652 :
1584 4597 1677 4675 alii
1703 4612 1854 4675 vero,
1890 4598 2157 4675 graviores
2184 4600 2239 4662 D
2263 4612 2452 4675 parum
2474 4597 3020 4675 necessaria,ete;tu
3034 4600 3388 4675 expungenda
3408 4617 3516 4657 non
3538 4605 3858 4675 putavimus.

563 4679 867 4755 tentationes
898 4693 917 4731 :
1132 4684 1193 4729 ut
1240 4668 1540 4755 congruum
1582 4671 1722 4726 cllici
1773 4678 1976 4740 posset,
2022 4668 2156 4725 edit.

563 4752 945 4823 praemia-terunt
968 4746 1205 4823 verbum
1226 4746 1443 4823 properi.

632 4821 661 4861 δ
689 4819 1112 4890 Itnpcratoribus
1142 4819 1194 4871 in
1226 4816 1526 4890 Ecclesiam
1559 4826 1757 4883 resque
1782 4810 2004 4890 divinas
2033 4812 2157 4867 nul-

561 4892 674 4964 lum
708 4883 797 4964 jus
827 4907 950 4949 esse
981 4895 1095 4960 jam
1137 4886 1557 4964 supra__dixerat
1587 4894 1809 4964 sanctus
1837 4883 2062 4964 Doctor,
2106 4894 2159 4939 ct

480 4970 491 4975 ’
558 4955 949 5031 ἰηῖηίιιιοιιυθ
979 4955 1031 5016 in
1059 4975 1159 5016 suo
1182 4955 1248 5013 ad
1280 4958 1721 5031 Valentinianum
1752 4955 1940 5031 libello
1970 4955 2155 5031 denuo

561 5026 779 5105 repetit.
815 5026 963 5089 Hanc
992 5034 1279 5105 veritatem
1320 5030 1537 5105 plurimi
1580 5043 1643 5084 ac
1680 5026 2010 5105 sanctissimi
2051 5026 2151 5105 viri

561 5098 842 5163 laboribus
873 5103 1196 5167 innumeris,
1225 5110 1280 5156 et
1318 5098 1644 5171 quandoque
1680 5099 1850 5171 etiam
1882 5098 2155 5171 (sanguine

560 5180 783 5248 proprio
806 5176 961 5231 tutati
985 5183 1133 5230 sunt.
1158 5172 1267 5248 Alii
1289 5169 1420 5248 vero
1441 5186 1568 5248 eam_
1588 5171 1743 5225 libris
1764 5169 1930 5248 editis
1953 5169 2153 5248 invicte

561 5239 996 5318 propugnarunt,
1023 5259 1161 5315 quos
1190 5244 1329 5318 inter
1353 5242 1639 5318 Facundus
1660 5250 1849 5296 contra
1875 5240 2009 5318 libr._
2030 5239 2153 5294 Jus-

560 5310 918 5374 iinfCésaris
944 5310 1189 5371 adversus
1215 5314 1315 5367 tria
1340 5312 1570 5381 capitula
1591 5312 1659 5366 de
1683 5310 2147 5382 magnanimitate,

559 5405 666 5461 qua
694 5390 955 5461 Ecclesiae
980 5387 1105 5458 jura
1128 5386 1197 5441 ab
1222 5384 1493 5461 episcopis
1522 5382 1868 5461 defendenda
1894 5389 2039 5461 sunt,
2063 5397 2152 5435 va-

559 5452 839 5517 lidissimis
868 5452 1108 5531 disputat
1132 5452 1487 5528 argumentis,
1513 5452 1608 5507 sed
1635 5454 1907 5523 prtecipue
1930 5453 2021 5508 lib.
2054 5468 2151 5517 xu,

560 5549 725 5603 quem
755 5533 1001 5587 consule.

636 5616 660 5644 ο
682 5603 950 5675 Respondi
978 5617 999 5654 :
1034 5599 1155 5675 Non
1190 5599 1281 5675 til_t_i
1321 5599 1436 5653 licet
1464 5597 1608 5651 illaut
1635 5594 1843 5675 habere,
1872 5593 2070 5675 desunt
2097 5594 2151 5647 in

560 5688 697 5729 mss.
718 5664 890 5742 prope
910 5671 1185 5727 omnibus.
1236 5670 1436 5742 Verum
1456 5682 1707 5742 cumAnon
1731 5666 1908 5721 solum
1938 5664 2120 5742 iu_cun
2136 5694 2156 5710 ο

564 5742 667 5801 etis
695 5736 839 5799 e'diti
861 5742 1192 5809 habeantur,
1220 5741 1318 5797 sed
1347 5738 1802 5798 etiamvideantur
1825 5736 2013 5794 sensui
2044 5750 2152 5796 non

2339 4666 2365 4705 ἀ
2393 4668 2636 4744 Cortina:
2664 4671 2829 4738 regite
2859 4670 2975 4744 vela
3011 4666 3259 4744 quaedam
3297 4684 3477 4737 erant,
3513 4666 3636 4744 quae
3667 4674 3860 4730 alicubi

2264 4738 2763 4864 (siuspeiidebantur,
2794 4746 2852 4794 ut
2884 4738 3043 4797 locus
3068 4742 3121 4797 in
3154 4743 3283 4799 lisco
3330 4738 3593 4817 principis
3629 4761 3752 4802 esse
3785 4746 3862 4801 in-

2306 4825 2450 4864 tcare
2479 4824 2561 4863 ur.
3045 4839 3059 4849 -

2306 4813 2383 4865 ica
2393 4819 2561 4865 retur.
3045 4839 3059 4849 -

2338 4891 2361 4919 ε
2390 4882 2519 4936 Mss.
2564 4880 2794 4951 aliquot,
2835 4885 2926 4939 sed
2969 4895 3146 4939 nostra
3186 4885 3527 4957 impudentia.
3575 4887 3692 4945 Non
3731 4887 3856 4943 satis

2266 4962 2434 5009 recte.

2340 5023 2357 5063 ῐ
2387 5023 2592 5079 Omnes
2618 5023 2781 5090 edit.,
2806 5042 2867 5081 ne
2897 5025 3114 5080 basilica
3142 5026 3235 5081 Dei
3263 5029 3577 5087 traderetur.
3607 5030 3628 5084 1
3638 5032 3737 5086 nde
3759 5029 3850 5085 vim

2262 5095 2531 5159 militibus,
2560 5095 2864 5167 imperatori
2891 5114 2909 5151 :
2937 5108 3154 5153 mortem
3185 5110 3303 5154 ante
3329 5102 3531 5157 oculos.
3559 5101 3689 5157 Mss.
3718 5113 3776 5158 ut
3801 5102 3847 5154 in

2261 5176 2541 5239 contextu,
2573 5166 2678 5239 nisi
2716 5168 2860 5239 quod
2894 5183 2995 5238 pro
3017 5171 3117 5223 vim
3140 5171 3412 5236 militibus,
3438 5181 3572 5239 etc.,
3607 5173 3717 5229 duo
3756 5174 3847 5226 ιλιι

2262 5183 2541 5229 contextu,
2573 5183 2678 5221 IllSI
2716 5183 2860 5293 ιὲιιοα
2894 5183 2995 5238 pro
3017 5185 3117 5223 vtm
3140 5183 3412 5236 militibus,
3438 5183 3572 5239 etc.,
3607 5183 3717 5229 duo
3756 5183 3847 5226 lia-

2262 5237 2412 5304 Dent,
2436 5247 2493 5292 ut
2518 5254 2549 5291 a
2571 5238 2719 5292 militi
2761 5256 2819 5293 us
2842 5240 3167 5309 imperatoris
3188 5258 3325 5296 mors
3351 5252 3470 5297 ante
3487 5248 3685 5300 oculos.
3709 5244 3847 5301 Unus

2262 5324 2391 5375 ms.,
2423 5309 3068 5385 Compescuistiarmatos,
3102 5313 3257 5368 duces
3283 5323 3331 5368 et
3362 5317 3651 5385 praefectos.
3682 5316 3744 5371 Si
3766 5328 3843 5366 ar-

2261 5396 2344 5433 ma
2361 5390 2695 5447 concurrunt,
2718 5382 2764 5435 si
2788 5381 2842 5436 in
2874 5383 3063 5450 templo
3084 5400 3195 5438 meo
3222 5381 3408 5450 clausi,
3436 5381 3545 5441 etc.

2296 5520 2307 5531 .
2335 5460 2358 5496 ις
2384 5451 2621 5531 lta_rttss.
2645 5452 2822 5531 ;_e_dit.
2851 5468 3002 5531 vero,
3133 5466 3492 5510 commovetur.
3522 5457 3693 5531 Minus
3722 5472 3839 5512 con-

2262 5520 2442 5596 eiune.
2471 5520 2727 5577 Nonnulli
2753 5539 2913 5596 mss.,
2936 5524 3098 5596 gladii
3129 5539 3529 5583 commoventur.
3559 5529 3699 5586 Infra
3724 5539 3838 5581 vero

2263 5592 2353 5674 ubi
2375 5606 2567 5674 omnes
2599 5608 2732 5674 mss.
2754 5592 2961 5666 legunt,
2986 5597 3212 5674 _miratus
3236 5598 3601 5674 imperatoris;
3623 5599 3835 5656 habetur

2263 5663 2317 5718 in
2334 5662 2599 5735 omnibus
2628 5662 2788 5730 edit.,
2810 5662 2954 5721 ratus
2980 5662 3328 5735 imperatoris".

2334 5731 2362 5770 ιι
2391 5733 2515 5790 Tria
2561 5744 2715 5793 erant
2768 5731 3073 5795 olhciorum
3118 5756 3342 5812 genera,
3387 5740 3544 5814 queis
3570 5741 3640 5798 ad
3673 5736 3832 5815 perfe-
