4040 6166
135 225 258 280 1001
1345 232 1756 295 EPISTOLARI

1870 237 2144 296 CLASSIS
2183 239 2220 294 Ι.
3281 251 3421 308 1002

133 336 318 406 inquit,
343 341 403 392 ut
430 343 622 394 contra
645 340 903 410 placitum
935 341 1182 398 faceres?
1208 343 1486 416 Respondi
1519 366 1531 403 :
1561 348 1717 418 Quod
1745 351 1795 410 A
1819 349 2002 419 justus
2031 351 2195 406 etiam
2228 350 2494 408 offensam
2527 354 2854 412 contrahere
2897 357 3184 428 voluisset,
3225 376 3296 420 ne
3335 365 3422 419 vel

131 430 379 526 placitum
411 431 508 526 sit
531 431 742 502 ignoro,
781 432 982 526 quidve
1013 445 1220 493 temere
1249 437 1452 495 factum
1486 440 1718 509 dicatur,
1826 451 2119 511 spectaret,
2144 444 2228 499 vel
2249 444 2599 503 denuntiaret
2621 448 2896 504 excidium
2923 451 3152 508 civitati.
3181 453 3253 510 Et
3273 458 3420 526 quod

134 524 392 580 incertum
422 525 620 582 habeo.
653 526 747 582 Ait
777 544 789 580 :
821 525 932 583 Cur
960 529 1308 602 presbyteros
1335 533 1400 587 ad
1442 533 1722 590 basilicam
1825 533 2056 606 lugubre
2082 545 2230 592 esset
2268 536 2398 593 illud
2440 537 2668 604 dictum,
2698 541 3058 598 contristatus
3085 524 3303 614 quoque
3327 549 3422 612 sit,

131 617 523 676 destinasti?Si
548 630 813 692 tyrannus
835 621 1073 688 es,scire
1094 623 1326 689 volo;ut
1347 627 1514 681 sciam
1538 642 1726 697 quem-
1827 628 1970 698 quod
2017 629 2251 685 aruisset
2289 630 2592 687 cucurbita.
2639 633 2811 689 Deum
2844 649 3063 705 quoque
3107 636 3310 694 dixisse
3355 641 3425 694 ad

133 709 418 766 admodum
449 726 543 768 me
572 712 862 769 adversum
894 722 946 770 te
970 731 1290 787 przeparem.
1317 717 1498 774 Retuli
1538 719 1726 777 dicens
1826 719 2150 791 prophetam
2177 737 2192 776 :
2224 722 2285 778 Si
2315 724 2476 778 tristis
2507 741 2559 779 es
2590 741 2685 796 pro
2713 727 3020 782 cucurbita?
3055 728 3429 800 Respondisse

137 817 217 857 me
245 801 385 858 nihil
425 803 482 858 in
517 804 886 876 pmjudicium
917 805 1111 864 fecisse
1149 809 1410 866 Ecclesiae
1445 828 1458 864 :
1492 827 1559 868 eo
1590 822 1726 870 tem—
1827 808 2024 866 Jonam
2055 829 2068 864 :
2105 811 2313 868 Tristis.
2357 813 2572 871 Dixisse
2593 816 2905 884 Dominum,
2939 819 2982 873 si
3029 818 3162 874 illud
3209 820 3426 877 doleret

135 908 256 964 pore
275 910 384 967 quo
406 895 694 954 audieram
728 908 1053 971 occupatam
1077 917 1199 958 esse
1225 917 1254 955 τι
1283 903 1549 960 militibus
1575 905 1726 961 basi-
1830 902 1975 974 quod
1997 913 2190 959 exusta
2212 913 2363 961 esset
2389 907 2696 974 cucurbita,
2721 918 2926 979 quanto
2956 911 3129 982 magis
3152 912 3256 969 sibi
3281 928 3427 971 curae

136 987 282 1044 licam
309 1031 324 1056 ,
367 989 638 1060 gemitum
684 994 1059 1050 tantummodo
1095 994 1408 1052 liberiorem
1439 995 1723 1064 habuisse,
1828 1009 1952 1050 esse
1993 1003 2248 1066 oportere
2296 1005 2462 1054 tantae
2493 999 2670 1070 plebis
2710 1000 2983 1057 salutem!
3019 1001 3088 1056 Et
3117 1003 3242 1060 ideo
3274 1005 3424 1060 exci-

134 1084 418 1154 multisque
453 1085 874 1142 adhortantibus
917 1097 978 1143 ut
1021 1103 1088 1144 eo
1129 1104 1438 1161 pergerem,
1469 1089 1680 1146 dixisse
1712 1109 1724 1142 :
1831 1086 2004 1153 dium,
2032 1087 2175 1155 quod
2209 1097 2457 1158 paratum
2489 1091 2585 1146 toti
2621 1090 2738 1146 urbi
2767 1090 2964 1158 fuerat,
2995 1095 3315 1151 removisse.
3357 1156 3373 1168 ,

135 1173 362 1231 Tradere
384 1176 672 1234 basilicam
702 1194 811 1235 non
841 1194 1086 1250 possum,
1119 1181 1216 1236 sed
1238 1197 1481 1253 pugnare
1506 1199 1612 1238 non
1635 1182 1725 1239 de.
1901 1178 1992 1234 26.
2035 1178 2146 1235 Nec
2176 1196 2348 1249 mora,
2374 1181 2653 1239 nuntiatur
2680 1184 3066 1254 imperatorem
3092 1187 3343 1256 jussisse,
3374 1199 3434 1244 ut

135 1266 247 1323 beo.
275 1268 469 1324 Postea
499 1285 632 1325 vero
672 1286 834 1342 quam
864 1273 1223 1343 cognoverim
1262 1275 1506 1330 cortinas
1547 1276 1730 1346 regias
1831 1272 2151 1328 recederent
2179 1273 2382 1329 milites
2408 1274 2478 1330 de
2523 1275 2787 1331 basilica:
2836 1278 3268 1348 negotiatoribus
3294 1297 3433 1348 quo-

139 1360 251 1416 inde
275 1376 398 1418 esse
431 1363 712 1430 sublatas,
766 1380 891 1420 cum
925 1380 1012 1421 me
1053 1365 1287 1436 populus
1325 1381 1393 1422 eo
1434 1367 1515 1422 ire
1551 1367 1726 1438 depo-
1831 1379 1959 1432 que,
2013 1379 2032 1402 ι·
2067 1364 2212 1436 quod
2240 1367 2417 1422 exacti
2445 1367 2513 1422 de
2542 1367 2998 1426 condemnatione
3038 1371 3271 1439 fuerant,
3305 1375 3434 1430 red-

139 1463 322 1523 sceret,
341 1454 623 1512 direxisse
646 1459 1030 1530 presbyteros;
1056 1474 1144 1514 me
1163 1466 1343 1514 tamen
1361 1459 1605 1516 noluisse
1627 1461 1727 1526 ire,
1831 1458 2073 1515 deretur.
2107 1459 2240 1528 Quae
2264 1469 2394 1517 tunc
2420 1462 2594 1531 plebis
2626 1464 2794 1518 totius
2818 1463 3003 1520 latitia
3029 1465 3127 1522 fuit
3152 1469 3166 1522 !
3221 1468 3316 1538 qui
3346 1478 3433 1523 to-

143 1548 224 1604 sed
252 1548 458 1606 dixisse
494 1567 512 1606 :
554 1550 734 1607 Credo
777 1551 832 1606 in
873 1551 1096 1608 Christo
1126 1552 1271 1622 quod
1300 1551 1418 1623 ipse
1447 1553 1729 1610 nobiscum
1833 1552 1941 1607 tius
1988 1553 2174 1623 populi
2203 1554 2612 1625 plaususlquae
2661 1556 2882 1625 gratias!
2927 1556 3062 1613 Erat
3090 1568 3271 1616 autem
3315 1560 3433 1617 dies

143 1640 286 1699 faciet
313 1644 641 1713 imperator.
1833 1660 1943 1716 quo
1972 1660 2096 1702 sese
2124 1629 2389 1702 Dominus
2404 1662 2502 1717 pro
2527 1649 2684 1704 nobis
2703 1649 2954 1714 tradidit,
2980 1652 3156 1722 quoin
3190 1651 3436 1708 Ecclesia

204 1734 290 1789 9.5.
312 1734 370 1789 Si
404 1734 528 1790 haec
555 1735 860 1808 tyrannidis
899 1735 1175 1802 videntur,
1211 1737 1389 1794 habeo
1419 1752 1591 1802 arma,
1635 1737 1729 1794 sed
1762 1770 1812 1830 Β
1837 1737 2156 1808 paenitentia
2188 1738 2488 1795 relaxatur.
2517 1737 2778 1795 Certatim
2804 1740 2909 1796 hoc
2934 1744 3185 1799 nuntiare
3212 1744 3433 1811 milites,

145 1823 190 1880 in
212 1824 411 1882 Christi
440 1830 668 1883 nomine
693 1845 707 1882 :
733 1827 910 1884 habeo
939 1827 1200 1885 efferendi
1228 1830 1331 1886 mei
1364 1830 1614 1900 corporis
1637 1845 1734 1900 po-
1762 1823 1808 1830 ”
1842 1830 2115 1886 irruentes
2140 1831 2194 1886 in
2225 1832 2437 1894 altaria,
2464 1831 2663 1887 osculis
2695 1833 3004 1905 significare
3031 1835 3180 1906 pacis
3207 1835 3442 1906 insigne.

148 1929 403 1977 testatem.
432 1921 582 1990 Quid
607 1931 918 1978 moraretur
945 1923 1133 1990 ferire,
1164 1923 1209 1978 si
1251 1931 1540 1997 tyrannum
1574 1933 1734 1992 puta-
1837 1921 1992 1977 Tunc
2019 1923 2211 1993 agnovi
2246 1922 2390 1993 quod
2421 1923 2566 1979 Deus
2591 1912 2833 1979 vermem
2887 1926 3270 1983 antelucanum
3309 1943 3440 1997 per-

150 2014 250 2068 ret?
279 2023 304 2050 δ
339 2013 527 2070 Veteri
565 2013 691 2085 jure
729 2030 760 2068 α
811 2014 1186 2071 sacerdotibus
1233 2015 1432 2070 donata
1481 2016 1729 2086 imperia,
1836 2022 2106 2079 cusserat,
2137 2021 2195 2067 ut
2224 2021 2334 2068 tota
2364 2014 2555 2071 civitas
2596 2024 2929 2071 servaretur.

153 2121 243 2162 non
272 2117 535 2179 usurpata
576 2124 590 2162 :
632 2117 688 2163 et
719 2107 882 2178 vulgo
920 2107 1025 2163 dici
1067 2107 1213 2179 quod
1263 2109 1623 2179 imperatores
1653 2124 1740 2164 sa-

152 2199 434 2256 cerdotium
478 2201 656 2272 magis
683 2199 1015 2271 optaverint,
1045 2216 1206 2272 quam
1236 2201 1528 2270 imperium
1557 2216 1740 2257 sacer-

157 2291 309 2351 dotes.
352 2294 616 2352 Christus
654 2293 812 2365 fugit,
855 2310 923 2350 ne
956 2309 1054 2350 rex
1100 2293 1257 2351 fieret
1294 2294 1475 2356 (Joan.
1511 2311 1586 2361 vr,
1622 2295 1740 2367 15).

156 2384 412 2445 Habemus
441 2386 796 2461 tyrannidem
828 2395 1093 2442 nostram.
1125 2387 1397 2458 Tyranuis
1414 2386 1738 2451 sacerdotis,

158 2477 420 2537 inﬁrmitas
450 2488 545 2537 est
575 2498 589 2534 :
620 2479 749 2535 Cum
775 2479 1249 2547 inﬁrmor,inquit,
1279 2488 1400 2532 tunc
1422 2488 1602 2550 potens
1629 2495 1743 2532 sum

159 2569 216 2640 (ll
240 2569 353 2626 Cor.
386 2589 486 2640 xu,
517 2569 633 2641 10).
657 2569 864 2626 Cavere
885 2579 1067 2626 tamen
1094 2585 1162 2625 ne
1191 2569 1308 2640 ipse
1330 2569 1433 2625 sibi
1453 2577 1742 2641 tyrannum

160 2661 364 2730 iaceret,
394 2664 484 2720 cui
522 2663 671 2718 Deus
711 2661 1091 2718 adversarium
1119 2677 1226 2717 non
1255 2660 1538 2716 excitavit.
1570 2659 1598 2698 δ
1625 2659 1745 2716 Non

164 2754 254 2812 hoc
276 2757 574 2812 maximum
602 2754 811 2822 dicere,
836 2754 978 2826 quod
1007 2765 1270 2826 tyrannus
1293 2768 1395 2825 ego
1425 2752 1526 2808 sim
1549 2752 1746 2808 Valen-

165 2846 354 2917 tiniani,
398 2851 496 2922 qui
541 2863 600 2904 se
644 2862 781 2903 mea:
825 2848 1114 2919 legationis
1154 2847 1371 2919 objectu
1402 2846 1650 2917 queritur
1680 2845 1747 2902 ad

167 2937 346 2996 italiam
376 2958 486 2997 non
518 2939 764 3012 potuisse
790 2939 1050 2995 transire.
1074 2937 1271 2994 Addidi
1297 2938 1425 3008 quia
1451 2951 1746 3009 numquam

168 3037 453 3096 sacerdotes
487 3035 712 3108 tyranni
738 3033 984 3102 fuerunt,
1015 3033 1112 3090 sed
1138 3040 1407 3104 tyrannos
1442 3045 1591 3103 saepe
1623 3039 1752 3087 sunt

164 3133 307 3200 passi.

219 3222 300 3276 24.
331 3223 583 3279 Exn-ctus
614 3230 702 3278 est
727 3230 876 3277 totus
901 3219 994 3276 ille
1020 3218 1140 3276 dies
1161 3220 1215 3275 in
1244 3233 1484 3276 maerore
1512 3227 1702 3276 nostro
1732 3236 1745 3272 :

164 3314 324 3370 scissa:
351 3323 546 3371 tamen
580 3312 650 3368 ab
680 3311 1036 3369 illudeutibus
1077 3311 1261 3382 pueris
1292 3311 1518 3367 cortinae
1561 3313 1746 3383 regiae.

168 3399 263 3472 Ego
289 3404 522 3462 domum
552 3403 734 3459 redire
756 3418 864 3458 non
894 3404 1078 3474 potui;
1105 3404 1230 3474 quia
1253 3403 1568 3459 circumfusi
1593 3416 1752 3460 erant

166 3494 364 3562 milites,
396 3495 502 3568 qui
543 3495 828 3550 basilicam
867 3493 1268 3549 custodiebant.
1310 3492 1447 3548 Cum
1489 3493 1750 3551 fratribus

167 3583 379 3652 psalmos
409 3587 478 3642 in
508 3585 758 3641 ecclesiae
780 3583 1002 3640 basilica
1025 3585 1237 3640 minore
1257 3584 1520 3646 diximus.

226 3676 308 3731 25.
345 3677 620 3748 Sequenti
650 3675 739 3733 die
769 3677 941 3731 lectus
971 3685 1056 3732 est
1095 3677 1165 3732 de
1194 3694 1348 3734 more
1393 3679 1535 3734 liber
1575 3681 1748 3747 Jonre,

169 3780 264 3837 quo
285 3770 590 3843 completo,
623 3768 766 3823 hunc
793 3782 1102 3824 sermonem
1136 3768 1368 3824 adorsus
1397 3785 1515 3824 sum
1547 3787 1560 3823 :
1593 3769 1753 3824 Liber

170 3860 324 3922 lee'tus
349 3876 462 3929 est,
489 3865 708 3928 fratres,
739 3877 847 3934 quo
872 3863 1231 3934 prophetatur
1253 3861 1398 3932 quod
1433 3871 1754 3933 peccatores

171 3950 217 4006 in
245 3954 623 4023 paenitentiam
647 3962 1016 4010 revertantur.
1041 3953 1337 4022 Acceptum
1362 3961 1445 4008 est
1472 3953 1564 4017 ita,
1587 3954 1756 4027 859

170 4053 225 4100 ut
248 4056 563 4118 speraretur
589 4045 643 4101 in
678 4045 938 4117 pra-senti
970 4043 1231 4100 futurum.
1277 4041 1476 4098 Addidi
1503 4044 1648 4113 quod
1675 4047 1759 4099 vir

176 4250 326 4305 renda
348 4256 563 4306 secreta
594 4245 847 4301 mandata
876 4245 1168 4301 utebantur
1197 4243 1578 4312 imperatores,
1606 4241 1752 4296 scili-

177 4331 253 4375 cet
289 4321 516 4386 notarii,
550 4319 752 4373 tribuni
783 4328 838 4373 et
886 4317 1137 4372 comites.
1180 4313 1381 4370 Verum
1428 4320 1608 4386 tamen
1646 4312 1755 4366 illa:

178 4389 458 4460 dignitates
480 4383 885 4460 nonnumquam
909 4389 961 4443 in
981 4402 1091 4443 uno
1105 4386 1326 4460 homine
1338 4383 1751 4460 coalescebant;

179 4453 319 4533 cujus
370 4464 453 4519 rei
492 4453 1016 4533 plurima'suggerit
1042 4455 1662 4533 exempla-Godefridus
1689 4453 1755 4533 ad

181 4526 276 4603 leg.
305 4551 323 4590 ι
351 4537 420 4590 de
453 4526 714 4588 Mmdatis
743 4526 1068 4603 principum,
1099 4526 1282 4603 etgn'os
1309 4529 1448 4583 intra
1489 4541 1660 4603 unum
1703 4526 1757 4580 in

183 4598 441 4661 Ambrosii
472 4604 657 4659 libello
691 4598 1048 4664 reperiemus.
1082 4601 1206 4671 Agit
1232 4601 1301 4656 de
1327 4600 1540 4656 notario
1562 4598 1763 4654 Bulen-

185 4688 330 4742 gerus
359 4678 457 4732 lib.
492 4692 564 4740 vi,
595 4690 714 4743 cap.

252 4756 274 4783 ει
304 4747 360 4802 In
411 4739 636 4816 antiquo
664 4739 895 4800 'fcedere
949 4759 979 4799 a
1026 4742 1279 4800 Samuele
1324 4741 1458 4816 _S_aul
1499 4750 1555 4797 et
1591 4739 1764 4816 David

189 4820 325 4872 uncti
367 4813 638 4884 fuere,'ac
676 4816 933 4870 Salomon
960 4830 990 4869 a
1022 4816 1282 4884 propheta
1324 4813 1558 4868 Nathan.
1591 4813 1767 4882 Reges

191 4901 313 4943 vero
358 4889 483 4947 Sani
523 4899 580 4944 et
621 4888 799 4953 Ozias,
851 4901 974 4942 cum
1007 4885 1348 4941 sacerdotale
1381 4901 1577 4939 munus
1607 4898 1768 4938 usur-

190 4971 422 5026 passent,
461 4962 512 5014 in
547 4975 765 5029 gravem
796 4959 892 5013 Dei
924 4956 1190 5029 offensam
1220 4956 1551 5029 inciderunt.

259 5030 284 5067 ι’
302 5031 415 5087 Hoc
438 5031 505 5087 de
537 5025 699 5101 priori
726 5030 996 5101 legatione
1017 5027 1450 5098 intelligendum,
1475 5037 1534 5082 ut
1558 5042 1588 5082 a
1617 5025 1775 5082 nobis

195 5097 390 5157 dictum
422 5112 509 5158 est
538 5097 591 5156 in
623 5097 1034 5157 Admonitioue.

266 5184 287 5211 ε
327 5174 474 5230 Edit.
523 5173 722 5239 Rom.,

200 5242 384 5311 fuerat.
474 5297 478 5299 ,

269 5315 293 5350 ἀ
334 5318 587 5385 Qumnam
627 5314 903 5386 praepositi
953 5311 1186 5386 cubiculi
1217 5310 1454 5386 dignitas
1480 5318 1648 5373 esset,
1681 5325 1779 5386 eg-

207 5381 377 5459 plicat'
403 5381 860 5459 llulcnge‘rus'lib.
893 5401 951 5439 tu
980 5381 1316 5459 de_lmp_erij)
1345 5383 1505 5459 Rom.
1535 5395 1657 5450 cap.
1686 5381 1776 5435 15.

208 5453 272 5530 Et
296 5457 511 5516 Godefr.
535 5453 654 5530 Ie'gc
678 5460 748 5514 de
770 5455 1092 5530 Prmpqsas.
1115 5456 1241 5509 cub.
1262 5453 1422 5530 Quod
1439 5461 1623 5530 autem
1656 5467 1778 5522 pcr-

208 5527 336 5583 tinet
370 5531 433 5586 ad
463 5524 913 5586 insolentissimas
945 5525 1170 5596 hujusce
1193 5526 1426 5581 eunuchi
1454 5524 1650 5590 minas,
1678 5536 1779 5578 nec

213 5610 314 5652 non
341 5601 407 5656 ad
443 5603 670 5659 liberam
701 5616 764 5656 ac
789 5595 1110 5669 generosam
1143 5595 1417 5669 Ambrosii
1442 5609 1660 5669 vocem,
1687 5608 1783 5648 eas

212 5669 416 5742 quidem
433 5675 528 5730 lib.
553 5666 883 5742 deloseph.,
902 5684 1021 5740 cap.
1045 5669 1100 5733 6,
1123 5668 1388 5742 num._55,
1404 5666 1786 5742 idemsauctus

214 5739 368 5798 tacite
396 5745 588 5817 tangit,
613 5736 838 5800 sicut'ct
874 5736 1162 5798 cruentum
1204 5737 1364 5796 istius
1412 5736 1734 5807 supplicium
1769 5751 1782 5798 ;

726 5837 1002 5898 Paraon.
1069 5833 1242 5897 XVI.
1320 5832 1322 5835 ’

780 5172 919 5242 quod
968 5181 1206 5225 exactum
1250 5170 1316 5224 de
1356 5169 1783 5223 condemnatione

1911 2105 2000 2159 27.
2054 2103 2176 2160 Haec
2233 2113 2381 2174 gesta
2437 2115 2586 2171 sunt,
2637 2117 2799 2176 atque
2842 2109 3048 2162 utinam
3097 2110 3209 2179 jam
3243 2110 3436 2166 (inita!

1841 2197 1936 2252 sed
1963 2197 2249 2267 graviores
2276 2206 2456 2252 motus
2483 2196 2692 2252 futuros
2723 2200 2879 2268 plena
2911 2201 3298 2255 commotionis
3343 2205 3446 2257 im-

1844 2287 2067 2359 perialia
2094 2288 2261 2344 verba
2287 2286 2550 2343 indicant.
2604 2289 2717 2359 Ego
2765 2297 3030 2359 tyrannus
3077 2291 3345 2361 appellor,
3392 2304 3449 2348 ct

1844 2380 1968 2451 plus
1999 2380 2163 2436 etiam
2203 2394 2366 2450 quam
2398 2369 2684 2450 tyran’nus.
2715 2380 2847 2434 Nam
2898 2396 3020 2436 cum
3054 2382 3442 2452 imperatorem

1844 2475 2074 2530 comites
2123 2473 2476 2529 obsecrarent
2525 2473 2602 2528 uti
2668 2473 2911 2543 prodiret
2974 2473 3040 2528 ad
3095 2475 3444 2544 Ecclesiam;

1847 2568 2010 2639 idque
2037 2568 2206 2638 petitu
2250 2567 2480 2623 militum
2513 2568 2694 2625 facere
2725 2583 2785 2624 se
2813 2569 3079 2636 dicerent,
3112 2573 3396 2642 respondit
3427 2593 3440 2628 :

1847 2660 1906 2718 Si
1936 2661 2092 2717 vobis
2111 2661 2338 2730 jusserit
2376 2658 2721 2728 Ambrosius,
2764 2663 3004 2718 vinctum
3055 2679 3142 2719 me
3194 2665 3445 2724 tradetis.

1851 2754 1991 2822 Quid
2023 2763 2146 2826 post
2175 2754 2312 2810 hanc
2363 2768 2554 2810 vocem
2603 2755 2868 2824 supersit,
2915 2757 3225 2813 considera.
3275 2758 3449 2826 Quam

1847 2862 2039 2904 vocem
2095 2861 2284 2903 omnes
2332 2846 2755 2912 cohorruerunt,
2811 2847 2907 2903 sed
2971 2848 3134 2905 habet
3176 2865 3207 2904 a
3246 2851 3442 2921 quibus

1851 2951 2229 3010 exasperetur.

1924 3031 2016 3089 28.
2061 3032 2303 3102 Denique
2345 3032 2510 3086 etiam
2550 3032 2772 3102 speciali
2818 3035 3174 3104 expressione
3219 3035 3247 3072 ιι
3289 3035 3457 3093 Calli-

1774 3147 1821 3211 C
1853 3139 2047 3196 genus,
2075 3123 2397 3196 praepositus
2417 3123 2673 3190 cubiculi,
2699 3125 2958 3182 mandare
2988 3126 3120 3182 mihi
3139 3141 3303 3185 ausus
3325 3139 3441 3185 est:

1855 3219 1939 3274 Me
1965 3218 2109 3285 vivo,
2174 3226 2228 3271 tu
2273 3216 2582 3272 contemnis
2609 3215 3098 3274 Valentinianum?
3128 3219 3303 3291 Caput
3354 3222 3448 3278 tibi

1857 3309 2008 3365 tollo.
2065 3307 2378 3379 Respondi:
2427 3307 2568 3364 Deus
2617 3310 2915 3379 permittat.
2942 3310 3063 3378 tibi,
3122 3323 3181 3368 ut
3226 3314 3451 3386 impleas

1856 3401 2000 3473 quod
2029 3401 2292 3464 minaris;
2337 3415 2439 3472 ego
2484 3401 2629 3456 enim
2681 3403 2858 3470 patiar
2909 3403 3053 3472 quod
3101 3405 3367 3478 episcopi,
3397 3417 3454 3462 tu

1857 3494 2024 3549 facies
2061 3505 2083 3531 ε
2115 3492 2259 3564 quod
2308 3493 2601 3564 spadones.
2625 3493 2804 3563 Atque
2843 3495 3049 3550 utinam
3079 3495 3223 3552 Deus
3251 3507 3461 3554 avertat

1860 3599 1955 3640 eos
1983 3585 2050 3639 ab
2075 3584 2338 3648 Ecclesia,
2379 3584 2436 3638 in
2465 3598 2554 3639 me
2599 3582 2782 3637 omnia
2832 3599 2928 3638 sua
2968 3585 3072 3641 tela
3111 3597 3455 3652 convertant,

1861 3693 1984 3734 meo
2011 3679 2273 3748 sanguine
2302 3675 2447 3730 sitim
2489 3689 2642 3730 suam
2679 3672 2699 3710 ί
2732 3676 3020 3745 expleant!

2248 3765 2414 3836 εθο
2453 3774 2477 3811 ε
2527 3763 2864 3820 EPISTOLA
2914 3765 3058 3821 XXI.

1858 3861 2088 3918 Excusat
2120 3859 2422 3912 Ambrosius
2451 3857 2592 3926 quod
2614 3867 2824 3912 vocatus
2854 3874 2959 3913 non
2987 3861 3180 3914 venerit
3227 3865 3298 3918 ad
3328 3881 3456 3921 con-

1929 3953 2216 4017 sistorium,
2249 3963 2487 4004 asserens
2532 3948 2586 4002 in
2632 3965 2791 4003 causa
2838 3951 2962 4020 ﬁdei
3009 3953 3087 4007 vel
3114 3957 3463 4016 ecclesiastica

1924 4044 2166 4117 judicare
2193 4042 2293 4098 nisi
2313 4042 2601 4097 sacerdotes
2631 4042 2882 4097 neminem
2906 4043 3128 4113 debere;
3159 4067 3251 4105 nec
3301 4069 3354 4108 se
3407 4056 3461 4110 in

1859 4240 1915 4298 id
1944 4248 2124 4295 tamen
2166 4247 2313 4295 tanta
2340 4253 2461 4294 cum
2485 4237 2756 4295 modestia
2789 4241 2952 4308 facit,
2988 4251 3046 4297 ut
3075 4243 3212 4299 nihil
3256 4247 3323 4302 ab
3374 4249 3454 4302 in-

1861 4311 2282 4386 sultandimodo
2313 4311 2821 4386 magisabborreat.
2852 4313 2934 4386 De
2962 4315 3234 4386 supplicio
3271 4328 3453 4374 autem

1863 4386 1984 4511 fjlps
2015 4382 2309 4509 xgleoquae
2353 4397 2419 4438 ex
2473 4382 2778 4454 Augustino
2834 4382 3082 4441 diximus
3117 4387 3169 4441 iu
3215 4389 3459 4460 ejusdem

1886 4473 1900 4510 l
1943 4472 1986 4510 τι
2101 4471 2151 4510 m
2193 4471 2247 4510 n.

1943 4525 2072 4602 {ita
2121 4536 2234 4602 vet.
2281 4525 2422 4602 _edit.
2456 4525 2564 4602 ubi
2601 4535 2723 4602 post
2768 4541 2958 4584 vocem
2998 4531 3229 4602 episcOpi
3274 4532 3460 4588 subin-

1790 4566 1842 4626 Ῑ)
1868 4566 2792 4675 tettiéé"p&5'i012§i}'a2"§iniiiiier:
2805 4566 2958 4675 ἶῖόἒζ
2989 4566 3462 4675 ὗέὲέ”ιῖιῗ’ἑρῗιέἱέἶέὲξ

1870 4677 2055 4724 mente
2087 4669 2476 4738 supplendum,
2513 4671 2683 4737 facere
2706 4669 2890 4725 solent.
2913 4670 3026 4738 Qua
3053 4669 3303 4729 oratione
3330 4675 3464 4729 alitt-

1869 4739 2002 4815 dere
2053 4741 2224 4807 potuit
2272 4738 2341 4815 a_d
2396 4738 2868 4815 Acltillatn__illutu
2921 4741 3265 4815 @gyptium,
3298 4760 3463 4815 aquo

1871 4811 2260 4888 interemptum
2288 4809 2611 4888 Pompeium
2642 4809 2828 4888 libello
2856 4811 2908 4864 in
2937 4809 3278 4888 Relationem
3307 4809 3466 4888 Sym-

1875 4880 2053 4956 machi
2079 4877 2328 4956 designat
2358 4877 2698 4956 Ambrosius.
2717 4878 2890 4956 Porro
2906 4883 3037 4936 edit.
3061 4883 3222 4938 Rom.
3253 4877 3464 4956 hic'pro

1876 4953 2132 5029 spadones
2151 4949 2302 5019 ponit
2320 4949 2564 5029 spadonis
2584 4958 2639 5003 et
2656 4952 3002 5029 continenter
3023 4956 3133 5029 sola
3153 4949 3463 5029 subiungit:

1949 5025 2062 5096 inus
2093 5032 2208 5076 tuas
2233 5036 2337 5074 non
2383 5020 2536 5073 timeo
2561 5035 2578 5083 ;
2608 5035 2814 5096 carnem
2853 5027 2988 5096 enim
3017 5020 3270 5080 occidere'
3298 5020 3466 5096 po'tes,

1887 5095 2114 5169 animam
2157 5103 2326 5169 autem
2350 5106 2453 5144 non
2484 5100 2646 5158 potes.
2687 5089 2859 5169 Vitam
2887 5093 3038 5148 istam
3063 5089 3469 5169 corporis'potes

1886 5167 2104 5241 eripere,
2124 5166 2361 5241 meritam
2377 5177 2480 5216 non
2511 5172 2653 5241 potes
2669 5164 3012 5233 exstinguere.
3043 5164 3231 5241 Anium
3251 5164 3471 5241 uanique

1884 5232 2000 5306 qua:
2029 5235 2139 5290 Deo
2177 5232 2386 5290 subdita
2423 5242 2520 5299 est,
2571 5232 2811 5306 humanm
2841 5232 3090 5304 ipotestati
3118 5255 3222 5292 non
3244 5251 3316 5294 est
3346 5232 3467 5296 sub-

1876 5301 2039 5381 jecla.
2070 5307 2152 5361 An
2195 5321 2376 5360 nocere
2399 5311 2624 5381 teputas
2646 5301 2869 5381 ?__lm_mo
2897 5323 3143 5381 magnum
3171 5309 3299 5364 mihi
3327 5329 3470 5366 com-

1884 5373 2096 5450 modum
2127 5386 2362 5448 pratstas.
2399 5373 2574 5428 Vitam
2625 5373 2813 5430 adimis
2849 5373 3207 5450 temporalem,
3254 5392 3310 5437 ut
3349 5400 3468 5437 suc-

1884 5448 2029 5503 cedat
2067 5457 2330 5515 perpetua.

1963 5519 2207 5591 {Verbo
2254 5518 2495 5589 expleant
2521 5515 2704 5588 adjicit
2731 5516 2860 5574 edit.
2897 5519 3057 5580 Rom.
3087 5539 3100 5576 :
3135 5522 3282 5591 Vale,
3329 5539 3477 5579 soror

1887 5592 1943 5644 in
1983 5589 2228 5644 Domino.

1966 5670 1990 5707 ε
2017 5661 2230 5731 Scripta
2259 5675 2402 5716 anno
2429 5660 2554 5718 586.

2813 5827 2894 5890 3'2
