4042 6174
582 291 726 350 1007

1921 276 2165 335 SANCTI
2203 275 2525 335 AMBROSII

3753 275 3891 332 i008

579 410 667 464 lus
698 405 955 462 molestus
1003 401 1102 456 sit!
1147 401 1285 472 Opto
1325 407 1383 453 ut
1429 398 1497 454 de
1545 411 1670 460 tne,
1697 395 1874 467 qualis
1919 395 2170 461 videtur,
2202 396 2577 458 Aabduceret
2631 394 2700 448 ab
2753 390 3034 458 Ecclesia,
3085 403 3308 446 carnem
3365 404 3541 447 meam
3599 390 3890 446 exturbari

585 499 849 557 sententia
875 494 1204 566 proferatur.

653 595 744 648 ‘20.
787 592 1082 658 Dignanter
1112 589 1274 660 igitur
1297 631 1310 652 ,
1340 587 1641 657 Imperator
1661 627 1676 652 ,
1708 585 1893 655 accipe
1937 582 2083 652 quod
2114 580 2180 634 ad

579 683 962 741 consistorium
993 682 1182 737 venire
1213 697 1318 737 non
1364 681 1534 751 potui.
1568 688 1593 715 ⁸
1622 679 1736 749 Ego
1762 679 1814 733 in
1856 674 2182 732 consistorio

578 777 683 834 nisi
715 791 810 846 pro
853 785 904 831 te
934 786 1077 830 stare
1107 789 1215 830 non
1255 773 1418 829 didici
1453 792 1464 825 :
1497 783 1552 828 et
1580 773 1723 827 intra
1752 769 2009 840 palatium
2060 783 2179 822 cer-

580 882 700 927 tare
727 885 835 926 non
864 885 1084 940 possum
1109 910 1125 937 ,
1154 870 1246 940 qui
1272 869 1455 939 palatii
1478 875 1688 924 secreta
1716 881 1815 922 nec
1839 879 2027 936 quazro
2047 905 2060 928 ,
2083 877 2183 918 nec

584 963 733 1018 novi.

651 1057 741 1110 ‘21.
774 1055 888 1127 Ego
917 1055 1242 1112 Ambrosius
1265 1056 1557 1126 episc0pus
1577 1053 1722 1109 hunc
1749 1052 1990 1108 libellum
2014 1049 2184 1106 obtuli

577 1150 1004 1206 clementissimo
1026 1148 1380 1220 imperatori,
1405 1157 1460 1204 et
1482 1147 1801 1204 beatissimo
1826 1154 2055 1216 augusto
2082 1143 2185 1198 Va-

580 1241 900 1297 lentiniano.

882 1331 1119 1390 SERMO
1156 1331 1436 1389 CONTRA
1475 1329 1889 1388 AUXENTIUM

1036 1444 1104 1483 DE
1141 1442 1398 1482 BASILICIS
1435 1443 1533 1481 ΤΒΔ
1543 1440 1756 1482 DENDIS.

578 1523 776 1598 Populi
801 1524 862 1579 ob
892 1522 1210 1595 imperialem
1229 1525 1438 1595 jussum
1465 1519 1867 1576 sollicitudinem
1895 1519 2185 1581 levaturus,

653 1632 955 1690 responsum
1002 1631 1155 1669 suum
1176 1614 1423 1683 exponit,
1452 1612 1694 1683 additque
1722 1610 1790 1663 ad
1831 1609 2190 1664 consistorium

647 1728 702 1766 se
723 1727 825 1764 non
847 1709 998 1762 ivisse
1015 1749 1030 1773 ,
1054 1707 1190 1777 quod
1212 1705 1441 1759 basilica:
1467 1704 1797 1756 traditionem
1823 1709 1950 1755 esset
1977 1700 2187 1754 veritus.

2285 501 2445 558 posse
2467 527 2482 552 ,
2514 501 2621 541 non
2651 497 2887 540 mentem
2915 502 2928 538 :
2961 493 3207 554 paratum
3239 499 3324 539 me
3352 498 3474 539 esse
3496 526 3510 548 ,
3540 493 3602 537 ut
3624 484 3671 537 si
3706 482 3800 536 ille
3827 483 3894 536 fa-

2285 590 2474 647 ceret,
2507 579 2650 648 quod
2698 578 2839 634 solet
2868 593 2991 634 esse
3039 579 3199 648 regia:
3240 577 3556 647 potestatis;
3605 591 3714 648 ego
3743 576 3893 631 subi-

2286 691 2402 730 rem
2421 719 2434 741 ,
2469 673 2612 745 quod
2644 672 2946 728 sacerdotis
2971 687 3095 728 esse
3122 672 3430 728 consuevit.

2357 767 2412 820 2.
2432 765 2570 834 Quid
2592 781 2720 837 ergo
2739 765 3064 820 turbamini?
3084 764 3286 820 Valens
3311 779 3600 835 numquam
3617 776 3718 819 vos
3739 762 3896 819 dese-

2287 877 2425 924 ram,
2445 870 2666 916 coactus
2679 875 2984 931 repugnare
3006 874 3110 915 non
3126 859 3271 915 novi.
3295 859 3490 915 Dolere
3505 868 3725 930 potero,
3743 867 3894 929 pote-

2289 971 2354 1012 ro
2379 956 2529 1022 llere,
2555 964 2749 1026 potero
2775 969 2992 1025 gemere
3016 971 3030 1008 :
3057 954 3326 1010 adversus
3345 967 3516 1018 arma,
3544 953 3896 1018 milttes,Go-

2290 1048 2413 1103 tbos
2452 1062 2670 1119 quoque
2708 1047 2966 1119 lacrymtc
3010 1062 3148 1103 mea:
3187 1061 3336 1102 arma
3388 1056 3543 1110 sunt;
3576 1046 3708 1100 talia
3752 1045 3893 1100 enim

2289 1143 2624 1198 munimenta
2664 1151 2790 1196 sunt
2820 1140 3147 1197 sacerdotis.
3198 1141 3372 1196 Aliter
3410 1155 3512 1195 nec
3541 1138 3753 1206 debeo,
3799 1152 3898 1194 nec

2290 1249 2512 1306 possum
2541 1235 2798 1290 resistere
2824 1251 2837 1286 :
2863 1233 3051 1304 fugere
3079 1245 3261 1288 autem
3281 1243 3339 1290 et
3360 1233 3675 1305 relinquere
3701 1231 3894 1288 Eccle-

2292 1330 2426 1384 siam
2459 1343 2566 1383 non
2595 1327 2767 1393 soleo;
2789 1342 2856 1383 ne
2881 1327 3006 1398 quis
3029 1327 3298 1398 gravioris
3321 1341 3497 1397 ptena:
3515 1336 3668 1381 metu
3700 1326 3897 1381 factum

2294 1420 2702 1490 interpretetur.
2737 1418 2902 1474 Scitis
2938 1429 2994 1474 et
3033 1434 3130 1474 vos
3160 1419 3262 1489 ipsi
3292 1418 3435 1489 quod
3479 1418 3899 1489 imperatoribus

2294 1513 2498 1568 soleam
2530 1511 2778 1580 deferre,
2807 1527 2915 1569 non
2959 1511 3154 1568 cedere
3183 1529 3197 1565 :
3226 1511 3509 1582 suppliciis
3548 1526 3638 1567 me
3668 1510 3900 1568 libenter

2295 1602 2522 1670 offerre,
2555 1618 2656 1660 nec
2692 1613 2932 1660 metuere
2960 1619 3083 1675 qua:
3108 1611 3391 1674 parantur.

2369 1698 2422 1751 5.
2464 1695 2678 1752 Utinam
2709 1711 2889 1752 essem
2919 1711 3142 1752 securus
3172 1696 3315 1767 quod
3348 1689 3595 1752 Ecclesia
3633 1696 3898 1752 haereticis

652 1802 784 1856 Tum
805 1798 1115 1854 adversariis
1143 1798 1210 1850 ad
1238 1795 1633 1864 disceptandum
1660 1795 1712 1847 in
1741 1792 1974 1846 Ecclesia
2001 1807 2190 1862 provo-
2223 1801 2272 1860 Β
2298 1789 2524 1844 minime
2564 1787 2905 1843 traderetur?
2944 1788 3026 1843 Ad
3074 1789 3332 1859 palatium
3377 1788 3732 1858 imperatoris
3768 1787 3898 1843 irem

650 1895 779 1948 catis
807 1935 822 1959 ,
849 1901 998 1964 negat
1024 1907 1077 1946 se
1101 1891 1260 1944 armis
1288 1889 1534 1943 exterreri
1563 1904 1580 1940 :
1615 1903 1806 1956 suoque
1833 1886 1894 1939 de
1916 1885 2080 1939 sacris
2108 1901 2196 1937 va-

653 1988 728 2040 sis
756 2000 1002 2053 responso
1025 1990 1327 2048 memorato,
1347 1989 1587 2052 paratum
1611 1995 1665 2032 se
1694 1980 1759 2031 ad
1789 1977 2073 2032 certamina
2091 1992 2196 2030 esse

652 2087 885 2134 testatur.
921 2075 1083 2130 Eludi
1123 2092 1225 2129 non
1260 2089 1408 2146 posse
1437 2072 1532 2126 Dei
1557 2071 1850 2136 decretum,
1883 2086 1975 2125 nec
2009 2069 2194 2141 ρι’ωεὶ-

654 2171 798 2224 dium
820 2170 986 2241 ipsius
1012 2168 1285 2238 superari,
1313 2167 1401 2221 sed
1427 2166 1481 2220 in
1512 2166 1673 2220 servis
1695 2166 1801 2220 suis
1823 2165 1931 2235 pati
1963 2163 2195 2218 eumdem

572 2284 575 2288 '
651 2263 800 2318 velle.
849 2259 980 2316 Cum
1027 2261 1138 2332 ipse
1180 2269 1330 2313 antea
1380 2275 1480 2312 non
1532 2258 1688 2327 fuerit
1739 2264 1954 2326 captus,
2005 2255 2200 2325 liquere

597 2418 604 2427 θ
647 2371 804 2425 quam
856 2352 1081 2406 inaniter
1137 2351 1366 2405 hteretici
1420 2350 1817 2404 tumultuentur.
1864 2346 2067 2400 Deinde
2113 2346 2197 2398 ubi

655 2446 923 2502 Nabuthte
948 2446 1223 2500 historiam
1244 2486 1258 2510 ,
1289 2454 1335 2499 et
1363 2441 1556 2497 Christi
1586 2444 1872 2514 ingressum
1905 2443 1959 2494 in
1980 2440 2197 2494 Jerusa-

656 2541 758 2594 lem
797 2539 870 2593 rei
915 2538 1158 2608 prtesenti
1188 2536 1572 2600 accomodavit,
1619 2534 1866 2588 Auxentii
1897 2532 2198 2603 perstringit

655 2633 918 2689 crudelem
944 2632 1129 2704 legem,
1153 2630 1435 2699 solutisque
1460 2628 1771 2682 Arianorum
1795 2625 2195 2697 objectionibus,

651 2726 865 2779 libenter
916 2739 970 2777 se
995 2739 1168 2776 coram
1207 2720 1403 2792 populo
1445 2721 1835 2790 disputaturum
1891 2717 2144 2786 praedicat
2179 2733 2196 2770 :

656 2816 963 2870 Auxentium
991 2830 1112 2869 vero
1135 2816 1248 2885 jam
1289 2829 1320 2865 α
1348 2814 1565 2884 paganis
1586 2852 1602 2878 ,
1635 2827 1763 2881 quos
1786 2811 1839 2862 in
1861 2809 2068 2879 judices
2097 2811 2201 2864 ele-

593 2892 600 2902 ’
651 2919 796 2981 gerat
821 2950 837 2976 ,
865 2909 1202 2972 damnatum,
1234 2907 1364 2959 sicut
1393 2915 1440 2959 et
1469 2923 1500 2957 a
1529 2903 1702 2957 Paulo
1731 2913 1778 2956 et
1823 2901 2028 2956 Christo
2059 2902 2195 2972 ipso.

657 3001 810 3066 Quod
859 3001 998 3054 idem
1028 3000 1300 3054 htzreticus
1329 2998 1398 3050 ad
1423 2996 1678 3052 Cursarem
1719 3006 2052 3066 prouocaret,
2083 3012 2198 3050 eum

657 3073 875 3147 oblitum
923 3091 1049 3145 anni
1097 3091 1376 3161 superioris
1409 3106 1427 3142 :
1477 3099 1521 3142 et
1566 3090 1816 3152 Arianos,
1859 3090 1992 3142 'dum
2040 3089 2199 3143 servis

2297 1883 2564 1950 libenter,
2597 1883 2643 1938 si
2675 1882 2780 1938 hoc
2807 1893 3134 1954 congrueret
3175 1881 3476 1939 sacerdotis
3502 1881 3718 1948 ofﬁcio;
3751 1892 3810 1937 ut
3847 1883 3896 1936 in

2299 1976 2497 2047 palatio
2528 1975 2701 2046 magis
2738 1984 3046 2043 certarem,
3074 1990 3236 2046 quam
3269 1975 3321 2030 in
3370 1974 3639 2030 Ecclesia.
3691 1974 3801 2031 Sed
3849 1973 3900 2028 in

2296 2070 2622 2127 consistorio
2653 2085 2761 2125 non
2791 2085 2918 2126 reus
2948 2069 3088 2125 solet
3121 2068 3372 2125 Christus
3401 2085 3526 2126 esse
3548 2113 3563 2137 ,
3594 2070 3688 2125 sed
3713 2069 3899 2140 judex.

2296 2162 2526 2217 Causam
2561 2161 2686 2217 fidei
2710 2163 2766 2216 in
2813 2161 3062 2217 Ecclesia
3093 2161 3357 2232 agendam
3403 2163 3527 2232 quis
3551 2161 3798 2217 abnuat?
3845 2160 3903 2217 Si

2297 2256 2418 2325 quis
2447 2254 2670 2310 confidit
2693 2297 2710 2323 ,
2741 2254 2846 2310 huc
2875 2255 3057 2310 veniat
3089 2272 3102 2306 :
3129 2255 3449 2309 inclinatum
3477 2254 3588 2325 jam
3616 2255 3703 2309 vel
3732 2253 3905 2324 impe-

2299 2349 2497 2405 ratoris
2536 2347 2826 2418 judicium,
2862 2359 2882 2386 ε
2925 2346 3069 2417 quod
3112 2347 3224 2402 lata
3267 2347 3385 2417 lege
3434 2346 3732 2416 patefecit,
3763 2346 3902 2417 quod

2297 2443 2580 2514 impugnat
2629 2441 2786 2496 ﬁdem
2815 2458 2829 2494 :
2862 2441 2948 2496 vel
2984 2450 3204 2511 sperata
3246 2440 3602 2496 ambientium
3649 2455 3900 2512 quorum-

2299 2535 2422 2590 dam
2440 2535 2617 2590 studia
2642 2551 2748 2590 non
2771 2535 3035 2607 requirat.
3057 2534 3174 2590 Non
3201 2535 3504 2604 committo,
3539 2545 3599 2591 ut
3618 2537 3896 2608 quisquam

2301 2627 2502 2682 vendat
2529 2627 2783 2696 iniuriam
2817 2626 3042 2684 Christi.

2373 2729 2426 2776 4.
2459 2720 2785 2776 Circumfnsi
2811 2721 3033 2788 milites,
3060 2718 3084 2757 ἀ
3113 2735 3393 2778 armorum
3415 2723 3693 2794 crepitus,
3718 2724 3900 2796 quibus

2300 2815 2496 2869 vallata
2528 2825 2610 2870 est
2642 2815 2890 2870 Ecclesia
2917 2860 2930 2884 ,
2978 2815 3140 2872 ﬁdem
3171 2831 3278 2871 non
3313 2825 3520 2872 terrent
3549 2832 3770 2873 meam:
3814 2817 3898 2874 sed

2301 2918 2535 2961 mentem
2549 2907 2850 2977 exagitant,
2869 2922 2937 2964 ne
2951 2908 3076 2963 dum
3092 2924 3178 2964 me
3197 2911 3412 2975 tenetis,
3431 2911 3797 2980 perniciosum
3810 2911 3898 2966 ali-

2301 2998 2428 3070 quid
2453 3009 2650 3054 vestra:
2669 3001 2951 3056 oboriatur
2977 3001 3159 3056 saluti.
3184 3002 3300 3074 Ego
3314 3004 3458 3058 enim
3478 3004 3592 3074 jam
3617 3005 3775 3061 didici
3798 3020 3894 3061 non

2303 3092 2495 3146 timere
2523 3109 2535 3144 :
2569 3091 2666 3146 sed
2687 3091 2844 3147 vobis
2873 3092 3066 3149 timere
3097 3095 3219 3164 plus
3248 3097 3412 3163 coepi.
3442 3096 3620 3154 Sinite
3643 3139 3657 3164 ,
3687 3113 3861 3169 quaeso
3881 3139 3894 3166 ,

583 3189 608 3208 ⁸
658 3183 856 3239 Christi
879 3183 1110 3251 con/lant
1137 3181 1405 3246 invidiam,
1425 3180 1586 3234 multo
1609 3183 1810 3252 pejores
1832 3196 1939 3235 esse
1957 3179 2164 3234 Judwis
2181 3197 2200 3234 :
2229 3176 2274 3240 C
2304 3190 2546 3238 vestrum
2571 3183 2914 3240 sacerdotem
2936 3185 3226 3256 congredi:
3249 3187 3514 3243 habemus
3536 3190 3893 3246 adversarium

657 3275 951 3330 Ecclesium
1003 3276 1139 3329 enim
1178 3290 1278 3328 non
1301 3275 1550 3340 thsaris,
1599 3275 1692 3329 sed
1720 3275 1910 3329 Christi
1952 3279 2202 3346 prteferre

660 3368 958 3439 imaginem.
1005 3366 1115 3423 Sub
1144 3383 1260 3434 qua:
1288 3367 1375 3420 ubi
1426 3383 1590 3435 pauca
1637 3367 1700 3420 de
1729 3383 1821 3420 suo
1861 3383 2108 3437 responso
2151 3376 2199 3422 et

653 3460 859 3530 hymnis
894 3459 1119 3530 adjecit,
1148 3475 1202 3513 se
1223 3475 1326 3513 non
1347 3458 1738 3526 inobedientem,
1761 3469 1813 3513 at
1839 3461 2199 3528 imperatorem

654 3551 906 3606 Ecclesia
949 3552 1155 3621 ﬁlium,
1188 3561 1235 3605 et
1277 3553 1590 3606 Auxenttum
1637 3553 1910 3624 plusquam
1953 3550 2200 3606 Judaeum

654 3663 765 3702 esse
786 3646 1037 3700 declarat.

660 3741 711 3794 l.
748 3740 920 3795 Video
947 3755 1044 3796 vos
1074 3749 1275 3811 praeter
1301 3740 1524 3796 solitum
1557 3741 1740 3798 subito
1767 3756 1889 3798 esse
1917 3745 2195 3810 turbatos,

589 3841 756 3904 atque
794 3843 1142 3888 asservantes
1171 3833 1298 3888 mei.
1334 3831 1360 3870 ι’
1393 3832 1558 3888 Miror
1593 3832 1761 3905 864
1788 3835 1917 3905 quid
1951 3836 2055 3892 hoc
2089 3836 2198 3903 sit,

586 3925 692 3980 nisi
725 3927 864 3981 forte
900 3926 1024 3996 quia
1058 3942 1154 3996 per
1185 3926 1432 3981 tribunos
1461 3941 1548 3980 me
1591 3926 1804 3981 vidistis
1834 3936 1929 3982 aut
1971 3928 2202 3982 audis-tis

589 4017 856 4087 imperiali
888 4018 1144 4072 mandato
1187 4033 1311 4073 esse
1347 4029 1712 4084 conventum;
1743 4027 1803 4072 ut
1828 4034 1936 4090 quo
1978 4021 2197 4086 vellem,

589 4107 797 4164 abirem
824 4108 947 4164 hinc
980 4124 994 4161 :
1029 4111 1152 4164 etsi
1185 4110 1278 4181 qui
1311 4109 1550 4175 vellent,
1580 4109 1845 4181 sequendi
1875 4120 2199 4181 potestatem

590 4201 879 4257 haberent.
914 4201 1182 4257 Metuistis
1217 4217 1349 4272 ergo
1396 4218 1464 4258 ne
1505 4202 1807 4259 Ecclesium
1849 4203 2195 4271 desererem,

590 4303 642 4348 et
686 4293 814 4348 dum
863 4293 1024 4347 saluti
1072 4311 1206 4348 mea:
1256 4295 1460 4363 timeo,
1513 4311 1610 4349 vos
1653 4294 2059 4366 relinquerem?
2091 4297 2198 4355 Sed

588 4386 716 4457 qttid
748 4395 804 4442 et
843 4388 959 4456 ipse
999 4387 1374 4443 mandaverim
1395 4430 1410 4456 ,
1445 4387 1698 4459 potuistis
1724 4388 2016 4444 advertere
2050 4407 2062 4442 :
2104 4390 2199 4446 de-

585 4480 837 4538 serendae
887 4479 1148 4535 Ecclesia:
1205 4479 1337 4535 mihi
1407 4481 1747 4537 voluntatem
1811 4481 2038 4538 subesse
2088 4500 2197 4540 non

2301 3275 2391 3343 qui
2426 3273 2679 3339 lacessit;
2702 3274 3053 3332 adversarius
3086 3277 3232 3332 enim
3275 3288 3464 3334 noster
3504 3280 3768 3347 diabolus,
3796 3281 3892 3335 sic-

2303 3376 2356 3419 ut
2409 3367 2489 3420 leo
2551 3369 2758 3439 rugiens
2799 3370 3018 3438 circuit,
3069 3386 3302 3438 quaerens
3345 3388 3496 3441 quem
3561 3375 3798 3441 devoret,
3841 3379 3893 3426 ttt

2300 3461 2579 3528 apostolus
2612 3461 2749 3516 dixit
2797 3463 2852 3536 (l
2902 3461 3021 3517 Pet.
3065 3480 3128 3532 v,
3166 3463 3252 3535 8).
3287 3465 3514 3537 Accepit
3551 3467 3672 3523 sine
3706 3466 3888 3530 dubio,

2300 3554 2509 3623 accepit
2559 3554 2704 3625 (non
2757 3555 3033 3623 fallimur,
3085 3556 3181 3612 sed
3223 3557 3621 3632 admonemur)
3664 3558 3888 3614 tentandi

2302 3645 2614 3716 bujusmodi
2648 3656 3006 3718 potestatem;
3039 3666 3106 3706 ne
3133 3650 3274 3708 forte
3302 3654 3552 3721 corporis
3585 3656 3690 3711 tnei
3719 3655 3890 3710 vulne-

2301 3739 2452 3793 ribus
2483 3739 2685 3809 possim
2717 3755 2747 3795 a
2776 3739 2899 3795 ﬁdei
2933 3741 3234 3800 intentione
3273 3745 3546 3800 revocari.
3578 3745 3805 3817 Legistis
3841 3753 3890 3801 et

2301 3846 2400 3886 vos
2426 3833 2550 3902 quia
2584 3843 2607 3868 θ
2637 3834 2822 3888 multis
2853 3834 2938 3890 his
2968 3837 3191 3890 tentavit
3215 3847 3462 3892 sanctum
3488 3837 3594 3894 Job
3617 3837 3885 3893 diabolus:

2301 3925 2367 3980 ad
2399 3935 2735 3996 postremum
2764 3935 3091 3998 potestatem
3122 3929 3428 3998 ltujusmodi
3454 3931 3648 4000 petiit,
3673 3942 3727 3987 et
3749 3945 3886 3986 acce-

2303 4018 2408 4088 pit,
2437 4029 2496 4073 ut
2520 4029 2755 4077 tentaret
2777 4036 2975 4091 corpus
2999 4019 3116 4090 ejus
3133 4061 3147 4083 .
3172 4022 3317 4092 quod
3347 4023 3582 4094 perfudit
3610 4024 3882 4080 ulceribus.

2370 4112 2535 4185 865
2565 4114 2619 4169 5.
2651 4114 2788 4169 Cum
2819 4125 2962 4170 esset
2986 4115 3324 4186 propositum
3362 4114 3381 4152 τ
3415 4125 3475 4170 ut
3503 4117 3753 4174 Ecclesia:
3773 4129 3883 4170 vasa

2296 4205 2409 4276 jam
2453 4206 2832 4274 traderemus,
2882 4207 2988 4264 hoc
3038 4208 3285 4280 responsi
3322 4209 3573 4265 reddidi:
3609 4227 3721 4277 me,
3747 4211 3788 4265 si
3827 4208 3885 4264 de

2301 4299 2438 4354 meis
2481 4300 2686 4370 aliquid
2733 4311 3084 4371 posceretur,
3127 4312 3222 4359 aut
3269 4301 3498 4373 fundus,
3529 4311 3640 4360 “aut
3676 4304 3883 4369 domus,

2301 4401 2394 4447 aut
2418 4407 2611 4447 aurum
2638 4435 2653 4460 ,
2678 4402 2770 4448 aut
2806 4404 3090 4466 argentum
3113 4437 3129 4461 ,
3154 4395 3208 4451 id
3230 4396 3372 4468 quod
3405 4403 3513 4452 mei
3539 4398 3678 4467 juris
3719 4403 3851 4452 esset
3871 4435 3884 4460 ,

2299 4483 2535 4542 libenter
2561 4486 2794 4542 offerre:
2828 4488 3033 4559 templo
3053 4489 3148 4545 Dei
3200 4489 3333 4544 nihil
3381 4504 3546 4562 posse
3575 4489 3884 4561 decerpere,

586 4587 782 4642 posse;
829 4570 956 4642 quia
1013 4570 1138 4640 plus
1186 4571 1474 4626 Dominum
1530 4572 1749 4637 mundi,
1803 4589 1964 4643 quam
2010 4575 2196 4632 saeculi
2223 4558 2279 4620 Ῑ)
2305 4593 2406 4635 nec
2430 4578 2647 4634 tradere
2678 4577 2809 4634 illud
2832 4621 2846 4643 ,
2877 4558 3021 4650 quod
3051 4558 3465 4638 custodiendum
3489 4623 3506 4649 ,
3537 4597 3643 4638 non
3691 4558 3887 4638 traden-

586 4665 749 4736 bujus
777 4666 1160 4735 imperatorem
1197 4666 1486 4722 timerem:
1528 4679 1661 4720 sane
1703 4665 1748 4720 si
1777 4679 1864 4721 me
1904 4665 1987 4721 vis
2015 4667 2194 4740 aliqua

661 4833 685 4860 ιι
719 4823 801 4896 Ad
839 4821 993 4896 hunc
1036 4823 1211 4896 locum
1274 4823 1360 4896 ita
1387 4821 1634 4896 ﬁannius
1665 4839 1695 4896 :_
1736 4821 1945 4896 Tacite,
1978 4823 2198 4896 finquit,

582 4894 665 4968 illi
690 4894 899 4968 objicit,
919 4893 1068 4968 quod
1088 4911 1181 4968 pro
1208 4911 1264 4948 eo
1292 4894 1361 4968 ad
1379 4892 1874 4968 Maximumlegatus
1904 4894 1979 4948 bis
1996 4892 2202 4952 coactus

581 4967 649 5020 sit
674 4964 854 5019 contra
895 4964 1050 5019 decus
1078 4964 1372 5036 episcOpale
1409 4966 1464 5017 in
1493 4967 1796 5019 consistorio
1831 4976 1967 5019 stare
1996 4984 2009 5020 :
2043 4971 2201 5024 semel

582 5052 644 5090 eo
689 5039 975 5091 destinatus
1004 5053 1102 5108 pro
1113 5052 1284 5108 pace,
1312 5036 1469 5090 semel
1495 5046 1549 5108 ut
1593 5036 1832 5090 Gratiani
1864 5039 2039 5101 fratris
2076 5042 2200 5093 reli-

579 5109 1049 5182 quiasAreportaret.
1081 5107 1172 5182 Est
1195 5117 1362 5182 autem
1381 5107 1751 5182 consistorium
1773 5107 2004 5182 tribunal
2032 5111 2192 5182 impe-

581 5179 805 5243 ratoris,
831 5179 915 5233 ubi
939 5180 1026 5246 jus
1053 5180 1195 5231 dicit.
1224 5179 1349 5232 llaec
1378 5179 1498 5243 ille;
1522 5193 1707 5232 verum
1739 5180 1789 5233 in
1819 5194 1885 5232 eo
1915 5179 2082 5234 falsus
2104 5179 2194 5237 est

578 5251 663 5302 vir
684 5251 906 5314 doctus,
930 5248 1074 5320 quod
1101 5261 1386 5318 utramque
1417 5249 1690 5304 Ambrosii
1729 5250 2054 5320 legationem
2077 5253 2191 5306 exi-

578 5321 821 5374 stimavit
844 5319 1173 5374 anteriorem
1225 5320 1347 5374 huic
1393 5320 1671 5390 epistolae,
1717 5319 1840 5374 cum
1892 5332 2070 5377 tamen
2121 5323 2189 5380 de

577 5406 751 5458 prima
799 5390 913 5444 sola
960 5391 1013 5444 id
1054 5390 1163 5446 dici
1213 5390 1418 5461 possit,
1451 5399 1509 5444 ut
1549 5390 1602 5444 in
1654 5392 2045 5450 Admonitione
2095 5394 2190 5451 de-

576 5473 940 5516 monstratum
967 5470 1071 5515 εει.
1403 5493 1414 5503 ι

645 5531 673 5572 b
720 5531 861 5587 Mss.
887 5532 1172 5598 nonnulli,
1204 5533 1363 5586 miror
1403 5533 1538 5598 quod
1580 5532 1662 5585 hic
1709 5533 1836 5600 lit...
1880 5550 1959 5587 me
1989 5535 2188 5592 vidistis

572 5604 662 5657 alii
679 5646 694 5670 ,
725 5603 943 5657 audistis
970 5605 1063 5658 alii
1082 5621 1100 5670 ;
1121 5620 1243 5671 quae
1263 5604 1454 5659 ultima
1481 5605 1643 5674 verba
1677 5605 1729 5658 in
1760 5617 1890 5657 mss.
1918 5605 2184 5674 plusculis

573 5675 1011 5796 si'eet't'fru‘ntur:
1043 5675 1227 5730 caeteri
1258 5685 1440 5730 autem
1470 5688 1534 5730 ac
1559 5671 1691 5730 edit.
1720 5675 1892 5743 magis
1913 5671 2183 5734 concinne

573 5756 606 5794 ll
659 5759 711 5796 ιη
769 5757 836 5796 οι
865 5757 919 5796 υ.

573 5756 631 5795 ιιι
659 5759 711 5796 ιη
748 5756 919 5797 ιθιιυ.

2303 4669 2430 4725 dum
2462 4669 2791 4741 acceperim.
2821 4671 3029 4728 Deinde
3057 4673 3344 4730 consulere
3369 4690 3458 4730 me
3487 4676 3646 4731 etiam
3676 4675 3890 4746 impera-

2384 4842 2404 4910 ξ
2437 4829 2515 4910 pe
2538 4831 2640 4886 hac
2655 4831 2771 4910 lege
2799 4832 3015 4890 abunde
3041 4834 3316 4910 dictumin
3343 4837 3629 4908 superiore
3651 4837 3882 4910 epistola.

2377 4898 2402 4937 (ι
2433 4901 2594 4978 llum.
2629 4898 2783 4978 edit.,
2817 4909 3369 4978 armorumstrepitus.

2378 4982 2401 5009 θ
2425 4974 2626 5046 Omnes
2654 4975 2810 5041 edit.,
2840 4978 3017 5031 multis
3043 4977 3161 5032 aliis
3189 4974 3436 5044 tentavit;
3465 4994 3596 5036 mss.
3629 4981 3883 5046 nonnulli,

2302 5045 2479 5124 multis
2507 5047 2748 5124 tentavit;
2777 5047 2865 5124 alii
2897 5048 3076 5124 multo
3105 5049 3315 5118 plures,
3343 5066 3407 5106 ac
3446 5061 3593 5124 notae
3641 5052 3882 5124 potioris,

2300 5115 2477 5191 inultis
2527 5115 2606 5191 his
2658 5119 2896 5191 tentavit,
2948 5115 3201 5173 nimirum
3259 5123 3504 5191 corporis
3561 5115 3880 5178 vulneribus.

2297 5185 2433 5263 μυξη
2463 5185 2607 5254 quod
2649 5187 2924 5263 subjungit
2953 5191 3021 5263 ad
3053 5185 3370 5262 postremum
3391 5203 3715 5263 potestatem,
3762 5204 3880 5257 ctc.,

2299 5255 2460 5338 hujus
2497 5255 2814 5314 tentatioriis
2851 5255 3107 5330 probatio
3148 5271 3268 5330 est,
3314 5255 3424 5319 non
3469 5255 3881 5335 alterius'expli4

2295 5339 2461 5382 cauo.

2376 5396 2394 5434 τ
2431 5397 2602 5453 Erant
2631 5400 2684 5476 in
2718 5401 2982 5460 Ecclesiis
3008 5403 3114 5459 duo
3143 5419 3394 5461 vasorum
3422 5421 3644 5476 genera,
3675 5411 3878 5476 inaugu-

2295 5477 2536 5549 ratorum
2567 5471 2807 5539 scilicet,
2837 5491 2958 5542 qua:
2988 5476 3155 5530 sacris
3185 5471 3457 5549 mysteriis
3493 5471 3872 5538 inservit-bant,

2294 5546 2349 5594 et
2378 5553 2569 5594 eorum
2592 5557 2714 5610 qua:
2743 5558 2969 5615 propter
2994 5550 3221 5616 pretium
3243 5546 3344 5603 'aut
3369 5562 3544 5605 artem
3573 5566 3720 5607 suam
3749 5549 3873 5602 inter

2291 5621 2613 5666 ornamenta
2649 5618 3096 5672 numerabantur.
3125 5618 3228 5675 Sed
3259 5619 3376 5675 haec
3405 5621 3579 5677 fusius
3604 5623 3670 5677 ad
3703 5621 3786 5674 lib.
3819 5629 3869 5670 nt

2290 5679 2444 5738 Offic.
2476 5696 2597 5753 cap.
2625 5683 2718 5752 28,
2750 5701 2902 5744 num.
2938 5689 3067 5755 156,
3103 5690 3370 5759 explicata
3397 5703 3544 5747 sunt.
