4042 6174
193 267 341 322 1009

1369 272 1860 332 εριδτοιλιιυιι
1896 277 2175 336 CLASSIS
2214 281 2258 335 Ι.

3336 287 3481 344 1010

190 388 332 444 toris
367 386 551 451 saluti;
578 388 704 456 quia
750 401 852 442 nec
894 387 1025 442 mihi
1055 387 1341 458 expediret
1383 390 1625 458 tradere,
1679 408 1780 450 nec
1807 395 1862 455 Α
1884 409 2020 448 mam
2047 410 2193 450 suani
2217 405 2422 468 propter
2476 416 2574 465 me,
2609 400 2825 454 inveniet
2872 417 2983 455 eaut
3011 405 3028 473 (
3059 401 3248 457 Matth.
3280 420 3332 470 ι,
3366 403 3484 475 59).

191 481 272 536 illi
306 480 572 551 accipere;
604 480 839 550 accipiat
867 481 1011 535 enim
1042 495 1230 538 vorem
1264 481 1418 538 liberi
1448 486 1781 553 sacerdotis,

187 576 237 631 si
287 574 392 628 vult
434 573 536 629 sibi
583 588 708 629 esse
747 573 1099 642 consultum,
1145 574 1364 632 recedat
1404 591 1434 632 a
1471 575 1672 634 Christi
1703 579 1783 634 in-

185 668 348 740 juria.
447 687 450 690 ’

266 762 318 818 6.
361 761 480 817 Haec
536 761 699 832 plena
745 761 1068 818 humilitatis
1110 771 1258 830 sunt,
1302 771 1380 827 et,
1432 772 1488 818 ut
1515 763 1781 832 arbitror,

191 856 345 927 plena
367 854 590 910 aﬂ'ectus
611 855 734 926 ejus
770 870 932 926 quem
956 855 1273 925 imperatori
1305 854 1468 911 debet
1499 855 1780 911 sacerdos.

191 949 301 1006 Sed
323 950 438 1020 quia
475 950 615 1003 lucta
644 949 790 1004 nobis
815 960 889 1004 est
914 965 1016 1003 non
1037 948 1208 1003 solum
1239 950 1483 1004 adversus
1509 966 1714 1003 carnem
1737 959 1786 1004 et

189 1045 524 1114 sanguinem;
567 1042 660 1098 sed
705 1043 896 1109 etiam,
933 1042 1080 1114 quod
1116 1043 1338 1114 gravius
1379 1052 1464 1098 est
1487 1085 1502 1108 ,
1541 1044 1787 1098 adversus

186 1135 435 1208 spiritalia
461 1135 734 1206 nequitia,
770 1151 884 1205 quae
910 1145 1028 1189 sunt
1059 1135 1113 1188 in
1136 1134 1463 1207 σωιεδιίὺιιε(
1485 1133 1680 1204 Ephes.
1708 1150 1782 1201 v1,

190 1228 304 1300 l2),
333 1237 563 1283 Ientator
593 1227 686 1284 ille
714 1227 963 1283 diabolus
989 1237 1102 1297 'per
1133 1227 1412 1282 ministros
1439 1241 1566 1282 suos
1603 1235 1786 1282 certa-

192 1336 314 1376 men
357 1329 544 1390 auget,
587 1319 909 1377 vulneribus
960 1321 1209 1391 corporis
1250 1320 1356 1375 mei
1397 1320 1788 1391 experiendum

187 1415 493 1470 arbitratur.
541 1413 702 1479 Scio,
753 1415 983 1478 fratres,
1034 1415 1260 1470 vulnera
1313 1413 1469 1480 hac,
1521 1429 1642 1484 quae
1691 1429 1789 1484 pro

187 1506 395 1563 Christo
424 1506 762 1577 excipimus,
793 1520 900 1561 non
930 1519 1054 1562 esse
1082 1506 1308 1560 vulnera
1330 1547 1346 1575 ,
1381 1514 1408 1542 ει
1439 1506 1638 1576 quibus
1676 1505 1787 1560 vita

190 1613 298 1653 non
327 1597 612 1666 amittitur,
647 1597 741 1652 sed
789 1606 1138 1668 propagatur.
1168 1596 1376 1663 Sinite,
1418 1611 1633 1667 quasso,
1666 1611 1791 1652 esse

1957 488 2011 544 9.
2042 487 2187 558 Ergo
2217 491 2262 544 si
2294 491 2406 544 vult
2449 491 2707 548 Dominus
2727 534 2742 559 ,
2774 502 2982 548 certum
3023 502 3109 550 est
3133 497 3276 566 quod
3310 495 3494 552 nullus

1885 581 2135 637 obsistat.
2161 582 2316 651 Quod
2343 584 2387 638 si
2405 583 2782 640 adltucnostra
2807 585 2990 642 differt
3015 589 3336 655 certamina,
3361 589 3493 658 quid

1887 675 2181 730 veremini?
2221 675 2445 731 Servum
2485 676 2694 732 ChriSIi
2726 695 2831 733 non
2865 681 3110 736 custodia
3147 681 3491 752 corporalis,

1885 767 1982 824 sed
2011 769 2222 824 Domini
2255 769 2588 839 providentia
2614 773 2796 842 sepire
2821 773 3130 829 consuevit.

1961 862 2047 917 10.
2090 862 2314 918 Turbati
2351 865 2484 919 estis
2520 867 2644 934 quia
2684 877 2897 936 apertas
2937 868 3219 938 reperistis
3248 867 3496 939 geminas

1887 952 2068 1022 fores,
2103 971 2235 1023 quas
2283 965 2474 1026 captus
2515 958 2690 1012 oculis
2733 959 2988 1029 quidam,
3021 959 3150 1014 dum
3198 959 3496 1032 hospitium

1887 1047 2166 1116 proprium
2185 1048 2412 1118 repetit,
2440 1049 2764 1118 patefecisse
2791 1060 3148 1108 memoratur.
3177 1051 3234 1107 ln
3263 1068 3373 1122 quo
3399 1067 3497 1109 co-

1887 1141 2136 1208 gnoscite
2179 1141 2323 1211 quod
2373 1141 2507 1196 nihil
2559 1144 2888 1215 suffragetur
2940 1144 3181 1201 humana
3224 1147 3492 1203 custodia.

1888 1233 2027 1290 Ecce
2058 1251 2197 1290 unus
2242 1236 2330 1306 qui
2361 1237 2577 1292 videndi
2619 1253 2815 1293 munus
2843 1238 3070 1308 amisit,
3103 1241 3270 1297 solvit
3314 1251 3499 1298 vestra

1889 1327 2144 1382 universa
2195 1328 2528 1394 munimina,
2575 1338 2631 1385 et
2676 1330 2958 1385 custodias
3003 1332 3179 1387 lusit:
3235 1333 3500 1388 Dominus

1888 1426 2072 1473 autem
2093 1433 2205 1473 suae
2227 1420 2613 1477 misericordia:
2634 1423 2936 1478 custodiam
2953 1439 3062 1478 non
3082 1427 3289 1480 amisit.
3305 1425 3500 1482 Nonne

1889 1522 2014 1567 ante
2055 1512 2276 1568 biduum
2303 1557 2318 1579 ,
2348 1524 2408 1569 ut
2439 1517 2797 1585 meministis,
2827 1519 2992 1572 etiam
3043 1520 3174 1574 illud
3220 1531 3496 1590 repertum

1890 1615 2011 1671 est,
2051 1607 2194 1678 quod
2240 1623 2270 1661 a
2311 1618 2467 1678 parte
2510 1609 2643 1663 laeva
2691 1611 2931 1665 basilicae
2961 1613 3240 1682 ingressus
3282 1613 3502 1684 quidam

189 1704 454 1748 certamen
489 1709 502 1745 :
552 1700 890 1761 spectatores
923 1704 1019 1745 vos
1058 1704 1181 1744 esse
1205 1688 1384 1744 decet.
1431 1686 1788 1743 Considerate

1918 1699 2113 1753 pervius
2137 1699 2236 1754 fuit
2262 1741 2277 1766 ,
2302 1716 2461 1770 quem
2491 1701 2760 1769 putabatis
2782 1702 3026 1757 clausum
3055 1718 3175 1759 esse
3197 1713 3358 1774 atque
3383 1719 3504 1759 mu-

189 1789 311 1858 quia
339 1787 381 1842 si
405 1785 626 1857 quidem
640 1785 802 1839 habet
824 1785 1017 1840 civitas
1042 1784 1127 1839 vel
1151 1783 1434 1847 athletam,
1458 1783 1544 1838 vel
1566 1781 1789 1837 alterius
1817 1781 1866 1841 B
1894 1791 2103 1846 nitum?
2126 1790 2428 1861 Sepserunt
2451 1806 2651 1862 nempe
2673 1794 2866 1848 armati
2896 1794 3176 1849 basilicam
3196 1838 3212 1862 ,
3241 1795 3504 1866 explora.

190 1883 379 1938 nobilis
400 1881 535 1936 artis
561 1882 794 1951 peritum
811 1921 827 1943 ,
855 1887 1006 1950 optat
1034 1877 1232 1934 offerre
1254 1877 1567 1933 certamini.
1598 1875 1708 1931 Cur
1731 1875 1786 1930 in

191 1974 485 2044 majoribus
515 1972 681 2029 rebus
726 1971 1056 2042 repudiatis,
1089 1974 1233 2041 quod
1269 1969 1356 2026 vel
1394 1968 1449 2024 in
1487 1968 1788 2024 minoribus

191 2068 325 2124 velle
364 2064 706 2122 consuestis?
744 2065 863 2120 Non
892 2065 1085 2120 metuit
1126 2077 1274 2118 arma
1297 2104 1312 2129 ,
1344 2077 1456 2118 non
1495 2060 1786 2128 barbaros,

192 2161 554 2230 qui'mortem
598 2172 709 2213 non
743 2158 934 2226 timet,
961 2157 1052 2230 qui
1096 2156 1241 2212 nulla
1280 2156 1464 2212 carnis
1511 2155 1790 2226 voluptate

194 2253 476 2309 retinetur.

264 2347 314 2402 7.
354 2345 519 2403 Certe
541 2346 588 2402 si
617 2346 880 2402 Dominus
904 2344 1031 2400 huic
1055 2358 1155 2400 nos
1181 2342 1464 2399 certamini
1488 2340 1790 2411 deputavit,

191 2440 389 2496 frustra
433 2442 727 2513 pervigiles
773 2448 857 2495 tot
899 2438 1153 2494 noctibus
1190 2444 1246 2492 et
1288 2434 1481 2491 diebus
1520 2431 1794 2488 custodias

194 2534 515 2590 exbibuistis
543 2543 600 2590 et
623 2532 919 2590 excubias:
949 2530 1263 2602 implebitur
1284 2526 1487 2583 Christi
1519 2525 1791 2580 voluntas.

195 2623 553 2697 OmnipOtens
575 2627 719 2682 enim
744 2631 929 2680 noster
949 2633 1032 2679 est
1061 2621 1323 2678 Dominus
1349 2619 1508 2676 Jesus
1532 2660 1546 2684 ,
1576 2617 1691 2672 haec
1713 2623 1796 2671 est

197 2721 328 2778 fides
357 2731 577 2788 nostra;
601 2732 655 2776 et
683 2720 810 2777 ideo
837 2717 981 2791 quod
1007 2715 1125 2772 ﬁeri
1156 2712 1406 2778 mandat,
1439 2706 1754 2779 implebitur
1778 2723 1791 2760 :

197 2813 224 2852 δ
255 2831 354 2872 nec
379 2815 639 2872 convenit
665 2829 766 2871 nos
793 2812 999 2868 divina-
1027 2809 1248 2865 obviare
1275 2805 1587 2863 sententiae.

271 2911 320 2966 8.
363 2907 610 2964 Audistis
635 2905 782 2978 quod
823 2916 844 2944 ε
878 2902 1043 2960 hodie
1084 2901 1282 2956 lectum
1308 2899 1416 2954 sit:
1451 2896 1664 2952 Pullum
1695 2893 1797 2949 sibi

197 3009 360 3065 asinze
385 3004 640 3062 Salvator
653 3017 750 3072 per
775 2997 1052 3068 apostolos
1071 2995 1233 3066 jussit
1252 2992 1470 3058 adduci,
1497 2987 1800 3046 mandavit-

198 3115 303 3171 que
326 3107 383 3154 ut
409 3097 454 3152 si
476 3095 600 3165 quis
625 3094 943 3158 resisteret,
972 3089 1248 3144 diceretur
1279 3103 1293 3139 :
1321 3083 1571 3138 Dominus
1591 3095 1801 3171 operam

1891 1881 2022 1937 bant
2065 1883 2163 1937 hos
2190 1891 2350 1952 atque
2377 1883 2503 1938 illos
2550 1883 2730 1938 aditus
2765 1902 2777 1939 :
2817 1887 3064 1940 caecitate.
3094 1885 3298 1956 perfusi
3343 1895 3505 1950 sunt,

1890 1984 1949 2028 ut
1997 1975 2142 2046 quod
2183 1985 2432 2046 apertum
2465 1987 2582 2031 erat
2612 1975 2800 2032 videre
2846 1994 2952 2033 non
2988 1988 3214 2048 possent
3257 1997 3270 2034 :
3326 1981 3508 2049 itaque

1893 2081 1992 2137 per
2019 2067 2284 2137 plurimas
2314 2077 2502 2123 noctes
2528 2069 2671 2139 quod
2703 2078 2950 2139 apertum
2989 2069 3178 2137 fuerit,
3215 2087 3324 2127 non
3357 2072 3509 2142 igno-

1893 2159 2045 2214 ratis.
2092 2159 2337 2216 Desinite
2375 2177 2505 2232 ergo
2541 2161 2854 2225 sollicitari;
2883 2163 3010 2233 quia
3054 2163 3158 2219 hoc
3197 2165 3333 2232 erit,
3364 2164 3509 2236 quod

1893 2251 2145 2308 Christus
2169 2253 2357 2322 jubet,
2391 2260 2447 2306 et
2473 2252 2618 2323 quod
2645 2267 2768 2307 esse
2793 2254 3035 2322 expedit.

1967 2347 2057 2401 ll.
2088 2345 2333 2416 Denique
2374 2345 2625 2414 exempla
2664 2345 2820 2399 vobis
2863 2345 3028 2415 Legis
3067 2345 3368 2416 proferam.
3399 2347 3510 2402 Eli-

1895 2453 2040 2493 saeus
2065 2437 2410 2507 quaerebatur
2431 2452 2460 2490 a
2489 2451 2615 2506 rege
2635 2436 2834 2507 Syriae,
2861 2437 3062 2492 missus
3087 2447 3207 2492 erat
3228 2439 3508 2494 exercitus

1895 2531 1986 2601 qui
2015 2545 2136 2586 eum
2161 2539 2404 2599 caperet,
2435 2529 2878 2584 circumvallatus
2901 2537 3018 2582 erat
3046 2528 3318 2599 undique:
3347 2531 3512 2601 coepit

1899 2623 2093 2678 timere
2120 2622 2239 2692 ejus
2283 2621 2567 2685 servulus;
2602 2622 2727 2690 quia
2772 2621 3020 2676 servulus
3050 2629 3203 2689 erat,
3236 2621 3338 2676 hoc
3382 2629 3468 2676 est
3492 2663 3509 2687 ,

1899 2731 2006 2772 non
2034 2724 2152 2770 erat
2177 2715 2364 2770 libera!
2393 2714 2594 2770 mentis
2636 2722 2692 2768 et
2733 2713 2920 2770 liberae
2958 2714 3263 2784 potestatis.
3310 2714 3514 2770 Petivit

1898 2806 2102 2879 aperiri
2151 2805 2268 2876 ejus
2311 2805 2501 2861 oculos
2544 2814 2765 2860 sanctus
2815 2805 3110 2875 prepheta,
3141 2814 3197 2860 et
3252 2805 3367 2859 ait:
3403 2804 3513 2860 Re-

1901 2899 2060 2971 spice,
2081 2909 2128 2954 et
2150 2898 2264 2953 vide
2283 2906 2475 2968 quanto
2501 2897 2674 2969 plures
2700 2897 2802 2950 sint
2832 2912 2926 2966 pro
2954 2898 3102 2951 nobis
3119 2939 3133 2963 ,
3160 2913 3314 2967 quam
3333 2907 3516 2951 contra

1903 3009 2018 3048 nos.
2050 2992 2118 3047 Et
2145 2992 2421 3062 respexit,
2453 3001 2507 3046 et
2534 2990 2669 3045 vidit
2697 2991 3018 3061 angelorum
3049 2989 3222 3044 millia
3247 2989 3346 3058 (ιν
3376 2988 3511 3062 Reg.

1904 3100 1995 3151 v1,
2051 3083 2117 3137 M
2171 3081 2414 3154 etseq.).
2473 3080 2798 3138 Advertistis
2853 3079 3018 3152 igitur
3072 3081 3216 3150 quod
3267 3081 3518 3136 servulos

199 3168 310 3266 δη,
358 3188 617 3245 desidem
646 3185 802 3257 (Luc,
834 3198 956 3248 χιι,
987 3180 1103 3252 '55),
1149 3176 1290 3247 Quid
1339 3176 1386 3231 si
1415 3184 1470 3230 et
1501 3186 1645 3266 nunc
1687 3170 1804 3242 pnl-
1831 3168 1878 3232 C
1910 3176 2114 3233 Christi
2142 3178 2177 3232 ii
2209 3177 2382 3248 magis
2411 3176 2756 3241 custodiant,
2781 3175 2872 3246 qui
2903 3190 3010 3230 non
3041 3173 3292 3230 videnlur
3315 3217 3329 3241 ,
3352 3189 3516 3244 quam

201 3263 313 3339 lum
339 3284 510 3339 istum
538 3280 724 3344 asinae,
748 3278 852 3331 hoc
877 3282 982 3341 est,
1011 3272 1128 3342 ejus
1153 3267 1404 3324 animalis
1425 3263 1568 3335 quod
1587 3277 1804 3334 gravem

201 3376 471 3432 sarcinam
502 3381 725 3442 portare
763 3367 1078 3431 consuevit,
1111 3363 1252 3418 sicut
1294 3368 1379 3414 est
1412 3358 1646 3412 humana
1676 3368 1808 3410 con-

205 3469 358 3532 ditio,
384 3467 474 3524 cui
501 3465 701 3521 dicitur
726 3480 739 3515 :
777 3459 959 3516 Venite
983 3457 1050 3510 ad
1080 3471 1181 3520 me,
1208 3467 1384 3507 omnes
1413 3450 1501 3520 qui
1522 3446 1764 3503 laboratis
1786 3486 1802 3512 ,

205 3574 251 3618 et
297 3562 498 3617 onerati
531 3559 652 3613 estis
676 3596 693 3624 ,
741 3564 789 3610 et
828 3569 922 3624 ego
961 3567 1050 3606 vos
1100 3548 1378 3619 reﬁciant:
1423 3544 1587 3601 tollite
1608 3543 1825 3615 fjuguml

207 3673 404 3724 meum,
427 3655 550 3726 quia
575 3653 682 3707 leve
719 3658 793 3706 est
822 3646 1037 3720 (Matth.
1062 3661 1139 3710 χι,
1165 3643 1292 3714 ‘28);
1317 3640 1448 3713 quid
1476 3642 1519 3695 si
1550 3640 1768 3708 inquam
1790 3675 1807 3701 ,

211 3750 418 3821 pullum
467 3746 625 3800 istum
652 3741 720 3798 ad
753 3756 813 3796 se
843 3737 1005 3794 modo
1027 3736 1192 3808 jussit
1219 3732 1447 3798 adduci,
1477 3731 1660 3821 missis
1679 3741 1815 3821 apo-

210 3818 366 3897 stolis
383 3835 622 3906 illis,qui
643 3837 755 3905 jam
775 3830 922 3887 exuti
948 3842 1181 3898 corpore
1203 3818 1812 3892 incomprehensibilem

213 3933 384 3989 oculis
413 3931 621 3986 nostris
663 3923 985 3994 angelorum
1015 3919 1250 3989 speciem
1279 3913 1510 3986 gerunt?
1548 3911 1740 3967 Nonne
1767 3909 1814 3964 si

214 4030 277 4084 ab
318 4028 502 4096 aliquo
544 4021 830 4078 resistatur
855 4059 870 4084 ,
913 4016 1096 4070 dicent
1125 4028 1138 4064 :
1175 4009 1430 4064 Dominus
1466 4021 1675 4077 operam
1705 4007 1816 4077 ejus

215 4119 514 4178 desiderat?
542 4114 597 4172 Si
627 4112 848 4170 resistat
872 4109 957 4164 vel
983 4107 1110 4161 vita:
1135 4102 1296 4173 hujus
1318 4100 1588 4171 cupiditas
1607 4141 1620 4164 ,
1648 4098 1694 4153 si
1725 4111 1815 4152 re-

215 4217 372 4271 sistat
399 4225 529 4267 caro
555 4219 608 4264 et
637 4205 857 4276 sanguis
877 4244 892 4268 ,
925 4201 971 4256 si
1003 4198 1221 4255 resistat
1250 4193 1598 4250 conversatio
1626 4206 1820 4261 corpo-

218 4308 391 4371 ralis;
449 4302 572 4373 quia
621 4297 893 4369 aliquibus
937 4291 1162 4347 forsitan
1210 4287 1346 4358 grati
1396 4284 1662 4340 videmur.
1713 4281 1821 4338 Sed

217 4400 306 4472 qui
337 4412 438 4453 nos
482 4395 567 4448 hic
598 4389 807 4460 diligit,
840 4385 1010 4442 multo
1048 4381 1287 4452 amplius
1326 4378 1517 4450 diliget
1545 4419 1560 4442 ,
1587 4377 1660 4472 si-
1675 4377 1824 4472 sinat

218 4467 334 4550 fieri
383 4487 616 4544 hostiam
658 4481 895 4545 Christi;
930 4478 1052 4547 quia
1101 4473 1342 4539 dissolvi,
1384 4480 1432 4526 et
1468 4485 1585 4525 cum
1620 4467 1823 4524 Christo

1908 3269 1999 3341 qui
2027 3268 2301 3325 videntur.
2335 3268 2448 3324 Sed
2476 3278 2532 3323 et
2559 3267 2638 3324 illi
2665 3268 2711 3322 si
2740 3268 3083 3335 custodiunt,
3114 3267 3312 3323 vestris
3334 3277 3518 3322 custo-

1909 3360 2067 3416 diunt
2088 3359 2429 3414 orationibus
2449 3359 2702 3415 advocati
2729 3376 2741 3411 :
2770 3358 2981 3430 legistis
3009 3373 3204 3428 nempe
3226 3371 3322 3412 eos
3342 3358 3519 3428 ipsos,

1909 3457 2000 3526 qui
2029 3455 2286 3512 Elisacum
2316 3456 2664 3528 quaerebant,
2713 3455 2992 3526 ingressos
3048 3469 3173 3512 esse
3215 3453 3519 3509 Samariam

1911 3545 1939 3584 ά
1966 3547 2032 3602 ad
2065 3564 2191 3604 eum
2221 3547 2434 3619 ipsum,
2477 3561 2636 3617 quem
2665 3561 2862 3616 capere
2908 3546 3251 3615 gestiebant:
3293 3545 3381 3600 cui
3409 3559 3522 3600 non

1913 3642 2088 3698 solum
2134 3657 2241 3698 non
2293 3650 2590 3711 potuerunt
2633 3653 2861 3704 nocere;
2905 3637 3001 3692 sed
3045 3637 3218 3707 ipsius
3257 3636 3523 3693 adversus

1913 3749 2071 3805 quem
2102 3741 2396 3796 venerant,
2430 3731 2827 3787 intercessione
2851 3729 3054 3784 servati
3084 3736 3231 3782 sunt.

1988 3827 2076 3882 12.
2109 3827 2298 3880 Petrus
2326 3839 2544 3894 quoque
2570 3823 2852 3894 apostolus
2879 3820 3167 3890 utriusque
3193 3820 3274 3874 rei
3309 3829 3330 3856 ε
3365 3820 3522 3877 vobis

1915 3924 2042 3979 edat
2069 3922 2377 3991 exemplum
2404 3919 2555 3989 (Act.
2599 3936 2708 3984 xu,
2757 3921 2792 3974 4
2828 3929 2875 3973 et
2901 3918 3056 3988 seq.).
3087 3917 3223 3972 Nam
3264 3916 3357 3972 ubi
3397 3931 3524 3972 eum

1917 4013 2162 4070 Herodes
2204 4012 2452 4083 quaesivit
2496 4020 2551 4066 et
2597 4010 2763 4081 cepit,
2799 4008 2819 4047 ί
2866 4009 3074 4079 recepit
3118 4009 3172 4064 in
3214 4024 3523 4075 carcerem;

1919 4122 2024 4162 non
2057 4105 2201 4161 enim
2228 4112 2530 4160 recesserat
2562 4101 2655 4158 Dei
2681 4101 2964 4166 servulus,
2993 4099 3088 4154 sed
3111 4108 3334 4155 steterat
3363 4100 3526 4156 timo.

1919 4199 1996 4254 ris
2020 4200 2258 4270 ignarus.
2287 4197 2489 4252 Orabat
2518 4211 2616 4268 pro
2637 4210 2704 4251 eo
2732 4193 3007 4258 Ecclesia,
3037 4191 3134 4248 sed
3162 4193 3443 4262 apostolus
3469 4193 3528 4248 in

1921 4307 2146 4348 carcere
2171 4292 2514 4364 quiescebat,
2544 4289 2688 4361 quod
2716 4298 2801 4344 est
2831 4287 3090 4343 indicium
3121 4301 3227 4342 non
3257 4285 3524 4342 timentis.

1925 4388 2122 4443 Missus
2153 4395 2237 4442 est
2282 4385 2510 4456 angelus
2542 4384 2632 4454 qui
2679 4383 3041 4438 dormientem
3088 4380 3385 4444 excitaret,
3432 4393 3533 4449 per

1925 4495 2086 4552 quem
2116 4480 2310 4535 Petrus
2340 4477 2633 4550 productus
2659 4492 2690 4531 e
2713 4490 2953 4544 carcere,
2986 4484 3010 4521 ες
3040 4482 3272 4529 mortem
3297 4469 3365 4526 ad
3389 4479 3527 4527 tem-

221 4604 324 4643 esse
355 4583 518 4638 multo
546 4578 767 4632 melius:
791 4573 887 4627 etsi
910 4583 1113 4624 manere
1148 4567 1202 4620 in
1231 4553 1384 4620 carne
1406 4564 1568 4634 magis
1593 4579 1826 4618 uecessa-
1853 4554 1904 4615 Ι)
1932 4589 2033 4644 pus
2062 4573 2254 4628 evasit.

221 4683 352 4736 riam
377 4685 588 4750 prapter
613 4687 699 4726 vos
721 4666 962 4738 (Philip.
989 4679 1037 4729 1,
1064 4658 1196 4730 25).
1221 4658 1367 4714 Nihil
1403 4665 1485 4713 est
1518 4671 1650 4750 ergo
1681 4656 1825 4750 quod

227 4747 544 4833 vereamini,
569 4763 763 4819 fratres
793 4753 1174 4816 dilectissimi;
1198 4750 1312 4806 scio
1339 4749 1485 4806 enim
1517 4748 1641 4819 quia
1668 4747 1828 4819 quid-

227 4865 350 4937 quid
382 4874 575 4933 passus
618 4855 771 4912 fuero
791 4893 809 4920 ,
841 4865 937 4920 pro
975 4845 1192 4904 Christo
1216 4845 1410 4915 patiar.
1436 4843 1504 4897 Et
1530 4842 1698 4914 866
1718 4842 1827 4912 legi

229 4961 368 5032 quod
397 4971 496 5014 eos
536 4954 733 5009 timere
772 4960 877 5001 non
921 4942 1183 5006 debeam,
1211 4938 1304 5009 qui
1345 4947 1570 5008 possunt
1604 4953 1826 4994 carnem

230 5029 502 5111 occidere.
552 5045 622 5101 Et
667 5039 858 5097 audivi
895 5036 1168 5092 dicentem
1202 5049 1215 5086 :
1251 5030 1355 5098 Qui
1393 5029 1674 5100 perdiderit
1707 5032 1828 5085 ani-

304 5228 329 5254 ει
361 5214 510 5272 Ean,
556 5215 746 5261 omnes
773 5241 787 5265 ,
819 5196 1001 5272 quibus
1027 5193 1131 5272 vita
1157 5187 1446 5272 pmittitur;
1477 5199 1606 5272 mss.
1635 5200 1827 5272 e'con-

235 5257 541 5346 "3.3333,:
562 5257 1060 5349 uinittitur.’_Melius
1075 5305 1104 5349 ,Δ
1119 5261 1206 5315 hic
1230 5258 1378 5315 enim
1417 5257 1831 5326 conjunctiones

349 5337 436 5412 ne
460 5352 548 5408 vel
577 5353 765 5416 utpote
785 5337 1195 5395 subaudiuntur.
1336 5401 1348 5414 ο
1388 5402 1399 5413 θ

253 5380 266 5434 1
304 5375 500 5484 bpglas.
530 5419 766 5484 aliquot,
798 5426 889 5465 nec
918 5405 1150 5484 convenit
1179 5418 1272 5484 eo:
1293 5400 1513 5484 divinas,
1541 5407 1648 5453 etc.

311 5516 330 5542 ρ
513 5472 732 5565 quidem
753 5472 922 5565 lectio
935 5476 1213 5565 dominica
1222 5472 1542 5565 ⁸ξξιξιιηεξιᾞιι]
1565 5479 1833 5565 era

277 5541 690 5630 ria.."sellrctim
723 5554 913 5630 eadem
952 5563 1080 5630 easu
1126 5545 1347 5599 recitata
1379 5542 1540 5630 oinfra
1595 5541 1828 5608 dicatur,

277 5592 353 5630 t‘ta
380 5614 395 5639 ,
429 5592 524 5625 seu
566 5592 690 5617 cuu-
723 5592 913 5632 ιιι-πένη-
957 5592 1078 5630 νι--κ
1127 5592 1347 5599 "ww---
1379 5592 1494 5626 οη---

240 5592 357 5701 haec
383 5655 451 5698 eo
477 5636 568 5693 die
588 5633 728 5686 facta
758 5624 922 5701 fuisse
952 5619 1080 5701 hinc
1106 5631 1212 5701 non
1242 5622 1507 5701 sequitur.

311 5684 357 5754 In”
371 5684 735 5771 ii‘s'sf’iliduot
757 5737 770 5762 ν
795 5695 923 5771 «μεθ
947 5692 1092 5771 ἔρεξ’
1119 5699 1291 5771 τίφης
1317 5685 1539 5771 Ψηίηιθ
1570 5684 1726 5739 πη³¹εέ

320 5797 340 5812 “
371 5753 728 5837 edit.,
759 5753 896 5819 vobis
928 5753 1395 5825 dedit-eaemplum.

2001 4666 2092 4722 1'5.
2125 4665 2272 4720 Idem
2303 4665 2497 4719 Petrus
2527 4672 2742 4734 postea,
2775 4662 2918 4716 victo
2946 4659 3203 4723 Simone,
3235 4670 3359 4713 cum
3391 4670 3531 4727 prae.

1928 4767 2086 4828 cepta
2123 4757 2218 4812 Dei
2250 4757 2448 4827 populo
2476 4757 2811 4820 seminaret,
2853 4754 3074 4809 doceret
3111 4749 3488 4806 castimoniam
3513 4791 3530 4815 ,

1927 4847 2188 4905 excitavit
2207 4848 2422 4901 animos
2442 4847 2726 4916 gentilium
2751 4863 2765 4898 :
2786 4845 2983 4915 quibus
2997 4858 3120 4898 eum
3135 4838 3533 4911 quaerentibus,

1932 4939 2245 4995 Christianae
2285 4936 2483 4991 animae
2514 4936 2816 5007 deprecata:
2838 4943 3004 5000 sunt,
3035 4943 3093 4989 ut
3119 4932 3399 5002 paulisper
3445 4943 3538 4985 ce-

1933 5033 2109 5089 deret.
2143 5030 2214 5086 Et
2255 5028 2513 5100 quamvis
2551 5037 2698 5085 esset
2740 5027 2970 5098 cupidus
3012 5024 3320 5097 passionis,
3352 5031 3537 5078 tamen

2009 5188 2028 5226 f
2058 5187 2289 5243 Dubium
2320 5200 2441 5242 esse
2463 5194 2616 5256 putat
2633 5185 2880 5241 Nannius
2900 5201 2968 5240 an
2995 5185 3238 5256 recipere
3263 5183 3318 5238 in
3341 5197 3532 5239 carce-

1933 5274 2046 5315 rem
2073 5258 2215 5314 idem
2244 5259 2314 5313 sit
2337 5255 2481 5326 quod
2506 5256 2804 5312 recondere
2826 5272 2923 5311 seu
2943 5255 3249 5312 retrudere.
3279 5256 3533 5326 Attamen

1931 5330 2268 5386 solemnisin
2302 5323 2403 5384 hac
2433 5346 2491 5383 re
2517 5329 2654 5396 juris
2693 5328 2926 5382 formula
2963 5337 3078 5381 est:
3130 5325 3394 5391 siquidem
3438 5323 3533 5380 Ul-

1933 5403 2123 5485 pianus
2151 5402 2211 5455 D.
2235 5399 2345 5482 leg.
2372 5399 2475 5485 Ide
2495 5398 2717 5485 Custod.
2743 5413 2931 5485 reor:
2965 5396 3149 5485 Qtrunt
3172 5397 3529 5485 in‘earcecem,

1933 5466 2138 5543 inquit,
2164 5466 2468 5543 recipienda
2490 5472 2553 5524 sit
2598 5486 2833 5543 persona.
2873 5470 2938 5523 Et
2965 5466 3309 5543 Callistratus
3337 5467 3530 5520 eodem

1939 5539 2025 5599 lit.
2057 5546 2160 5612 leg.
2185 5543 2252 5597 In
2273 5539 2400 5597 eos:
2429 5540 2554 5596 Cum
2579 5539 2764 5609 recepti
2785 5549 2948 5594 essent
2973 5539 3028 5592 in
3053 5552 3336 5600 carcerem,
3371 5546 3478 5612 etc:

2015 5625 2040 5662 8
2085 5606 2242 5669 Rom.
2291 5613 2451 5679 edit.,
2485 5628 2608 5668 cum
2654 5606 2837 5682 paucis
2879 5624 3037 5675 mss.,
3083 5618 3309 5682 mortem
3340 5606 3535 5669 evasit:

1948 5683 2070 5741 alia)
2093 5685 2215 5741 cum
2246 5675 2457 5741 caeteris
2481 5685 2603 5740 cod.
2629 5675 2979 5750 interponunt
2999 5691 3160 5735 voces
3187 5675 3254 5732 ad
3276 5676 3498 5748 tempus.
