4042 6174
526 238 663 293 tott

1912 228 2161 286 SANC'I'I
2192 227 2517 285 ΔΙΒΒΟΕΙΙ

3692 226 3843 284 {Mi

520 354 979 423 contemplatione
1023 350 1204 420 populi
1245 349 1522 419 precantis
1552 346 1785 403 inﬂexus
1815 356 1929 410 est;
1968 361 2125 415 roga-
2152 346 2201 405 Α
2231 345 2483 399 Ausentii
2508 344 2713 413 ipsius,
2734 346 2903 415 quise
2928 344 3058 399 dicit
3086 347 3440 414 episcopum,
3467 358 3571 399 ore
3598 344 3833 413 jactus.

528 444 685 498 batur
713 445 855 499 enim
885 451 940 496 ut
965 439 1130 512 867
1166 440 1231 493 ad
1268 438 1666 493 instituendum
1712 446 1767 491 et
1791 436 2125 491 conﬁrmau—

522 535 651 589 dum
682 531 938 604 populum
966 546 1027 588 se
1057 539 1387 586 reservaret.
1411 529 1553 597 Quid
1580 528 1789 583 multa?
1810 527 1979 582 Nocte
2007 544 2126 583 mu-

521 640 611 679 ros
649 623 833 693 egredi
864 622 1068 691 erepit,
1100 631 1158 676 et
1197 621 1387 676 videns
1429 622 1535 676 sibi
1564 620 1619 675 in
1664 631 1818 691 porta
1848 619 2123 675 Christum

521 730 841 781 occurrere,
891 714 1196 784 urbemque
1256 713 1499 785 ingredi,
1544 716 1667 773 ait:
1712 713 1940 769 Domine
1972 730 1986 765 :
2016 728 2124 781 quo

522 807 710 862 vadis?
760 806 1059 876 Respondit
1097 804 1385 861 Christus:
1418 816 1445 843 ιι
1488 806 1663 862 Venio
1702 806 1897 860 iterum
1942 808 2125 860 cruci-

522 900 637 970 iigi.
658 897 928 955 lnlellexit
949 898 1141 954 Petrus
1166 898 1234 954 ad
1266 915 1418 953 suam
1443 914 1663 954 crucem
1688 898 1930 953 divinant
1960 897 2127 967 perti-

523 1009 653 1050 nere
699 1008 1063 1063 responsum;
1092 992 1341 1049 Christus
1377 995 1656 1049 enimnon
1690 1004 1895 1063 poterat
1928 995 2126 1048 iterum

518 1088 760 1158 cruciligi
780 1130 795 1153 ,
818 1090 909 1159 qui
932 1103 1155 1143 carnem
1180 1090 1430 1158 passione
1457 1097 1725 1156 suscepta:
1753 1088 1944 1141 mortis
1961 1101 2126 1142 erue-

518 1191 641 1236 rat:
693 1180 847 1249 Quod
892 1182 1028 1235 enim
1078 1191 1316 1235 mortuas
1365 1190 1471 1246 est,
1520 1190 1728 1248 peccato
1777 1191 2009 1233 mortuus
2055 1187 2129 1232 est

520 1274 676 1329 semel
702 1291 721 1327 :
744 1272 883 1344 quod
911 1284 1080 1328 autem
1102 1274 1252 1341 vivit,
1281 1273 1401 1327 vivit
1426 1270 1540 1326 Deo
1560 1273 1579 1343 (
1601 1271 1752 1325 Rom.
1782 1288 1858 1337 vr,
1892 1268 2013 1338 10).
2040 1268 2132 1324 luo

523 1364 735 1421 tellexit
782 1381 916 1436 ergo
954 1364 1150 1420 Petrus
1193 1362 1336 1435 quod
1382 1364 1582 1419 iterum
1620 1364 1869 1419 Christus
1912 1360 2129 1418 crucifi-

520 1456 731 1528 gendus
772 1464 922 1512 esset
963 1456 1020 1512 in
1063 1457 1300 1512 servulo.
1357 1453 1543 1525 Itaque
1590 1466 1784 1525 sponte
1834 1456 2125 1537 remeavit;

524 1546 989 1620 interrogantibus
1014 1547 1341 1604 Christianis
1370 1562 1692 1617 responsum
1723 1546 1988 1609 reddidit,
2018 1556 2131 1600 sta-

523 1641 730 1711 timque
774 1650 1090 1710 correptus,
1137 1655 1233 1711 per
1276 1654 1493 1696 crucem
1544 1654 1696 1693 suam
1742 1636 2130 1693 honorificavit

524 1734 813 1788 Dominum
844 1731 1054 1787 Jesum.

598 1825 691 1879 Η.
738 1822 948 1878 Videtis
979 1822 1143 1894 igitur
1184 1822 1329 1894 quod
1361 1823 1415 1877 in
1447 1822 1678 1877 servulis
1707 1821 1821 1877 suis
1850 1820 1962 1892 pati
1991 1823 2126 1877 velit

522 1916 795 1973 Christus.
835 1917 973 1985 Quid
1006 1918 1051 1973 si
1092 1928 1148 1973 et
1196 1918 1321 1974 huic
1359 1917 1578 1973 servulo
1607 1918 1771 1973 dicit:
1804 1916 1967 1972 Illam
2004 1919 2122 1973 volo

520 2028 731 2067 manere
752 2053 766 2074 ,
796 2020 851 2065 tu
892 2022 1065 2065 autem
1094 2027 1175 2065 me
1199 2027 1409 2081 sequere
1434 2008 1625 2081 (Joan.
1652 2025 1773 2072 ιιι,
1800 2009 1942 2080 22);
1971 2017 2028 2064 et
2053 2010 2123 2065 de

525 2105 628 2159 hac
657 2096 857 2159 arbore
885 2112 1104 2175 gustare
1126 2102 1239 2157 vult
1268 2101 1536 2157 fructum?
1558 2100 1690 2156 Nam
1721 2101 1765 2156 si
1794 2102 1941 2157 illius
1968 2101 2124 2157 cibus

525 2207 677 2264 erat,
724 2207 783 2253 ut
832 2196 1039 2253 faceret
1067 2196 1399 2251 voluntatem
1445 2194 1620 2250 Patris
1653 2192 1847 2265 (Joan.
1877 2211 1949 2261 tv,
1980 2195 2120 2264 34):

524 2292 712 2347 itidem
745 2292 899 2346 cibus
925 2288 1071 2344 illius
1100 2300 1184 2343 est
1205 2329 1220 2354 ,
1249 2299 1307 2343 ut
1335 2287 1540 2343 nostris
1569 2286 1912 2358 passionibus
1935 2287 2122 2357 epule-

525 2397 630 2443 tur.
657 2380 879 2451 Nonne,
906 2392 963 2440 ut
984 2386 1051 2441 de
1072 2384 1193 2456 ipso
1222 2384 1457 2439 Domino
1486 2399 1765 2438 sumamus
1787 2381 2122 2451 exemplum,

526 2478 745 2551 quando
780 2478 993 2546 voluit,
1023 2493 1219 2549 passus
1249 2486 1370 2533 est:
1399 2484 1455 2531 et
1481 2490 1604 2530 cum
1635 2483 1979 2546 quaereretur
1998 2517 2014 2541 ,
2045 2475 2127 2529 in-

529 2581 723 2628 ventus
753 2572 878 2627 est?
906 2570 1125 2643 quando
1154 2579 1338 2625 autem
1367 2569 1499 2624 hora
1532 2583 1639 2623 non
1664 2577 1886 2622 venerat
1917 2568 2129 2637 passio—

530 2665 615 2721 nis
645 2663 843 2736 (Joan.
878 2679 976 2730 vtt,
1000 2661 1103 2733 30)
1122 2704 1137 2728 ,
1170 2677 1265 2732 per
1291 2658 1529 2716 medium
1558 2660 1918 2731 quaerentium
1952 2670 2128 2713 trans-

533 2757 680 2819 iliat,
714 2767 768 2809 et
798 2755 1046 2809 videntes
1077 2769 1201 2809 eum
1249 2762 1437 2809 tenere
1476 2768 1581 2808 non
1629 2751 1919 2823 poterant?
1970 2752 2124 2820 Quod

533 2852 717 2920 utique
744 2851 1027 2907 evidenter
1052 2851 1295 2905 ostendit
1314 2853 1439 2919 quia
1460 2848 1676 2918 quando
1707 2846 1966 2902 Dominus
1993 2850 2126 2913 vult,

532 2945 904 3014 unusquisque
932 2944 1207 2999 invenitur
1236 2951 1290 2998 et
1314 2942 1566 3011 capitur:
1597 2939 1625 2977 ι)
1648 2940 1790 3011 quod
1818 2952 1997 2995 autem
2028 2940 2131 2996 dil-

531 3036 666 3099 fert,
700 3036 913 3090 etiamsi
941 3034 1306 3104 quaerentium
1355 3042 1610 3088 occurrat
1647 3032 1852 3099 oculis,
1898 3048 2005 3089 non
2046 3045 2127 3091 te-

534 3136 713 3182 netur.

608 3220 697 3275 15.
742 3219 884 3291 Ergo
923 3218 1039 3288 ipse
1085 3234 1193 3271 non
1238 3217 1482 3287 quotidie
1533 3218 1615 3272 vel
1668 3217 1918 3272 visitandi
1953 3219 2125 3289 gratia

538 3310 823 3380 prodibam
846 3351 863 3376 ,
897 3310 981 3365 vel
1017 3308 1306 3379 pergebam
1336 3308 1403 3362 ad
1439 3309 1748 3379 martyres?
1787 3324 1893 3363 non
1926 3310 2128 3381 regiam

538 3403 723 3473 palatii
756 3413 777 3439 ε
806 3400 1172 3472 praetexebant
1201 3400 1381 3457 eundo
1407 3410 1574 3467 atque
1602 3401 1924 3456 redeundo?
1950 3400 2018 3456 Et
2052 3410 2131 3455 ta-

533 3512 657 3551 men
686 3509 850 3552 nemo
880 3510 966 3549 me
992 3494 1199 3558 tenuit,
1222 3509 1347 3549 cum
1379 3494 1702 3550 estttrhandi
1734 3508 1820 3550 me
1842 3494 2128 3561 haberent,

534 3603 592 3645 ιιι
630 3588 985 3661 prodiderunt
1030 3598 1250 3658 postea,
1288 3589 1651 3654 voluntatem,
1699 3587 1981 3642 dicentes:
2030 3588 2127 3643 Exi

531 3683 601 3738 de
641 3683 892 3747 civitate,
924 3680 980 3736 et
1009 3680 1143 3735 vade
1183 3696 1293 3751 quo
1333 3680 1434 3735 vis.
1471 3680 1898 3747 Exspectabam,
1930 3678 2125 3748 fateor,

535 3788 787 3844 magnum
818 3771 1022 3844 aliquid
1044 3810 1059 3837 ,
1093 3781 1186 3826 aut
1214 3771 1448 3841 gladium
1496 3787 1595 3842 pro
1620 3769 1820 3827 Christi
1867 3774 2088 3827 nomine
2113 3813 2128 3840 ,

534 3878 626 3921 aut
655 3864 967 3922 incendium
993 3883 1005 3919 :
1034 3873 1091 3919 at
1120 3865 1195 3920 illi
1235 3864 1459 3921 delicias
1488 3860 1618 3919 mihi
1663 3880 1760 3935 pro
1790 3864 2129 3935 passionihus

532 3958 874 4022 obtulerunt;
906 3956 1003 4013 sed
1025 3956 1227 4013 athleta
1247 3957 1450 4013 Christi
1484 3973 1589 4012 non
1608 3956 1854 4025 delicias,
1883 3957 1977 4013 Sed
2008 3971 2129 4026 pas-

530 4052 711 4106 siones
735 4065 863 4107 suas
891 4047 1077 4121 exigit.
1108 4047 1277 4105 Nemo
1320 4063 1451 4121 ergo
1478 4063 1578 4104 vos
1622 4048 1831 4116 turbet,
1863 4049 2008 4120 quod
2036 4058 2130 4105 aut

528 4154 744 4197 carrum
775 4148 1218 4213 praeparaverunt
1237 4146 1367 4211 ,;aut
1392 4138 1525 4195 dura
1549 4180 1566 4207 ,
1596 4150 1654 4195 ut
1682 4139 1968 4197 videbatur
1989 4141 2123 4209 sibi,

604 4300 631 4342 ⁸
669 4298 745 4359 ita
781 4306 890 4359 vet.
924 4300 1054 4375 edit.
1102 4302 1158 4358 et
1204 4301 1385 4358 cuncti
1434 4316 1568 4375 mss.
1609 4303 1799 4373 paucis
1848 4308 2122 4375 exceptis,

531 4376 628 4437 ubi
657 4376 926 4445 posterior
976 4374 1159 4444 aliqua
1208 4386 1401 4428 manus
1441 4373 1660 4428 Romam
1689 4374 1925 4445 addidit,
1960 4373 2122 4445 quam

528 4444 717 4505 vocem
745 4448 912 4503 etiam
943 4446 997 4500 in
1021 4454 1225 4499 textum
1255 4445 1475 4499 admisit
1496 4446 1653 4499 ltum.
1685 4445 1817 4499 edit.
1845 4444 2118 4503 Caeterum

529 4517 690 4588 hujus
714 4517 877 4573 Petro
906 4517 1061 4571 facta:
1099 4512 1306 4570 Christi
1332 4515 1689 4588 apparitionis
1717 4526 1915 4588 praeter
1945 4516 2121 4587 Hege-

523 4585 738 4660 sip'pum
766 4588 984 4660 libum,
1003 4588 1364 4660 ΔΑιιιὺιιηειιιιιι
1394 4585 1497 4640 hoc
1528 4585 1647 4640 loco
1667 4626 1682 4650 ,
1718 4593 1773 4660 et
1795 4585 2117 4657 Gregorium

526 4656 587 4713 iu’
612 4656 747 4727 bsal.
783 4670 834 4713 tv
863 4656 1086 4719 Paruit”
1121 4659 1209 4712 vix
1252 4657 1416 4711 alium
1460 4671 1526 4711 ex
1558 4658 1796 4724 antiquis
1839 4656 2111 4727 reperias,

525 4730 619 4800 qui
660 4731 989 4785 meminerit;
1027 4729 1182 4797 Quod
1212 4744 1341 4784 vero
1369 4727 1435 4781 ad
1478 4728 1623 4800 Petri
1653 4727 1882 4783 Romam
1912 4729 2116 4785 adven-

527 4798 639 4856 tum
664 4841 678 4867 ,
712 4801 935 4873 ejusque
959 4800 1025 4873 dte
1056 4800 1280 4856 Simone
1306 4799 1458 4870 Mago
1480 4798 1762 4873 victoriam
1780 4841 1796 4868 ,
1827 4809 2116 4873 utrumque

528 4882 635 4927 tam
665 4862 948 4943 indltiplici
980 4862 1197 4943 Patrum
1224 4862 1483 4943 veterum
1514 4862 1830 4943 testimonio
1874 4862 2116 4943 celebra-

526 4946 633 5009 tur,
668 4948 728 4998 ut
755 4941 853 4996 nos
893 4941 1123 5011 puderet
1151 4941 1234 4996 vel
1268 4941 1620 4998 recensendis
1662 4956 1849 4996 eorum
1882 4942 2117 4997 natuini-

521 5012 626 5069 hus
657 5016 970 5079 immorari;
997 5028 1121 5068 cum
1152 5020 1332 5068 tamen
1357 5013 1617 5077 quosdam
1665 5027 1729 5067 ea
1761 5013 2115 5070 lteterodosis

522 5085 699 5140 adhuc
730 5099 839 5140 non
870 5084 1074 5154 pudeat
1119 5099 1234 5139 rem
1267 5100 1294 5137 a
1325 5084 1556 5139 Calvino
1598 5085 1714 5154 ipso
1745 5094 1801 5138 et
1829 5084 2114 5140 Blondello

520 5155 807 5215 evidentia:
836 5153 885 5209 vi
914 5153 1119 5209 coactis
1150 5157 1388 5223 agnitam
1414 5162 1474 5209 et
1508 5153 1817 5223 confessam
1859 5155 2108 5210 inliciari.

596 5225 621 5264 δ
644 5224 863 5297 Omnes
884 5223 1040 5297 edit.,
1073 5221 1295 5290 Quaado
1332 5235 1508 5297 autem
1521 5221 1695 5291 differt
1712 5267 1726 5289 ,
1750 5227 1951 5280 etiamsi
1971 5243 2113 5297 qure-

519 5296 745 5351 rentium
774 5294 1012 5351 munibus
1040 5307 1277 5350 occurrat
1312 5305 1363 5350 et
1391 5296 1591 5362 oculis;
1621 5311 1810 5362 omnes
1845 5294 1992 5352 tnssI
2012 5313 2112 5353 tto-

519 5368 727 5423 hiscum
752 5367 994 5430 faciunt,
1024 5363 1129 5421 nisi
1152 5366 1292 5434 quod
1321 5368 1390 5419 ita
1423 5360 1622 5436 legitur
1644 5360 1696 5420 itt
1723 5383 1828 5422 uno
1854 5365 2107 5436 Colb.,...

514 5439 718 5509 etiamsi
747 5446 1030 5509 quwratur,
1062 5438 1396 5509 querentium
1426 5437 1590 5490 oculis
1617 5453 1720 5490 non
1745 5447 1962 5509 tenetur.

597 5522 618 5551 ι’
664 5507 1050 5573 Ρνὼιιπεὺωιι,
1083 5507 1144 5578 ἰὰ,
1177 5517 1292 5576 est,
1336 5523 1443 5563 non
1473 5508 1865 5575 pertransibam
1886 5551 1902 5576 ,
1928 5509 2112 5578 inquit

515 5579 758 5637 Nannius
779 5577 1244 5650 ,regiant'palatii
1266 5580 1327 5650 in
1363 5578 1438 5633 itu
1486 5578 1895 5650 atquercditu?
1926 5576 2107 5650 Utin-

512 5644 790 5719 telligatur’
810 5644 960 5719 illum
990 5644 1313 5719 diverticula
1355 5662 1461 5704 non
1492 5644 1809 5719 quagsiisse,
1840 5656 1934 5703 aut
1972 5649 2107 5705 obli-

511 5714 708 5796 quasso
756 5720 881 5783 iter.
916 5718 1042 5774 dum
1089 5715 1157 5774 ad
1186 5729 1454 5797 martyres
1484 5714 1763 5789 tenderet,
1807 5734 1875 5777 ne
1902 5720 2105 5797 regiam

2151 4413 2203 4474 D

2304 436 2390 491 16.
2433 436 2687 506 Plerique
2729 438 3027 492 narrabant
3075 452 3426 507 percussores
3470 436 3833 508 praemissos.

2230 543 2441 595 pteoam
2474 531 2669 582 mortis
2691 543 2812 584 esse
2835 528 3146 585 decretam:
3174 546 3275 585 nec
3302 530 3393 584 illa
3419 530 3622 593 timeo,
3645 537 3704 583 et
3726 526 3837 583 ista

2228 636 2334 674 non
2361 622 2584 676 desero.
2614 622 2734 689 Quo
2776 624 2920 677 enim
2951 624 3146 686 abibo,
3177 624 3267 677 ubi
3309 640 3420 677 non
3451 623 3641 677 omnia
3674 621 3836 691 plena

2225 714 2459 780 gemitus
2486 715 2594 766 sint
2615 755 2630 777 ,
2660 724 2824 783 atque
2855 713 3488 784 laerymarttmmuando
3516 729 3620 785 per
3640 711 3834 768 Eccle-

2227 804 2338 857 sias
2376 804 2640 872 jubentur
2666 804 2791 874 ejiei
2823 805 3080 860 catholici
3123 807 3475 872 sacerdotes,
3510 806 3841 860 resistentes

2228 898 2407 966 gladio
2455 898 2639 961 teriri,
2688 895 2714 933 ἀ
2762 899 3003 953 curiales
3060 900 3232 971 θα
3276 899 3542 968 proscribi
3600 886 3829 966 manes,

2228 990 2331 1043 nisi
2363 989 2676 1043 mandatum
2707 991 3095 1060 impleverint?
3128 994 3196 1045 ιι
3238 998 3354 1045 haec
3380 991 3627 1061 episcopi
3669 1006 3838 1047 manu

2228 1082 2433 1151 scripta
2460 1090 2515 1136 et
2552 1097 2650 1135 ore
2684 1082 2884 1136 dictata
2906 1124 2923 1147 ,
2955 1083 3049 1153 qui
3089 1098 3150 1136 se
3195 1091 3253 1136 ut
3291 1084 3553 1153 probaret
3579 1081 3835 1137 doctissi-

2231 1189 2403 1239 mum,
2440 1186 2593 1228 vetus
2623 1189 2732 1228 non
2759 1176 2945 1229 omisit
2973 1174 3325 1245 exemplum,
3349 1175 3583 1245 legimus
3605 1174 3752 1229 enim
3774 1173 3837 1230 in

2232 1266 2493 1336 propheta
2524 1266 2668 1336 quod
2697 1266 2894 1321 viderit
2918 1266 3111 1321 falcem
3142 1267 3421 1322 volantem
3446 1265 3643 1338 (Zaelr.
3663 1267 3796 1337 5,1)
3820 1285 3837 1321 :

2231 1356 2371 1413 hanc
2439 1358 2680 1413 imitatus
2733 1359 3038 1413 Auxentius
3100 1359 3337 1430 gladium
3395 1358 3675 1413 volantem
3738 1373 3837 1428 per

2231 1465 2424 1505 omnes
2476 1450 2641 1506 urbes
2679 1452 2900 1506 direxit.
2928 1451 2999 1506 Et
3025 1450 3255 1507 Satanas
3292 1450 3647 1522 transfigurat
3688 1466 3748 1505 se
3778 1451 3837 1506 in

2230 1548 2483 1617 angelum
2515 1548 2652 1602 lucis
2673 1589 2689 1610 ,
2714 1556 2770 1603 et
2797 1547 2852 1600 in
2885 1546 3087 1602 malum
3114 1545 3354 1601 imitatur
3381 1545 3502 1616 ejus
3528 1546 3837 1617 potentiam

2234 1641 2311 1711 (ll
2350 1639 2477 1696 Cor.
2507 1656 2591 1707 ιι,
2628 1640 2762 1713 ιι).

2149 1741 2200 1801 Β
2300 1737 2389 1790 17.
2427 1733 2533 1798 Tu,
2568 1733 2793 1789 Domine
2820 1733 2974 1801 Iesu,
2998 1749 3107 1788 uno
3146 1742 3422 1789 momento
3447 1732 3711 1788 mundum
3742 1748 3837 1789 re—

2222 1828 2439 1883 demisti
2463 1847 2476 1880 :
2506 1828 2811 1883 Auxentius
2835 1845 2944 1882 uno
2975 1837 3254 1883 momento
3281 1836 3362 1883 tot
3387 1827 3659 1899 populos,
3686 1825 3841 1897 quod

2222 1922 2278 1977 in
2302 1922 2418 1993 ipso
2439 1933 2550 1986 est,
2576 1921 2867 1977 trucidabit
2885 1962 2899 1984 ,
2921 1922 3060 1977 alios
3090 1920 3271 1991 gladio
3286 1960 3304 1987 ,
3329 1920 3466 1975 alios
3492 1920 3790 1990 sacrilegio
3806 1919 3833 1974 ἶ

2228 2024 2251 2051 ε
2281 2015 2454 2070 Meam
2482 2015 2763 2069 basilicam
2810 2016 2946 2085 petit
2980 2023 3211 2070 cruento
3238 2028 3372 2079 ore,
3398 2012 3845 2083 sanguinolentis

2225 2107 2497 2162 manibus.
2523 2105 2625 2161 Cui
2654 2108 2795 2161 bene
2824 2122 3067 2176 praesens
3098 2104 3385 2176 respondit
3411 2105 3607 2160 lectio:
3637 2102 3843 2159 Perea-

2226 2201 2326 2255 tori
2373 2210 2548 2254 autem
2586 2200 2721 2253 dixit
2775 2199 2957 2254 Deus:
3008 2199 3188 2267 Quare
3232 2211 3289 2253 tu
3332 2216 3549 2254 enarras
3595 2199 3837 2268 iastitias

2226 2308 2367 2347 meas
2403 2289 2587 2364 (Psal.
2610 2306 2767 2356 sus,
2799 2290 3022 2360 l6)?id
3053 2302 3161 2355 est,
3190 2306 3297 2346 non
3324 2290 3583 2346 convenit
3622 2291 3742 2359 paci
3782 2292 3847 2346 et

2227 2384 2416 2453 furori,
2438 2402 2543 2439 non
2562 2386 2818 2440 convenit
2840 2383 3064 2441 Christo
3084 2395 3140 2441 et
3164 2386 3335 2441 Belial
3355 2385 3432 2456 (ll
3453 2384 3577 2440 Cor.
3603 2402 3683 2453 vt,
3709 2384 3840 2458 15).

2227 2477 2551 2533 Meministis
2589 2478 2755 2532 etiam
2798 2478 2943 2547 quod
2996 2478 3195 2533 lectum
3236 2487 3324 2532 est
3370 2477 3535 2534 hodie
3586 2477 3844 2534 Nabathe

2229 2571 2364 2642 (22,
2392 2588 2445 2640 q.
2475 2572 2533 2638 8,
2565 2587 2613 2624 e.
2647 2568 2964 2635 Convenior,
2990 2568 3019 2642 ᾗ
3045 2568 3357 2641 Nabatae),
3384 2580 3637 2624 sanctum
3666 2572 3846 2625 virum

2230 2679 2606 2736 possessorem
2636 2665 2809 2719 vinea:
2838 2679 2984 2731 suae,
3014 2663 3420 2735 interpellatum
3457 2664 3729 2734 petitione
3760 2680 3845 2719 re.

2229 2758 2339 2827 gia,
2364 2766 2420 2811 ut
2441 2758 2653 2811 vineam
2680 2772 2834 2810 suam
2860 2755 3051 2821 daret;
3075 2758 3163 2811 ubi
3193 2772 3314 2821 rex,
3342 2756 3575 2811 succisis
3603 2757 3843 2824 vitibus,

2231 2848 2352 2902 olus
2382 2849 2490 2903 vile
2520 2857 2765 2915 sereret,
2793 2864 3028 2919 eumque
3064 2849 3447 2920 respOndisse:
3481 2847 3632 2903 Absit
3662 2860 3722 2903 at
3748 2866 3842 2919 ego

2235 2949 2440 3007 patrum
2480 2956 2713 2993 meorum
2742 2949 2947 2995 tradam
2975 2943 3359 3005 hereditatem;
3395 2958 3580 3014 regem
3609 2942 3842 2998 contris-

2236 3042 2405 3087 tatum
2433 3046 2593 3099 esse,
2640 3033 2785 3103 quod
2831 3034 2933 3089 sibi
2963 3044 3111 3089 esset
3150 3034 3391 3089 alienum
3417 3034 3509 3103 jus
3567 3024 3846 3091 relatione

2152 3120 2199 3182 C
2228 3125 2371 3193 justa
2405 3133 2659 3192 negatum
2678 3166 2693 3191 ,
2722 3124 2818 3180 sed
2848 3126 3097 3181 muliebri
3126 3127 3357 3181 consilio
3386 3126 3703 3196 deceptum.
3736 3127 3843 3182 Νη-

2237 3219 2403 3273 buthe
2449 3220 2588 3274 vites
2635 3236 2763 3274 suas
2813 3221 2901 3275 vel
2950 3221 3167 3287 pr0prio
3211 3236 3408 3277 cruore
3446 3220 3698 3276 defendit
3728 3218 3839 3291 (ill

2236 3310 2368 3382 Reg.
2401 3312 2560 3377 xst,l
2590 3322 2638 3366 et
2657 3311 2809 3383 seq.).
2839 3313 2896 3369 Si
2921 3313 3014 3369 ille
3037 3315 3249 3369 vineam
3277 3330 3384 3371 non
3408 3314 3633 3369 tradidit
3657 3329 3839 3383 suam,

2239 3418 2336 3457 nos
2365 3403 2642 3457 trademus
2677 3403 2975 3459 Ecclesiam
3001 3403 3245 3460 Christi?

2310 3495 2400 3551 l8.
2438 3494 2577 3562 Quid
2610 3496 2773 3565 igitur
2794 3511 2824 3549 a
2847 3511 2935 3551 me
2956 3511 3279 3567 responsum
3302 3506 3385 3552 est
3403 3499 3841 3553 contumaciter?

2242 3587 2359 3643 Dixi
2388 3588 2532 3643 enim
2562 3598 2899 3643 conventus:
2930 3588 3088 3645 Absit
3112 3604 3143 3643 a
3174 3605 3261 3643 me
3292 3600 3351 3643 ut
3382 3590 3592 3644 tradam
3629 3588 3836 3644 Christi

2241 3679 2632 3735 nzereditatem.
2666 3679 2724 3736 Si
2758 3679 2847 3735 ille
2879 3688 3092 3749 patrum
3122 3680 3494 3736 hereditatem
3525 3698 3636 3736 non
3664 3683 3836 3737 tradi.

2237 3775 2339 3840 dit,
2364 3789 2465 3845 ego
2492 3773 2703 3829 tradam
2731 3774 2931 3829 Christi
2964 3774 3376 3829 ltmreditatem?
3399 3774 3505 3831 Sed
3535 3783 3593 3830 et
3617 3774 3725 3831 hoc
3743 3775 3838 3830 ad-

2218 3868 2382 3924 didi:
2410 3868 2556 3923 Absit
2584 3878 2640 3922 at
2666 3869 2871 3923 tradam
2900 3866 3260 3924 hereditatem
3284 3879 3532 3941 patrum,
3579 3868 3687 3925 hoc
3713 3880 3795 3925 est
3817 3912 3832 3934 ,

2234 3959 2608 4016 hrereditatem
2652 3959 2923 4032 Dyonisii,
2956 3960 3047 4029 qui
3082 3961 3136 4014 in
3178 3961 3371 4015 exsilio
3411 3960 3465 4015 in
3496 3975 3668 4016 causa
3709 3957 3832 4016 fidei

2234 4050 2525 4106 defunctus
2548 4059 2667 4116 est,
2696 4049 3074 4106 hiereditatem
3104 4047 3123 4088 ί
3157 4051 3430 4122 Eustorgii
3462 4051 3826 4118 confessoris,

2235 4142 2607 4199 haareditatem
2638 4141 2921 4214 Myroclis,
2942 4152 3104 4215 atque
3130 4146 3371 4200 omnium
3404 4153 3558 4201 retro
3589 4144 3826 4201 fidelium

2232 4315 2555 4375 praeteriret.

2240 4374 2327 4463 J3
2356 4376 2957 4463 .Curialesrlice-bantur;
2977 4378 3030 4432 hi
3056 4420 3071 4444 ,
3100 4378 3642 4463 _quimagi_stratib_us
3667 4390 3826 4463 atque

2227 4448 2423 4521 ofﬁciis
2464 4449 2885 4521 municipalibus
2929 4448 3437 4519 fungebanturfDe
3472 4453 3674 4521 quibus
3703 4448 3825 4507 vide

2225 4518 2584 4591 Dulengerum
2602 4519 2670 4591 de
2690 4521 2824 4591 lmp.
2845 4520 3007 4591 Rom.
3030 4518 3124 4576 lib.
3147 4537 3245 4586 vtt,
3262 4537 3310 4576 c.
3339 4523 3435 4578 ὅθι
3451 4518 3507 4587 5,
3522 4533 3581 4577 et
3597 4522 3817 4579 Godelr.

2178 4650 2191 4655 ,
2222 4588 2493 4646 Caeterum
2525 4592 2576 4645 in
2616 4588 2837 4645 ferenda
2880 4590 3001 4661 lege
3046 4607 3143 4661 pro
3189 4592 3517 4647 Ariminensi
3546 4595 3780 4648 concilio
3802 4634 3818 4659 ,

2221 4668 2383 4733 αιιτιιιι
2416 4661 2784 4733 abAuxentio
2830 4663 2948 4733 ipso
2977 4662 3269 4727 dietatam,
3302 4671 3357 4717 et
3402 4664 3662 4733 scriptam
3701 4678 3821 4719 esse

2220 4732 2453 4786 afﬁrmat
2479 4732 2830 4798 Ambrosius,
2863 4731 2917 4787 id
2941 4734 3239 4801 contigisse
3278 4731 3640 4789 testiﬁcantur
3676 4734 3821 4789 Ruﬁ-

2220 4818 2323 4857 nus
2372 4804 2506 4857 llista
2559 4805 2651 4857 lib.
2701 4820 2772 4869 tt,
2805 4818 2930 4871 cap.
2963 4804 3049 4869 l6,
3107 4805 3447 4861 Gaudentius
3497 4805 3715 4869 Praefat.
3767 4806 3818 4860 in

2220 4872 2420 4945 Serm,
2447 4874 2783 4945 Snzomenns
2816 4874 2911 4929 lib.
2947 4890 3018 4929 vn
3049 4874 3184 4930 llist.
3214 4876 3361 4931 Eccl.
3391 4891 3512 4945 cap.
3546 4874 3634 4941 l3,
3662 4877 3820 4931 nimi-

2220 4954 2339 5017 rum
2370 4938 2703 5017 Benevolum
2741 4944 3011 5000 Memoria:
3050 4946 3265 5001 scriniis
3309 4938 3659 5017 przefe'ctum‘,
3696 4954 3817 5002 cum

2218 5015 2368 5070 illam
2415 5015 2624 5088 dictare
2664 5030 2728 5070 ac
2774 5017 3085 5072 suscrihere
3120 5015 3320 5085 jussus
3350 5017 3575 5088 fuisset,
3627 5034 3816 5088 magna

2217 5087 2520 5159 constantia
2561 5101 2872 5159 recusasse,
2914 5102 2978 5142 ac
3007 5099 3292 5158 propterea
3336 5087 3573 5159 ejectum
3616 5087 3740 5145 esse
3765 5091 3815 5143 in

2217 5158 2467 5211 exsilium
2496 5174 2524 5212 a
2551 5157 2783 5214 lustius.

2292 5237 2315 5264 θ
2356 5228 2548 5284 Plures
2574 5244 2732 5294 mss.,
2768 5228 2889 5283 Misi
2917 5228 3213 5295 basilicam;
3237 5230 3327 5285 alii
3356 5239 3408 5287 et
3438 5230 3573 5285 edit.
3600 5244 3811 5296 omnes,

2219 5296 2388 5378 Meam
2441 5300 2745 5364 basilicam,
2802 5300 3065 5384 ligones},
3098 5315 3274 5384 'uttam
3321 5318 3389 5357 ex
3441 5301 3611 5368 meis;
3658 5306 3812 5357 erant

2214 5370 2416 5440 quippe
2447 5385 2555 5423 non
2608 5382 2794 5435 pauca:
2823 5370 3134 5428 Mediolani.

2290 5436 2310 5477 ί
2353 5439 2411 5493 in
2460 5439 2739 5495 codicibus
2791 5443 2940 5496 varie
2988 5442 3301 5499 scribuntur
3350 5441 3569 5498 nomina
3619 5439 3805 5497 borum

2214 5508 2623 5585 episcoporum;
2654 5526 2776 5585 nam
2799 5511 2856 5585 in
2883 5513 3203 5585 quihusdam
3227 5511 3484 5585 Extorgi,
3501 5522 3555 5567 et
3584 5508 3809 5585 Erator-

2249 5576 2296 5652 ,
2330 5595 2428 5652 pro
2458 5580 2725 5652 Eastorgii
2743 5620 2758 5645 ,
2789 5576 2931 5638 sicut
2957 5594 3011 5637 et
3043 5583 3321 5647 Metrocll,
3341 5576 3679 5649 ac'llerocli,
3714 5594 3804 5652 pro

2249 5598 2296 5642 t,
2330 5598 2428 5649 pro
2458 5598 2723 5650 nustorgu
2743 5620 2758 5645 ,
2789 5598 2931 5638 stcut
2957 5598 3011 5637 et
3043 5598 3321 5647 Μαι-σαι,-
3341 5600 3404 5638 ac
3433 5598 3679 5649 εσθαι,
3714 5598 3801 5652 pro

2212 5598 2470 5727 ﬁlio-aelii
2520 5650 2773 5727 habetur.
2813 5653 3146 5727 Fuitgautem
3176 5653 3477 5727 Myrocles,
3504 5653 3553 5712 si
3582 5654 3801 5727 creden-

2212 5721 2339 5781 dum
2376 5721 2631 5801 Ugltello,
2660 5731 2885 5785 octavus
2912 5721 3330 5786 Mediolattensis
3358 5726 3685 5802 episcopus,
3718 5725 3794 5809 sin
