4042 6174
171 283 304 338 1015

1379 274 1666 333 εριετοι,
1679 273 1868 333 ΑΒΜ
1905 275 2188 335 CLASSIS
2229 277 2267 333 Ι.

3328 277 3467 335 1014

159 404 587 471 episcoporum.
622 397 888 468 Respondi
936 412 1070 467 ego,
1118 393 1263 465 quod
1309 393 1609 451 sacerdotis
1651 402 1766 448 est:
1797 395 1852 454 Α
1875 401 2298 463 cognosceretur
2326 395 2447 464 quis
2475 403 2650 459 esset,
2679 395 2912 449 mutavit
2955 392 3062 448 sibi
3113 393 3470 460 vocabulum;

160 491 302 564 quod
339 490 700 558 imperatoris
728 499 840 550 est.
876 488 1036 542 faciat
1067 488 1384 556 imperator.
1421 483 1577 540 Prius
1603 493 1688 540 est
1716 493 1775 538 ut

159 587 403 639 animam
442 583 579 637 mihi
601 624 615 648 ,
643 598 801 652 quam
832 581 990 636 ﬁdem
1021 578 1254 635 auferat.

225 679 320 733 £9.
366 678 450 732 At
484 677 567 731 cui
600 676 848 732 tradam?
890 675 1140 731 Praesens
1169 673 1329 728 lectio
1357 672 1636 743 Evangelii
1673 673 1771 727 do-

152 787 278 828 cere
311 785 425 825 nos
459 769 656 834 debet,
686 769 814 838 quid
851 777 1086 836 petatur,
1110 783 1138 820 a
1167 765 1366 836 quibus
1396 775 1630 835 petatur.
1658 765 1770 819 Au-

141 864 300 919 distis
347 877 491 916 nem
507 877 569 930 pe
589 861 724 931 legi,
749 859 890 930 quod
931 876 1056 913 cum
1089 857 1341 914 Christus
1372 872 1538 928 super
1567 857 1769 928 pullum

145 959 310 1012 asina:
359 954 634 1022 sederet,
664 953 975 1009 clamabant
1014 952 1264 1022 pueruli,
1295 962 1348 1006 et
1380 951 1610 1006 moleste
1635 951 1774 1006 fere-

149 1051 280 1105 bant
301 1046 501 1102 Judaei
528 1045 693 1115 (Luc.
724 1062 832 1112 xix,
861 1045 931 1100 55
951 1047 989 1114 ).
1018 1044 1260 1113 Denique
1287 1043 1773 1113 interpellaverunt

154 1141 466 1195 Dominum
497 1139 706 1204 Iesum,
742 1138 988 1193 dicentes
1011 1147 1067 1190 ut
1096 1135 1425 1200 facereteos
1449 1145 1661 1200 tacere;
1686 1149 1771 1190 re-

152 1233 379 1303 sp0ndit
400 1248 417 1284 :
445 1231 510 1288 Si
534 1232 584 1285 lii
607 1231 880 1295 tacuerint,
903 1229 1106 1299 lapides
1126 1228 1423 1282 clamabunt
1441 1227 1489 1299 (Ι
1501 1227 1631 1295 bid.,
1651 1227 1768 1300 40).

153 1327 366 1383 Deinde
397 1328 686 1396 ingressus
717 1323 1009 1393 templum,
1042 1322 1207 1391 ejecit
1251 1322 1676 1387 nummularios,
1716 1330 1771 1377 et

148 1419 491 1484 cathedras,
536 1427 591 1473 et
641 1416 922 1471 columbas
967 1415 1266 1469 vendentes
1313 1413 1368 1467 in
1413 1414 1611 1484 templo
1649 1412 1766 1468 Dei.

147 1513 341 1568 Lectio
391 1527 594 1580 nempe
643 1512 744 1566 ista
788 1508 932 1562 nulla
980 1507 1147 1579 869
1188 1515 1371 1561 nostra
1413 1505 1769 1575 dispositione

150 1611 380 1664 recitata
409 1619 532 1672 est,
563 1607 658 1664 sed
697 1620 856 1662 casu:
889 1620 1009 1676 quae
1050 1603 1416 1674 praesentibus
1449 1603 1584 1657 bene
1611 1610 1766 1671 apta-

154 1713 236 1756 tur
269 1701 646 1770 temporibus.
679 1700 906 1767 Semper
935 1713 1062 1768 ergo
1090 1696 1293 1752 Christi
1325 1695 1511 1750 laudes
1542 1694 1767 1749 verbera

1876 496 1934 540 ut
1964 488 2086 555 quia
2121 487 2206 542 hic
2234 488 2408 544 fuerat
2439 488 2742 543 Auxentius
2780 490 3070 558 episcopus
3099 487 3364 554 Arianus,
3398 485 3466 542 ad

1871 576 2250 648 decipiendam
2283 579 2495 648 plebem
2518 620 2533 645 ,
2565 594 2726 649 quam
2776 578 2868 634 ille
2898 587 3177 645 tenuerat,
3208 577 3236 616 δ
3266 593 3324 635 se
3371 593 3470 635 vo-

1871 677 2022 724 caret
2053 671 2399 726 Auxentium.
2433 672 2660 726 Mutavit
2685 687 2816 742 ergo
2843 670 3168 726 vocabulum
3189 710 3204 736 ,
3229 670 3324 725 sed
3351 683 3471 740 pcr-

1873 759 2057 816 ﬁdiam
2086 778 2192 817 non
2219 762 2476 818 mulavit:
2507 765 2655 818 exuit
2680 763 2867 833 lupum
2890 804 2903 828 ,
2932 761 3027 818 sed
3059 761 3235 817 induit
3262 763 3468 831 lupum.

1872 854 2014 910 Nihil
2047 856 2268 926 prodest
2305 858 2448 928 quod
2476 857 2705 912 mutavit
2737 857 2976 912 nomen:
3008 856 3134 927 quid
3180 855 3250 910 sit
3277 869 3474 926 agnos-

1872 950 2030 1005 citur.
2062 951 2220 1006 Alius
2251 951 2306 1006 in
2334 952 2574 1024 Scythiae
2605 952 2848 1023 partibus
2879 952 3182 1015 dicebatur,
3209 950 3347 1006 alius
3387 951 3474 1007 hic

1876 1052 2130 1097 vocatur:
2165 1044 2386 1098 nomina
2435 1059 2532 1113 pro
2563 1043 2876 1114 regionibus
2921 1041 3103 1096 habet.
3136 1040 3308 1098 liabet
3340 1057 3472 1113 ergo

1867 1135 1978 1205 jam
2009 1135 2118 1191 duo
2147 1136 2401 1202 nomina;
2431 1146 2486 1192 et
2509 1137 2556 1192 si
2581 1138 2709 1193 hinc
2749 1137 2855 1191 alio
2885 1135 3216 1206 perrexerit,
3252 1135 3474 1191 habebit

1872 1234 1927 1280 et
1964 1227 2204 1281 tertium.
2249 1227 2535 1295 Quomodo
2576 1229 2722 1282 enim
2768 1227 3004 1306 patietur
3054 1235 3112 1282 ut
3154 1237 3372 1281 maneat
3418 1227 3468 1282 ei

1872 1319 2190 1372 vocabulum
2223 1319 2290 1373 ad
2338 1319 2471 1374 tanti
2513 1321 2741 1374 sceleris
2775 1319 3062 1373 indicium:
3099 1319 3305 1373 Minora
3343 1318 3473 1374 fecit

1872 1411 1925 1464 in
1955 1410 2206 1483 Scythia;
2240 1422 2297 1468 et
2333 1414 2402 1467 ita
2447 1413 2695 1474 erubuit,
2729 1423 2788 1467 ut
2835 1421 3072 1468 mutaret
3105 1413 3423 1468 vocabulum
3455 1432 3465 1465 :

1871 1505 2222 1560 sceleratiora
2255 1506 2340 1561 hic
2369 1519 2532 1560 ausus
2563 1515 2674 1571 est;
2700 1518 2755 1559 et
2782 1506 2950 1568 volet,
2980 1519 3319 1574 quocumque
3349 1519 3470 1575 per-

1872 1597 2109 1660 rexerit,
2161 1598 2384 1654 nomine
2427 1613 2526 1652 suo
2575 1597 2769 1668 prodi?
2799 1597 3102 1652 Tantorum
3145 1595 3466 1667 populorum

1873 1689 2190 1759 sanguinem
2233 1704 2394 1744 manu
2435 1704 2533 1745 sua
2583 1691 2812 1755 scribet,
2843 1698 2899 1744 et
2943 1687 3142 1759 poterit
3169 1689 3470 1744 consistere

155 1794 505 1863 perﬁdorum
558 1801 706 1846 sunt.
758 1791 826 1846 Et
872 1805 1012 1845 nunc
1043 1804 1166 1845 cum
1209 1788 1456 1843 laudatur
1486 1787 1764 1849 Christus,
1799 1771 1842 1830 Β
1872 1779 2089 1834 animo?

153 1888 347 1942 dicunt
412 1885 658 1940 haeretici
708 1885 829 1956 quia
872 1883 1068 1939 seditio
1121 1892 1529 1938 commovetur:
1583 1880 1768 1935 dicunt

152 1979 405 2035 haeretici
450 1983 574 2051 quia
605 1977 690 2032 his
735 1991 882 2032 mors
914 1977 1233 2045 parabatur;
1268 1986 1322 2030 et
1373 1989 1500 2030 vere
1532 1983 1764 2028 mortem

156 2074 360 2128 habent
416 2075 470 2127 in
517 2071 769 2126 laudibus
810 2069 1033 2125 Christi.
1073 2069 1357 2137 Quomodo
1393 2068 1538 2122 enim
1580 2065 1766 2120 laudes

154 2166 268 2234 ejus
309 2165 466 2220 ferre
509 2171 775 2234 possunt,
817 2162 974 2231 cujus
1012 2162 1382 2216 inﬁrmitatem
1435 2158 1766 2229 praedicant?

156 2254 343 2326 Itaque
376 2266 438 2313 et
469 2255 630 2310 hodie
659 2269 782 2310 eum
833 2253 1082 2308 laudatur
1118 2251 1401 2318 Christus,
1438 2251 1762 2307 Arianorum

157 2351 400 2403 amentia
434 2350 772 2405 verberatur.

221 2441 316 2495 20.
362 2440 634 2497 Geraseni
669 2439 1017 2510 praesentiam
1049 2436 1250 2492 Christi
1293 2437 1433 2491 terre
1463 2451 1569 2490 non
1608 2446 1762 2505 pote—

158 2541 274 2587 rant
305 2531 484 2603 (Luc.
519 2547 636 2599 vin,
667 2533 736 2586 37
756 2532 798 2602 ),
837 2531 922 2586 isti
963 2531 1174 2600 pejores
1199 2528 1493 2586 Gerasenis
1519 2543 1622 2584 nec
1651 2528 1766 2582 lau-

155 2624 439 2680 dationem
487 2624 687 2679 Christi
736 2624 1006 2678 sustinuere
1039 2631 1286 2693 possunt.
1324 2620 1517 2676 Vident
1568 2635 1765 2690 pueros

158 2715 358 2772 Christi
376 2718 608 2789 gloriam
623 2717 973 2771 concinentes
992 2731 1008 2781 ;
1026 2715 1149 2785 quia
1169 2715 1430 2782 scriptum
1451 2722 1562 2768 est:
1584 2711 1665 2766 Ea:
1681 2727 1767 2766 ore

157 2809 441 2880 infantium
468 2819 512 2864 et
535 2812 830 2863 lactentium
846 2810 1106 2879 perfecisti
1128 2808 1334 2862 laudem
1359 2805 1530 2878 (Psal.
1549 2821 1660 2871 vm,
1683 2804 1760 2875 5).

160 2899 394 2957 lrrident
438 2903 596 2956 istam
642 2903 915 2956 aetatulam
947 2899 1071 2955 ﬁdei
1101 2901 1315 2970 plenam
1342 2939 1357 2965 ,
1385 2913 1511 2955 cum
1540 2899 1759 2954 dicunt;

160 2989 288 3046 Ecce
318 2994 455 3065 quid
486 2994 751 3047 clamant?
775 2993 881 3049 Sed
911 2993 1192 3062 respondit
1215 2994 1282 3047 iis
1309 2991 1560 3047 Christus
1587 3009 1599 3045 :
1629 2991 1764 3047 Silii

163 3085 438 3150 tacebunt,
467 3086 667 3156 lapides
690 3085 985 3139 clamabunt
1008 3084 1174 3156 (Luc.
1212 3101 1324 3150 xtx,
1351 3085 1455 3156 55)
1477 3126 1491 3150 ,
1521 3085 1625 3140 hoc
1656 3093 1759 3149 est,

161 3174 417 3233 fortiores
475 3146 820 3246 clamabunt,
862 3146 1179 3232 clamabunt
1235 3187 1287 3232 et
1333 3146 1598 3246 juvenes,
1651 3146 1832 3230 cla-C

160 3270 388 3325 mabunt
439 3281 494 3325 et
544 3271 898 3339 maturiores,
941 3272 1254 3325 clamabunt
1287 3280 1310 3306 δ
1352 3280 1406 3325 et
1445 3285 1641 3325 senes:
1674 3271 1762 3325 isti

154 3357 377 3428 lapides
403 3361 468 3416 ad
497 3360 650 3416 illum
678 3362 789 3432 jam
823 3362 1037 3417 solidati
1068 3362 1302 3431 lapidem
1322 3403 1337 3428 ,
1389 3363 1456 3416 de
1495 3379 1603 3433 quo
1630 3363 1764 3418 scri-

155 3460 300 3518 ptum
323 3463 455 3506 est:
487 3439 734 3525 Lapidem
782 3471 932 3521 quem
982 3454 1380 3524 rept'obaverunt
1407 3456 1757 3525 aediﬁcantes,

155 3539 235 3596 hic
258 3546 442 3614 [αα-ωε
480 3559 553 3600 est
583 3549 638 3600 in
665 3554 821 3618 caput
859 3549 1037 3619 anguli
1065 3547 1250 3620 (Paul.
1280 3563 1455 3616 cxvn,
1487 3547 1616 3620 22).

220 3637 313 3692 21.
371 3639 466 3694 His
521 3641 681 3712 igitur
732 3642 1132 3697 laudationibus
1188 3643 1447 3698 invitatus
1496 3644 1756 3713 templum

159 3741 310 3786 suum
353 3717 608 3787 Christus
647 3733 971 3802 ingreditur,
1013 3745 1070 3789 et
1119 3735 1392 3805 llagellum
1441 3735 1754 3806 prehendit,

160 3830 210 3874 et
239 3824 401 3894 ejicit
431 3825 499 3880 de
530 3826 733 3896 templo
762 3827 1156 3881 nummularius
1186 3827 1380 3898 (Joan.
1415 3844 1472 3893 ll,
1499 3826 1616 3896 l5).
1643 3827 1756 3881 Non

160 3919 365 3984 patitur
388 3922 532 3974 enim
565 3919 618 3974 in
641 3935 737 3973 suo
768 3920 970 3990 templo
995 3923 1241 3990 pecuniae
1263 3935 1384 3975 esse
1413 3921 1754 3986 vernaculos,

165 4023 264 4065 non
308 4013 515 4082 patitur
553 4013 604 4066 in
656 4028 754 4068 suo
801 4015 1004 4084 templo
1048 4027 1172 4068 esse
1219 4028 1347 4078 eos,
1391 4012 1481 4083 qui
1525 4013 1758 4069 vendant

163 4103 472 4161 cathedras.
507 4105 644 4172 Quid
675 4116 801 4160 sunt
841 4106 1148 4173 cathedrae,
1183 4106 1287 4159 nisi
1317 4105 1588 4161 honores?
1617 4107 1757 4173 Quid

166 4208 287 4253 sunt
336 4199 630 4265 columbae,
677 4199 776 4255 nisi
823 4199 1107 4270 simplices
1151 4210 1388 4267 mentes,
1435 4201 1518 4255 vel
1559 4203 1755 4258 animae

165 4288 324 4348 ﬁdem
368 4291 655 4347 candidam
687 4304 741 4348 et
779 4310 966 4363 puram
1014 4294 1340 4364 sequentes?
1369 4294 1482 4365 Ego
1505 4310 1636 4366 ergo
1676 4297 1758 4350 in-

163 4381 354 4439 ducam
390 4386 442 4439 in
479 4385 767 4454 templum,
799 4402 959 4457 quem
1007 4385 1259 4442 Christus
1290 4387 1564 4442 excludit?
1589 4387 1756 4445 Jube—

165 4483 246 4531 tur
288 4479 438 4533 enim
471 4480 658 4544 exire,
697 4480 786 4548 qui
832 4479 1124 4548 dignitates
1164 4480 1347 4534 vendit
1387 4490 1442 4534 et
1481 4480 1750 4537 honores:

1940 1876 2030 1930 23.
2075 1875 2284 1933 Paucos
2321 1877 2646 1932 excludebat
2675 1876 2937 1931 Dominus
2973 1875 3132 1930 Jesus
3169 1874 3236 1930 de
3267 1877 3469 1945 templo

1869 1982 1988 2030 suo,
2016 1967 2321 2023 Auxentius
2351 1968 2557 2022 nullum
2592 1969 2836 2039 reliquit.
2858 1968 2934 2022 De
2959 1968 3162 2037 templo
3190 1982 3288 2022 suo
3310 1967 3471 2022 Jesus

1868 2057 2083 2128 ﬂagello
2133 2059 2309 2130 ejicit,
2369 2061 2670 2115 Anxentius
2713 2059 2893 2130 gladio
2950 2060 3159 2116 :Jesus
3218 2059 3466 2128 ﬂagello,

1871 2148 2207 2205 Mercurinus
2257 2151 2457 2204 securi.
2520 2151 2648 2204 Pius
2708 2150 2969 2205 Dominus
3033 2149 3252 2221 ﬂagello
3300 2152 3467 2222 870

1868 2241 2120 2296 exturbat
2151 2242 2477 2312 sacrilegos;
2508 2256 2740 2309 nequam
2772 2242 3116 2312 persequitur
3155 2245 3273 2312 pios
3296 2244 3464 2297 ferro.

1871 2333 1947 2388 De
1995 2348 2102 2402 quo
2162 2333 2299 2387 bene
2351 2333 2564 2387 dixistis
2622 2332 2832 2387 hodie:
2883 2333 3058 2403 Leges
3097 2345 3224 2387 suas
3277 2345 3463 2388 secum

1869 2424 2024 2480 ferat.
2055 2423 2238 2489 Feret,
2268 2426 2481 2479 etiamsi
2511 2425 2681 2480 nolit:
2707 2425 2847 2480 feret
2867 2425 3256 2480 conscientiam
3285 2441 3460 2490 suam,

1869 2517 1972 2571 etsi
2019 2531 2127 2571 non
2161 2517 2263 2571 fert
2291 2516 2630 2572 chartulam:
2661 2519 2796 2572 teret
2835 2518 3099 2587 sanguine
3143 2517 3462 2587 inscriptam

1868 2610 2102 2663 animam
2134 2622 2286 2663 suam
2309 2649 2324 2675 ,
2356 2609 2462 2664 etsi
2493 2619 2798 2665 atramento
2831 2610 3145 2679 inscriptam
3177 2609 3465 2678 epistolam

1869 2719 1979 2760 non
2008 2702 2166 2757 feret.
2199 2701 2410 2771 Scripta
2437 2710 2550 2766 est,
2583 2700 2718 2756 Juda
2741 2726 2758 2767 ι
2787 2702 2942 2771 culpa
2984 2710 3072 2756 tua
3095 2701 3324 2772 graphio
3355 2700 3464 2756 fer—

1867 2809 1964 2850 reo
2009 2804 2064 2848 et
2092 2809 2272 2865 ungue
2297 2795 2677 2858 adamantina,
2703 2803 2758 2847 et
2796 2794 2997 2862 scripta
3031 2795 3082 2848 ln
3115 2804 3332 2862 pectore
3372 2801 3465 2849 tuo

1870 2889 1887 2957 (
1904 2888 2098 2944 Jerem.
2132 2904 2227 2955 vn,
2263 2888 2349 2958 1),
2375 2887 2479 2942 hoc
2507 2899 2614 2952 est,
2646 2887 2716 2941 ibi
2740 2889 2942 2958 scripta
2964 2929 2977 2953 ,
3005 2887 3148 2942 Iltitle
3177 2887 3460 2958 processit.

1937 2981 2030 3036 24.
2076 2982 2124 3037 ls
2157 2981 2286 3036 tnihi
2311 2982 2473 3036 etiam
2501 2981 2665 3036 audet
2696 2982 3022 3036 mentionem
3057 2989 3078 3018 ε
3128 2979 3309 3036 facere
3358 2991 3470 3034 tra-

1868 3075 2048 3131 ctandi
2071 3117 2084 3141 ,
2135 3076 2325 3145 plenus
2351 3077 2660 3146 sanguinis,
2696 3075 2888 3144 plenus
2919 3075 3164 3129 cruoris?
3195 3075 3295 3140 Qui
3326 3089 3463 3144 quos

1868 3184 1976 3224 non
2025 3171 2263 3240 potuerit
2314 3184 2568 3224 sermone
2618 3169 2911 3238 decipere,
2952 3181 3048 3223 eos
3089 3169 3267 3239 gladio
3311 3178 3465 3239 putat

1867 3279 1987 3319 esse
2034 3263 2338 3328 feriendus,
2391 3268 2644 3318 cruentas
2682 3263 2826 3334 leges
2877 3275 2972 3318 ore
3019 3263 3264 3325 dictans,
3297 3275 3459 3316 manu

1867 3356 2110 3410 scribens
2132 3395 2146 3420 ,
2174 3364 2228 3409 et
2257 3363 2450 3424 putans
2475 3354 2619 3425 quod
2646 3355 2728 3409 lex
2755 3355 2913 3409 tidem
2947 3356 3120 3425 possit
3151 3354 3462 3409 hominibus

1866 3447 2157 3517 imperare.
2190 3446 2305 3502 Non
2333 3446 2540 3501 audivit
2564 3455 2616 3500 et
2646 3446 2698 3500 id
2737 3450 2878 3516 quod
2909 3445 3070 3500 hodie
3098 3447 3298 3501 dictum
3338 3455 3456 3502 est:

1869 3540 2126 3606 Quoniam
2176 3557 2277 3594 non
2314 3541 2637 3611 justiﬁcatur
2682 3540 2832 3592 homo
2885 3556 2947 3592 ea:
2993 3539 3232 3609 operibus
3274 3539 3458 3611 Legit;

1867 3635 2074 3706 (Galat.
2099 3651 2157 3700 tt,
2185 3632 2308 3703 16),
2329 3645 2422 3689 aut
2448 3653 2460 3688 :
2491 3633 2596 3688 Per
2626 3632 2811 3704 Legem
2833 3632 2957 3703 Legi
2986 3644 3218 3686 mortuus
3235 3647 3346 3687 sum
3365 3675 3376 3694 ,
3403 3644 3459 3687 ut

1864 3725 1976 3781 Deo
2005 3729 2170 3781 vivam
2213 3726 2412 3798 (lbid.,
2443 3725 2573 3794 l9),
2601 3724 2651 3777 id
2682 3735 2799 3790 est,
2834 3739 2929 3792 per
2950 3724 3122 3791 legem
3155 3723 3451 3792 spiritalem

1865 3817 2297 3889 interpretationi
2332 3818 2490 3888 Legis
2528 3825 2614 3871 est
2663 3825 2908 3870 mortuus
2936 3815 3228 3884 corporali.
3262 3813 3329 3867 Et
3355 3825 3453 3867 nos

1865 3927 1962 3982 per
1993 3911 2166 3981 legem
2193 3908 2403 3962 Domini
2435 3909 2608 3962 nostri
2634 3907 2764 3962 Jesu
2789 3905 2986 3961 Christi
3008 3906 3303 3960 moriamur
3331 3905 3455 3962 huic

1863 4003 2000 4072 legi,
2036 4016 2156 4070 quae
2195 4001 2369 4054 sancit
2417 4000 2633 4054 decreta
2667 3997 2931 4068 perﬁdiae.
2967 3996 3086 4052 Non
3127 3999 3210 4054 lex
3264 3999 3451 4054 Eccle:

1861 4098 1998 4152 siam
2048 4093 2424 4165 congregavit,
2455 4091 2549 4147 sed
2590 4091 2723 4146 ﬂdes
2753 4089 2976 4144 Cill‘iSti.
3029 4090 3141 4146 Lex
3170 4093 3312 4146 enim
3343 4103 3450 4146 non

1862 4199 1943 4247 est
1973 4203 2044 4245 ex
2076 4188 2205 4243 (ide:
2235 4187 2418 4241 Justus
2445 4198 2613 4240 autem
2639 4201 2703 4239 ea:
2730 4185 2831 4252 ﬁde
2851 4183 2974 4236 vivit
2998 4182 3203 4251 (Galat.
3235 4199 3315 4248 nt,
3345 4184 3454 4255 ll).

1861 4285 2073 4342 Justum
2105 4296 2237 4352 ergo
2282 4280 2447 4345 ﬁdes,
2483 4295 2590 4334 non
2623 4280 2706 4334 lex
2740 4274 2898 4341 facit;
2937 4276 3061 4345 quia
3096 4289 3202 4330 non
3231 4283 3315 4329 est
3360 4291 3455 4343 per

1860 4381 2035 4450 legem
2072 4374 2280 4445 justitia
2307 4415 2322 4441 ,
2355 4373 2452 4428 sed
2503 4387 2596 4442 per
2645 4370 2807 4426 tidem
2853 4366 3078 4423 Christi.
3122 4366 3224 4435 Qui
3271 4377 3450 4422 autem

1863 4480 2023 4535 iidem
2076 4473 2356 4544 repudiat,
2409 4476 2466 4523 et
2502 4467 2638 4536 legis
2671 4466 2794 4534 jura
2844 4461 3185 4533 praescribit,
3232 4461 3344 4530 ipse
3397 4477 3456 4514 se

160 4565 379 4635 jubetur
407 4571 587 4637 exire,
631 4572 724 4641 qui
765 4571 999 4626 vendere
1053 4573 1169 4626 vult
1215 4573 1494 4643 simplices
1543 4586 1753 4630 mentes
1780 4574 1835 4634 D
1864 4580 2092 4627 testatur
2132 4565 2391 4635 injustum
2415 4599 2428 4625 ,
2462 4560 2585 4628 quia
2623 4557 2809 4611 Justus
2833 4569 2896 4609 ea:
2922 4555 3026 4620 ﬁde
3052 4553 3194 4608 vivit.

166 4658 419 4718 ﬁdelium.

229 4755 321 4809 22.
369 4755 510 4825 Ergo
549 4756 848 4810 Auxentius
875 4754 1112 4824 ejicitur,
1145 4758 1484 4814 Mercurinus
1511 4759 1754 4814 excludi-

168 4855 266 4904 tur.
301 4849 481 4907 Unum
525 4858 831 4919 portentum
861 4858 944 4906 est
969 4891 982 4913 ,
1012 4850 1121 4907 duo
1153 4855 1392 4908 nomina.
1438 4853 1653 4909 Etenim
1685 4869 1753 4910 ne

166 5018 290 5060 vero
319 5018 613 5071 sequamur
656 5001 1084 5057 vetnst‘ssimum
1118 5005 1415 5073 catalognm
1468 5005 1520 5058 in
1553 5001 1753 5062 Musaeo

165 5073 345 5130 Italico
375 5089 496 5145 pag.
549 5075 652 5130 llO
684 5076 989 5144 vulgatum.
1033 5076 1295 5138 septimus
1323 5090 1351 5128 a
1393 5083 1580 5130 sancto
1627 5077 1754 5131 Baro

167 5150 330 5213 naba,
378 5149 468 5216 qui
517 5145 888 5202 recentissima
937 5161 1096 5199 manu
1143 5146 1437 5212 exemplari
1486 5149 1755 5216 ascriptus

169 5220 412 5287 traditur.
447 5217 766 5285 Eustorgius
792 5225 846 5270 ct
876 5217 1017 5281 apud
1070 5216 1350 5287 Ughellnm
1385 5223 1446 5287 et
1475 5217 1615 5284 apud
1647 5218 1758 5273 Ma—

166 5285 444 5344 billonium
494 5287 736 5340 decinms
788 5285 1132 5340 uttmeratur.
1157 5285 1224 5340 At
1253 5302 1383 5341 vero
1433 5286 1755 5356 Dionysius,

167 5361 250 5422 qui
277 5367 484 5412 tantum
512 5361 675 5410 tertio
693 5357 906 5412 decimo
930 5359 1048 5412 loco
1070 5358 1123 5412 in
1152 5359 1297 5412 Italia
1323 5359 1486 5412 SaCra
1517 5361 1751 5424 pon’tnr,

170 5427 514 5500 Eustorgium
546 5431 598 5482 in
631 5430 794 5482 citato
825 5428 1024 5481 Musam
1055 5444 1192 5500 pone
1213 5429 1479 5500 sequitur.
1513 5429 1662 5484 llunc
1686 5447 1756 5500 eo

171 5501 305 5567 quod
348 5501 701 5571 Athanasium
759 5499 810 5552 in
860 5499 1068 5571 synodo
1113 5499 1334 5554 Mediol.
1369 5500 1628 5555 damnare
1663 5499 1760 5556 de-

173 5581 480 5631 trectasset.
515 5586 543 5623 a
576 5569 901 5624 Constantio
921 5571 1152 5638 ejectum
1185 5573 1234 5623 in
1265 5571 1550 5638 exsilium,
1586 5573 1637 5626 in
1668 5574 1761 5627 illo

173 5642 309 5697 diem
351 5643 555 5696 ohiisse
586 5641 750 5694 tradit
783 5641 1006 5693 Ruﬁnus
1035 5641 1129 5711 lib.
1163 5657 1174 5693 I
1207 5641 1341 5696 Hist.
1377 5657 1497 5711 Cap.
1537 5643 1630 5710 19,
1663 5644 1764 5699 So-

180 5724 352 5770 crates
377 5715 467 5768 lib.
499 5727 707 5780 ll,.c:ip.
734 5711 826 5775 56,
864 5721 1024 5778 atque
1056 5710 1170 5764 alii.

247 5798 269 5830 ει
310 5787 436 5843 Mss.
466 5798 571 5839 non
597 5775 750 5854 palmi
769 5824 782 5848 ,
810 5793 854 5836 et
876 5775 1022 5835 senes
1042 5782 1126 5835 isti
1155 5779 1352 5847 laudes,
1374 5775 1442 5834 ad
1462 5783 1631 5852 illum,
1655 5794 1764 5840 etc.

1934 4667 2023 4721 25.
2067 4663 2216 4718 Hanc
2246 4674 2376 4729 ergo
2399 4657 2570 4726 legem
2599 4654 2884 4723 quisquam
2917 4656 3198 4720 sequatur,
3232 4653 3334 4721 qtia
3366 4650 3454 4704 lir-

1864 4771 2045 4816 matur
2070 4757 2413 4812 Ariminense
2441 4749 2767 4810 concilium,
2792 4745 2844 4800 in
2871 4759 2979 4812 quo
3004 4753 3250 4800 creatura
3282 4743 3458 4798 dictus

1862 4861 1945 4909 est
1971 4846 2255 4904 Christus?
2307 4841 2416 4897 Sed
2459 4841 2642 4893 aiunt:
2681 4837 2824 4892 Misit
2866 4835 3007 4890 Deus
3058 4833 3256 4888 Filium
3302 4838 3452 4887 suum

1932 5007 1959 5045 ι)
2000 5004 2200 5058 Omnes
2216 4989 2370 5055 edit.,
2389 5010 2440 5047 se
2462 5001 2663 5046 vocaret
2689 4991 2741 5044 Μ
2748 4991 3062 5056 ercnrinum;
3081 5005 3272 5046 omnes
3293 5007 3422 5046 mss.
3437 5035 3449 5054 ,

1862 5075 2192 5132 Auxentium.
2223 5067 2289 5121 Et
2316 5073 2464 5119 certe
2504 5064 2894 5115 correctionem
2944 5061 3082 5114 hanc
3112 5063 3304 5117 sensus
3337 5062 3450 5116 exi-

1864 5131 1961 5218 iit.
1995 5145 2047 5218 id
2091 5147 2234 5218 enim
2269 5139 2372 5218 hoc
2403 5133 2506 5215 loci
2554 5132 2756 5218 indicat
2797 5131 3133 5218 Ambrosius
3160 5133 3321 5218 istum
3362 5133 3453 5214 qui

1863 5202 1965 5275 Eun
1994 5211 2279 5270 Mercurini
2316 5207 2532 5275 nomine
2562 5202 2780 5256 odiosus
2804 5208 3090 5275 evaserat,
3121 5211 3180 5258 ut
3208 5205 3260 5257 in
3298 5204 3449 5257 Aria-

1863 5272 2058 5344 imrntu
2114 5274 2622 5338 Mediolanensinm,
2681 5287 2910 5343 quorum
2955 5272 3177 5344 ultimus
3218 5275 3449 5341 pseudo-

1864 5341 2154 5430 épigcnpus
2185 5347 2485 5430 Attxcntius
2514 5341 2715 5430 fuerat,
2750 5343 2958 5430 animos
2992 5341 3224 5396 nominis
3264 5345 3456 5427 simili-

1865 5413 2067 5486 tudine.
2103 5424 2315 5479 facilius
2350 5421 2641 5487 irreperet,
2684 5413 2938 5468 Auxentii
2990 5415 3447 5483 nuncupatiOuem

1863 5501 2174 5570 adoptasse.
2422 5561 2432 5570 _
2529 5564 2547 5570 _
2770 5561 2782 5570 ,
2885 5563 2895 5570 ,
2994 5551 3025 5570 ..

2198 5555 2329 5619 edit.
2355 5561 2465 5615 sola
2485 5602 2498 5624 ,
2521 5564 2686 5630 facere
2708 5551 3053 5630 retractandi.
3070 5541 3234 5608 Forte
3261 5567 3325 5604 an
3357 5568 3454 5621 pro

1867 5645 2062 5699 iterum
2099 5633 2394 5700 tractandi,
2423 5626 2545 5702 quia
2567 5630 2676 5700 jam
2704 5644 2848 5680 anno
2877 5626 3155 5702 superiore
3187 5633 3456 5679 tractave-

2173 5723 2278 5763 non
2305 5694 2416 5769 est,
2440 5694 2536 5757 cur
2562 5694 2846 5772 prOptcrea
2876 5694 3162 5767 q‘iiidquam
3191 5703 3451 5751 mutetur.
