4040 6166
533 215 674 274 1015
1795 203 2042 262 SANCTI
2081 203 2179 260 AM

2285 203 2406 260 DSII
3695 205 3857 262 1016

532 337 730 407 factum
766 346 829 386 ea:
858 329 1097 395 muliere,
1145 331 1341 400 factum
1380 327 1471 382 sub
1520 326 1654 398 Lege
1679 324 1896 397 (Catat.
1928 338 2003 391 tv,
2032 324 2127 394 4).
2157 323 2322 384 Alex
2347 337 2454 378 non
2479 331 2786 378 atramento
2804 324 3038 394 scripta,
3065 322 3158 379 sed
3190 322 3383 392 spiritu
3417 322 3514 378 Dei
3536 323 3646 377 vivi
3683 341 3698 378 :
3734 338 3851 380 non

532 427 710 498 Ergo,
732 423 962 493 factum,
991 421 1212 490 legunt,
1239 419 1344 474 hoc
1365 427 1482 484 est,
1511 426 1777 473 creatum.
1806 415 1998 471 Nonne
2028 415 2132 470 hoc
2237 416 2292 471 in
2327 415 2516 471 charta
2546 423 2794 482 exarata,
2821 414 2917 470 sed
2950 416 3005 470 in
3033 415 3198 471 corde
3223 414 3432 486 signata
3466 434 3479 469 :
3513 414 3602 470 lex
3624 415 3848 486 gratim,

538 521 716 589 ipsum
747 512 1134 578 considerant,
1163 510 1306 582 quod
1339 518 1770 581 proposuerunt,
1805 509 1930 580 quia
1960 507 2136 563 factus
2239 522 2345 564 non
2366 507 2581 564 cruoris
2609 506 2814 580 (IlCor.
2846 522 2926 574 tn,
2949 508 3026 578 ὃ).
3047 507 3182 575 Quis
3203 508 3368 578 igitur
3393 505 3550 562 vobis
3579 505 3852 577 injuriam

537 609 738 665 dicitur
762 604 1048 670 Christus,
1079 604 1173 659 sed
1203 619 1268 658 ea:
1290 603 1534 669 muliere,
1569 600 1674 657 hoc
1699 609 1814 668 est,
1838 599 2135 657 secundum
2241 602 2372 658 facit
2401 644 2419 670 ,
2458 601 2550 673 qui
2591 609 2810 658 recusat
2847 609 3083 657 vestram
3118 642 3132 668 ,
3171 616 3239 656 an
3283 601 3375 673 qui
3417 599 3574 670 eligit
3614 600 3854 655 audien-

535 709 748 774 partum
779 698 1018 769 Virginis
1049 697 1222 752 factus
1265 705 1383 764 est,
1415 696 1506 767 qui
1543 695 1847 752 secundum
1891 693 2137 749 divinam
2244 697 2410 751 tiam?

536 791 948 866 generationem
975 805 1047 846 ex
1069 789 1232 845 Patre
1257 798 1415 845 natus
1436 789 1554 845 est?
1577 788 1855 859 Legerunt
1884 796 1938 843 et
1955 785 2134 852 hodie,
2313 787 2405 844 29.
2439 787 2742 842 Conclusus
2765 786 3024 857 undique,
3044 785 3111 841 ad
3139 785 3437 842 versutiam
3469 794 3688 856 patrum
3722 799 3855 840 suo-

539 887 666 959 quia
698 885 935 941 Christus
968 900 1058 938 nos
1103 882 1320 938 redemit
1357 883 1422 936 de
1449 881 1725 936 maledicto
1756 880 1907 952 Legis
1928 921 1944 948 ,
1977 880 2142 948 (actus
2246 897 2364 936 rum
2406 880 2666 952 confugit.
2694 880 2768 936 De
2799 881 3130 952 imperatore
3157 881 3272 934 vult
3302 879 3561 934 invidiam
3599 893 3856 934 commo-

481 1022 483 1024 η
541 997 636 1054 pro
668 979 814 1034 nobis
845 977 1182 1032 maledictum
1216 974 1430 1047 (Galat.
1464 991 1544 1040 lli,
1572 974 1696 1048 15).
1727 974 2002 1045 Numquid
2033 989 2144 1028 ma-
2247 989 2375 1031 vere
2395 1015 2410 1042 ,
2441 974 2630 1030 dicens
2653 973 2900 1044 judicare
2922 972 3123 1029 debere
3150 971 3558 1028 adolescentem
3589 971 3857 1027 catechu-

542 1074 799 1130 ledictum
851 1071 1102 1128 Christus
1144 1069 1442 1126 secundum
1491 1069 1836 1125 divinitatem
1882 1067 2008 1122 est?
2037 1065 2146 1123 Sed
2248 1081 2464 1123 menum
2489 1109 2503 1134 ,
2536 1080 2709 1122 sacra:
2730 1066 2980 1122 lectionis
3009 1065 3258 1136 ignarum
3287 1105 3302 1132 ,
3335 1073 3391 1119 et
3427 1064 3482 1119 in
3513 1063 3854 1119 consistorio

540 1180 712 1236 quare
741 1163 1092 1219 maledictum
1143 1161 1375 1229 dicatur,
1423 1160 1720 1232 Apostolus
1760 1169 1812 1216 te
1839 1159 2030 1226 docet,
2067 1157 2149 1213 di-
2245 1162 2516 1233 judicare.
2547 1160 2713 1229 Quasi
2743 1175 2875 1215 vero
2913 1159 3200 1230 superiore
3224 1173 3370 1212 anno
3399 1157 3620 1230 quando
3650 1157 3720 1212 ad
3763 1173 3857 1227 pa-

542 1271 674 1313 cens
699 1256 820 1328 quia
854 1255 1120 1325 scriptum
1149 1265 1266 1311 est:
1301 1254 1614 1310 Maledictus
1644 1254 1831 1319 omnis,
1855 1253 1942 1322 qui
1963 1252 2150 1323 pendet
2252 1256 2443 1310 latium
2493 1270 2612 1310 sum
2663 1255 2895 1324 petitus,
2938 1268 3061 1308 eum
3114 1251 3479 1323 praesentibus
3523 1251 3855 1323 primatibus

543 1350 597 1404 in
625 1349 764 1421 ligno
795 1346 971 1418 (Ibid.
991 1346 1030 1418 ),
1063 1347 1167 1403 hoc
1201 1355 1317 1413 est,
1356 1347 1448 1417 qui
1485 1347 1538 1402 in
1585 1361 1749 1402 carne
1775 1361 1872 1401 sua
1907 1352 2151 1401 nostram
2253 1355 2380 1403 ante
2401 1347 2782 1403 consistorium
2816 1354 3171 1412 tractaretur,
3200 1360 3322 1400 cum
3353 1344 3664 1415 imperator
3705 1343 3852 1398 basi-

545 1458 788 1509 carnem.
814 1442 869 1497 in
900 1457 1002 1497 suo
1028 1456 1259 1514 corpore
1289 1450 1508 1496 nostras
1527 1441 1874 1496 inﬁrmitates
1893 1449 1948 1496 et
1968 1449 2152 1495 nOSlra
2255 1445 2413 1500 licam
2434 1444 2605 1500 vellet
2635 1443 2887 1514 eripere;
2919 1456 3022 1513 ego
3057 1452 3186 1496 tunc
3216 1440 3356 1496 aula:
3381 1439 3853 1509 contemplatione

549 1535 839 1591 maledicta
885 1536 1162 1604 suscepit,
1213 1543 1270 1589 nt
1310 1533 1682 1604 crucifigeret';
1718 1549 1826 1589 non
1863 1535 2014 1589 enim
2061 1533 2156 1588 ille
2257 1539 2458 1609 regalis
2497 1536 2761 1592 infractus
2807 1537 2910 1591 sim
2943 1577 2958 1600 ,
3011 1533 3378 1590 constantiam
3423 1548 3536 1588 non
3585 1531 3850 1589 tenuerim

551 1630 914 1695 maledictus,
950 1629 1050 1684 sed
1101 1629 1154 1684 in
1207 1637 1260 1683 te
1307 1627 1658 1684 maledictus.
1695 1627 1940 1698 Denique
1989 1627 2158 1682 habes
2259 1628 2559 1686 sacerdotis
2586 1670 2600 1694 ,
2627 1637 2721 1683 aut
2751 1627 3040 1683 imminuto
3067 1626 3194 1697 jure
3233 1625 3583 1681 discesserim
3611 1625 3636 1677 ?
3664 1622 3854 1678 Nonne

552 1722 683 1777 alibi
717 1740 730 1776 :
765 1720 871 1788 Qui
899 1732 1166 1792 peccatum
1197 1737 1298 1776 non
1319 1722 1558 1792 cognouit
1579 1762 1593 1786 ,
1625 1721 1714 1775 sed
1740 1737 1834 1791 pro
1865 1721 2009 1775 nobis
2038 1736 2153 1791 pec-
2185 1711 2236 1772 Β
2264 1724 2628 1778 meminerunt
2673 1718 2818 1790 quod
2864 1718 2955 1774 ubi
2995 1733 3082 1772 me
3130 1715 3390 1788 cognovit
3434 1715 3667 1786 populus
3713 1713 3858 1784 pala-

551 1823 724 1868 catum
750 1813 917 1883 [actus
945 1822 1056 1878 est;
1086 1813 1209 1878 quia
1248 1823 1424 1867 nostra
1462 1822 1672 1882 peccata
1699 1815 1957 1882 suscepit,
1987 1821 2047 1869 ut
2077 1829 2162 1867 sa-

554 1917 812 1964 cramento
840 1923 946 1961 sua:
993 1907 1248 1977 passionis
1278 1907 1505 1962 aboleret
1537 1905 1613 1978 (ll
1647 1905 1768 1960 Cor.
1801 1921 1855 1972 v,
1885 1906 1950 1961 21
1976 1907 2014 1976 ).

625 2001 716 2056 26.
758 1999 889 2056 Haec
931 2015 1067 2072 ego,
1103 2001 1299 2057 lratres
1327 2043 1341 2067 ,
1373 2015 1559 2056 coram
1597 2001 1717 2071 ipso
1747 2000 1889 2072 apud
1922 2016 2019 2056 vos
2048 2001 2165 2072 ple-

559 2092 682 2148 nius
707 2090 1044 2161 disputarem
1082 2109 1098 2146 :
1144 2091 1242 2148 sed
1271 2100 1458 2148 certus
1488 2106 1596 2147 non
1649 2091 1872 2162 ignaros
1902 2106 2002 2147 vos
2043 2107 2169 2148 esse

561 2185 684 2241 fidei
707 2226 722 2252 ,
761 2191 1005 2240 vestrum
1036 2186 1234 2256 refugit
1263 2199 1494 2241 examen
1519 2226 1536 2253 ,
1566 2193 1620 2241 et
1646 2185 1878 2256 gentiles
1905 2185 2168 2257 quosdam

559 2283 794 2348 quatuor
824 2283 920 2330 aut
947 2276 1188 2346 quinque
1232 2275 1406 2332 ferme
1438 2275 1691 2332 homines
1721 2275 1890 2345 elegit
1925 2285 1950 2312 α
1983 2277 2169 2348 cogni-

559 2381 708 2429 tores
755 2373 892 2440 sibi,
938 2372 984 2427 si
1038 2379 1216 2425 tamen
1267 2369 1481 2439 aliquos
1528 2368 1741 2438 elegit:
1782 2384 1922 2438 quos
1971 2369 2168 2424 vellem

563 2463 756 2520 adesse
800 2463 859 2518 in
909 2470 1059 2518 coetu
1103 2460 1385 2524 omnium.
1417 2474 1526 2514 non
1568 2468 1625 2514 ut
1667 2459 1735 2515 de
1762 2457 1982 2516 Christo
2025 2459 2173 2530 judi-

563 2565 721 2622 cent,
758 2556 855 2613 sed
885 2564 942 2610 ut
969 2553 1313 2624 majestatem
1357 2551 1580 2606 audiant
1607 2548 1831 2608 Christi.
1861 2551 2065 2607 Tamen
2093 2551 2172 2608 illi

563 2649 678 2717 jam
703 2647 771 2702 de
797 2647 1074 2701 Auxentio
1099 2644 1622 2715 pronuntiaverunt,
1645 2645 1731 2700 cui
1760 2646 2012 2700 tractanti
2039 2659 2174 2716 quo-

566 2739 696 2795 tidie
724 2753 831 2794 non
861 2739 1236 2794 crediderunt.
1268 2737 1404 2805 Quae
1425 2737 1600 2808 major
1625 2737 1744 2808 ejus
1765 2737 2169 2807 condemnatio,

566 2844 726 2902 quam
750 2829 896 2901 quod
921 2831 1086 2902 871
1116 2831 1236 2886 sine
1275 2829 1597 2884 adversario
1627 2827 1770 2898 apud
1796 2828 2010 2899 judices
2041 2845 2172 2885 suos

568 2921 747 2978 victus
787 2922 914 2978 est?
942 2923 1086 2993 Ergo
1125 2930 1180 2977 et
1205 2922 1450 2992 ipsorum
1479 2920 1808 2978 sententiam
1838 2929 2032 2978 contra
2059 2920 2172 2978 Au-

570 3016 812 3072 xentium
837 3015 952 3085 jam
992 3024 1265 3070 tenemus.

2265 1816 2397 1870 tium
2424 1816 2646 1884 petisse,
2683 1812 2754 1867 ita
2785 1811 2961 1876 irruit,
2995 1819 3053 1864 ut
3080 1809 3188 1864 vim
3228 1808 3347 1879 ejus
3374 1805 3404 1845 δ
3437 1806 3582 1863 ferre
3603 1822 3708 1861 non
3734 1818 3859 1876 pos-

2266 1914 2426 1970 sent;
2458 1903 2678 1976 quando
2715 1904 2904 1960 comiti
2937 1901 3161 1957 militari
3182 1915 3306 1956 cum
3348 1898 3623 1970 expeditis
3671 1898 3738 1953 ad
3777 1897 3863 1951 fn-

2266 1999 2496 2070 gandam
2523 1996 2928 2052 multitudinem
2973 2009 3200 2066 egresso
3227 1994 3550 2050 obtulerunt
3583 2005 3773 2047 omnes
3804 2005 3866 2046 se

2266 2091 2385 2149 neci
2414 2107 2511 2163 pro
2540 2090 2646 2147 fide
2673 2089 2923 2146 Christi?
2963 2086 3158 2143 Nonne
3191 2097 3320 2142 tunc
3349 2097 3575 2156 rogatus
3604 2098 3725 2138 sum
3752 2125 3769 2150 ,
3804 2091 3866 2138 ut

2269 2184 2527 2256 populum
2559 2193 2580 2221 ο
2613 2181 2786 2237 multo
2809 2195 3066 2237 sermone
3085 2178 3421 2235 mulcerem?
3449 2175 3777 2248 sponderent
3800 2177 3866 2230 ti-

2271 2277 2418 2346 dem,
2442 2275 2589 2349 quod
2625 2275 2913 2332 Basilicam
2937 2273 3200 2330 Ecclesia:
3226 2273 3407 2328 nullus
3435 2268 3752 2326 invaderet?
3797 2268 3869 2325 Et

2271 2389 2395 2430 cum
2441 2389 2540 2444 pro
2578 2370 2849 2427 beneficio
2884 2384 3069 2425 meum
3113 2369 3184 2424 sit
3229 2367 3472 2424 officium
3507 2365 3865 2437 postulatum;

2274 2474 2454 2521 tamen
2481 2463 2624 2536 quod
2650 2463 2886 2536 populus
2911 2462 2978 2517 ad
3005 2461 3268 2532 palatium
3310 2459 3592 2524 venisset,
3632 2457 3764 2513 mihi
3794 2457 3872 2511 in-

2275 2559 2422 2616 vidia
2472 2567 2742 2615 commota
2795 2563 2899 2614 est.
2947 2556 3006 2611 ln
3055 2554 3198 2610 hanc
3253 2553 3421 2622 igitur
3469 2550 3732 2607 invidiam
3787 2564 3872 2606 me

2273 2651 2456 2708 redire
2492 2650 2834 2707 desiderant.

2344 2743 2435 2798 50.
2474 2741 2744 2798 Revocavi
2785 2740 3089 2814 populum,
3133 2747 3190 2796 et
3231 2747 3412 2794 tamen
3455 2735 3721 2793 invidiam
3764 2749 3872 2790 non

2275 2836 2424 2892 evasi
2461 2852 2476 2892 :
2528 2853 2692 2908 quam
2737 2835 2961 2907 quidem
2999 2834 3259 2890 invidiam
3314 2846 3419 2903 ego
3463 2829 3873 2902 temperandam

2272 2930 2437 3002 872
2466 2929 2848 2995 arbritor,non
2881 2926 3199 2984 timendam.
3239 2924 3380 2994 Quid
3411 2925 3559 2980 enim
3593 2924 3874 2980 timeamus

2277 3039 2376 3094 pro
2404 3023 2610 3080 ChriSti
2648 3022 2916 3080 nomine?
2952 3021 3063 3077 Nisi
3086 3021 3226 3076 forte
3251 3018 3384 3075 illud
3416 3033 3641 3075 movere
3668 3033 3752 3073 me
3779 3015 3876 3072 de-

639 3109 729 3162 27.
765 3107 832 3162 Et
859 3106 1002 3176 quod
1029 3115 1220 3176 gentes
1257 3106 1457 3176 elegit,
1502 3105 1626 3175 jure
1656 3105 1996 3163 damnandus
2027 3119 2116 3166 est
2145 3126 2161 3176 ;
2200 3089 2248 3154 Ο
2280 3089 2414 3184 bet,
2446 3115 2589 3187 quod
2628 3116 2786 3171 aiunt
2815 3133 2829 3171 :
2885 3116 3025 3187 Ergo
3056 3129 3166 3169 non
3196 3113 3361 3168 debet
3390 3113 3689 3184 imperator
3716 3126 3877 3167 unam

570 3200 696 3270 quia
735 3198 981 3270 Apostoli
1029 3207 1300 3267 praecepta
1332 3197 1580 3264 dimisit,
1615 3213 1738 3254 cum
1770 3199 2068 3270 Apostolus
2098 3202 2180 3256 di-

572 3299 661 3344 cat
691 3308 705 3346 :
742 3289 912 3344 Audet
946 3289 1136 3359 aliquis
1166 3298 1392 3343 vestrum
1437 3289 1683 3346 adversus
1719 3292 1944 3347 alterum
1988 3292 2180 3348 habens

575 3385 860 3456 negotium,
882 3383 1118 3456 judicari
1138 3384 1284 3453 apud
1308 3383 1539 3455 irriguos,
1562 3394 1614 3440 et
1641 3401 1744 3440 non
1771 3386 1912 3458 apud
1934 3388 2180 3442 sanctos?

580 3475 682 3532 Aut
711 3476 924 3532 nescitis
948 3477 1196 3546 quoniam
1220 3478 1387 3531 sancti
1422 3478 1486 3532 de
1513 3478 1610 3532 hoc
1647 3478 1845 3533 mundo
1865 3480 2180 3552 judicabant

579 3570 634 3643 (ι
660 3568 782 3626 Cor.
811 3586 896 3638 v1,
932 3571 992 3634 1,
1016 3568 1113 3639 2)?
1139 3569 1208 3625 Et
1247 3568 1388 3625 infra
1418 3571 1494 3626 ait
1527 3588 1540 3624 :
1577 3570 1670 3626 Sic
1694 3587 1797 3626 non
1831 3581 1907 3626 est
1936 3573 2070 3627 inter
2095 3589 2182 3628 vos

580 3662 788 3733 sapiens
807 3663 1100 3732 quisquam,
1131 3663 1218 3733 qui
1248 3663 1409 3733 possit
1422 3663 1663 3734 judicare
1693 3666 1823 3718 inter
1849 3669 2068 3735 fratres:
2093 3666 2182 3720 sed

579 3754 743 3825 frater
769 3771 887 3809 cum
911 3757 1076 3824 fratre
1093 3754 1303 3827 judicio
1329 3755 1590 3810 contendit
1616 3764 1663 3810 et
1691 3759 1785 3810 hoc
1822 3757 1965 3826 apud
1995 3757 2184 3827 inﬁde-

585 3852 658 3906 les
683 3849 875 3921 (lbid.,
909 3850 965 3920 5,
996 3850 1094 3920 6)?
1122 3849 1287 3907 Vides
1317 3851 1441 3923 quia
1473 3854 1617 3923 quod
1651 3852 1742 3909 ille
1767 3853 1966 3909 obtulit
1992 3864 2183 3909 contra

585 3944 967 3999 auctoritatem
997 3944 1251 4015 Apostoli
1280 3945 1373 4000 sit.
1402 3943 1510 4002 Vos
1537 3945 1722 4018 eligite
1753 3956 1931 4002 utrum
1965 3947 2187 4004 Auxen-

585 4033 716 4090 tium
741 4048 810 4089 an
828 4034 1052 4090 Paulum
1087 4037 1242 4108 sequi
1266 4036 1564 4094 debeamus
1588 4039 1935 4110 magistrum.

655 4127 750 4183 28.
784 4129 893 4185 Sed
923 4129 1052 4200 quid
1080 4130 1257 4185 dicam
1287 4130 1356 4186 de
1389 4129 1673 4200 Apostolo,
1704 4145 1828 4186 cum
1853 4132 1968 4202 ipse
1998 4131 2186 4187 Domi-

587 4234 690 4275 nus
738 4219 942 4275 clamet
989 4234 1087 4290 per
1143 4218 1468 4290 prophetam
1514 4239 1527 4272 :
1587 4220 1777 4274 Audite
1819 4238 1920 4287 me,
1963 4223 2187 4293 papulus

588 4333 754 4373 meus.
798 4315 901 4382 Qui
936 4317 1080 4370 scitis
1098 4317 1362 4388 judicium
1385 4359 1400 4384 ,
1434 4333 1656 4385 quorum
1693 4319 1748 4372 in
1777 4321 1934 4375 corde
1963 4321 2048 4375 lea:
2076 4337 2188 4376 mea

589 4420 667 4465 est
717 4408 887 4483 (Esai.
923 4425 1009 4475 LI,
1048 4409 1126 4480 7).
1171 4409 1315 4465 Deus
1344 4410 1478 4466 dicit
1511 4429 1525 4465 :
1558 4411 1746 4466 Audite
1803 4429 1904 4480 me,
1963 4417 2188 4484 papulns

588 4518 756 4559 meus.
789 4503 892 4569 Qui
919 4501 1059 4556 scitis
1080 4502 1385 4576 judicium;
1412 4502 1718 4559 Auxentius
1746 4504 1917 4562 dicit:
1959 4507 2189 4567 Nescitis

584 4598 877 4665 judicium.
911 4595 1119 4653 Videtis
1136 4597 1262 4668 quia
1284 4595 1396 4668 jam
1426 4597 1595 4654 Deum
1617 4603 1922 4657 contemnit
1938 4604 1992 4658 in
2011 4605 2185 4672 vobis,

588 4692 683 4763 qui
713 4691 1040 4747 sententiam
1071 4691 1316 4748 caelestis
1345 4691 1544 4748 refutat
1573 4695 1818 4750 oraculi?
1857 4698 2047 4752 Audite
2071 4717 2152 4756 me
2171 4743 2186 4768 ,

591 4784 786 4852 inquit,
818 4782 1042 4854 papulas
1070 4799 1233 4850 meus,
1264 4783 1400 4841 dicit
1419 4785 1705 4843 Dominus.
1731 4787 1848 4845 Non
1876 4790 2039 4847 dicit:
2073 4795 2188 4849 An-

591 4873 725 4942 dite,
771 4884 983 4945 gentes.
1009 4873 1127 4930 Non
1154 4874 1331 4930 dicit:
1380 4877 1602 4946 Audite,
1635 4879 1832 4938 Judaei.
1874 4882 1996 4939 Jam
2042 4885 2188 4942 enim

594 4967 832 5038 populus
862 4967 958 5022 Dei
989 4967 1082 5039 qui
1115 4968 1292 5024 fuerat
1318 5010 1333 5035 ,
1360 4972 1594 5041 populus
1621 4975 1830 5030 erroris
1857 4985 1942 5032 est
1972 4978 2147 5035 factus
2174 4999 2186 5033 :

593 5068 649 5115 et
676 5060 768 5131 qui
800 5060 1038 5131 p0pulus
1074 5061 1282 5118 erroris
1308 5071 1451 5129 erat,
1482 5067 1717 5135 pepulus
1732 5067 1824 5123 Dei
1841 5083 1964 5126 esse
1991 5072 2158 5141 cmpit
2177 5114 2192 5138 ,

596 5155 724 5227 quia
775 5157 829 5211 in
860 5155 1141 5211 Christum
1181 5157 1436 5213 credidit.
1469 5158 1576 5215 Iste
1606 5176 1741 5232 ergo
1779 5165 2015 5235 p0pulus
2048 5166 2195 5236 judi-

597 5254 687 5301 eat
711 5287 725 5310 ,
765 5247 921 5317 cujus
960 5246 1017 5302 in
1068 5247 1236 5303 corde
1274 5249 1362 5304 lex
1390 5248 1573 5306 divina
1604 5261 1688 5309 est
1716 5295 1730 5319 ,
1773 5269 1879 5310 non
1923 5257 2193 5314 humana:

627 5398 696 5473 ha
733 5385 990 5457 Cognitor
1004 5403 1150 5473 saepe
1167 5389 1286 5473 ipse
1297 5389 1476 5473 _judex_
1489 5401 1600 5459 est,
1619 5395 1708 5473 qui
1726 5409 1944 5473 causam
1959 5411 2190 5473 cognos-_

591 5461 700 5516 cit:
725 5473 871 5527 smpe
892 5469 1212 5537 procurator
1231 5461 1339 5516 litis
1355 5503 1370 5527 ,
1393 5465 1477 5518 cui
1502 5461 1651 5537 apud
1667 5465 1903 5537 jndicem
1932 5461 2187 5537 praesenti

593 5549 624 5604 a
659 5541 929 5604 prasente
947 5529 1217 5604 litigatore
1238 5547 1400 5587 causa
1429 5529 1816 5604 committitur:
1851 5529 1995 5604 saepe
2021 5539 2186 5594 etiam

597 5601 642 5680 is
663 5599 1065 5680 e_s.t,Aqui:alios
1090 5601 1159 5656 de
1185 5611 1328 5680 statu
1357 5619 1456 5660 suo
1491 5603 1853 5680 disceptantes
1892 5599 2190 5680 agnoscere

592 5679 650 5720 se
673 5669 804 5722 dicit
821 5708 834 5730 ,
869 5679 925 5724 et
948 5684 1133 5727 eorum
1158 5673 1391 5742 natalia,
1419 5669 1758 5746 patriamque
1781 5669 1960 5734 docet'.
1985 5675 2100 5735 Cic.
2132 5679 2188 5734 in

2220 4467 2268 4528 Ι)

2283 3207 2566 3264 basilicam
2593 3207 2875 3279 accipere,
2907 3206 2975 3261 ad
3013 3221 3175 3277 quam
3203 3205 3465 3276 procedat
3493 3223 3506 3259 :
3540 3213 3595 3260 et
3621 3204 3735 3276 plus
3762 3205 3877 3259 vult

2282 3302 2605 3358 Ambrosius
2646 3317 2828 3374 posse,
2873 3316 3036 3372 quam
3076 3301 3423 3371 imperator;
3455 3310 3510 3354 ut
3564 3300 3876 3370 imperatori

2283 3394 2586 3466 prodeundi
2620 3395 2932 3450 facultatem
2965 3393 3173 3464 neget?
3201 3393 3355 3462 Quod
3378 3407 3502 3449 cum
3528 3392 3718 3448 dicunt
3744 3433 3760 3459 ,
3785 3407 3879 3462 ap-

2284 3486 2621 3559 prehendere
2653 3501 2935 3543 sermones
2964 3494 3182 3542 nostros
3215 3485 3456 3556 gestiunt
3483 3525 3498 3550 ,
3539 3485 3682 3540 sicut
3707 3482 3875 3540 Judaei

2282 3582 2373 3651 qui
2413 3578 2693 3635 Christum
2727 3587 2950 3634 versuto
2988 3592 3242 3634 sermone
3269 3575 3558 3632 tentabant
3587 3575 3830 3631 dicentes
3861 3592 3876 3630 :

2290 3672 2560 3745 Magister,
2591 3671 2710 3726 licet
2737 3671 2989 3726 tributum
3010 3671 3139 3725 dare
3160 3669 3378 3737 Cwsari,
3409 3678 3498 3723 aut
3531 3685 3634 3723 non
3663 3667 3872 3743 (Matth.

2286 3781 2420 3833 xxn,
2454 3764 2544 3836 17)
2568 3764 2591 3818 ?
2619 3763 2922 3834 Semperne
2953 3763 3020 3818 de
3046 3761 3264 3819 Caesare
3294 3761 3527 3818 servulis
3560 3761 3655 3817 Dei
3681 3761 3875 3816 invidia

2286 3857 2710 3916 commovetur?
2755 3857 2822 3912 Et
2868 3857 2972 3912 hoc
3018 3855 3086 3911 ad
3127 3856 3457 3912 calumniam
3502 3856 3610 3911 sibi
3659 3858 3877 3912 arcessit

2288 3955 2572 4026 impietas,
2603 3961 2664 4008 ut
2692 3951 2978 4024 imperiale
2997 3967 3198 4008 nomen
3227 3951 3531 4007 obtendat?
3563 3951 3633 4007 Et
3653 3951 3738 4006 isti
3761 3967 3876 4023 pos-

2289 4054 2415 4100 sunt
2445 4043 2630 4102 dicere
2670 4045 2813 4116 quod
2842 4058 3034 4101 eorum
3087 4059 3195 4099 non
3227 4043 3465 4100 habeant
3499 4043 3871 4116 sacrilegium,

2289 4151 2521 4209 quorum
2555 4137 2838 4193 imitantur
2862 4137 3276 4208 magisterium?

2361 4231 2451 4285 51.
2481 4227 2550 4284 Ει
2571 4239 2751 4285 tamen
2782 4227 2964 4284 videte
2993 4237 3204 4298 quanto
3251 4227 3470 4299 pejores
3510 4227 3696 4284 Ariani
3727 4231 3833 4285 sint
3861 4271 3874 4297 ,

2291 4338 2453 4394 quam
2483 4321 2680 4378 Judaei.
2722 4321 2803 4377 Illi
2826 4321 3150 4392 quaerebant
3177 4332 3357 4378 utrum
3381 4321 3704 4378 solv'endum
3734 4336 3880 4395 puta-

2295 4426 2379 4472 ret
2399 4415 2707 4486 Caesarijus
2738 4416 2960 4482 tributi;
2994 4416 3110 4483 isti,
3136 4416 3458 4487 imperatori
3489 4413 3516 4453 ιι
3553 4417 3736 4472 volunt
3755 4417 3878 4472 dare

2290 4509 2380 4579 jus
2412 4509 2692 4564 Ecclesiae.
2727 4508 2834 4564 Sed
2863 4516 2922 4562 ut
2951 4507 3143 4579 perfidi
3171 4522 3328 4563 suum
3360 4517 3666 4577 sequuntur
3702 4521 3876 4565 aucto-

2296 4618 2447 4668 rem;
2496 4603 2567 4656 ita
2597 4611 2652 4656 et
2687 4617 2788 4657 nos
2817 4617 2941 4672 qua:
2969 4616 3072 4657 nos
3095 4601 3365 4656 Dominus
3400 4609 3455 4656 et
3480 4612 3673 4657 auctor
3703 4611 3878 4658 noster

2291 4697 2502 4762 docuit,
2532 4695 2984 4766 respondeamus.
3021 4694 3394 4751 Considerans
3422 4695 3572 4752 enim
3610 4694 3764 4751 Jesus
3790 4696 3876 4752 do-

2297 4792 2406 4846 lum
2447 4789 2760 4846 Judaeorum
2815 4789 3006 4863 (Ibid.,
3056 4791 3121 4846 18
3166 4799 3214 4844 et
3254 4788 3422 4861 seq.),
3466 4787 3606 4844 dixit
3649 4789 3712 4844 ad
3754 4805 3870 4847 eos:

2298 4882 2438 4949 Quid
2468 4898 2547 4936 me
2575 4884 2781 4936 tentatis
2807 4881 2832 4935 ?
2873 4880 3140 4937 Ostendite
3163 4883 3292 4936 mihi
3331 4882 3624 4938 denarium.
3664 4881 3731 4937 Et
3763 4897 3872 4940 cum

2297 4977 2612 5044 dedissent,
2636 4976 2775 5031 dixit
2801 4995 2814 5032 :
2857 4975 3019 5050 Cujus
3044 4977 3318 5047 imaginem
3345 4975 3498 5032 habet
3523 4985 3570 5030 et
3601 4977 3870 5048 inscriptio-

2297 5071 2460 5125 nem?
2498 5069 2913 5139 Respondentes
2959 5069 3216 5124 dixerunt
3247 5087 3260 5124 :
3308 5066 3552 5123 Caesaris.
3587 5067 3657 5124 Et
3680 5069 3750 5124 ait
3780 5069 3869 5126 illis

2296 5164 2455 5220 Jesus
2502 5183 2514 5218 :
2568 5162 2792 5219 Reddite
2827 5179 2944 5234 qua:
2987 5171 3109 5216 sunt
3140 5164 3362 5218 Caesaris
3400 5161 3636 5228 Caesari,
3690 5173 3736 5218 et
3773 5178 3867 5234 qua:

2299 5269 2422 5315 sunt
2446 5255 2542 5312 Dei
2567 5297 2582 5325 ,
2607 5255 2743 5312 Deo.
2771 5255 2915 5327 Ergo
2942 5264 2997 5312 et
3021 5269 3123 5326 ego
3153 5255 3278 5310 dico
3307 5254 3450 5323 illis,
3483 5255 3575 5328 qui
3597 5254 3723 5310 mibi
3745 5253 3863 5324 obji-

2293 5397 2540 5452 Verrem:
2561 5395 2747 5450 Civem
2769 5394 3069 5449 Romanum
3087 5395 3178 5464 qui
3201 5394 3512 5464 cognitores
3529 5394 3765 5450 homines
3786 5394 3862 5449 ho-

2295 5478 2477 5524 nestos
2508 5467 2682 5531 daret,
2704 5465 2977 5520 sublatum
3010 5480 3133 5521 esse
3164 5466 3214 5520 in
3246 5480 3488 5520 crucem.
3525 5465 3600 5521 Ita
3633 5465 3857 5523 Nannius.

2364 5538 2391 5577 ι’
2425 5538 2556 5609 lilss.
2586 5536 2821 5609 aliquot,
2846 5541 2982 5608 ferre
3011 5553 3114 5609 non
3139 5552 3361 5609 possem.

2367 5620 2388 5647 ε
2423 5608 2581 5662 Rom.
2599 5605 2747 5662 ‘edit.
2781 5605 2920 5670 sola,
2939 5607 3086 5661 molli
3112 5605 3367 5674 sermone.

2365 5679 2391 5716 ά
2424 5680 2552 5735 Mss.
2579 5678 2810 5746 aliquot.
2843 5679 3024 5734 nolunt
3047 5677 3195 5734 dare.
3226 5676 3521 5735 Contraria
3548 5693 3724 5742 sensu.
