4040 6166
189 259 315 315 1017

1349 255 1834 316 EPISTOLARUM
1873 257 2155 317 CLASSlS
2200 260 2240 314 Ι.

3306 258 3446 316 1018

178 375 336 437 ciunt,
370 369 634 426 Ostendite
663 366 790 422 mihi
815 371 1089 426 denarium
1113 387 1129 426 :
1149 370 1307 429 Jesus
1319 370 1552 428 Caesaris
1581 371 1758 429 dena-
1782 377 1838 437 Α
1863 373 2040 441 fateri,
2075 373 2290 430 Patrem
2315 385 2371 432 et
2409 375 2603 431 Filium
2626 385 2681 432 et
2710 375 2969 448 Spiritum
2995 386 3238 433 sanctum
3263 388 3465 436 norunt

180 467 308 521 rium
331 465 484 531 vidit,
507 474 563 521 et
587 467 664 522 ait
686 484 700 522 :
730 466 954 522 Reddite
975 463 1192 534 Caesari,
1218 481 1334 537 qute
1353 465 1574 522 Cwsaris
1594 475 1715 521 sunt
1739 507 1755 533 ,

176 566 222 610 et
245 572 358 626 qua
386 554 484 610 Dei
505 565 624 610 sunt
651 554 783 611 Deo.
824 554 1098 626 Numquid
1125 555 1194 611 de
1215 555 1482 613 Ecclesiae
1519 556 1757 613 basilicis

176 648 497 718 occupandis
527 657 758 718 possunt
787 647 1069 703 denarium
1100 646 1298 704 oﬂ'erre
1327 646 1562 704 Ctesaris
1593 649 1617 701 ?

239 739 323 794 52.
355 738 466 795 Sed
492 740 546 795 in
564 739 814 796 Ecclesia
835 755 994 795 unam
1025 741 1315 811 imaginem
1347 740 1502 805 novi,
1529 740 1631 796 hoc
1652 749 1755 808 est,

176 832 456 902 imaginem
475 832 570 887 Dei
601 832 893 888 invisibilis
911 874 928 900 ,
959 832 1026 888 de
1052 849 1158 904 qua
1185 832 1327 888 dixit
1355 834 1497 888 Deus
1522 851 1536 887 :
1571 832 1759 888 Facia-

176 942 279 980 mus
322 927 582 979 hominem
623 922 692 979 ad
715 925 993 997 imaginem
1019 935 1066 980 et
1105 925 1495 981 similitudinem
1531 936 1760 981 nostram

176 1017 323 1091 (Gen.
351 1034 393 1085 ι,
425 1017 553 1091 26);
587 1018 738 1073 illam
768 1017 1097 1090 imaginem,
1118 1019 1190 1074 de
1219 1035 1322 1090 qua
1353 1021 1616 1090 scriptum
1643 1027 1756 1091 est;

173 1114 284 1185 quia
313 1111 574 1169 Christus
612 1113 862 1185 splendor
908 1114 1091 1187 gloriae
1114 1155 1129 1179 ,
1170 1124 1217 1169 et
1261 1114 1433 1186 imago
1460 1113 1762 1170 substantia

174 1208 271 1277 ejus
298 1203 490 1272 (Hebr.
523 1222 561 1274 ι,
593 1204 671 1274 3).
697 1205 756 1261 In
787 1207 888 1261 ista
913 1207 1152 1278 imagine
1182 1205 1400 1262 Patrem
1439 1220 1639 1275 cerno,
1689 1207 1762 1262 si-

172 1307 257 1352 cut
284 1298 422 1352 dixit
449 1297 568 1367 ipse
601 1297 864 1352 Dominus
890 1297 1050 1353 Jesus
1082 1316 1095 1352 :
1133 1298 1235 1366 Qui
1258 1315 1336 1353 me
1361 1299 1495 1353 videt
1517 1341 1531 1366 ,
1557 1299 1692 1353 videt
1710 1308 1761 1354 et

175 1389 375 1444 Patrem
405 1388 590 1461 (Joan.
621 1405 735 1457 διν,
769 1389 847 1462 9).
877 1389 996 1445 Non
1026 1390 1171 1446 enim
1202 1392 1319 1446 haec
1339 1393 1520 1462 imago
1545 1407 1572 1444 a
1599 1391 1762 1447 Patre

173 1494 249 1540 est
277 1494 553 1555 separata,
585 1501 705 1555 quae
738 1485 1002 1540 unitatem
1037 1499 1124 1540 me
1153 1484 1340 1542 docuit
1377 1485 1661 1540 Trinitatis
1681 1485 1763 1540 di-

171 1593 328 1634 cens:
361 1576 481 1651 Ego
522 1587 568 1632 et
595 1577 757 1632 Pater
782 1594 944 1631 unum
987 1594 1166 1632 sumus
1191 1577 1212 1650 (
1235 1577 1392 1633 Joan.
1421 1595 1450 1633 x
1477 1619 1492 1644 ,
1525 1578 1594 1634 '50
1617 1578 1676 1649 );
1708 1587 1763 1633 et

173 1671 300 1728 inira
353 1691 365 1726 :
427 1670 617 1727 Omnia
665 1688 996 1744 quotcumque
1041 1674 1189 1727 habet
1239 1671 1438 1741 Pater,
1485 1690 1596 1728 mea
1643 1683 1763 1726 sunt

1861 467 2108 524 versibus
2122 467 2439 539 prtedicare.
2461 468 2612 524 Facti
2639 478 2767 526 sunt
2792 469 2956 542 igitur
2982 483 3170 526 omnes
3196 471 3460 542 magistri,

1859 560 1948 631 qui
1979 561 2066 615 vix
2089 569 2338 631 poterant
2359 576 2481 618 esse
2506 561 2779 634 discipuli.

1932 653 2025 708 55.
2059 651 2199 722 Quid
2230 653 2394 725 igitur
2431 653 2818 710 obaudientius
2847 663 3030 726 potest
3049 669 3192 719 esse,
3216 668 3377 725 quam
3409 664 3468 711 ut

1859 743 2064 800 Christi
2113 761 2411 817 sequamur
2439 749 2752 817 exemplum
2777 788 2792 813 ,
2821 748 2914 818 qui
2948 747 3117 818 specie
3145 748 3379 802 inventus
3409 756 3465 801 ut

1863 840 2036 907 homo,
2071 839 2367 895 humiliavit
2393 842 2725 911 semetipsum
2746 841 2914 902 factus
2952 840 3192 895 obediens
3220 856 3378 910 usque
3397 840 3465 894 ad

1862 945 2075 990 mortem
2101 933 2364 1006 (Philipp.
2393 951 2452 1000 ιι,
2477 935 2534 1000 7,
2567 933 2630 1006 8)
2651 935 2676 987 ‘i
2707 935 2952 1006 Denique
2978 949 3170 990 omnes
3206 949 3304 1005 per
3330 932 3462 988 obe-

1863 1026 2122 1082 dientiam
2147 1026 2396 1082 liberavit
2425 1044 2440 1082 :
2467 1026 2617 1082 Sicut
2641 1029 2773 1081 enim
2791 1043 2882 1096 per
2904 1025 3299 1081 inobedientiam
3314 1023 3468 1078 unius

1864 1119 2086 1174 hominis
2113 1127 2404 1190 peccatores
2442 1119 2707 1173 constituti
2738 1128 2859 1172 sunt
2888 1119 3136 1190 plurimi,
3179 1119 3254 1170 ita
3282 1125 3329 1172 et
3376 1131 3468 1188 per

1863 1215 2016 1269 unius
2047 1212 2390 1268 obedientiam
2406 1214 2540 1286 justi
2564 1213 2944 1267 constituentur
2967 1212 3119 1266 multi
3156 1211 3348 1280 (Rom.
3385 1225 3419 1263 v
3447 1249 3464 1277 ,

1865 1306 1988 1380 l9).
2029 1306 2086 1362 Si
2119 1322 2250 1377 ergo
2281 1307 2373 1362 ille
2390 1307 2676 1372 obediens,
2702 1306 2974 1376 accipiant
2994 1304 3322 1361 obedientite
3351 1317 3465 1359 ma-

1863 1400 2175 1472 gisterium,
2209 1399 2294 1454 cui
2323 1413 2421 1452 nos
2453 1397 2811 1461 inhaeremus,
2842 1396 3173 1452 dicentesiis
3194 1395 3285 1466 qui
3307 1393 3465 1450 nobis

1865 1490 1932 1546 de
1964 1490 2296 1560 imperatore
2327 1488 2588 1545 invidiam
2616 1489 2823 1544 faciunt
2851 1507 2865 1543 :
2899 1487 3172 1545 Solvimus
3201 1503 3321 1559 qua:
3340 1497 3466 1542 sunt

1863 1581 2095 1638 Caesaris
2122 1582 2330 1638 Caesari
2351 1624 2365 1647 ,
2399 1594 2454 1638 et
2479 1598 2600 1653 qua:
2631 1590 2760 1637 sunt
2789 1581 2887 1636 Dei
2931 1582 3042 1637 Deo
3074 1580 3288 1654 (Matth.
3327 1595 3466 1649 mi,

1865 1677 1984 1748 2i).
2016 1675 2298 1732 Tribulum
2331 1677 2562 1733 Ctesaris
2585 1685 2698 1744 est,
2727 1690 2835 1731 non
2870 1685 3103 1746 negatur
3132 1675 3248 1748 (‘23,
3278 1683 3462 1744 quiest.

171 1763 337 1835 (Joan.
389 1780 478 1820 xvi
507 1806 522 1832 ,
549 1763 672 1836 15).
705 1765 774 1820 Et
801 1764 870 1821 de
896 1765 1100 1834 Spiritu
1140 1777 1330 1822 sancto
1362 1807 1376 1834 ,
1411 1765 1597 1821 dicens
1637 1767 1759 1837 quia
1792 1780 1840 1840 B
1865 1769 1933 1835 8,
1965 1787 2009 1824 ο.
2045 1767 2377 1838 Conventior,
2409 1767 2795 1842 §Tributum):
2827 1769 3074 1824 Ecclesia
3092 1767 3189 1823 Dei
3215 1777 3321 1834 est,
3350 1764 3469 1821 Ca:-

168 1855 400 1927 Spiritus
444 1857 649 1914 Christi
688 1859 782 1924 sit,
835 1869 889 1914 et
941 1859 1009 1915 de
1061 1859 1282 1916 Christo
1329 1861 1562 1930 accepit,
1619 1861 1762 1916 sicut

170 1951 427 2023 scriptum
481 1950 729 2008 estzllle
784 1952 846 2007 de
901 1969 1012 2008 meo
1058 1952 1299 2023 accipiet,
1353 1962 1403 2008 et
1434 1953 1762 2007 annuntiabit

172 2045 295 2098 vobis
324 2042 526 2118 (Ibid.,
563 2043 676 2118 ιι).

229 2138 316 2193 55.
351 2136 490 2206 Quid
530 2136 699 2208 igitur
728 2153 834 2194 non
877 2137 1158 2197 humiliter
1193 2155 1518 2212 responsum
1546 2154 1576 2194 a
1607 2141 1766 2197 nobis

171 2239 244 2285 est
268 2231 291 2284 ?
313 2230 378 2286 Si
414 2231 674 2287 tributum
706 2233 882 2303 petit,
913 2248 1022 2288 non
1057 2248 1337 2305 negamus.

232 2332 256 2360 ι
283 2322 422 2394 Agri
456 2323 718 2380 Ecclesiae
744 2325 967 2380 solvunt
1002 2327 1262 2381 tributum
1315 2347 1328 2382 :
1362 2326 1406 2380 si
1429 2341 1593 2398 agros
1622 2326 1769 2382 desi-

170 2413 317 2470 derat
353 2417 676 2486 imperator,
709 2427 1040 2487 potestatem
1074 2419 1239 2474 habet
1267 2417 1716 2473 vindieandorum
1748 2436 1763 2486 ;

171 2527 319 2569 nemo
355 2523 605 2568 nostrum
631 2514 946 2570 intervenit.
993 2514 1182 2571 Potest
1228 2515 1556 2585 pauperibus
1597 2514 1768 2570 colla-

173 2605 240 2662 tio
275 2607 470 2678 populi
527 2607 836 2664 redundare
881 2625 895 2661 :
943 2623 1050 2662 non
1098 2606 1300 2662 faciant
1338 2607 1406 2662 de
1457 2607 1600 2677 agris
1632 2607 1769 2662 invi-

171 2697 330 2767 diam,
370 2699 562 2755 tollant
590 2714 686 2756 eos
717 2742 732 2766 ,
779 2701 825 2756 si
863 2700 1076 2755 libitum
1129 2710 1213 2755 est
1265 2700 1584 2770 imperatori
1619 2718 1630 2752 :
1661 2714 1767 2755 non

172 2792 308 2850 dono
337 2836 354 2862 ,
392 2793 500 2849 ised
533 2809 640 2850 non
673 2810 832 2867 nego.
869 2798 1074 2850 Aurum
1106 2804 1359 2864 quzerunt
1383 2838 1398 2862 ,
1435 2809 1655 2864 possum
1688 2794 1770 2848 di-

173 2899 288 2942 cere
314 2903 329 2940 :
364 2885 667 2958 Argentum
698 2895 754 2943 et
785 2902 974 2942 aurum
1002 2902 1110 2942 non
1134 2904 1340 2958 quaero.
1369 2887 1476 2944 Sed
1509 2887 1767 2942 invidiam

175 2976 373 3036 faciunt
407 3022 422 3047 ,
475 2982 602 3052 quia
649 2997 839 3036 aurum
878 2989 1157 3051 erogatur.
1187 2980 1298 3037 Nec
1329 2997 1430 3050 ego
1463 2983 1602 3037 hanc
1629 2980 1772 3036 invi-

175 3070 308 3126 diam
361 3071 744 3142 perhorresco.
807 3071 996 3127 Habeo
1037 3070 1064 3110 ι)
1112 3073 1388 3128 aerarios:
1439 3072 1620 3127 aerarii
1663 3071 1767 3126 mei

1870 1864 1980 1918 sari
2025 1864 2210 1934 utique
2238 1879 2344 1918 non
2387 1863 2556 1918 debet
2583 1861 2793 1927 addici;
2825 1863 2951 1934 quia
2972 1862 3063 1931 jus
3089 1859 3326 1917 Caesaris
3347 1873 3471 1917 esse

1871 1971 1976 2011 non
2016 1966 2197 2027 potest
2231 1957 2323 2012 Dei
2354 1957 2636 2026 templum.

1941 2051 2029 2107 56.
2070 2050 2226 2118 Quod
2270 2066 2392 2106 cum
2435 2050 2856 2106 honoriﬁcentia
2886 2048 3237 2120 imperatoris
3265 2048 3469 2104 dictant

1870 2159 2031 2201 nemo
2092 2153 2272 2214 potest
2328 2159 2553 2215 negare.
2599 2145 2739 2212 Quid
2776 2145 2921 2200 enim
2975 2141 3468 2208 honorificentius,

1871 2251 2032 2307 quam
2086 2245 2146 2290 ut
2205 2237 2504 2306 imperator
2549 2235 2813 2290 Ecclesiae
2863 2233 3010 2289 filius
3057 2247 3182 2289 esse
3217 2233 3471 2289 dicatur?

1871 2330 2024 2399 Quod
2047 2345 2168 2385 cum
2191 2328 2424 2396 dicitur,
2464 2329 2583 2384 sine
2615 2337 2839 2397 peccato
2877 2326 3105 2394 dicitur,
3135 2342 3258 2382 cum
3295 2327 3471 2396 gratia

1870 2423 2089 2479 dicitur.
2123 2433 2144 2460 ε
2169 2422 2470 2492 Imperator
2491 2422 2634 2477 enim
2661 2421 2799 2476 intra
2826 2419 3154 2487 Ecclesiam,
3179 2434 3285 2474 non
3306 2434 3474 2488 supra

1871 2513 2172 2570 Ecelesiam
2218 2523 2330 2579 est;
2368 2513 2542 2568 bonus
2579 2513 2722 2568 enim
2763 2513 3060 2582 imperator
3083 2515 3281 2582 quatrit
3310 2511 3469 2568 auxi-

1873 2608 2001 2663 lium
2041 2607 2340 2674 Ecclesiae,
2367 2621 2474 2662 non
2499 2607 2720 2662 refutat.
2744 2605 2873 2662 llzec
2911 2613 2974 2660 ut
3015 2604 3298 2660 humiliter
3337 2604 3474 2659 diei-

1871 2717 2024 2767 mus,
2050 2701 2126 2756 ita
2153 2709 2472 2756 constanter
2492 2699 2835 2770 exponimus.
2865 2698 2974 2756 Sed
3008 2698 3258 2755 incendia
3282 2698 3472 2768 aliqui,

1869 2793 2153 2867 gladium,
2213 2791 2241 2829 ἀ
2299 2791 2738 2863 deportationem
2807 2792 3108 2846 minantur.
3171 2790 3476 2845 Didicimus

1870 2886 2076 2942 Christi
2099 2885 2304 2942 servuli
2330 2901 2438 2942 non
2461 2887 2672 2941 timere.
2699 2885 2816 2940 Non
2843 2886 3158 2941 timentibus
3180 2897 3477 2954 numquam

1873 2987 1957 3034 est
1982 2979 2165 3050 gravis
2190 2987 2392 3035 terror.
2427 2979 2672 3048 Denique
2699 2979 2964 3049 scriptum
2999 2987 3116 3032 est:
3150 2977 3370 3048 Sagitta:
3391 2977 3478 3031 in-

1873 3074 2093 3144 fantium
2121 3073 2274 3144 facta:
2303 3082 2422 3128 sunt
2451 3073 2620 3146 plaga:
2649 3089 2826 3127 eorum
2853 3071 3028 3143 (Ps-al.
3063 3087 3213 3137 mu,
3245 3069 3330 3142 8).

176 3180 434 3238 pauperes
463 3164 666 3220 Christi
695 3177 845 3232 sunt,
876 3165 1020 3222 hunc
1049 3168 1172 3222 novi
1195 3181 1526 3238 congregare
1546 3167 1766 3222 thesau-
1793 3169 1838 3232 Ο
1940 3166 2108 3240 874
2125 3166 2376 3223 57.Satis
2395 3167 2557 3238 igitur
2570 3166 2865 3237 propositis
2885 3179 3206 3237 responsum
3236 3163 3480 3219 videtur.

175 3271 308 3312 rum.
335 3255 500 3328 873
527 3255 748 3312 Utinam
789 3257 891 3312 hoc
922 3257 1051 3312 mihi
1093 3273 1310 3327 semper
1360 3259 1567 3312 crimen
1598 3256 1768 3312 ascri-

177 3346 320 3412 bant,
357 3348 479 3416 quia
511 3363 705 3403 aurum
730 3348 1060 3418 pauperibus
1083 3357 1343 3418 erogatur
1369 3350 1381 3403 !
1416 3349 1571 3416 Quod
1600 3350 1646 3405 si
1673 3349 1772 3404 ob-

172 3437 365 3506 jiciunt
385 3437 530 3510 quod
553 3437 934 3495 defensionem
957 3441 1024 3495 ab
1052 3441 1117 3495 iis
1147 3443 1442 3511 requiram,
1469 3457 1575 3496 non
1608 3457 1769 3514 nego,

179 3531 265 3586 sed
300 3532 466 3587 etiam
491 3530 693 3586 ambio.
723 3529 910 3587 Habeo
937 3530 1337 3598 defensionem,
1367 3534 1462 3588 sed
1488 3532 1541 3587 in
1571 3534 1774 3588 oratio-

179 3623 330 3678 nibus
360 3639 682 3694 pauperum.
707 3623 850 3678 Czeci
878 3624 954 3678 illi
986 3635 1042 3680 et
1071 3625 1271 3690 claudi,
1305 3625 1518 3682 debiles
1539 3634 1594 3682 et
1614 3639 1774 3682 senes

179 3717 420 3772 robustis
440 3715 801 3772 bellatoribus
822 3716 1082 3773 fortiores
1107 3730 1256 3774 sunt.
1287 3719 1529 3790 Denique
1548 3733 1774 3775 munera

180 3825 472 3881 pauperum
526 3810 693 3866 Deum
735 3811 1017 3882 obligant;
1049 3813 1171 3883 quia
1201 3815 1463 3883 scriptum
1493 3822 1577 3867 est
1615 3830 1625 3864 :
1676 3812 1778 3880 Qui

180 3903 389 3974 largitur
420 3906 662 3976 pauperi,
696 3903 804 3960 Deo
833 3907 1034 3976 fenerat
1061 3904 1245 3976 (Prov.
1279 3920 1398 3969 xix,
1431 3905 1545 3973 17).
1575 3904 1776 3958 Praesi-

182 3996 261 4052 dia
290 3999 621 4053 bellatorum
645 3999 882 4053 divinam
906 4012 1052 4068 saepe
1083 3998 1312 4068 gratiam
1338 4014 1444 4051 non
1476 4006 1774 4053 merentur.

245 4093 332 4150 54.
358 4093 697 4166 Hymnorum
717 4109 934 4166 quoque
961 4108 1205 4149 meorum
1233 4092 1567 4148 carminibus
1582 4093 1782 4163 decep-

187 4194 289 4242 tum
321 4187 583 4259 papulum
617 4187 815 4243 lerunt.
853 4187 1018 4243 Plane
1050 4201 1152 4241 nec
1181 4186 1285 4241 hoc
1317 4186 1521 4240 abnuo.
1561 4185 1780 4242 Grande

185 4293 398 4336 carmen
429 4279 570 4334 istud
586 4289 700 4346 est,
725 4295 833 4350 quo
864 4279 997 4334 nihil
1028 4279 1322 4350 potentius.
1343 4278 1480 4346 Quid
1511 4279 1656 4333 enim
1689 4294 1782 4347 po-

189 4373 380 4428 tentius
411 4387 572 4443 quam
595 4371 869 4428 confessio
883 4372 1187 4439 Trinitatis,
1215 4383 1333 4442 quae
1355 4369 1599 4441 quotidie
1618 4371 1784 4425 totius

191 4469 367 4540 populi
383 4484 480 4525 ore
501 4468 845 4524 celebratur?
867 4467 1132 4524 Certatim
1158 4482 1348 4524 omnes
1377 4465 1596 4521 student
1619 4465 1782 4521 fidem

1872 3263 2022 3319 Nunc
2071 3263 2194 3318 illos
2235 3263 2514 3333 interrogo
2539 3302 2553 3327 ,
2587 3261 2730 3333 quod
2771 3260 3030 3316 Salvator
3075 3257 3430 3329 interrogavit
3463 3275 3478 3312 :

1873 3355 2196 3427 Baptismum
2218 3355 2442 3410 Joannis
2465 3353 2530 3408 de
2553 3356 2680 3410 ctrlo
2699 3366 2798 3421 est,
2827 3372 2895 3408 an
2919 3370 2983 3408 ex
3007 3351 3299 3406 horninibus
3323 3351 3477 3423 (Luc.

1874 3463 1944 3502 xx
1973 3489 1989 3514 ,
2022 3445 2114 3516 ιγι
2143 3447 2214 3504 Ει
2252 3463 2358 3503 non
2405 3456 2698 3518 potuerunt
2729 3445 3066 3516 resliondere
3105 3445 3154 3500 ei
3197 3442 3392 3498 iudici.
3423 3442 3482 3498 Si

1876 3541 2209 3612 baptismum
2236 3541 2464 3597 Joannis
2486 3556 2594 3595 non
2625 3539 2905 3594 solverunt
2927 3537 3099 3592 Judaii
3127 3578 3141 3602 ,
3172 3535 3481 3591 Auxentius

1877 3632 2041 3687 solvit
2064 3632 2390 3702 baptismum
2409 3630 2610 3686 Christi
2635 3629 2658 3684 ?
2685 3628 2802 3684 Non
2821 3631 2966 3683 enim
2997 3625 3137 3681 istud
3156 3642 3222 3680 ex
3239 3625 3478 3680 homini-

1878 3724 1978 3779 bus
2006 3734 2091 3780 est
2119 3724 2472 3792 baptismum,
2501 3720 2596 3774 sed
2616 3720 2683 3772 de
2713 3719 2878 3780 ctelo,
2915 3717 3060 3786 quod
3092 3715 3287 3770 detulit
3318 3715 3479 3770 nobis
3577 3721 3588 3731 '

1879 3817 2094 3872 consilii
2125 3815 2304 3884 magni
2331 3813 2568 3883 Angelus
2600 3812 2771 3883 (Esai.
2806 3826 2882 3876 lx,
2911 3808 2989 3880 6),
3032 3817 3091 3862 ut
3117 3808 3485 3878 justilicemur

1886 3908 2017 3962 Deo.
2064 3906 2172 3961 Cur
2214 3907 2380 3976 igitur
2413 3915 2436 3941 ο
2466 3902 2888 3973 rebaptizandos
2934 3899 3250 3956 Auxentius
3291 3899 3484 3956 fideles

1883 3999 2115 4071 p0pulos
2146 4005 2320 4067 putat,
2347 3995 2652 4066 baptizatos
2681 3994 2734 4048 in
2760 3992 2982 4048 nomine
3012 3992 3329 4061 Trinitatis;
3360 4008 3483 4048 cum

1883 4091 2179 4163 Apostolus
2219 4090 2369 4146 dicat
2395 4106 2410 4144 :
2447 4087 2563 4142 Una
2590 4088 2752 4156 ﬁdes,
2786 4101 2944 4140 unum
2976 4085 3229 4156 baptisma
3261 4085 3482 4158 (Ephes.

1883 4202 1959 4250 tv,
1990 4183 2045 4255 ὃ)
2084 4201 2096 4237 :
2140 4195 2196 4239 et
2225 4197 2284 4237 se
2311 4180 2592 4236 hominum
2625 4179 2771 4234 dicat
2795 4177 3174 4233 adversarium
3203 4192 3347 4244 esse,
3378 4194 3487 4233 non

1885 4275 2087 4332 Christi
2115 4293 2130 4340 ;
2162 4290 2284 4331 cum
2312 4273 2603 4329 consilium
2636 4273 2734 4328 Dei
2765 4280 3025 4341 spernat,
3062 4279 3119 4326 et
3157 4271 3491 4326 condemnet

1888 4370 2253 4442 baptismum,
2283 4369 2427 4440 quod
2457 4367 2709 4423 Christus
2732 4367 2888 4422 nobis
2914 4365 2981 4421 ad
3011 4363 3331 4422 redimenda
3362 4379 3489 4420 nos-

1891 4473 1970 4520 tra
1995 4472 2218 4535 peccata
2258 4461 2486 4518 donavit
2509 4459 2663 4533 (Luc.
2693 4475 2789 4527 vn,
2821 4457 2938 4529 50).

257 4619 282 4644 ιι
305 4607 421 4663 Non
451 4603 674 4671 mirum,
702 4604 747 4659 si
777 4602 1081 4659 afﬁrmetur
1109 4604 1178 4658 ab
1208 4602 1492 4657 Ambrosio
1521 4600 1782 4656 Ecclesiae
1811 4613 1861 4674 ι)
1888 4598 2211 4674 dicebantur
2235 4595 2516 4674 contrario
2537 4609 2702 4674 sensu
2724 4635 2738 4658 ,
2769 4593 2858 4665 qui
2881 4591 3491 4674 aera‘accipiebantmqni

193 4693 344 4748 agros
372 4676 673 4746 vectigales
699 4691 848 4738 esse,
885 4690 953 4748 ac
981 4676 1242 4748 tributum
1283 4673 1522 4748 pendere
1550 4675 1785 4748 impera-

193 4744 428 4814 toribus;
461 4744 682 4803 exstant
721 4747 988 4818 siquidem
1032 4745 1085 4800 in
1126 4745 1262 4801 Cod.
1293 4745 1504 4799 Theod.
1556 4744 1704 4818 leges
1754 4757 1784 4796 a

192 4821 590 4884 Constantino,
652 4816 878 4886 ejusque
933 4818 1347 4872 successoribus
1405 4816 1784 4886 promulgatur,

191 4903 311 4958 puta
345 4892 430 4946 lex
469 4891 493 4945 l
526 4889 606 4958 de
629 4884 861 4944 Annona
908 4897 964 4942 et
1003 4889 1216 4942 tributis
1252 4897 1416 4957 atque
1452 4887 1572 4940 alize
1600 4888 1684 4941 tit.
1717 4884 1787 4940 de

193 4963 475 5032 Episcopis
506 4970 562 5015 et
590 4960 830 5032 clericis,
874 4959 1074 5032 quibus
1104 4959 1366 5032 Ecclesiae
1411 4959 1788 5032 possessiones

194 5027 556 5103 vectigalibus
611 5027 998 5103 subjiciuniur.
1038 5029 1193 5103 Quod
1242 5043 1373 5103 vero
1417 5027 1786 5103 ad_cleyieos,

193 5095 399 5159 certoin
433 5113 518 5157 est
546 5095 737 5157 eorum
768 5095 1285 5156 l'aeultates'tributo
1304 5097 1569 5153 obnoxias
1598 5095 1788 5160 fuisse,

195 5185 248 5230 et
287 5176 610 5243 plcrinnque
639 5173 803 5228 etiam
845 5186 1109 5241 personas
1154 5169 1475 5243 muneribus
1518 5168 1785 5238 publicis,

198 5255 252 5301 ut
279 5241 413 5302 dicit
444 5241 768 5299 Ambrosius
789 5252 979 5297 contra
1006 5241 1418 5312 Symmachum.

262 5315 290 5355 ι’
315 5315 589 5380 IErarius,
610 5313 787 5383 inquit
809 5308 1075 5378 Nannius,
1097 5311 1210 5366 ﬁeri
1230 5310 1540 5383 dicebatur,
1560 5309 1651 5380 qui
1667 5308 1786 5378 plc—

200 5389 349 5442 heius
368 5402 399 5440 a
427 5380 751 5440 censoribus
773 5385 827 5438 in
849 5386 1093 5439 Ceritum
1115 5383 1326 5438 tabulas
1347 5380 1709 5443 referebatur,
1727 5393 1791 5434 ac

199 5474 294 5529 per
318 5459 422 5513 hoc
449 5472 529 5529 ex,
559 5457 686 5511 albo
717 5454 986 5529 centuria;
1026 5470 1141 5529 suae
1179 5463 1486 5529 expunctus
1514 5493 1527 5516 ,
1560 5451 1794 5521 amplius

201 5523 302 5583 {era
335 5528 534 5584 mereri
565 5543 671 5581 non
702 5535 933 5595 poterat.
955 5525 1107 5592 Quod
1134 5523 1263 5582 cum
1289 5541 1385 5595 per
1405 5523 1792 5595 imperatorem

206 5601 380 5663 fieret,
413 5613 522 5653 tere
550 5593 716 5652 diruti
750 5598 1194 5652 nominabantur.
1241 5593 1428 5650 Livius
1465 5593 1588 5648 dcc.
1623 5593 1797 5647 tertia:

207 5672 244 5737 ιι.
268 5672 324 5737 9,
355 5671 504 5725 inter
524 5669 745 5730 nomina
760 5682 977 5731 eorum,
1000 5681 1139 5736 quos
1159 5666 1386 5737 :erarins
1407 5664 1758 5737 relinquebat
1781 5702 1797 5729 ,

207 5731 352 5800 dedit
369 5739 595 5811 collegae
622 5753 842 5794 netnen.
866 5737 972 5796 Sed
999 5731 1053 5796 et
1077 5737 1252 5794 terarii
1284 5731 1585 5805 aliquando
1598 5731 1798 5789 milites

1888 4673 2191 4745 μιστοφόροι
2239 4667 2578 4745 dicebantur.
2621 4664 2814 4720 Cicero
2966 4664 3206 4719 Atticum
3234 4705 3257 4745 ,ο
3293 4664 3494 4745 Milites

1893 4735 2138 4822 pen-tam
2171 4737 2355 4822 serarii
2380 4779 2395 4802 ,
2437 4752 2599 4806 quam
2647 4745 2705 4790 ut
2733 4737 3081 4822 appellantur
3107 4735 3490 4822 :erati._.AIque

1889 4813 1961 4866 ita
2003 4811 2094 4865 hic
2125 4811 2368 4877 capitur:
2397 4805 2520 4861 nam
2555 4821 2820 4876 pauperes
2845 4807 2937 4876 qui
2983 4807 3051 4862 de
3083 4805 3356 4874 stipendio
3383 4805 3490 4860 Ec-

1887 4883 2068 4938 clesia:
2118 4879 2410 4937 vivebant.
2443 4879 2668 4948 aerarios
2701 4877 2899 4932 Christi
2933 4877 3248 4948 appellavit.

1969 4965 2001 4991 ο
2050 4951 2253 5007 Omnes
2301 4949 2466 5011 edit.,
2518 4946 2814 5017 Imperator
2857 4946 2995 5002 enim
3044 4947 3245 5013 bonus;
3301 4961 3494 5003 omnes

1894 5038 2028 5080 mss.
2062 5023 2316 5076 omittunt
2347 5019 2530 5086 bonus,
2566 5018 2694 5074 licet
2724 5020 2778 5073 in
2809 5022 3060 5089 sequenti
3088 5021 3360 5075 sententia
3385 5019 3496 5074 ubi-

1897 5110 2004 5166 que
2031 5094 2318 5166 habeatur.

1967 5163 1994 5202 ιι
2030 5162 2348 5233 Deportatio
2373 5161 2733 5216 szrvissimuin
2756 5160 2933 5216 exsilii
2957 5176 3129 5232 genus
3151 5173 3266 5230 est,
3298 5162 3387 5217 ubi
3416 5161 3499 5217 ni-

1898 5237 2094 5292 mirum
2123 5235 2244 5305 quis
2285 5234 2337 5288 in
2368 5241 2579 5305 remota
2612 5233 2786 5288 insula
2822 5233 3143 5288 includitur.

1971 5318 1994 5345 θ
2026 5304 2364 5377 AuguSIinus
2395 5304 2591 5377 lib.7de
2623 5305 2855 5367 Haeres,
2886 5318 3012 5377 cap.
3033 5305 3104 5360 49
3128 5321 3140 5357 :
3164 5304 3499 5377 Rcbaptizari

1894 5375 2340 5448 quoque,'inquit,
2372 5376 2433 5429 ab
2466 5376 2568 5441 his,
2599 5390 2796 5445 nempe
2828 5376 3068 5448 Arianis,
3094 5375 3372 5432 catholicos
3402 5394 3499 5428 no-

1896 5445 2058 5504 uimus
2080 5491 2094 5515 ,
2121 5445 2295 5502 utrum
2322 5464 2425 5502 non
2467 5448 2750 5501 catholicos
2781 5445 2973 5500 nescio.
3002 5445 3299 5516 Gregorius
3335 5448 3500 5502 etiam

1897 5521 2105 5577 Turon.
2142 5519 2414 5586 Tempore
2451 5516 2766 5573 Vandalicas
2814 5517 3214 5586 persecutionis
3240 5520 3496 5572 iteratum

1898 5591 1966 5645 ab
2003 5591 2218 5645 Arianis
2249 5590 2578 5660 baptismum
2624 5588 2992 5660 testaturlib.
3035 5604 3096 5656 ιι,
3137 5603 3259 5660 cap.
3311 5589 3401 5653 ll,
3446 5597 3505 5660 et.

2246 5654 2412 5720 etiam
2443 5654 2814 5719 Alexandrum
2860 5654 3089 5718 dissert.
3127 5654 3222 5727 22;
3248 5657 3502 5733 tom._viii
