4040 6166
578 239 716 293 1019

1081 363 1103 389 δ
1141 352 1470 409 ICPISTOLA
1505 353 1672 410 XXII.

582 444 890 500 Inventione
927 461 1204 516 corporum
1242 444 1472 501 Cervasii
1517 464 1577 501 ac
1608 446 1842 501 Protasii
1891 457 2178 519 martyrum

656 539 912 605 nuntiata,
950 543 1106 610 refert
1136 556 1191 593 se
1228 539 1296 592 ad
1324 543 1570 612 populum
1596 543 1688 596 illa
1709 543 1899 600 dixisse
1945 559 1964 597 :
2011 541 2178 597 Cwlos

654 648 764 686 esse
786 642 1058 704 martyres,
1086 634 1218 687 sicut
1247 644 1292 687 et
1311 634 1612 703 apostolos:
1641 635 1779 689 diem
1801 651 2001 706 quoque
2023 637 2180 706 fuisse

655 723 865 778 illorum
900 728 1273 796 confessionem
1302 744 1319 780 :
1357 728 1562 782 eosdem
1604 745 1636 782 a
1677 727 1901 784 Domino
1926 729 2179 784 humilia-

653 828 754 884 tos,
799 836 860 872 ac
898 819 1082 874 deinde
1115 821 1391 876 suscitatos
1422 821 1485 876 de
1509 833 1678 890 terra;
1709 824 1860 894 idque
1888 839 2064 878 eorum
2093 839 2178 878 re-

657 914 1026 968 surrectionem
1074 931 1182 969 esse
1203 954 1218 980 ,
1252 932 1368 968 cum
1414 927 1483 969 tot
1519 917 1771 971 miracula
1799 917 1996 989 operati
2033 916 2133 970 sint
2161 935 2178 970 :

654 1005 849 1075 gratias
880 1005 942 1059 ob
974 1015 1170 1061 tantum
1211 1007 1514 1076 pra’sidiutn
1554 1007 1663 1063 Deo
1709 1010 1912 1080 egisse,
1949 1009 2181 1080 illudque

659 1097 1006 1166 antpliﬁcasse
1031 1115 1094 1154 ex
1135 1101 1290 1170 gestis
1315 1100 1509 1168 ,ΕΗσωὶ
1542 1119 1559 1156 ;
1601 1102 1809 1156 tandem
1844 1102 2178 1173 reliquiarum

653 1190 1080 1260 descriptionem,
1121 1211 1182 1247 ac
1214 1194 1574 1250 translationis
1605 1197 1881 1250 consilium
1935 1197 2184 1266 papulari

656 1283 844 1351 plausu
871 1295 1100 1355 excepta.
1132 1285 1414 1357 Subjnngit
1441 1289 1700 1357 sequentis
1729 1287 1834 1342 diei
1851 1304 2136 1343 sermonem
2160 1330 2176 1357 ,

603 1432 608 1436 _
659 1391 779 1443 quo,
833 1387 1117 1431 memorata
1167 1379 1558 1435 Catltolicorum
1603 1381 1805 1445 lwtitia,
1848 1379 2181 1434 invidentiam

660 1468 970 1522 Arianorum
994 1472 1306 1542 exagitavit,
1344 1473 1617 1527 ostendens
1653 1488 1738 1526 eos
1759 1511 1773 1537 ,
1806 1473 1934 1525 dum
1961 1472 2181 1526 evidenti

659 1562 911 1616 miraculo
933 1563 1089 1632 [idem
1113 1573 1300 1636 negant
1322 1605 1335 1629 ,
1364 1565 1671 1618 .Iuda'orum
1700 1565 1894 1618 similes
1927 1580 2035 1619 esse
2056 1605 2070 1628 ,
2095 1573 2177 1617 at-

657 1669 753 1721 que
780 1653 929 1706 aliter
958 1656 1187 1720 credere,
1206 1671 1360 1724 quam
1383 1666 1634 1726 martyres
1655 1655 2022 1710 crediderunt:
2054 1657 2177 1709 dum

1908 236 2157 294 SANCTI
2198 235 2522 295 AMBROSII

2203 362 2250 417 Α
2281 353 2404 436 bus.
2435 369 2529 422 per
2585 366 2684 408 nos
2732 367 2924 408 manus
2978 353 3306 423 imponenda
3339 352 3511 419 foret,
3570 352 3732 424 875
3787 355 3872 405 sit:

3730 233 3872 290 £020

2278 447 2447 501 sancti
2472 457 2742 517 martyres
2764 447 3007 502 eminere
3040 457 3360 516 coeperunt;
3396 455 3478 513 ut,
3506 446 3687 501 adhuc
3716 445 3872 499 nobis

2279 539 2591 606 silentibus,
2625 539 3134 608 arripereturttrna,
3171 551 3224 595 et
3246 549 3590 595 sterneretur
3615 553 3784 609 prona
3805 538 3873 592 ad

2279 631 2458 685 locum
2488 631 2660 686 sancti
2691 633 2950 702 sepulcri.
2991 632 3306 686 lnv’enimus
3347 635 3500 687 mira:
3550 630 3878 702 magnitudi-

2280 724 2365 778 nis
2387 724 2533 778 viros
2564 725 2737 790 duos,
2783 735 2843 780 ut
2878 726 3055 796 prisca
3088 735 3218 780 tetas
3260 724 3495 780 ferebat.
3523 726 3660 780 Ossa
3691 724 3873 779 omnia

2279 817 2518 887 integra,
2548 817 2833 886 sanguinis
2865 818 3186 886 plurimum.
3218 817 3415 887 Ingens
3452 831 3754 872 concursus
3785 831 3880 882 po-

2281 910 2393 980 pttli
2426 925 2522 981 per
2559 920 2726 965 totum
2759 910 2892 966 illud
2933 910 3178 967 biduum.
3205 911 3347 978 Quid
3384 910 3602 966 multa?
3631 918 3652 945 θ
3680 907 3882 964 Condi-

2280 1002 2459 1058 vimus
2481 1003 2689 1074 integra
2710 1001 2774 1058 ad
2799 1004 3048 1058 ordinem
3082 1021 3094 1056 :
3127 1003 3509 1058 transtulimus
3524 1001 3881 1073 vesperej'am

2282 1095 2629 1152 incumbente
2661 1095 2727 1150 ad
2773 1096 3053 1152 basilicam
3099 1096 3318 1151 Faustae
3356 1114 3370 1150 :
3420 1097 3492 1152 ibi
3529 1095 3729 1166 vigiliae
3769 1103 3881 1148 tota

2283 1196 2443 1242 nocte
2467 1226 2483 1253 ,
2528 1202 2720 1241 manus
2746 1189 3045 1258 intpositio.
3080 1187 3345 1256 Sequenti
3372 1188 3458 1242 die
3501 1187 3885 1242 transtulimus

2281 1295 2343 1336 ea
2399 1281 2451 1334 itt
2507 1279 2804 1342 basilicam,
2853 1295 3014 1350 quam
3060 1279 3339 1349 appellant
3377 1277 3394 1316 ί
3436 1279 3880 1333 Ambrosianam.

2285 1373 2421 1428 Dum
2453 1372 2860 1440 transierimus,
2887 1387 3065 1428 czeens
3096 1382 3320 1428 sanatus
3345 1381 3446 1429 est.
3479 1371 3630 1426 Talis
3657 1371 3785 1426 mihi
3815 1372 3882 1423 ad

2284 1465 2540 1534 populnnt
2571 1465 2668 1518 fuit
2691 1479 2875 1520 sermo
2911 1483 2923 1517 :
3447 1474 3454 1480 ‘

2352 1560 2404 1614 3.
2432 1559 2564 1613 Cum
2603 1567 2710 1612 tant
2742 1557 3003 1622 eli'usam,
3037 1568 3252 1628 tamque
3278 1558 3582 1614 inauditam
3617 1557 3875 1613 conside-

2283 1667 2459 1707 rarem
2491 1661 2792 1707 conventus
2824 1651 2992 1707 vestri
3022 1651 3432 1718 celebritatem,
3466 1659 3520 1707 el
3548 1649 3747 1705 divina!
3765 1665 3885 1719 gra-

657 1759 771 1796 vero
812 1741 1120 1798 Trinitatem
1149 1762 1304 1816 quam
1343 1747 1599 1800 dicmones
1635 1747 2030 1816 conﬁtebantur,
2080 1763 2180 1802 non
2213 1742 2258 1803 B
2289 1747 2375 1800 tiae
2406 1761 2657 1811 munera,
2689 1761 2809 1816 quae
2843 1747 2893 1801 in
2926 1745 3129 1801 sanctis
3153 1745 3484 1816 martyribus
3518 1743 3881 1808 refulserunt,

654 1845 1006 1904 agnoscerent,
1039 1837 1164 1904 ipsis
1190 1835 1459 1891 dwmoniis
1486 1854 1596 1892 esse
1626 1839 1848 1909 pejores.

654 1924 682 1964 ι)
724 1927 969 1983 Domina:
999 1929 1178 1985 sorori
1211 1931 1334 1985 vita:
1363 1941 1526 2002 atque
1557 1933 1730 1988 oculis
1756 1931 2107 2002 przeferettdte

1289 2022 1474 2081 frater.

657 2112 860 2180 LQuia
885 2114 1018 2169 nihil
1042 2117 1385 2172 sanctitatem
1403 2128 1548 2172 tuam
1575 2119 1727 2175 soleo
1752 2133 1940 2174 eorum
1956 2129 2179 2190 praetcr-

585 2206 664 2261 ire
685 2246 701 2272 ,
749 2222 870 2277 quze
904 2207 992 2262 hic
1021 2218 1073 2264 te
1102 2218 1367 2281 geruntur
1396 2211 1654 2277 absente;
1689 2212 1830 2268 scias
1851 2214 2014 2267 etiam
2055 2228 2179 2268 san-

583 2310 702 2354 ctos
725 2313 998 2374 martyres
1025 2318 1054 2356 a
1083 2303 1240 2358 nobis
1270 2314 1534 2375 repertos.
1569 2305 1702 2361 Nam
1719 2321 1840 2361 cum
1859 2323 1960 2376 ego
1992 2307 2179 2361 basili-

581 2408 700 2447 cam
730 2394 1108 2452 cdedicassem
1129 2439 1144 2463 ,
1177 2397 1334 2452 multi
1364 2408 1637 2469 tamquam
1671 2415 1777 2454 uno
1801 2415 1895 2454 ore
1919 2400 2178 2468 interpel-

583 2486 695 2541 lare
723 2496 1012 2558 eruperunt
1039 2488 1328 2545 dicentes:
1372 2489 1525 2546 Sicut
1552 2489 1856 2545 Romanam
1895 2490 2176 2546 basilicam

583 2575 823 2635 dedices.
857 2581 1133 2650 ReSpondi
1165 2598 1179 2637 :
1212 2581 1428 2635 Faciam
1459 2623 1473 2648 ,
1515 2583 1560 2636 si
1590 2593 1890 2655 martyrum
1918 2582 2178 2652 reliquias

583 2669 865 2726 invenero.
901 2672 1207 2743 Statimque
1245 2674 1412 2729 subiit
1441 2673 1611 2729 veluti
1641 2674 1926 2746 cujusdam
1959 2670 1986 2710 ἀ
2011 2674 2177 2729 ardor

584 2762 856 2830 praesagii.

654 2854 708 2906 2.
731 2854 866 2919 Quid
888 2857 1083 2911 multa?
1111 2857 1365 2912 Dominus
1390 2859 1619 2930 gratiam
1650 2858 1799 2914 dedit
1830 2876 1842 2912 :
1877 2858 2177 2916 formidans

588 2945 732 3001 tibus
761 2949 926 3002 etiam
957 2949 1179 3006 clericis
1207 2951 1348 3022 jussi
1381 2952 1665 3007 eruderari
1706 2960 1910 3007 terram
1940 2967 2005 3008 eo
2037 2953 2170 3023 loci,

579 3039 668 3108 qni
695 3049 778 3094 est
801 3049 927 3095 ante
953 3043 1231 3098 cancellos
1252 3055 1564 3100 sanctorum
1579 3044 1774 3100 Felicis
1807 3054 1966 3115 atque
1989 3044 2172 3101 Naho-

2281 1837 2539 1906 imparem
2588 1854 2702 1904 me,
2739 1837 2948 1904 fateor,
2986 1837 3112 1893 huic
3144 1839 3354 1893 muneri
3387 1837 3743 1907 judicabant;
3786 1851 3886 1892 nec

2282 1930 2397 1984 ﬁeri
2431 1944 2617 2000 posse,
2649 1938 2707 1984 ttt
2735 1944 2990 1985 sermone
3029 1930 3408 1995 absolverem,
3449 1929 3596 2000 quod
3632 1931 3720 1983 vix
3763 1943 3887 1998 pos-

2279 2037 2465 2077 sumus
2486 2022 2670 2078 aninto
2704 2023 2990 2078 intendere
3012 2065 3026 2089 ,
3047 2023 3221 2078 oculis
3248 2023 3746 2094 comprehendere.
3780 2022 3890 2078 Sed

2279 2116 2367 2171 ubi
2396 2125 2704 2169 sanctarum
2730 2115 2833 2184 legi
2858 2115 3025 2186 cmpit
3051 2115 3226 2171 series
3252 2116 3661 2185 Scripturarum
3680 2157 3693 2179 ,
3722 2113 3892 2185 largi-

2275 2218 2362 2264 tus
2391 2217 2474 2264 est
2501 2209 2736 2278 Spiritus
2758 2221 3013 2276 sanctus,
3046 2209 3136 2279 qtti
3171 2209 3383 2264 locutus
3416 2219 3502 2264 est
3543 2209 3596 2264 in
3639 2207 3879 2278 prophe-

2279 2303 2345 2356 tis
2367 2339 2383 2366 ,
2412 2317 2518 2371 quo
2546 2299 2770 2372 dignum
2799 2300 3002 2371 aliquid
3035 2310 3182 2356 tanto
3215 2311 3356 2356 coetu
3385 2311 3441 2356 et
3468 2302 3887 2371 exspectatione

2280 2404 2502 2461 vestra,
2561 2404 2967 2465 martyrttmque
3041 2404 3355 2448 sanctorum
3428 2394 3644 2450 meritis
3708 2393 3891 2464 profc-

2280 2501 2486 2543 ramus.

2351 2583 2404 2636 4.
2427 2581 2574 2646 Cteli,
2596 2581 2788 2649 inquit,
2805 2589 3051 2635 enarrant
3075 2581 3294 2653 gloriam
3322 2580 3413 2636 Dei
3440 2581 3786 2651 (Psal.xvnt,
3806 2583 3885 2654 ἓ).

2278 2675 2411 2730 Cum
2456 2673 2652 2745 legitur
2699 2672 2785 2728 hic
2833 2673 3103 2743 psalmus,
3148 2675 3387 2729 occurrit
3427 2675 3571 2744 qttod
3617 2691 3726 2729 non
3773 2684 3886 2729 tam

2278 2769 2544 2825 elementa
2579 2767 2911 2831 materialia,
2940 2783 3102 2838 quam
3150 2767 3391 2822 ccclestia
3425 2767 3619 2822 merita
3659 2767 3884 2838 dignum

2279 2861 2390 2916 Deo
2429 2858 2758 2930 praeconium
2791 2858 3004 2915 deferre
3041 2859 3341 2915 videantur.
3379 2859 3661 2915 [lodierno
3702 2871 3883 2916 tamen

2277 2952 2494 3008 fortuita
2542 2952 2778 3008 lectione
2824 2954 2994 3022 patuit
3035 2953 3126 3022 qui
3175 2952 3301 3008 οωιὶ
3343 2961 3605 3008 enarrant
3649 2953 3882 3023 gloriam

2280 3046 2394 3101 Dei.
2457 3044 2698 3117 Aspicite
2743 3045 2809 3100 ad
2857 3045 3103 3101 dextram
3149 3061 3352 3110 meam,
3393 3046 3626 3116 aspicite
3657 3046 3724 3100 ad
3757 3048 3884 3101 sini-

579 3129 675 3186 ris.
711 3131 900 3187 Inveni
921 3133 1072 3204 signa
1104 3138 1483 3191 convenientia
1515 3156 1527 3192 :
1562 3137 1824 3193 adhibitis
1854 3137 2019 3193 etiam
2049 3141 2168 3211 qui-
2195 3131 2240 3194 C
2275 3150 2440 3196 stram
2473 3139 2727 3210 reliquias
2762 3148 3180 3195 sacrosanctos:
3209 3151 3232 3188 8
3269 3139 3445 3195 videte
3475 3140 3726 3196 cmlestis
3758 3157 3884 3196 con-

652 3280 677 3308 ι
707 3271 919 3341 Scripta
942 3288 1088 3327 anno
1117 3274 1243 3330 386.

649 3342 676 3416 ξ’
701 3343 791 3398 Sic
819 3344 950 3398 edit.
984 3354 1089 3399 vet.
1132 3361 1212 3401 ac.
1243 3363 1396 3411 mss.,
1424 3347 1523 3402 nisi
1545 3348 1688 3416 quod
1727 3349 1778 3403 in
1807 3347 2001 3404 horum
2028 3365 2166 3405 non-

581 3413 743 3491 nullis
769 3430 864 3491 pro
888 3425 1038 3491 atque
1069 3417 1231 3491 oculis
1254 3419 1449 3488 legitur
1475 3413 1624 3491 atque
1651 3419 1861 3477 osculis.
1893 3423 2006 3476 toci
2050 3422 2164 3491 fra-

577 3494 651 3538 lcr
679 3485 895 3562 additur
923 3487 1220 3562 Ambrosias
1242 3531 1254 3548 .
1283 3485 1335 3543 ei
1367 3491 1483 3544 loco
1514 3485 1663 3562 verbi
1695 3493 1978 3562 praeterire,
2015 3485 2167 3562 poni-

577 3566 664 3611 lnr
704 3559 754 3610 in
811 3572 920 3611 uno
958 3561 1389 3628 praetermittere:
1433 3569 1486 3614 at
1533 3559 1704 3616 Rom.
1729 3563 1861 3617 edit.
1895 3559 2061 3617 totum
2115 3565 2164 3619 id

573 3629 792 3705 relittxit
823 3631 873 3682 itt
904 3631 1042 3705 hanc
1083 3631 1310 3705 fortnam
1341 3651 1354 3686 :
1388 3632 1685 3705 Ambrosius
1713 3635 1984 3705 episwpus
2013 3634 2159 3688 Mar-

571 3701 775 3754 cellino:
817 3704 987 3756 sorori
1024 3719 1043 3764 ξ
1091 3703 1348 3767 Quoniam
1395 3704 1526 3758 nihil
1583 3701 1789 3770 eorum,
1829 3701 1942 3770 qua:
1995 3706 2076 3759 Itic
2117 3717 2166 3760 te

571 3772 776 3826 absente
803 3784 1072 3842 geruntur,
1103 3777 1420 3830 sanctitatem
1457 3787 1598 3829 tuam
1625 3777 1792 3832 celare
1822 3779 1962 3831 soleo
1989 3818 2002 3843 ,
2031 3779 2164 3832 scias

569 3845 744 3908 etiam,
777 3846 1112 3899 dilectissimo
1140 3863 1304 3908 soror,
1338 3858 1442 3902 etc.

647 3927 669 3954 ε
704 3915 860 3970 Rom.
888 3919 1021 3971 edit.
1053 3920 1189 3984 sola,
1220 3919 1460 3974 dedicare
1491 3919 1764 3974 vellem....
1800 3919 1948 3976 Sicut
1974 3923 2030 3975 in
2058 3923 2164 3978 llo-

570 4003 725 4039 mana
763 3989 835 4040 sic
875 3989 1140 4043 basilicam
1185 3992 1387 4045 dedices
1425 4007 1441 4044 :
1492 3991 1544 4046 in
1604 3993 1703 4045 hac
1748 4008 1875 4047 vero
1924 3995 2160 4050 secunda

571 4064 724 4125 parte
752 4058 967 4112 variant
997 4069 1104 4115 vet.
1141 4061 1272 4116 edit.
1305 4074 1359 4116 et
1391 4077 1519 4116 mss.
1557 4062 1655 4117 Ubi
1688 4064 1831 4118 enim
1885 4065 1992 4118 illa:
2039 4080 2160 4121 cum

571 4128 758 4195 paucis
803 4145 959 4202 mss,
1003 4131 1092 4186 Sic
1147 4133 1200 4186 in
1248 4132 1482 4187 Romana
1523 4134 1738 4187 basilica
1777 4135 2026 4202 dedices;
2067 4139 2158 4192 alii

569 4213 702 4275 mss.
749 4199 1010 4275 exhibent
1058 4206 1252 4275 partim
1287 4225 1298 4258 ;
1333 4205 1426 4260 Sic
1454 4205 1507 4257 in
1531 4204 1819 4259 Romanam
1849 4199 2158 4275 basilicam;

569 4270 784 4336 partim,
802 4271 1027 4345 _Sicci_ne
1052 4274 1640 4345 RomanamZbasilicam
1675 4278 1883 4332 dedicas
1906 4295 1926 4344 ;
1950 4281 2037 4332 alii
2063 4270 2158 4334 de;

567 4356 733 4407 mum,
765 4343 839 4396 sic
869 4354 915 4397 et
948 4343 1253 4409 Romanam,
1281 4343 1397 4410 aut,
1419 4347 1552 4401 sicut
1578 4347 1865 4402 Romanam
1895 4343 2159 4406 basilicam

565 4411 828 4489 d_edices_:
867 4430 986 4482 qua:
1024 4415 1242 4484 quidem
1277 4417 1437 4471 lectio
1473 4419 1686 4489 videtur
1716 4419 1954 4473 ontniunt
1992 4424 2157 4489 potis-

565 4486 724 4554 sima.
767 4485 971 4539 Sensus
999 4496 1177 4541 autem
1210 4500 1328 4554 est,
1361 4503 1484 4542 cum
1514 4487 1838 4543 Ambrosius
1866 4485 2153 4547 ecclesiam

562 4552 913 4632 (ledicaSset,
950 4573 1048 4632 nec
1083 4569 1264 4632 tamen
1299 4552 1553 4632 reliquias
1583 4562 1634 4614 in
1667 4576 1727 4614 ea
1768 4563 2106 4618 condidisset
2136 4606 2151 4632 ,

563 4626 820 4702 populum
850 4628 978 4680 illttd
1009 4643 1150 4702 aegre
1181 4626 1442 4684 ferentem
1471 4631 1819 4702 elllagitasse,
1852 4643 1994 4698 utne
2020 4626 2155 4691 hanc

559 4698 722 4774 etiam
747 4700 1129 4774 ceremoniant
1152 4698 1620 4770 pra-termitteret,
1638 4719 1796 4774 quam
1821 4705 1870 4756 in
1899 4704 2156 4762 Romana:

561 4767 802 4824 basilica}
832 4773 1246 4827 consecratione
1286 4789 1391 4828 non
1420 4767 1700 4829 ontisera'l.
1748 4774 1968 4830 Samuel
2007 4777 2152 4832 Peti-

563 4848 648 4896 tns
677 4842 768 4898 lib.
797 4858 852 4897 ιιι
879 4843 1088 4898 Observ.
1118 4860 1167 4898 c.
1196 4846 1248 4908 8,
1275 4845 1351 4899 ait
1378 4847 1670 4901 nonnullos
1697 4862 1764 4901 ex
1792 4845 1893 4902 hoc
1917 4849 2155 4904 locoduo

559 4912 820 4984 colligere
843 4955 857 4990 ._
883 4917 1111 4990 primum
1142 4915 1309 4990 fuisse
1337 4916 1621 4973 Mediolani
1650 4917 1947 4973 Romanam
1973 4921 2152 4990 regin-

562 4998 716 5050 nem,
754 4986 895 5039 unde
927 4988 1164 5041 Romana
1198 4987 1420 5042 basilica
1455 4990 1732 5043 nntninata
1779 4991 1886 5056 sit;
1921 4986 2150 5048 alterum

559 5070 677 5130 eam
708 5057 1008 5130 basilicam,
1029 5059 1097 5112 de
1121 5059 1274 5127 cuius
1301 5059 1643 5115 dedicatione
1672 5061 1757 5116 hic
1783 5063 1978 5130 agitur,
2005 5078 2150 5118 eam-

559 5126 836 5204 demﬂesse
850 5144 926 5204 ac
952 5126 1269 5204 Romanam.
1299 5131 1598 5204 Utrumque
1620 5126 1864 5188 evertere
1888 5133 2029 5188 idem
2060 5151 2151 5204 ag-

556 5198 818 5265 greditur.
850 5199 915 5253 Et
945 5201 1244 5275 secundum
1277 5198 1623 5275 qttidettt'per
1652 5219 1710 5258 se
1738 5206 1999 5275 caducum
2031 5198 2146 5275 esi;

558 5283 795 5336 namque
837 5287 899 5325 ex
944 5272 1084 5326 serie
1137 5273 1342 5343 liquido
1384 5271 1688 5343 colligimus
1741 5271 2044 5341 basilicam,
2098 5271 2150 5332 in

559 5355 720 5404 quam
748 5353 1057 5398 sanctorum
1099 5337 1348 5399 Gervasii
1384 5353 1437 5397 et
1465 5337 1695 5397 Protasii
1728 5359 1850 5400 ossa
1890 5337 2149 5402 translata

558 5421 719 5477 sunt,
759 5411 1172 5468 Ambrosianum
1204 5431 1325 5470 esse
1353 5457 1366 5479 ,
1398 5421 1519 5468 eum
1553 5430 1615 5467 ex
1666 5417 1894 5471 Paulino
1925 5419 2150 5474 manife-

558 5495 699 5561 stutn
729 5486 808 5561 sit
831 5487 880 5538 in
905 5489 1145 5561 Romana
1176 5503 1372 5556 corpus
1397 5485 1535 5539 beati
1563 5485 1770 5542 Naearii
1793 5489 1958 5544 fuisse
1979 5493 2146 5561 depo-

555 5557 741 5609 situm.
775 5555 930 5626 Quod
958 5575 1084 5614 vero
1113 5555 1309 5616 nomen
1345 5561 1600 5614 Romana:
1621 5575 1685 5613 ex
1723 5562 1941 5628 regione
1973 5555 2148 5632 impo-

557 5633 718 5684 situm
745 5633 867 5686 ideo
891 5645 1069 5704 negat.
1095 5641 1218 5706 quia
1252 5651 1356 5690 non
1383 5638 1434 5690 itt
1460 5634 1704 5691 Romana
1733 5632 1903 5688 fuisse
1929 5635 2148 5701 dicitur,

565 5706 661 5787 sed
719 5710 830 5774 ipsa
874 5709 1113 5787 Romana
1160 5715 1500 5787 appellatur;
1549 5713 1598 5770 id
1638 5714 1856 5784 quidem
1907 5717 2152 5787 frigidius

563 5781 667 5841 est,
691 5792 850 5848 quam
875 5790 930 5834 ut
957 5781 1282 5840 refutatione
1315 5785 1570 5858 indigeat.
1600 5781 1710 5848 Sed
1738 5803 1836 5846 nec
1865 5781 2034 5850 mulio
2063 5805 2155 5847 va-

2275 3277 2498 3333 lidiores
2527 3286 2672 3338 sunt,
2709 3291 2842 3346 quas
2865 3275 3020 3346 hujus
3055 3279 3473 3348 nnncnpationis
3495 3281 3740 3334 rationes
3759 3297 3880 3349 pro-

2274 3350 2406 3414 fert;
2438 3349 2576 3416 quod
2606 3350 2752 3402 enim
2796 3364 2915 3403 eam
2951 3349 3232 3404 basilicam
3263 3359 3356 3404 aut
3386 3366 3412 3402 a
3439 3351 3548 3404 ritu
3582 3350 3833 3406 Romano
3863 3396 3876 3413 ,

2271 3421 2358 3490 qui
2387 3423 2436 3472 in
2469 3420 2658 3474 eadem
2694 3419 2876 3475 forsan
2901 3421 3287 3476 observaretur
3313 3461 3327 3485 ,
3356 3432 3448 3475 aut
3480 3437 3506 3474 τι
3543 3423 3708 3476 Petro
3741 3463 3755 3488 ,
3792 3426 3874 3479 cui

2269 3489 2514 3563 tit-dicata
2541 3500 2697 3563 erat,
2720 3490 2976 3544 Romanae
3003 3493 3125 3546 fidei
3157 3507 3219 3546 ac
3248 3492 3392 3546 sedis
3421 3493 3597 3563 printo
3627 3510 3875 3562 parente,

2271 3560 2527 3634 Romana:
2555 3562 2867 3626 suspicatur
2899 3565 3132 3634 traxisse
3161 3579 3384 3628 nomen,
3414 3560 3514 3617 nos
3545 3560 3667 3633 ejus
3699 3569 3874 3634 suspi-

2267 3633 2410 3686 cioni
2444 3632 2601 3686 lidettt
2631 3647 2910 3702 negamus.
2942 3632 3075 3688 Cum
3103 3650 3234 3703 ergo
3264 3643 3478 3689 constet
3502 3632 3644 3690 hanc
3683 3632 3873 3692 Eccle-

2269 3704 2407 3758 siam
2455 3703 2523 3757 ad
2576 3719 2695 3758 eam
2755 3713 2964 3773 portam
3011 3722 3131 3774 qua:
3179 3707 3420 3761 Romana
3479 3707 3869 3774 vocitaltatur,

2269 3783 2635 3829 construcmut
2671 3775 2864 3838 fuisse,
2907 3778 3250 3832 verisimilius
3279 3787 3364 3831 est
3401 3777 3583 3831 eidem
3614 3796 3645 3832 e
3675 3781 3870 3834 vicinia

2272 3861 2468 3900 nomen
2499 3845 2721 3910 factum.
2744 3846 2876 3899 Vide
2896 3846 3148 3900 llerntan.
3170 3849 3221 3903 in
3249 3849 3358 3902 Vita
3380 3847 3658 3904 Ambrosii
3697 3851 3796 3906 lib.
3822 3868 3867 3905 tv

2266 3929 2387 3984 can.
2428 3917 2514 3981 l7,
2544 3915 2832 3986 Ughellum
2863 3917 2913 3972 in
2943 3917 3066 3971 Ital.
3104 3919 3294 3985 Sacra,
3325 3927 3380 3974 et
3404 3917 3564 3975 alios.

2337 3986 2363 4025 ἀ
2396 3988 2732 4057 Augustinus
2783 3989 2876 4044 lib.
2907 4005 2958 4043 tt
3010 3989 3259 4043 Cnnfess.
3315 4006 3439 4059 cap.
3493 3993 3546 4052 7,
3595 3991 3696 4046 has
3745 3995 3869 4048 reli-

2266 4060 2422 4130 quias
2453 4060 2741 4113 Anthro~io
2767 4076 2860 4130 per
2881 4061 3042 4115 visum
3073 4063 3336 4117 revelatas
3361 4063 3522 4116 dicit:
3545 4075 3597 4118 et
3626 4064 3722 4117 lib.
3758 4081 3865 4120 xxn

2264 4127 2331 4182 de
2351 4131 2506 4184 (Sivit.
2551 4130 2668 4190 Dei.
2689 4127 2808 4200 cap.
2843 4129 2875 4185 8
2906 4173 2922 4196 ,
2955 4148 3044 4184 eas
3077 4149 3166 4200 per
3195 4132 3439 4186 visionem
3463 4135 3864 4190 tnanifesmlas.

2266 4201 2419 4256 Unde
2447 4202 2720 4271 colligitur
2746 4217 2849 4256 non
2877 4202 3036 4256 modo
3063 4220 3153 4271 per
3181 4203 3498 4258 interiorem
3529 4205 3683 4258 illum
3715 4207 3867 4260 affla-

2262 4279 2374 4325 tum
2406 4272 2473 4325 de
2507 4274 2612 4326 illis
2635 4272 2970 4327 admonitum
3001 4288 3119 4329 esse
3146 4286 3394 4328 sanctum
3427 4277 3742 4343 praesulem,
3773 4279 3864 4332 sed

2271 4345 2434 4397 etiam
2465 4358 2562 4412 per
2591 4345 3013 4413 apparitionent.
3057 4350 3126 4399 At
3154 4362 3258 4399 non
3304 4348 3486 4401 omnia
3529 4347 3621 4402 hic
3659 4364 3866 4404 mento-

2263 4417 2366 4488 rari
2409 4417 2834 4488 qutecotttigere
2865 4416 2996 4488 satis
3023 4417 3341 4485 intelligitur
3363 4433 3426 4472 ex
3463 4433 3529 4472 eo
3558 4419 3708 4488 quod
3732 4422 3861 4475 sub-

2258 4483 2466 4554 jicitur,
2505 4486 2646 4551 Quid
2678 4486 2840 4538 multa
2865 4487 2890 4537 .9

2336 4565 2358 4591 θ
2399 4554 2600 4630 Otones
2645 4556 2818 4630 edit.,
2861 4555 3192 4612 Condivimus
3238 4561 3470 4630 integra,
3509 4560 3580 4612 ad
3625 4562 3860 4615 ordinem

2262 4628 2621 4702 transtulimus
2711 4625 2934 4702 Vespere
2964 4632 3078 4702 jam
3119 4625 3439 4702 incumbente
3480 4631 3550 4683 ad
3587 4632 3856 4685 basilicam

2261 4694 2492 4751 Fausttc.
2523 4700 2652 4762 Qnrc
2671 4694 2830 4752 lectio
2857 4694 2980 4753 cuni
3005 4700 3361 4762 clandicarcl,
3385 4700 3542 4755 Ront.
3570 4703 3706 4757 edit.
3731 4705 3859 4758 sub-

2252 4768 2383 4838 jecit
2431 4769 2651 4822 verbum
2685 4771 2911 4822 venimus
2941 4786 3035 4838 pro
3056 4771 3294 4827 tibicine.
3325 4774 3526 4828 Omnes
3548 4789 3678 4827 vero
3721 4790 3854 4828 mss.

2257 4837 2541 4914 nobiscmn
2573 4839 2796 4914 iaciunt,
2831 4841 2933 4895 nisi
2972 4841 3116 4911 quod
3149 4841 3296 4897 Belv.
3341 4845 3530 4914 habet.
3565 4846 3762 4914 vigilia:
3791 4847 3858 4898 ad

2258 4909 2522 4987 ordinent;
2545 4909 2852 4987 sedmelius
2875 4909 3052 4987 cieteri
3083 4919 3340 4983 respuunt
3369 4911 3560 4983 vigilia:
3588 4909 3853 4987 inquibus

2253 4980 2321 5033 ad
2336 4982 2578 5055 ordinent
2607 4981 2749 5055 idem
2781 4983 3082 5055 significat,
3113 4980 3185 5039 act
3205 5001 3297 5055 per
3334 4980 3586 5055 ordinem.

2332 5049 2350 5088 ί
2384 5051 2608 5107 Basilica
2642 5053 2729 5106 illa
2766 5049 3102 5107 Anibrosimta
3143 5049 3424 5110 dicebatur
3464 5053 3494 5110 ἐι
3522 5057 3843 5121 conditore,

2251 5132 2306 5199 e_t
2355 5126 2517 5178 etiam
2564 5125 3222 5199 nuncsancti_Ambrosii
3255 5128 3476 5197 majoris
3517 5130 3843 5199 appellatur.

2252 5195 2423 5261 Quant
2453 5212 2580 5249 vero
2605 5195 2882 5249 basilicam
2910 5196 3128 5266 Fausta:
3152 5195 3383 5266 appellat
3414 5195 3760 5262 Ambrosius,
3787 5213 3842 5254 ea

2256 5281 2397 5320 nunc
2441 5267 2538 5322 SS.
2575 5266 2760 5320 Vitalis
2798 5277 2852 5322 et
2893 5265 3163 5335 Agricola:
3193 5265 3352 5323 titulo
3400 5271 3618 5335 gaudet.
3654 5275 3722 5324 At
3760 5271 3840 5325 illa

2255 5335 2398 5390 uitde
2428 5346 2730 5411 erutaﬂsnnt
2758 5352 2928 5411 _saera
2950 5338 3199 5411 _Gervasii
3242 5355 3302 5393 ac
3338 5343 3564 5396 Pt-otasii
3602 5343 3807 5411 lipsana
3827 5382 3839 5401 ,

2253 5423 2411 5476 quant
2444 5407 2538 5460 SS.
2571 5405 2802 5461 Naboris
2842 5412 2905 5462 ac
2946 5409 3145 5464 Felicis
3187 5411 3383 5466 dictant
3429 5415 3501 5466 ait
3549 5405 3833 5474 Paulinus,

2250 5480 2359 5547 jam
2386 5479 2648 5530 vocabulo
2671 5481 2878 5534 mutato
2904 5483 3070 5534 saneti
3094 5481 3367 5537 Francisci
3393 5486 3721 5540 nominatur.
3770 5484 3837 5536 De

2256 5549 2337 5602 his
2361 5549 2522 5601 adeas
2539 5547 2840 5624 Ughellnm,
2863 5549 3029 5624 tibide
3050 5551 3287 5624 reliquiis
3307 5571 3426 5624 qua:
3442 5555 3730 5610 Mediolani
3752 5568 3829 5605 as-

2257 5630 2541 5696 Servantur
2571 5620 2818 5685 disserit,
2852 5631 2904 5677 cl
2938 5620 3302 5696 Mabillonium
3325 5620 3462 5680 'ltin.
3501 5625 3627 5679 Ital.
3666 5642 3718 5696 p.
3752 5625 3828 5678 l5.

2335 5701 2358 5740 ες
2375 5689 2452 5767 Ita
2465 5707 2654 5767 omnes
2679 5706 2805 5747 mss.
2825 5695 3006 5764 paucis
3020 5699 3260 5767 exceptis
3287 5699 3375 5753 uni
3393 5716 3486 5767 pro
3499 5689 3825 5767 videte‘poni-

2265 5764 2589 5824 tut-ridetis:
2623 5778 2815 5822 omnes
2845 5781 2974 5824 vero
2987 5766 3116 5825 edit.
3134 5764 3824 5843 v'tdetis...'spectantes',etc.
