4042 6174
194 292 335 348 1021

1383 291 1872 351 EPISTOLARUII
1912 294 2194 352 CLASSIS
2235 296 2276 351 Ι.

3362 297 3502 352 1023

190 408 535 463 versationis
586 409 754 476 viros,
807 398 1050 477 spectate
1080 408 1248 465 animi
1289 410 1538 466 sublimis
1575 418 1802 480 tropaea.
1832 414 1884 474 Α
1909 415 2069 482 tiam,
2109 415 2213 470 hoc
2249 424 2331 470 est
2357 456 2371 477 ,
2404 429 2532 470 caro
2571 416 2758 481 carni,
2805 429 3037 485 quorum
3086 412 3269 484 passio
3320 424 3501 466 verum

192 500 291 556 Isti
324 510 454 556 sunt
478 502 627 568 creti,
658 502 751 573 qui
780 511 1042 558 enarrant
1069 503 1299 574 gloriam
1327 504 1421 559 Dei
1452 523 1468 566 :
1493 504 1609 559 haec
1635 518 1803 575 opera

192 609 458 650 manuum
482 596 603 665 ejus
620 613 738 667 qua:
756 597 1041 652 annuntiat
1060 596 1481 653 ﬁrmamentum.
1507 596 1624 652 Non
1656 598 1802 652 enim

192 705 295 746 eos
321 688 606 744 su'cnlaris
651 688 933 756 illecebra,
970 688 1065 744 sed
1094 688 1262 744 divini
1295 688 1479 759 operis
1506 687 1704 758 gratia,
1734 686 1803 743 ad

194 783 606 838 ﬁrmamentum
657 781 1038 837 sacratissima:
1083 782 1359 853 passionis
1403 781 1583 837 evexit
1616 798 1631 835 :
1664 779 1804 836 mul-

195 889 362 948 toque
390 884 522 932 ante
552 891 766 931 morum
813 877 1184 945 virtutumque
1211 875 1560 931 documentis
1582 888 1798 928 annun-

196 968 355 1023 tiavit
398 968 454 1022 in
503 967 588 1022 his
632 969 990 1041 martyrium,
1032 967 1176 1039 quod
1227 967 1487 1024 adversus
1531 965 1801 1021 lubricum

195 1062 389 1118 szcculi
416 1060 577 1131 hujus
607 1062 833 1118 stabiles
861 1070 1298 1132 permanserunt.

268 1155 327 1210 5.
365 1152 577 1210 Caelum
605 1162 725 1210 erat
748 1154 968 1220 Paulus,
1002 1154 1092 1224 qui
1126 1153 1238 1208 ait:
1270 1151 1463 1208 Nostra
1485 1155 1803 1209 conversatio

192 1248 250 1301 in
289 1248 435 1303 colis
486 1256 559 1302 est
600 1246 787 1319 (Phil.
815 1264 892 1314 nt,
931 1245 1060 1318 20).
1090 1247 1226 1303 Caeli
1262 1257 1421 1302 erant
1468 1246 1708 1303 Iacobus
1748 1257 1804 1304 et

195 1338 473 1395 Joannes:
497 1338 731 1410 denique
750 1339 846 1395 lilii
868 1338 1092 1394 tonitrui
1115 1350 1494 1410 nuncupantur
1509 1337 1704 1408 (Marc.
1718 1354 1799 1407 ιιι,

199 1431 327 1498 l7);
374 1440 432 1485 et
471 1429 594 1485 ideo
643 1430 797 1499 quasi
839 1430 1041 1487 ctelum
1087 1430 1328 1486 Joannes
1378 1430 1609 1485 Verbum
1660 1431 1802 1501 apud

198 1521 372 1576 Deum
405 1520 538 1576 vidit
574 1519 758 1594 (Joun.
801 1537 861 1589 ι,
892 1520 971 1593 l).
1001 1521 1123 1593 Ipse
1162 1522 1425 1577 Dominus
1474 1520 1636 1579 Jesus
1674 1538 1801 1593 per—

199 1616 351 1685 petui
392 1615 616 1670 luminis
646 1629 764 1671 erat
794 1615 1028 1682 caelum,
1056 1632 1180 1671 cum
1222 1618 1508 1673 enarraret
1540 1618 1636 1673 Dei
1677 1617 1802 1689 glo-

198 1710 383 1776 riam,
419 1707 515 1764 sed
562 1723 684 1764 eam
731 1724 892 1778 quam
924 1724 1086 1765 nemo
1132 1719 1258 1765 ante
1305 1718 1685 1781 conspexerat.
1736 1712 1803 1767 Et

1907 496 2029 561 ﬁdei
2084 506 2368 562 scientiam
2423 508 2673 562 omnibus
2717 507 3001 564 indicavit.
3049 506 3212 561 Bona:
3261 514 3448 558 noctes
3480 538 3496 567 ,

1906 607 2091 654 noctes
2116 599 2336 664 lucidaa,
2367 614 2486 671 qua:
2512 598 2715 655 habent
2744 600 2951 655 stellas.
3003 599 3153 655 Sicut
3183 599 3314 653 cnim
3345 596 3501 652 stella

1905 708 1937 745 a
1959 692 2106 747 stella
2128 691 2301 759 αἰπειί
2325 694 2375 746 in
2407 691 2666 759 claritate,
2683 694 2755 747 ita
2780 703 2825 746 et
2848 693 3153 747 resurrectio
3177 700 3502 745 mortuorum

1906 782 1951 855 (l
1981 780 2101 840 Cor.
2133 786 2253 851 xv,l
2269 785 2310 855 ).

1974 876 2027 932 9.
2058 875 2176 931 Non
2208 878 2479 932 immerito
2516 886 2696 933 autem
2744 877 2990 948 plerique
3019 875 3161 931 hanc
3196 883 3497 946 martyrum

1906 968 2364 1023 resurrectionem
2414 968 2727 1037 appellant;
2772 966 2800 1005 δ
2846 967 3041 1023 videro
3091 976 3270 1021 tamen
3318 976 3500 1020 utrum

1904 1059 2043 1126 sibi,
2075 1060 2231 1116 nobis
2260 1073 2411 1117 certe
2440 1073 2710 1135 martyres
2742 1061 3167 1117 resurrexerint.
3199 1060 3503 1131 Cognovis-

1907 1153 2010 1217 tis,
2043 1154 2208 1209 immo
2233 1154 2447 1211 vidistis
2477 1157 2579 1223 ipsi
2611 1156 2812 1211 multos
2839 1171 2868 1211 a
2902 1155 3183 1211 daemoniis
3212 1164 3502 1225 purgatos:

1907 1246 2168 1314 plurimos
2222 1247 2385 1302 etiam
2417 1288 2429 1311 .
2476 1246 2566 1302 ubi
2626 1257 2833 1302 vestem
2890 1255 3204 1301 sanctorum
3253 1246 3505 1301 manibus

1905 1342 2296 1412 contigerunt,
2345 1342 2410 1396 iis
2458 1342 2655 1412 quibus
2703 1340 3026 1397 laborabant
3058 1383 3073 1404 ,
3122 1339 3500 1395 debilitatibus

1906 1431 2211 1488 absolutos:
2237 1443 2480 1503 reparata
2512 1444 2533 1471 ε
2565 1434 2763 1489 vetusti
2792 1432 3054 1501 temporis
3082 1432 3369 1498 miracula,
3392 1445 3503 1501 quo

1905 1540 1965 1582 se
1996 1541 2090 1593 per
2119 1525 2410 1581 adventum
2438 1525 2653 1580 Domini
2680 1524 2807 1580 Jcsu
2836 1524 3007 1595 gratia
3039 1523 3200 1579 terris
3231 1522 3403 1593 major
3427 1523 3503 1578 in-

1907 1618 2150 1685 fuderat,
2179 1619 2371 1674 umbra
2421 1618 2653 1688 quadam
2694 1628 3006 1673 sanctorum
3048 1633 3345 1688 corporum
3388 1618 3501 1687 ple-

1906 1726 2105 1783 rosque
2134 1720 2354 1767 sanatos
2380 1712 2627 1767 cernitis.
2658 1707 2685 1748 δ
2715 1711 2926 1779 Quanta
2954 1712 3132 1765 oraria
3160 1710 3502 1779 jactitantur!

198 1800 325 1857 ideo
354 1800 526 1857 dixit:
553 1799 721 1855 Deum
744 1817 892 1855 nemo
914 1802 1038 1856 sidit
1068 1818 1333 1873 umquam,
1358 1803 1457 1857 nisi
1509 1804 1803 1876 unigenitus
1833 1802 1881 1863 Β
1906 1814 2105 1876 quanta
2151 1804 2465 1861 indumenta
2512 1820 2676 1875 super
2724 1804 2985 1875 reliquias
3015 1803 3414 1859 sacratissimas
3452 1812 3510 1859 et

196 1891 375 1948 Filius
393 1933 413 1961 ,
441 1894 530 1963 qui
560 1901 632 1948 est
660 1894 713 1947 in
741 1894 860 1948 sinu
891 1891 1100 1962 Patris,
1126 1896 1236 1966 ipse
1255 1896 1512 1951 enarravit
1542 1895 1723 1969 (Joan.
1755 1913 1795 1966 ι,

195 1984 313 2055 18).
360 1984 538 2055 Opera
584 2001 805 2057 quoque
856 2002 1113 2043 tnauuum
1154 1988 1252 2043 Dei
1299 1990 1346 2043 si
1389 1990 1637 2060 quaeris,
1671 1989 1801 2046 audi

192 2074 302 2130 Job
344 2075 658 2132 dicentem:
692 2078 931 2146 Spiritus
975 2080 1214 2147 divinus,
1248 2081 1337 2150 qui
1376 2082 1500 2153 fecit
1537 2098 1616 2135 me
1656 2082 1801 2155 (Job

194 2183 393 2235 sunt,
433 2167 517 2239 4).
552 2170 620 2225 Et
665 2169 795 2226 ideo
823 2170 1083 2227 adversus
1113 2172 1313 2227 diaboli
1348 2182 1679 2229 tentamenta
1714 2177 1803 2230 lir—

196 2272 412 2332 matus,
444 2256 723 2321 inoﬂensa:
754 2267 1043 2337 vestigium
1071 2268 1241 2341 876
1267 2270 1588 2325 constantize
1619 2285 1803 2326 serva-

198 2357 300 2412 vit.
336 2356 445 2412 Sed
476 2357 760 2411 veniamus
791 2357 857 2412 ad
892 2359 1123 2428 reliqua.

264 2450 324 2506 6.
359 2449 506 2515 Dies,
525 2449 728 2521 inquit,
754 2451 857 2505 diei
886 2462 1086 2506 eructat
1110 2453 1316 2507 verbum
1344 2452 1520 2520 (Psal.
1538 2469 1687 2519 xvttt,
1713 2454 1798 2525 3).

198 2542 347 2598 Ecce
388 2541 505 2598 veri
535 2542 686 2608 dies,
716 2558 854 2613 quos
894 2543 1044 2598 nulla
1076 2544 1253 2615 caligo
1280 2546 1457 2600 noctis
1488 2544 1799 2615 interpolat.

193 2637 339 2692 Ecce
365 2636 483 2691 veri
510 2636 629 2692 dies
671 2636 816 2706 pleni
851 2636 1070 2692 luminis
1096 2647 1153 2693 et
1180 2638 1404 2709 fulgoris
1444 2638 1636 2693 mterni
1664 2678 1679 2703 ,
1709 2635 1803 2708 qui

190 2746 303 2786 non
348 2729 727 2802 perfunctorio
752 2746 1005 2787 sermone
1030 2731 1258 2788 verbum
1308 2731 1440 2797 Dei,
1470 2730 1566 2786 sed
1610 2730 1803 2786 intimo

191 2822 366 2878 corde
395 2831 718 2877 eructarunt
744 2822 797 2877 in
825 2822 1174 2878 confessione
1200 2830 1517 2878 constantes
1535 2862 1553 2889 ,
1583 2823 1635 2877 in
1661 2838 1803 2878 mar-

195 2913 349 2986 tyrio
372 2923 811 2985 perseverantes.

268 3006 325 3059 7.
361 3005 518 3059 Alius
549 3005 790 3074 psalmus
813 3004 988 3060 lectus
1014 3003 1148 3060 dicit
1183 3023 1195 3060 :
1229 3005 1360 3072 Quis
1387 3008 1522 3061 sicut
1544 3005 1803 3065 Dominus

202 3098 344 3151 Deus
375 3106 587 3164 noster,
618 3092 705 3165 qui
745 3096 800 3150 in
839 3097 961 3150 altis
986 3095 1217 3161 habitat,
1250 3107 1296 3152 et
1336 3097 1559 3153 humilia
1597 3100 1804 3169 respicit

1906 1907 2051 1953 tactu
2084 1899 2202 1967 ipso
2233 1896 2576 1954 medicabilia
2609 1896 3003 1967 reposcuntur!
3037 1894 3290 1950 Gaudent
3317 1908 3508 1949 omnes

1904 2000 2149 2048 extrema
2190 1990 2334 2048 linea
2372 1992 2722 2063 contingere;
2754 1998 2812 2046 et
2838 1989 2930 2060 qui
2968 1989 3293 2060 contigerit,
3325 1988 3510 2043 salvus

1905 2085 2031 2141 erit.

1981 2175 2068 2232 10.
2099 2175 2317 2232 Gratias
2343 2176 2470 2241 tibi,
2506 2176 2734 2231 Domine
2763 2174 2891 2231 Jesu
2914 2216 2928 2241 ,
2951 2174 3094 2246 quod
3126 2174 3230 2231 hoc
3260 2182 3508 2246 tempore

1909 2268 2047 2323 tales
2078 2268 2235 2322 nobis
2263 2277 2575 2322 sanctorum
2618 2276 2918 2339 martyrum
2950 2268 3179 2338 spiritus
3218 2268 3463 2323 excitasti
3486 2308 3505 2334 ,

1910 2370 1933 2398 ε
1962 2374 2069 2431 quo
2097 2359 2342 2415 Ecclesia
2385 2367 2473 2414 tua
2519 2358 2766 2429 pragsidia
2807 2357 3012 2429 majora
3064 2358 3358 2415 desiderat.
3387 2358 3498 2414 Co-

1905 2461 2167 2523 gnoscant
2188 2466 2380 2506 omnes
2408 2452 2597 2521 quales
2617 2465 2717 2522 ego
2740 2459 3170 2522 pr0pugnatores
3200 2452 3502 2521 requiram,

1906 2547 1996 2617 qui
2026 2558 2371 2616 propugnare
2392 2546 2634 2614 possint,
2657 2544 2976 2614 impugnare
3003 2559 3108 2597 non
3136 2544 3368 2598 soleant.
3393 2540 3511 2597 Hos

1905 2654 2005 2710 ego
2053 2626 2319 2708 acquisivi
2355 2636 2483 2704 tibi,
2518 2636 2671 2707 plebs
2702 2643 2921 2701 Sancta,
2960 2636 3051 2705 qui
3087 2637 3297 2706 prosint
3323 2634 3508 2690 omni-

1906 2731 2037 2798 bus,
2073 2731 2277 2788 nemini
2318 2741 2569 2787 noceant.
2603 2731 2763 2786 Tales
2791 2746 2895 2802 ego
2923 2729 3108 2786 ambio
3149 2728 3507 2794 defensores,

1907 2823 2041 2879 tales
2065 2823 2228 2897 877
2259 2822 2276 2862 τ
2308 2824 2509 2879 milites
2538 2822 2745 2878 habeo:
2778 2822 2879 2877 hoc
2908 2830 3025 2888 est,
3049 2836 3154 2877 non
3187 2821 3373 2876 saeculi
3405 2822 3514 2876 mi-

1907 2913 2062 2980 lites,
2091 2913 2189 2969 sed
2238 2914 2437 2970 milites
2478 2913 2702 2969 Christi.
2746 2911 2965 2968 Nullam
3016 2913 3084 2968 de
3115 2912 3317 2967 talibus
3362 2912 3509 2966 invi-

1906 3006 2050 3062 diam
2084 3011 2249 3064 timeo
2270 3049 2285 3074 ,
2316 3023 2547 3080 quorum
2578 3023 2687 3078 quo
2719 3008 2951 3077 majora,
2981 3023 3049 3064 eo
3079 3008 3279 3063 tutiora
3314 3015 3505 3077 patro.

1906 3100 2048 3155 cinia
2092 3109 2241 3156 sunt.
2276 3100 2479 3157 Horum
2522 3101 2687 3157 etiam
2741 3101 2848 3156 illis
2895 3102 3062 3171 ipsis,
3091 3102 3180 3172 qui
3228 3101 3358 3157 mihi
3411 3117 3513 3157 eos

195 3191 251 3245 in
280 3193 409 3245 coelo
442 3199 489 3244 et
516 3191 569 3244 in
594 3199 731 3244 terra
753 3187 929 3261 (Psal.
964 3205 1096 3256 cut,
1121 3189 1179 3262 5)
1205 3192 1228 3244 ’ί
1251 3190 1514 3261 Respexit
1541 3206 1672 3248 sane
1701 3192 1798 3247 liu-
1822 3188 1867 3253 C
1900 3193 2184 3260 invident,
2229 3203 2355 3266 opto
2408 3194 2683 3266 praesidia.
2728 3195 2964 3251 Veniant
3008 3211 3138 3268 ergo
3182 3203 3240 3250 et
3285 3195 3515 3253 videant

194 3284 349 3337 milia
392 3281 577 3350 Deus,
609 3282 701 3353 qui
748 3282 984 3337 latentes
1023 3281 1128 3337 sub
1156 3282 1378 3353 ignobili
1422 3284 1629 3355 cespite
1669 3285 1795 3340 reli-

189 3378 354 3448 quias
379 3385 696 3431 sanctorum
727 3370 1025 3447 marlyrom
1054 3392 1168 3430 suae
1201 3376 1461 3432 Ecclesia:
1488 3378 1753 3433 revelavit
1777 3420 1793 3447 ,

189 3484 431 3538 quorum
461 3469 641 3523 anima
682 3468 734 3523 in
775 3468 940 3533 cmlo,
973 3483 1171 3540 corpus
1218 3468 1270 3522 in
1312 3478 1491 3525 terra:
1525 3470 1796 3528 Suscitans

188 3581 226 3618 ο
251 3574 397 3617 terra
417 3563 649 3627 inopem,
672 3571 719 3617 et
738 3564 803 3616 de
828 3571 1053 3616 stercore
1076 3563 1277 3634 erigens
1304 3579 1581 3635 pauperem
1603 3562 1747 3637 (Ibid
1776 3605 1792 3632 ,

188 3656 292 3727 7);
322 3670 462 3726 quos
490 3655 688 3710 videtis
716 3664 775 3711 ut
816 3669 912 3709 eos
942 3671 1067 3709 cum
1102 3655 1440 3728 principibus
1488 3656 1669 3727 populi
1712 3658 1794 3712 sui

190 3748 505 3804 collocarit.
538 3747 825 3819 Principes
866 3747 1053 3821 populi
1080 3764 1219 3819 quos
1256 3750 1391 3804 alios
1426 3749 1531 3804 nisi
1580 3760 1798 3805 sanctos

185 3851 464 3911 martyres
491 3841 768 3896 aestimare
806 3839 1100 3906 debemus,
1130 3856 1366 3912 quorum
1401 3850 1425 3878 ι
1448 3841 1559 3912 jam
1601 3841 1653 3896 in
1698 3857 1797 3895 uu-

188 3947 409 3987 merum
461 3931 553 3986 diu
605 3938 733 3986 ante
776 3931 1006 4003 ignorati
1059 3931 1342 3987 Protasius
1390 3931 1795 4001 Gervasiusque

185 4022 601 4097 praeferuntur,
646 4023 739 4093 qui
784 4023 1032 4080 sterilem
1096 4024 1427 4096 martyribus
1492 4022 1795 4078 Ecclesium

185 4115 693 4183 Ilediolanensem,
728 4115 842 4186 jam
880 4116 1244 4187 plurimorum
1286 4122 1514 4171 matretn
1560 4114 1795 4171 ﬁliorum

186 4208 368 4265 laetari
401 4209 672 4281 passionis
700 4210 935 4280 prepriae
974 4206 1204 4267 fecerint
1246 4214 1297 4265 ct
1329 4198 1497 4263 titulis
1524 4218 1580 4263 et
1609 4218 1797 4264 exem-

188 4301 302 4371 plis
319 4299 346 4350 7

261 4396 319 4451 8.
352 4394 463 4451 Nec
492 4394 599 4450 huc
621 4394 916 4451 abhorreat
940 4408 971 4451 ιι
1005 4404 1131 4450 vera
1162 4390 1296 4450 ﬁde:
1318 4392 1446 4448 Dies
1472 4393 1579 4449 diei
1599 4400 1799 4450 eructat

185 4484 404 4543 verbum
448 4484 620 4557 (Psal.
654 4496 815 4552 xvm,
856 4476 952 4558 Ξ),
988 4482 1166 4542 anima
1214 4487 1445 4554 animm,
1481 4485 1588 4542 vita
1630 4484 1756 4542 vita:
1780 4528 1795 4554 ,

1898 3290 2192 3359 stipatores
2220 3303 2406 3355 meos;
2437 3288 2637 3357 talibus
2665 3304 2752 3344 me
2780 3289 2951 3344 armis
2975 3289 3167 3344 ambiri
3198 3303 3305 3344 non
3323 3303 3462 3359 nego
3488 3306 3505 3343 :

1901 3378 1975 3434 lli
1996 3381 2047 3433 in
2078 3379 2343 3444 curribus,
2377 3390 2424 3434 et
2466 3380 2521 3432 lii
2560 3381 2612 3433 in
2643 3380 2787 3448 equis
2818 3395 2951 3434 :nos
2991 3389 3163 3434 autem
3206 3381 3259 3434 in
3300 3380 3511 3435 nomine

1898 3470 2112 3526 Domini
2142 3471 2238 3527 Dei
2268 3473 2433 3527 nostri
2461 3471 2913 3541 magni/icabimur
2939 3470 3113 3542 (Psal.
3150 3488 3258 3538 xta,
3286 3473 3361 3541 8).

1973 3564 2059 3620 ll.
2090 3565 2346 3620 Eliszcum
2378 3565 2678 3632 Scriptura:
2704 3564 2902 3618 divina:
2932 3564 3108 3619 series
3142 3563 3337 3627 refert,
3372 3578 3498 3619 cum

1898 3659 1966 3713 ab
1993 3659 2232 3714 exercitu
2271 3659 2533 3730 Syrorum
2561 3665 2710 3713 esset
2748 3657 3024 3722 ObSl'SSUS,
3055 3655 3257 3710 dixisse
3289 3657 3504 3712 timenti

1898 3748 2154 3817 servulo,
2186 3765 2254 3805 ne
2301 3730 2549 3804 timeret:
2582 3749 2704 3819 quia
2735 3751 2911 3818 plures
2932 3789 2947 3815 ,
2981 3748 3182 3817 inquit,
3214 3764 3308 3819 pro
3353 3748 3503 3803 nobis

1898 3854 2048 3908 sunt,
2076 3860 2231 3914 quant
2272 3852 2453 3896 contra
2495 3859 2588 3897 nos
2634 3841 2725 3914 (IV
2769 3840 2902 3913 Reg.
2946 3857 3016 3908 νι,
3054 3839 3167 3910 16);
3198 3851 3255 3897 et
3292 3852 3348 3895 ut
3393 3840 3500 3897 huc

1902 3935 2187 4005 probaret,
2222 3933 2421 4002 petisse
2453 3944 2511 3987 ut
2541 3932 2683 3986 oculi
2712 3932 2861 3987 Giezi
2893 3932 3267 3998 aperirentur:
3300 3932 3502 4002 quibus

1900 4026 1993 4081 ille
2017 4024 2258 4095 apertis,
2292 4024 2607 4079 innumeros
2641 4024 2837 4078 adesse
2880 4022 3005 4076 vidit
3040 4023 3303 4094 propheta
3336 4040 3498 4080 exer-

1900 4118 2038 4174 citus
2067 4103 2403 4188 angelorum.
2437 4115 2547 4171 Nos
2573 4115 2674 4170 etsi
2708 4129 2802 4169 eos
2829 4113 3017 4169 videre
3045 4129 3149 4167 non
3183 4126 3493 4183 possumus,

1900 4209 2167 4266 sentimus
2214 4210 2412 4264 tamen.
2461 4198 2632 4263 Erant
2674 4204 2844 4262 clausi
2889 4204 2977 4261 isti
3019 4204 3162 4260 oculi
3189 4245 3203 4269 ,
3237 4207 3497 4275 quamdiu

1901 4301 2094 4357 obruta
2158 4307 2471 4357 sanctorum
2519 4314 2750 4369 corpora
2802 4297 3216 4354 delitescebant.
3248 4298 3500 4364 Aperuit

1900 4399 2091 4456 oculos
2137 4402 2356 4454 nostros
2401 4397 2700 4465 Dominus;
2742 4395 2980 4452 vidimus
3021 4395 3256 4461 auxilia,
3298 4393 3497 4465 quibus

1903 4497 2091 4547 sumus
2130 4496 2277 4561 saepe
2304 4487 2537 4546 defensi.
2571 4488 2688 4545 Non
2739 4488 3058 4545 videbamus
3095 4486 3240 4555 hmc,
3274 4484 3366 4542 sed
3402 4485 3498 4540 ba-

186 4580 529 4637 resurrectio
557 4572 972 4637 rcsurrectioni.
1004 4574 1074 4634 Et
1103 4596 1208 4635 ηοω
1234 4581 1374 4635 nocti
1406 4580 1604 4636 indicat
1632 4583 1799 4637 scien-
1823 4577 1875 4637 D
1902 4582 2163 4640 bebamus
2207 4589 2413 4640 tamen.
2456 4582 2642 4653 itaque
2688 4581 3087 4652 trepidantibus
3135 4581 3293 4635 nobis
3341 4579 3497 4649 quasi

263 4795 291 4824 τι
317 4784 534 4840 'I‘ltuan.
566 4781 690 4840 cod.
720 4784 891 4851 solus,
919 4800 1136 4856 quorum
1158 4784 1273 4853 jam
1295 4785 1535 4849 nomina,
1562 4782 1654 4838 diu
1676 4794 1796 4839 ante

172 4856 598 4933 ignorataased
642 4871 762 4933 cuiu
810 4855 1020 4910 eteteris
1067 4870 1197 4910 mss.
1225 4895 1240 4920 ,
1274 4858 1656 4926 prwferuntur,
1701 4857 1791 4911 ubi

176 4926 383 5000 (istinc;
409 4926 542 4983 edit.
571 4927 926 5000 proferuntur.

258 4998 289 5039 ι’
319 4993 525 5054 Uinites
568 4984 702 5053 edii.
749 5009 805 5051 et
845 4994 1000 5066 pauci
1050 5012 1213 5063 tuss.,
1265 4984 1493 5063 Videro;
1537 4995 1786 5051 nonnulli

175 5087 350 5134 mss..
374 5069 521 5124 video
545 5079 591 5122 et
619 5068 817 5134 videbo;
838 5079 1005 5122 tamen
1033 5079 1204 5122 utrunt
1233 5066 1437 5131 sibi,an
1464 5066 1608 5120 nobis
1636 5070 1783 5132 certi,

172 5140 624 5214 quidam_cteteri
653 5150 934 5210 martyres;
966 5148 1022 5194 at
1065 5134 1401 5214 reliquorum
1444 5138 1535 5192 alii
1579 5136 1658 5193 sic
1688 5136 1785 5192 ha-

170 5207 316 5271 licnt
347 5230 363 5265 :
398 5210 589 5265 Videro
619 5207 800 5264 tamen'
832 5222 1005 5265 utrunt
1032 5210 1156 5272 sibi.
1189 5207 1256 5264 an
1285 5207 1449 5276 nobis,
1479 5218 1615 5262 certe
1645 5225 1784 5261 mar-

174 5296 357 5357 tyres,
387 5293 518 5347 etc.;
553 5276 643 5357 alii
673 5282 914 5357 tandetn_
935 5292 992 5336 ut
1023 5299 1119 5336 nos
1149 5282 1200 5336 in
1228 5278 1400 5357 testu.

262 5366 284 5393 ε
320 5354 397 5409 Ita
428 5362 562 5409 mss.
593 5353 1189 5423 pluresipodoresque:
1220 5351 1314 5406 alii
1347 5365 1476 5407 vero
1501 5356 1556 5406 et
1593 5364 1784 5406 omnes

172 5424 363 5495 editi
380 5424 565 5495 uetusti
589 5418 824 5495 corporis
848 5418 1127 5495 miracula.

257 5490 285 5533 ἀ
324 5492 514 5550 Oraria
544 5492 649 5549 hoc
679 5490 798 5550 loco
827 5493 1080 5550 dicuntur
1124 5493 1379 5561 sudaria;
1415 5508 1536 5548 nam
1578 5492 1781 5564 alioqul

166 5579 305 5624 sunt
341 5568 506 5622 etiam
535 5568 713 5620 oraria
741 5566 793 5621 iu
821 5564 1253 5620 sacerdotalibus
1281 5564 1633 5620 indumentis.

261 5649 287 5679 θ
311 5634 412 5721 Hic
440 5630 709 5721 indicatur
733 5634 963 5721 Justinzc
981 5649 1221 5721 augustae
1244 5634 1786 5721 persecutioqueing

172 5702 482 5769 admodum
531 5704 585 5769 in
627 5700 1014 5781 Adniouitioue
1054 5700 1193 5781 jam
1225 5700 1483 5781 diximus.
1514 5700 1783 5781 Cic-ierunt

169 5782 371 5865 obiter
412 5778 787 5861 annotandum
835 5789 923 5842 est
966 5778 1290 5843 seruandam
1334 5778 1471 5861 infra
1521 5780 1782 5866 positam,

1901 4780 2294 4856 nempeiTales
2331 4801 2423 4856 ego
2463 4784 2634 4839 ambio
2676 4787 3005 4856 defensores,
3046 4784 3240 4839 factam
3270 4783 3491 4839 Patrum

1898 4855 2158 4911 memoria
2196 4854 2557 4909 celebriorem
2578 4897 2593 4919 ,
2623 4854 2749 4910 cum
2794 4873 2912 4911 eam
2948 4856 3147 4912 vexillo
3178 4865 3490 4911 sanctorum

1894 4925 2138 4996 Gervasii
2172 4925 2499 4996 ueProtasii
2534 4927 2854 4996 imaginibus
2890 4928 3178 4996 insignito,
3214 4936 3268 4981 et
3315 4929 3364 4980 in
3391 4943 3487 4996 pu-

1894 4942 2138 4982 uervasn
2172 4942 2233 4978 ac
2270 4942 2499 4979 rrotastt
2535 4942 2854 4993 imaginibus
2890 4944 2990 4982 InSl
3035 4942 3178 4992 uno,
3214 4942 3268 4981 et
3315 4944 3364 4980 ιιι
3391 4943 3487 4996 pu-

1892 4995 2031 5051 blica
2084 4994 2481 5062 supplicatione
2534 4995 2601 5049 ad
2654 4996 2947 5050 sedandam
2995 4942 3142 5052 finem
3193 4995 3489 5053 deferendo

1890 5066 2111 5192 i‘t’tscribi
2154 5075 2373 5120 sanctus
2415 5065 2641 5120 Carolus
2675 5065 2879 5135 jussit,
2908 5076 2968 5122 ut
3006 5069 3234 5123 habetur
3272 5073 3325 5123 iu
3370 5070 3489 5138 ejus

1943 5148 2038 5191 lla.

1943 5141 2038 5191 ita.

1964 5207 1983 5246 τ
2014 5206 2122 5262 Pro
2147 5205 2348 5279 milites;
2366 5202 2526 5261 habeo
2553 5205 2838 5279 legendum
2872 5207 3094 5279 conjicit
3120 5209 3363 5265 Latinius
3390 5211 3489 5264 mi-

1885 5279 2003 5334 lites
2043 5294 2189 5332 aveo.
2230 5268 2461 5347 Verbum
2508 5268 2731 5347 quidem
2756 5278 2912 5334 habeo
2956 5268 3007 5335 iit
3048 5297 3178 5335 mss.
3212 5282 3489 5337 nonnullis

1885 5348 2199 5420 d‘cesttsed
2230 5346 2284 5403 in
2319 5344 2494 5404 multo
2521 5344 2804 5419 pluribus,
2837 5360 2891 5406 et
2921 5352 3133 5407 cunctis
3163 5351 3294 5407 edit.
3332 5368 3488 5420 repe-

1883 5414 2038 5474 ritur.
2078 5418 2150 5474 Ea
2192 5435 2321 5476 vero
2355 5437 2474 5490 qua:
2504 5414 2835 5491 sequuntur,
2870 5437 3068 5491 nempe
3111 5422 3207 5476 hoc
3240 5434 3347 5488 est,
3381 5414 3483 5477 non

1884 5491 2087 5546 saeculi.
2122 5531 2135 5545 .
2174 5529 2188 5545 .
2226 5533 2239 5547 .
2268 5492 2518 5547 invidiam
2564 5495 2715 5548 timeo
2738 5533 2754 5560 ,
2784 5492 2836 5548 in
2869 5494 3000 5550 edit.
3041 5494 3239 5547 omissa
3287 5504 3476 5560 erant,

1882 5563 1978 5616 sed
2003 5578 2069 5617 ex
2097 5563 2357 5618 omnibus
2391 5580 2523 5620 mss.
2554 5568 2929 5621 restituuntur.
2962 5563 3157 5619 lterum
3184 5577 3363 5618 autem
3393 5565 3480 5618 ubi

1886 5648 2080 5689 omnes
2125 5634 2259 5691 edit.
2299 5651 2361 5690 ac
2402 5640 2561 5710 pauci
2610 5654 2764 5704 mss.,
2794 5645 2883 5710 qui
2927 5640 3054 5694 mihi
3100 5638 3363 5710 invident;
3394 5635 3483 5693 alii

1889 5720 2087 5779 magno
2125 5721 2352 5766 numero
2399 5707 2645 5787 inserunt
2687 5707 2936 5771 vocatam
2964 5729 3079 5787 sos,
3108 5710 3251 5768 haud
3295 5708 3484 5787 incuu-

1888 5792 2053 5855 grue.
2406 5784 2407 5787 ‘
2968 5784 2974 5792 ‘
