4042 6174
593 298 623 356 1
633 299 737 356 025

1931 295 2182 355 SANCTI
2208 294 2536 354 AMBROSII

3750 294 3902 350 1024

593 418 796 474 dixerit
823 416 1087 472 Dominus
1119 435 1131 469 :
1175 415 1420 486 Aspicite
1460 425 1696 487 quantos
1741 415 1898 472 vobis
1923 423 2196 486 martyres
2220 410 2515 475 Avideam
2565 409 2874 466 sanctitatis
2911 418 3111 464 vestrae
3152 408 3564 476 celebritatem,
3596 409 3725 465 istos
3773 423 3904 465 esse

594 509 871 565 dederim:
905 509 976 563 ita
1010 517 1034 543 ει
1065 508 1326 564 reseratis
1354 508 1528 564 oculis
1553 508 1785 578 gloriam
1817 507 2034 562 Domini
2067 520 2190 577 spe-

593 600 870 666 culamur,
904 614 1028 671 qua:
1063 609 1147 656 est
1189 611 1484 674 martyrum
1527 602 1778 672 passione
1803 601 2104 672 prteterita,
2138 607 2194 654 et

589 690 910 761 operatione
943 707 1209 761 praesens.
1236 693 1558 761 Evasimus,
1583 694 1815 761 fratres,
1848 709 1954 749 non
1987 693 2193 749 medio-

594 798 746 840 crem
797 783 1021 854 pudoris
1067 785 1377 841 sarcinam:
1418 798 1679 858 patronos
1725 786 2095 854 habebamus,
2139 794 2195 842 et

599 877 1002 933 nesciebamus.
1035 878 1346 936 Invenimus
1391 896 1555 935 unum
1599 880 1737 947 hoc,
1770 894 1878 951 quo
1916 879 2195 934 videamur

598 978 858 1042 prazstare
887 971 1209 1041 majoribus.
1246 973 1575 1029 Sanctorum
1607 984 1902 1045 martyrum
1931 972 2198 1043 cognitio-

602 1079 725 1119 nem
745 1105 760 1131 ,
789 1079 950 1134 quam
981 1063 1059 1118 illi
1085 1066 1422 1133 amiserunt,
1456 1080 1556 1121 nos
1582 1065 1763 1135 adepti
1789 1079 1996 1122 sumus.

667 1153 756 1208 12.
786 1153 1068 1210 Eruantur
1099 1156 1308 1211 nobiles
1330 1156 1580 1227 reliquiae
1609 1171 1640 1211 e
1666 1156 1918 1227 sepulcro
1948 1155 2194 1226 ignobili,

598 1247 963 1303 ostenduntur
988 1249 1127 1304 ccelo
1168 1257 1393 1319 tropaaa.
1426 1248 1453 1287 ι)
1486 1248 1765 1320 Sanguine
1804 1249 2044 1304 tumulus
2085 1262 2199 1303 ma-

604 1338 728 1406 det,
765 1349 1030 1410 apparent
1070 1341 1282 1396 cruoris
1325 1341 1667 1412 triumphalis
1712 1350 1854 1397 nota:
1877 1381 1892 1407 ,
1929 1341 2199 1396 inviolata:

599 1432 846 1502 reliquim
876 1433 996 1488 loco
1025 1447 1126 1488 suo
1152 1442 1208 1489 et
1236 1434 1427 1490 ordine
1455 1443 1715 1505 repertae,
1737 1434 1982 1489 avulsum
2012 1435 2200 1488 hume-

602 1527 684 1583 ris
713 1537 894 1597 caput.
928 1526 1083 1583 Nunc
1109 1542 1271 1583 senes
1301 1538 1549 1599 repetunt
1580 1527 1799 1582 audisse
1823 1542 1882 1582 se
1909 1525 2199 1596 aliquando

606 1619 800 1675 horum
832 1631 1133 1693 martyrum
1170 1621 1392 1676 nomina
1413 1663 1428 1687 ,
1457 1620 1782 1690 titulumque
1826 1620 2044 1692 legisse.
2073 1619 2202 1676 Per-

605 1713 819 1770 diderat
860 1715 1052 1769 civitas
1097 1729 1228 1770 suos
1263 1725 1567 1787 martyres,
1598 1730 1719 1784 qua:
1761 1715 1938 1786 rapuit
1965 1715 2193 1770 alienos.

2292 503 2411 558 dies
2459 501 2762 573 prephetici
2806 501 3065 558 carminis
3109 501 3326 558 oracula
3376 501 3762 567 declararunt,
3806 503 3905 558 hc-

2293 606 2535 653 sternum
2550 607 2712 666 atque
2742 596 3089 662 hodiernum,
3115 596 3183 652 de
3209 596 3406 667 quibus
3433 597 3905 667 opportunissime

2291 688 2523 744 dicitur:
2556 687 2680 743 Dies
2716 689 2819 742 diei
2858 697 3053 744 eructat
3101 688 3350 755 verbum;
3377 695 3434 743 et
3481 689 3617 744 istas
3661 699 3900 759 noctes,

2296 780 2364 836 de
2381 781 2578 851 quibus
2605 780 2891 850 aptissime
2913 779 3385 850 disputatur,quia
3410 796 3514 836 nox
3540 783 3677 836 nocti
3699 783 3902 836 indicat

2296 873 2586 928 scientiam.
2619 873 2757 940 Quid
2788 873 2934 928 enim
2972 871 3118 928 aliud
3150 873 3252 928 hoc
3283 873 3484 939 biduo,
3517 874 3625 929 nisi
3674 875 3907 930 verbum

2298 967 2394 1022 Dei
2445 967 2638 1021 intimo
2680 967 2972 1021 eruclastis
3022 965 3248 1033 affectu,
3280 975 3335 1021 et
3374 966 3661 1022 scientiam
3684 982 3782 1024 vos
3808 968 3907 1024 ha-

2299 1060 2429 1114 bere
2458 1059 2577 1115 fidei
2613 1058 2972 1130 probavistis?

2373 1153 2457 1208 16.
2487 1152 2584 1208 Cui
2632 1162 2815 1207 tamen
2847 1151 3151 1207 celebritati
3183 1161 3412 1218 vestrae,
3443 1153 3536 1222 qui
3576 1152 3792 1218 solent,
3821 1154 3906 1207 iu-

2301 1245 2508 1301 vident.
2542 1245 2608 1300 Et
2637 1245 2761 1316 quia
2792 1243 3170 1299 celebritatem
3201 1252 3443 1298 vestram
3471 1243 3671 1300 invidis
3704 1244 3907 1300 animis

2308 1339 2324 1376 ί
2369 1338 2513 1394 ferre
2559 1354 2666 1392 non
2710 1345 2969 1407 possunt,
2997 1350 3217 1390 causam
3259 1335 3592 1391 celebritatis
3630 1335 3904 1391 oderunt:

2303 1439 2464 1501 atque
2495 1431 2549 1485 in
2586 1438 2794 1484 tantum
2823 1428 3077 1484 amentia:
3107 1427 3408 1499 prodeunt,
3439 1437 3500 1482 ut
3530 1439 3730 1500 negent
3759 1444 3903 1484 mar-

2304 1534 2482 1595 tyrum
2513 1523 2703 1577 merita
2723 1563 2739 1590 ,
2771 1535 3002 1593 quorum
3033 1535 3198 1591 opera
3228 1520 3390 1575 etiam
3423 1519 3706 1576 daemones
3735 1519 3906 1576 conﬁ-

2305 1627 2508 1672 tentur.
2535 1616 2643 1673 Sed
2673 1616 2776 1672 hoc
2819 1630 2928 1671 non
2953 1616 3182 1678 mirum;
3213 1613 3482 1685 siquidem
3536 1625 3682 1669 tanta
3708 1625 3798 1670 est
3825 1615 3910 1669 in-

2305 1711 2655 1766 credulorum
2711 1708 2939 1780 perﬁdia
2972 1751 2986 1775 ,
3061 1720 3120 1763 ut
3179 1708 3519 1764 tolerabilior
3571 1710 3645 1764 sit
3699 1709 3904 1765 diaboli

610 1805 728 1862 Etsi
759 1807 862 1861 hoc
889 1806 987 1861 Dei
1018 1824 1213 1864 munus
1243 1817 1357 1874 est;
1390 1819 1568 1865 tamen
1599 1809 1828 1880 gratiam
1868 1824 2028 1880 quam
2061 1817 2199 1864 tem-
2227 1811 2277 1874 B
2307 1803 2628 1876 plerumque
2656 1801 2950 1881 confessio.
2983 1800 3210 1857 Dicebat
3237 1801 3382 1856 enim
3423 1799 3678 1856 diabolus
3711 1818 3725 1855 :
3758 1798 3907 1867 Iesu,

602 1899 826 1972 poribus
853 1901 1147 1960 sacerdotii
1173 1903 1278 1957 mei
1307 1902 1573 1959 Dominus
1587 1901 1748 1959 Jesus
1773 1902 1984 1970 tribuit,
2005 1917 2207 1974 negare

609 2006 716 2047 non
743 2005 996 2061 possum:
1027 2001 1082 2049 et
1109 1993 1235 2064 quia
1263 1993 1380 2065 ipse
1403 2003 1609 2066 martyr
1648 2009 1772 2050 esse
1811 2007 1919 2050 non
1949 2008 2166 2050 mereor
2189 2035 2205 2059 ,

613 2083 713 2139 hos
740 2083 892 2140 vobis
923 2093 1189 2157 martyres
1217 2085 1498 2157 acquisivi.

686 2177 774 2231 l5.
808 2175 1116 2232 Suecedant
1156 2177 1396 2233 victimae
1443 2177 1801 2248 triumphales
1841 2189 1862 2217 ο
1897 2179 1950 2233 in
1992 2178 2208 2246 locum,

611 2267 704 2324 ubi
735 2269 984 2325 Christus
1033 2268 1209 2324 hostia
1253 2279 1359 2326 est.
1401 2270 1509 2327 Sed
1559 2253 1652 2327 ille
1679 2286 1848 2342 super
1879 2271 2082 2338 altare,
2115 2271 2211 2342 qui

613 2376 710 2432 pro
755 2362 1006 2416 omnibus
1050 2377 1248 2432 passus
1286 2372 1390 2418 est.
1425 2362 1520 2418 Isti
1566 2365 1666 2420 sub
1705 2365 1899 2432 altari,
1928 2366 2020 2436 qui
2065 2365 2211 2422 illius

615 2452 885 2524 redempti
920 2464 1047 2510 sunt
1088 2455 1364 2525 passione.
1400 2454 1554 2512 Hunc
1582 2471 1685 2527 ego
1713 2457 1891 2512 locum
1933 2458 2214 2527 praedesti-

616 2559 874 2600 naveram
897 2544 1062 2611 mihi;
1087 2545 1308 2614 dignum
1327 2555 1410 2601 est
1432 2548 1578 2602 enim
1604 2555 1662 2602 ut
1689 2548 1758 2604 ibi
1781 2549 1950 2621 878
1972 2551 2216 2621 requies-

617 2645 708 2691 cat
737 2639 994 2692 sacerdos
1013 2679 1029 2704 ,
1059 2638 1150 2692 ubi
1179 2637 1377 2694 offerre
1403 2639 1714 2694 consuevit:
1745 2640 1842 2695 sed
1872 2641 2012 2696 cedo
2042 2642 2216 2696 sacris

618 2730 854 2783 victimis
881 2729 1164 2784 dexteram
1199 2731 1537 2800 portionem;
1565 2732 1716 2786 locus
1747 2732 1849 2786 iste
1886 2735 2216 2804 martyribus

612 2820 939 2875 debebatur.
974 2819 1290 2876 Condamus
1317 2837 1447 2893 ergo
1475 2822 1735 2893 reliquias
1757 2834 2137 2880 sacrosanctas
2162 2835 2218 2880 ct

615 2910 640 2948 ἀ
672 2913 850 2985 dignis
877 2915 1085 2970 :edibus
1113 2917 1456 2985 invehamus,
1490 2925 1770 2986 totumque
1801 2917 1942 2972 diem
1991 2919 2096 2974 ﬁda
2121 2918 2214 2976 de-

619 3006 838 3061 v0tione
870 3007 1239 3065 celebremus.

691 3098 780 3152 M.
813 3099 1148 3155 Acclamavit
1186 3102 1449 3172 populus,
1480 3112 1539 3157 ut
1563 3104 1618 3157 in
1659 3103 2000 3160 Dominicum
2028 3105 2214 3162 differ-

2312 1898 2421 1953 Fili
2444 1895 2542 1953 Dei
2576 1898 2703 1966 vivi,
2731 1897 2858 1966 quid
2899 1895 3079 1950 venisti
3125 1905 3244 1949 ante
3293 1905 3491 1963 tempus
3535 1904 3775 1966 torquere
3820 1911 3912 1950 nos

2309 1990 2530 2061 (Matth.
2563 2005 2683 2056 vui,
2713 1987 2846 2059 ‘29)?
2877 1988 2942 2043 Et
2969 2002 3091 2042 cum
3122 1987 3240 2042 hmc
3280 1985 3534 2042 audirent
3561 1985 3778 2052 Judaei;
3814 1986 3914 2058 ipsi

2313 2095 2494 2142 tamen
2525 2083 2620 2140 Dei
2643 2083 2840 2138 Filium
2869 2080 3232 2152 denegabant.
3275 2079 3346 2134 Et
3373 2094 3515 2135 nunc
3537 2078 3774 2134 audistis
3805 2080 3918 2135 cla-

2311 2187 2524 2234 mantes
2573 2177 2852 2232 daamones
2877 2218 2892 2243 ,
2925 2185 2980 2229 et
3017 2173 3344 2230 confitentes
3387 2171 3720 2245 martyribus
3767 2171 3918 2242 quod

2315 2288 2501 2344 poenas
2531 2271 2676 2327 ferre
2709 2284 2816 2326 non
2847 2269 3089 2340 possint,
3115 2276 3172 2323 et
3196 2267 3473 2322 dicentes:
3497 2264 3638 2334 Quid
3657 2265 3915 2330 venistis,

2317 2376 2341 2413 8
2375 2373 2433 2419 ut
2471 2379 2571 2419 nos
2619 2373 2728 2418 tam
2771 2361 3011 2432 graviter
3061 2357 3410 2429 torqueatis?
3471 2357 3536 2412 Et
3592 2357 3792 2413 Ariani
3832 2355 3918 2410 di-

2313 2468 2470 2515 cunt:
2492 2446 2608 2513 Non
2639 2463 2765 2511 sunt
2785 2453 2875 2510 isti
2900 2461 3196 2524 martyres,
3228 2467 3328 2507 nec
3357 2461 3612 2521 torquere
3639 2449 3916 2506 diabolum

2315 2561 2569 2624 possunt,
2602 2565 2702 2606 nec
2736 2549 2972 2620 aliquem
3023 2546 3294 2612 liberare;
3324 2561 3446 2601 cum
3489 2553 3773 2601 tormenta
3812 2546 3918 2601 da:-

2315 2661 2539 2718 monum
2570 2645 2808 2715 ipsorum
2836 2638 2864 2677 ιι
2891 2654 3024 2695 voce
3052 2639 3371 2710 probentur,
3395 2649 3450 2694 et
3477 2639 3752 2695 beneficia
3778 2653 3920 2693 mar-

2317 2751 2494 2813 tyrum
2520 2737 2778 2795 remediis
2808 2742 3158 2802 sanatorum,
3186 2744 3242 2790 et
3283 2733 3662 2789 absolutorum
3709 2731 3920 2788 indiciis

2317 2835 2683 2891 declarentur.

2390 2927 2480 2982 17.
2511 2925 2718 2996 Negant
2746 2938 2952 2980 cazcum
2995 2924 3360 2979 illuminatum
3380 2964 3395 2988 ,
3427 2921 3522 2979 sed
3555 2921 3652 2978 ille
3683 2936 3794 2977 non
3821 2937 3918 2977 ne-

2315 3028 2406 3090 gat
2431 3033 2490 3074 se
2517 3028 2791 3074 sanatum.
2822 3017 2919 3074 llle
2948 3017 3112 3073 dicit:
3145 3015 3348 3083 Video,
3375 3015 3468 3086 qui
3501 3029 3610 3070 non
3643 3014 3915 3070 videbam.

2311 3111 2405 3167 Ille
2449 3111 2610 3166 dicit:
2651 3110 2841 3165 Cmcus
2885 3124 3010 3166 esse
3056 3108 3258 3172 desivi;
3291 3117 3346 3164 et
3390 3107 3586 3178 probat
3629 3106 3798 3163 facto.
3831 3105 3916 3160 lsd

619 3199 769 3244 retur
794 3190 940 3246 diem
971 3201 1269 3264 martyrum
1300 3193 1601 3264 depositio:
1633 3195 1728 3250 sed
1773 3197 1989 3252 tandem
2015 3198 2204 3255 oblen-
2235 3196 2281 3257 C
2314 3203 2636 3261 beneﬁcium
2665 3211 2902 3273 negant,
2931 3202 3025 3272 qui
3060 3201 3259 3256 factum
3292 3215 3493 3270 negare
3525 3215 3634 3254 non
3667 3209 3915 3272 possunt.

625 3294 770 3351 tum,
803 3294 864 3339 ut
889 3285 1141 3354 sequenti
1184 3287 1341 3342 ﬁeret
1367 3288 1475 3344 die.
1507 3288 1769 3360 Sequenti
1796 3289 1886 3346 die
1929 3291 2051 3347 talis
2082 3293 2215 3350 mihi

619 3377 686 3434 ad
721 3379 978 3450 p0pulum
1012 3379 1206 3435 iterum
1238 3397 1420 3437 sermo
1447 3380 1567 3438 fuit.

694 3470 779 3525 15.
815 3480 837 3507 ε
867 3470 1135 3527 Hesterno
1159 3475 1386 3529 tractavi
1413 3477 1779 3533 versiculum:
1807 3478 1931 3534 Dies
1975 3481 2076 3535 diei
2101 3497 2217 3535 eru-

619 3571 726 3616 ctat
749 3563 956 3616 verbum
984 3561 1159 3636 (Psal.
1192 3581 1344 3632 xvnr,
1373 3566 1452 3639 5),
1487 3578 1647 3637 prout
1676 3570 1850 3624 nostri
1881 3580 2070 3641 captus
2094 3574 2218 3629 tulit

621 3654 860 3724 ingenii:
891 3653 1057 3711 hodie
1095 3656 1225 3711 mihi
1260 3672 1366 3713 non
1396 3661 1569 3715 solum
1618 3664 1905 3730 superiore
1937 3675 2214 3735 tempore,

617 3747 714 3803 sed
747 3750 1001 3818 praesenti
1033 3766 1250 3823 quoque
1281 3754 1640 3825 pr0phetasse
1669 3757 1888 3813 videtur
1931 3757 2214 3828 Scriptura

615 3841 824 3898 divina.
855 3842 988 3899 Nam
1034 3860 1159 3900 cum
1198 3845 1390 3904 diebus
1431 3863 1496 3904 ac
1547 3850 1798 3907 noctibus
1841 3852 2215 3907 continuatam

695 4011 718 4080 ξ
741 4002 900 4080 [ιοιη.
918 4004 1079 4080 edit;
1069 4007 1208 4074 sola,
1226 4011 1462 4064 reseratis
1479 4010 1724 4066 oraculis.
1750 4011 1924 4066 Minus
1943 4011 2209 4080 apposite.

695 4071 1249 4152 bGregorius'lfuron.
1273 4080 1365 4152 lib.
1391 4081 1654 4146 t.Mirac.,
1683 4097 1802 4152 cap.
1832 4083 1923 4142 47.
1953 4071 2067 4138 rem
2091 4097 2216 4136 nar-

623 4151 738 4226 rat,
771 4159 930 4215 quam
962 4149 1017 4202 in
1063 4147 1289 4226 historia
1321 4151 1418 4207 SS.
1452 4152 1700 4226 Gervasii
1730 4147 1794 4208 ac
1824 4153 2056 4226 Protasii
2087 4169 2217 4224 pro-

627 4215 792 4300 ditant
840 4227 1030 4300 negat,
1063 4219 1156 4275 sed
1188 4222 1292 4276 sibi
1315 4227 1403 4300 _ait
1444 4223 1725 4292 cujusdam
1765 4215 2219 4300 narratione'_co-

620 4291 826 4357 gnitam
852 4291 1139 4344 :nimirum
1168 4306 1289 4347 cum
1315 4294 1459 4349 inter
1477 4291 1629 4350 sacra
1658 4310 1691 4350 e
1715 4309 1931 4350 camera
1958 4294 2219 4350 decidens

625 4357 803 4440 tabula
833 4359 1096 4440 incapita
1125 4372 1422 4440 martyrum
1455 4366 1596 4440 illisa
1636 4365 2059 4440 ess_et,_tamdiu
2090 4381 2216 4420 san-

624 4430 842 4503 guinem
890 4430 1016 4503 inde
1062 4430 1325 4497 ﬂuxisse,
1357 4435 1534 4503 quoad
1578 4435 1758 4489 omnia
1805 4430 2122 4491 linteamina
2163 4446 2218 4493 et

626 4500 746 4554 vela
763 4500 1158 4576 _Eeclesiastica
1183 4500 1386 4560 alfatim
1413 4519 1480 4560 eo
1509 4507 1870 4576 tingerentur.

700 4581 722 4608 ο
752 4571 892 4649 Quid
922 4571 1025 4649 hoc
1053 4574 1173 4631 loco
1201 4576 1524 4645 expressius
1549 4571 1616 4631 ad
1649 4591 1833 4631 veram
1860 4586 1916 4632 et
1954 4592 2215 4649 corpora-

626 4642 730 4718 lem
769 4642 968 4718 Christi
1000 4643 1052 4700 in
1101 4649 1259 4701 altari
1283 4642 1448 4702 sacro
1485 4648 1829 4718 praesentiam
1880 4642 2216 4718 probandam

624 4712 729 4767 dici
779 4714 986 4783 possit,
1032 4732 1162 4772 sane
1191 4733 1298 4773 non
1348 4712 1612 4774 videmus.
1642 4717 1838 4774 Omnia
1877 4712 2023 4774 illius
2053 4719 2216 4775 verba

629 4783 970 4854 perpendam
1007 4790 1256 4856 seetarii,
1285 4799 1340 4845 et
1381 4792 1426 4845 si
1457 4791 1584 4856 quid
1621 4791 1701 4847 eis
1731 4791 1860 4845 insit
1885 4790 2217 4847 sinceritatis

626 4870 692 4909 ac
712 4857 880 4924 bona:
905 4857 1026 4914 ﬁdei
1050 4901 1065 4924 ,
1100 4876 1212 4915 rem
1241 4861 1570 4917 fatebuntur.

699 4923 726 4961 ιι
757 4927 958 5007 Omnes
993 4923 1105 4986 edit
1133 4947 1196 4986 ac
1225 4935 1564 5007 pauc-inissa
1593 4934 1766 5007 dignis
1785 4932 2006 4988 adibus:
2029 4943 2215 4989 contra

627 5000 1026 5075 veroplerique
1066 5000 1233 5069 mss.,
1253 5006 1422 5075 dignis
1452 5000 1676 5062 sedibus:

702 5080 726 5105 ο
754 5070 883 5147 lia-c
905 5073 1091 5128 ultima
1115 5089 1242 5144 pars
1263 5070 1331 5130 ab
1358 5076 1519 5146 hujus
1544 5077 1789 5147 epistolae
1814 5089 2045 5146 corpore
2065 5074 2217 5147 avule

627 5154 719 5207 sa,
754 5142 894 5198 inter
920 5142 1200 5200 sermones
1228 5148 1279 5201 in
1310 5142 1562 5204 omnibus
1578 5142 1723 5203 'edit.
1755 5142 2090 5214 collocatur,
2119 5146 2216 5202 sed

625 5227 796 5286 quam
817 5215 1031 5285 inepte,
1063 5232 1229 5286 penes
1257 5219 1515 5273 lectorem
1547 5230 1667 5274 esto
1691 5218 1976 5286 judicium.

702 5282 719 5320 ί
751 5283 878 5340 Mss.
909 5282 1020 5362 non
1063 5282 1254 5357 pauci,
1287 5292 1478 5362 referre
1507 5306 1610 5344 rion
1639 5282 1876 5360 possunt.
1907 5289 2018 5362 Nec
2054 5289 2217 5358 plane

629 5354 746 5432 sine
775 5369 935 5412 sensu
964 5354 1178 5432 aliq'uo;
1207 5354 1387 5432 potest
1429 5363 1576 5416 enim
1606 5354 1802 5432 referre
1824 5359 1967 5414 sumi
2002 5354 2099 5432 pro
2123 5374 2220 5432 ex;-

625 5428 888 5502 primere.
913 5443 978 5482 ac
1004 5428 1524 5502 taletnvolttplatem
1544 5473 1559 5499 ,
1586 5428 1800 5502 qualem
1829 5431 2114 5486 Catholicis
2140 5429 2218 5485 af-

625 5496 835 5572 ferebat
864 5514 927 5555 ea
957 5500 1308 5567 solemnitas,
1327 5496 1520 5557 animo
1547 5496 1856 5572 percipere.

695 5580 720 5616 ις
749 5571 824 5626 Ita
855 5585 1020 5636 mss.,
1050 5581 1105 5627 at
1131 5573 1262 5629 edit.
1292 5575 1435 5629 inter
1477 5584 1535 5628 ut
1557 5571 1632 5628 et
1673 5571 1766 5628 nos
1804 5574 2054 5627 inserunt
2099 5579 2216 5626 ante

622 5650 842 5696 remotis.

695 5659 902 5786 $735.3"
940 5710 1180 5786 θὲίίιιιοιε
1222 5729 1342 5786 uoce
1383 5715 1669 5786 prodantur
1756 5712 1987 5786 aliorum
2033 5721 2214 5786 autem

630 5778 848 5846 nitidam
871 5778 1182 5846 probantur;
1208 5783 1296 5838 ειη
1314 5821 1328 5846 ,
1351 5778 1415 5838 ac
1437 5788 1592 5848 εαζι..
1616 5778 1911 5846 itiobentur.
1938 5783 2005 5838 Et
2027 5779 2214 5838 rtirstti

2325 3297 2344 3365 ί,
2362 3296 2535 3353 Notus
2569 3297 2732 3352 homo
2759 3306 2872 3361 est,
2901 3295 3132 3366 publicis
3159 3295 3328 3366 879
3355 3308 3478 3349 cum
3521 3293 3740 3349 valeret
3769 3308 3918 3346 man—

2318 3392 2528 3460 cipatus
2557 3389 2866 3460 obsequiis,
2898 3388 3135 3445 Severus
3166 3386 3389 3442 nomine
3409 3428 3424 3453 ,
3460 3385 3644 3440 lanius
3679 3385 3917 3439 ministe-

2317 3484 2421 3538 rio.
2456 3483 2796 3553 Deposuerat
2823 3479 3096 3546 ofﬁcium,
3131 3488 3415 3551 postquam
3453 3477 3728 3534 inciderat
3753 3479 3915 3546 impe-

2317 3574 2639 3631 dimentum.
2673 3573 2844 3630 Vocat
2868 3574 2936 3629 ad
2968 3572 3336 3630 testimonium
3367 3565 3620 3626 homines
3644 3613 3661 3637 ,
3687 3585 3915 3643 quorum

2317 3678 2446 3724 ante
2475 3667 2883 3724 sustentabatur
2923 3665 3238 3736 obsequiis:
3261 3678 3357 3720 eos
3392 3663 3600 3718 indices
3649 3677 3769 3719 suae
3796 3661 3916 3716 visi-

2318 3760 2539 3816 tationis
2588 3759 2868 3825 arcessit,
2906 3772 3044 3829 quos
3075 3757 3310 3812 habebat
3359 3765 3526 3810 testes
3569 3764 3628 3810 et
3680 3755 3914 3811 arbitros

2315 3853 2596 3909 cmcitatis.
2635 3851 2846 3908 Clamat
2873 3853 3000 3922 quia
3035 3858 3093 3905 ut
3115 3848 3343 3920 contigit
3369 3847 3644 3903 ﬁmbriam
3676 3847 3746 3904 de
3776 3856 3914 3902 veste

2319 4013 2410 4066 ubi
2440 4029 2632 4068 (nones
2661 4013 2792 4069 edit.
2821 4021 2878 4068 et
2905 4027 3036 4068 mss.
3064 4011 3330 4075 notmulli,
3355 4009 3594 4065 remediis
3627 4026 3913 4071 cercurum;

2320 4084 2411 4138 alii
2455 4085 2654 4151 partim
2703 4085 2941 4140 remediis
2987 4095 3322 4149 sanctorum,
3366 4080 3563 4152 partim
3610 4091 3910 4136 sanctorum

2319 4155 2617 4226 prteferunt
2657 4174 2669 4208 :
2699 4155 2842 4224 quod
2874 4157 3045 4226 magis
3072 4155 3266 4226 placet.

2397 4224 2413 4261 ί
2446 4225 2593 4281 Nihil
2631 4228 2736 4280 hoc
2780 4224 3043 4281 miraculo
3067 4224 3268 4282 certius
3299 4234 3393 4281 aut
3421 4224 3592 4296 magis
3620 4233 3876 4296 testatum
3901 4264 3914 4284 ,

2323 4310 2432 4351 non
2461 4297 2625 4352 modo
2651 4309 2875 4367 propter
2911 4299 3286 4367 gravissimam
3317 4295 3592 4351 Ambrosii
3620 4295 3917 4351 auctorita-

2323 4377 2431 4422 tem
2458 4410 2471 4434 ,
2505 4379 2561 4423 et
2587 4368 2840 4437 adjuncta
2873 4369 3022 4423 illius
3073 4367 3344 4424 universis
3372 4367 3912 4429 mediolanensibus,

2243 4461 2298 4523 Ι)
2323 4453 2461 4508 quos
2489 4439 2884 4523 alloquebatur
2897 4439 2985 4494 hic
3010 4438 3153 4523 idem
3183 4439 3378 4522 praesul
3396 4439 3882 4523 ncontpertissima
3899 4452 3914 4523 ξ

2321 4507 2510 4565 verum
2540 4513 2702 4565 etiam
2735 4519 2955 4578 pr0pter
2995 4507 3282 4581 Augustini
3313 4509 3585 4581 oculatum
3606 4551 3620 4575 ,
3650 4511 3729 4581 sit
3758 4507 3918 4562 verbo

2320 4582 2498 4648 venia,
2527 4582 2917 4648 testimonium,
2945 4579 3205 4651 quod'lib.
3237 4595 3348 4636 χχιι
3369 4580 3618 4651 deCivit.
3642 4579 3768 4651 Dei,
3797 4594 3916 4649 cap.

2322 4653 2376 4722 8.
2407 4662 2461 4706 et
2487 4653 2798 4722 expressius
2814 4649 2990 4706 adhuc
3004 4653 3181 4708 Serm.
3208 4653 3262 4708 in
3286 4650 3460 4706 Natali
3484 4661 3645 4722 tnart.
3678 4649 3846 4706 Gerv.
3868 4659 3918 4703 et

2320 4721 2470 4777 Prot.
2501 4721 2682 4789 legere
2710 4733 2812 4778 est.
2843 4723 2988 4778 Idem
3026 4725 3190 4780 etiam
3239 4723 3558 4778 miraculum
3604 4721 3772 4776 simul
3801 4736 3916 4775 cum

2321 4793 2480 4859 aliis,
2510 4811 2631 4864 qua:
2659 4804 3028 4849 memorantur
3056 4795 3109 4849 in
3150 4793 3252 4849 hac
3279 4795 3541 4863 epistola,
3573 4803 3797 4864 narrat,
3831 4792 3917 4860 qui

2321 4863 2572 4936 similiter
2617 4865 2867 4936 oculatus
2919 4867 3075 4920 testis
3124 4881 3246 4920 esse
3291 4865 3510 4936 potuit,
3553 4863 3820 4919 Paulinus
3866 4863 3915 4917 in

2320 4933 2593 4991 Ambrosii
2631 4935 2771 4990 Vita.
2807 4935 2999 4991 Mirum
3043 4936 3205 5006 igitur
3245 4933 3446 4991 tantam
3488 4933 3657 4990 fuisse
3688 4936 3916 4989 Ariano-

2321 5021 2440 5060 rum
2489 5007 2847 5076 pervicaciam
2873 5047 2888 5070 ,
2927 5017 2991 5061 ut
3032 5005 3294 5062 miracula
3337 5014 3446 5061 tam
3496 5005 3775 5060 evidentia
3822 5020 3914 5074 pro

2320 5078 2738 5142 commentitiis,
2768 5079 2935 5132 immo
2963 5077 3156 5145 etiam,
3182 5089 3268 5146 ut,
3287 5077 3541 5132 Paulinus
3569 5086 3766 5131 auctor
3802 5085 3910 5138 est,

2322 5148 2500 5214 pretio
2545 5149 2812 5202 simulatis
2848 5149 3154 5204 habuerint.
3190 5149 3572 5204 Verumtamen
3600 5162 3669 5200 ex
3721 5146 3905 5201 iisdem

2320 5219 2622 5289 Augustino
2652 5229 2814 5289 atque
2839 5219 3067 5274 Paulino
3087 5220 3467 5288 cognoscimus
3494 5218 3780 5288 perﬁdiam
3805 5217 3905 5270 ha:-

2320 5292 2616 5362 reticorum
2646 5305 2707 5345 ea
2757 5291 3047 5362 Martyrum
3093 5291 3682 5362 manifestationetsitt
3732 5289 3902 5362 minus

2320 5360 2583 5426 fractam,
2615 5363 2809 5416 saltem
2841 5357 3173 5417 debilitatam
3223 5361 3391 5415 fuisse
3416 5401 3430 5423 ,
3467 5375 3531 5413 ac
3574 5357 3903 5414 deferbuisse

2321 5433 2777 5505 persecutionem.
2811 5432 2881 5488 Et
2924 5433 3069 5505 hinc
3089 5445 3219 5487 sane
3249 5433 3420 5505 magis
3451 5431 3720 5505 miramur
3766 5429 3899 5505 inter

2321 5503 2493 5557 nostri
2547 5505 2807 5572 temporis
2849 5503 3241 5564 heterodoxos,
3277 5504 3370 5572 qui
3413 5501 3503 5555 vix
3548 5503 3809 5572 majorem
3849 5501 3898 5548 in

2320 5572 2492 5628 alium
2524 5571 2690 5628 ullum
2749 5590 2781 5629 e
2816 5575 3095 5644 Patribus,
3123 5589 3285 5644 quam
3317 5573 3371 5627 in
3400 5571 3765 5644 Ambrosium
3808 5581 3894 5621 no-

2321 5653 2491 5717 Strum
2523 5645 2930 5702 venerationem
2956 5660 3067 5717 pra:
3094 5643 3373 5717 scierunt,
3397 5643 3677 5717 inventum
3703 5649 3892 5717 tamen.

2321 5715 2693 5788 qtti‘ve’terem
2741 5711 3064 5788 Arianorum
3089 5715 3449 5788 calumniam,
3477 5713 3606 5770 licet
3641 5711 3745 5768 sub
3785 5711 3893 5775 qui:

2322 5781 2546 5842 lins'dam
2577 5786 2927 5842 dieteriorum
2960 5781 3281 5847 involucris;
3312 5787 3620 5838 renovaret.-
