4040 6166
149 226 267 282 mss

1331 223 1821 284 EPISTULARUM
1859 222 2140 284 CLASSIS
2177 225 2216 282 1.

3295 228 3433 284 1οὶ6

142 355 422 417 martyrum
443 383 457 408 ,
485 356 598 414 qua
623 353 792 398 sacra:
823 339 1068 412 reliquiae
1094 341 1430 410 vestiuntur,
1459 343 1726 400 redditum
1754 346 1805 407 Λ
1833 353 1938 399 tus.
1987 343 2142 411 Quod
2173 341 2411 412 nequitia
2445 341 2767 414 supprimit,
2813 350 3100 414 extorquet
3146 342 3172 382 δ
3217 343 3433 416 injuria.

143 440 233 495 sibi
261 439 441 493 lumen
473 437 572 492 sil.

212 529 291 585 18.
334 529 533 584 Nonne
561 529 741 585 simile
791 529 935 586 istud
985 537 1090 596 est,
1137 537 1296 601 atque
1346 529 1479 586 illud
1505 531 1648 601 quod
1685 531 1739 586 in

145 621 427 691 Evangelia
457 620 744 692 legimus?
792 619 966 678 Unius
992 621 1138 677 enim
1203 622 1499 690 potentiam
1552 621 1741 677 lauda-

144 727 253 769 mus
275 711 526 766 auctoris
551 734 567 766 :
597 726 698 767 nec
745 712 975 768 interest
1021 721 1202 767 utrum
1228 726 1366 783 opus
1403 712 1499 778 sit,
1525 726 1594 767 an
1623 728 1739 767 niu-

145 823 266 873 nus;
293 822 417 863 cum
441 817 501 863 et
528 815 846 863 muneretur
870 806 924 862 in
951 821 1143 877 opere,
1171 816 1225 862 et
1252 814 1512 877 operetur
1533 807 1587 862 in
1617 822 1737 862 mu-

145 916 279 957 nere.
318 898 478 969 Quod
501 899 651 955 enim
675 899 798 954 aliis
829 898 1134 954 faciendum
1182 899 1504 968 donaverit,
1552 898 1657 955 hoc
1684 899 1738 955 in

144 995 359 1049 aliorum
407 1008 586 1064 opere
627 1009 826 1050 nomen
859 994 978 1064 ejus
1017 1005 1294 1066 operatur.
1330 995 1581 1067 Legimus
1611 1009 1742 1066 ergo

145 1086 188 1140 in
212 1085 518 1156 Evangelia
540 1085 782 1152 Judaeas,
811 1101 935 1142 cum
966 1086 1214 1144 viderent
1264 1089 1318 1143 in
1346 1088 1441 1143 illa
1483 1103 1632 1145 caeca
1659 1103 1744 1143 sa-

145 1181 317 1235 nitatis
345 1181 681 1248 remedium,
708 1181 1005 1252 requisisse
1033 1190 1320 1252 parentum
1346 1181 1738 1238 testimonium.

143 1272 546 1345 interrogabant
587 1274 920 1343 :Quomoda
967 1274 1110 1330 videt
1157 1275 1298 1330 ﬁlius
1325 1275 1554 1331 vester?
1605 1276 1740 1332 Cum

145 1365 226 1420 ille
254 1364 462 1421 diceret
487 1383 503 1420 :
541 1366 721 1421 Cacus
749 1383 864 1421 cum
895 1383 1075 1435 essem,
1105 1368 1257 1422 modo
1287 1367 1434 1422 video
1465 1365 1657 1438 (Joan.
1685 1382 1741 1433 v,

145 1456 262 1525 55).
292 1455 407 1512 liae
431 1466 492 1512 et
523 1456 628 1512 iste
659 1456 792 1512 dicit
818 1475 832 1512 :
873 1455 1062 1514 C:ecus
1093 1457 1192 1524 lui,
1220 1467 1274 1513 et
1323 1457 1486 1514 modo
1539 1457 1697 1514 video
1725 1475 1738 1511 :

149 1548 472 1620 lnterrogate
502 1549 668 1618 alios,
701 1551 746 1605 si
773 1550 904 1606 mihi
932 1566 1038 1607 non
1089 1551 1358 1617 creditis;
1409 1551 1742 1624 interrogate

152 1649 426 1697 extraneos
452 1683 471 1710 ,
533 1657 604 1698 ne
628 1643 907 1714 astipulari
932 1643 1060 1698 mihi
1091 1652 1345 1713 parentes
1376 1643 1599 1714 putetis.
1633 1643 1740 1699 De-

151 1735 441 1791 testabilior
469 1737 708 1792 istorum
743 1752 904 1804 quam
946 1737 1256 1793 Judicorum
1310 1737 1628 1808 pertinacia.
1663 1737 1745 1794 Illi

148 1840 254 1880 cum
282 1827 630 1892 dubitarent,
667 1829 750 1885 vel
780 1837 1031 1900 parentes
1060 1830 1470 1902 interrogabant
1494 1847 1508 1885 :
1537 1831 1625 1886 isti
1652 1845 1745 1887 oc-

149 1920 276 1976 culte
314 1923 686 1994 interrogant,
715 1923 896 1994 palam
924 1933 1120 1996 negant
1145 1942 1160 1992 ;
1186 1924 1299 1998 jam
1325 1939 1432 1981 non
1484 1925 1636 1997 operi
1664 1924 1746 1981 in-

149 2013 356 2078 creduli,
385 2015 488 2070 sed
530 2015 768 2072 auctori.

212 2108 272 2164 l9
291 2119 338 2163 et
364 2110 458 2165 20.
474 2110 591 2168 Sed
607 2126 793 2181 qurere
814 2112 940 2184 quid
961 2127 1067 2168 non
1083 2112 1331 2182 credant,
1353 2123 1532 2170 utrum
1547 2131 1576 2170 a
1605 2129 1747 2170 mar-

155 2201 340 2270 tyribus
382 2203 608 2272 possint
631 2203 796 2274 aliqui
847 2205 1102 2260 visitari?
1131 2206 1243 2262 lloc
1273 2215 1359 2261 est
1389 2205 1612 2262 Christo
1639 2222 1745 2263 non

155 2293 386 2362 credere;
444 2296 574 2366 ipse
621 2297 765 2352 enim
813 2296 984 2352 dixit:
1021 2298 1088 2353 Et
1139 2298 1345 2368 majora
1404 2298 1486 2354 his
1535 2298 1750 2354 facietis

157 2385 338 2454 (loan.
372 2406 489 2459 xiv,
559 2389 686 2462 12).
733 2392 816 2446 An
858 2393 927 2448 ab
970 2391 1091 2449 istis
1136 2391 1488 2464 martyribus,
1514 2407 1747 2463 quorum

159 2482 328 2536 merita
356 2483 471 2553 jam
509 2483 716 2539 dudum
745 2485 950 2557 vigent,
981 2501 1212 2556 corpora
1263 2485 1466 2541 dudum
1528 2493 1750 2556 reperta

157 2577 298 2627 sunt?
321 2575 530 2644 Quaero
559 2577 646 2633 hic
671 2589 852 2634 utrum
885 2579 1039 2645 mihi,
1071 2595 1140 2634 an
1167 2580 1376 2635 sanctis
1421 2581 1751 2652 martyribus

161 2663 449 2724 invideant?
506 2671 565 2725 Si
605 2669 756 2735 mihi,
804 2671 1063 2743 numquid
1114 2687 1142 2726 a
1185 2687 1272 2728 me
1298 2672 1494 2743 aliqua:
1516 2674 1748 2730 virtutes

163 2757 316 2814 ﬁunt?
339 2762 611 2835 numquid
641 2777 762 2820 meo
787 2779 975 2834 apere,
1003 2780 1124 2821 meo
1151 2766 1415 2822 nomine?
1449 2764 1560 2820 Cur
1583 2765 1749 2838 igitur

165 2851 278 2906 mihi
305 2854 578 2923 invident,
609 2855 755 2926 quod
798 2873 978 2913 meum
1024 2874 1131 2913 non
1164 2860 1286 2914 est?
1331 2859 1388 2915 Si
1416 2859 1746 2932 martyribus

167 2941 355 3010 (restat
375 2951 531 3004 enim
562 2948 691 3005 utsi
748 2949 881 3004 mihi
930 2965 1036 3006 non
1087 2951 1363 3019 invident,
1419 2954 1752 3026 martyribus

168 3035 388 3098 invidere
414 3042 770 3115 videantur),
800 3044 1089 3101 ostendunt
1133 3046 1362 3103 alterius
1417 3047 1540 3103 ﬁdei
1583 3049 1752 3106 luisse

168 3142 431 3206 martyres,
473 3152 642 3209 quam
675 3137 775 3208 ipsi
804 3138 1053 3195 credunt.
1084 3139 1269 3210 Neque
1293 3141 1439 3195 enim
1465 3141 1626 3197 aliter
1652 3156 1744 3198 eo-
1771 3122 1816 3185 C

167 3236 266 3281 runt
310 3231 570 3300 operibus
629 3231 973 3298 inviderent;
1032 3234 1133 3290 nisi
1185 3233 1344 3288 ﬁdem
1375 3234 1428 3290 in
1463 3235 1547 3290 his
1576 3235 1742 3292 fuisse

168 3329 289 3386 eam,
317 3338 478 3392 quam
513 3323 602 3378 isti
631 3339 738 3380 non
765 3325 990 3392 habent,
1025 3325 1356 3396 judicarent.
1385 3327 1571 3383 Fidem
1595 3328 1741 3384 illam

170 3411 408 3481 majorum
440 3415 741 3473 traditione
768 3417 1057 3485 ﬁrmatam,
1113 3434 1272 3490 quam
1317 3419 1594 3478 diemones
1642 3421 1742 3492 ipsi

169 3515 344 3573 negare
373 3526 485 3566 non
517 3521 778 3580 possunt;
817 3511 912 3568 sed
940 3511 1126 3567 Ariani
1161 3523 1383 3584 negant.

228 3598 308 3654 2t.
349 3604 678 3660 Andivimus
711 3603 873 3660 ltodie
897 3605 1141 3662 dicentes
1169 3622 1288 3676 eos,
1333 3609 1532 3680 quibus
1554 3624 1745 3666 manus

168 3684 558 3764 imponebatur,
608 3697 878 3768 neminem
928 3713 1090 3769 posse
1118 3711 1140 3737 ο
1175 3715 1296 3756 esse
1346 3703 1597 3769 salvum,
1643 3702 1746 3756 nisi

165 3782 242 3850 qui
270 3784 318 3840 in
341 3787 570 3844 Palrem
617 3799 672 3844 et
702 3789 897 3845 Filium
928 3800 984 3847 et
1031 3791 1292 3861 Spiritum
1341 3803 1583 3849 sanctum
1630 3809 1748 3850 cre-

167 3870 405 3936 didisset:
452 3882 602 3936 illum
634 3891 928 3950 mortuum,
961 3883 1115 3940 illum
1145 3885 1450 3950 funereum,
1507 3886 1598 3956 qui
1619 3885 1740 3954 Spi-

170 3966 313 4028 ritum
344 3985 601 4032 sanctum
633 3985 892 4048 negaret,
925 3977 1015 4048 qui
1070 3977 1356 4032 Trinitatis
1403 3978 1748 4048 omnipoten-

172 4063 264 4116 tem
293 4065 553 4124 virtutem
587 4082 693 4123 non
714 4067 985 4125 crederet.
1018 4067 1321 4124 Canﬁtetur
1351 4068 1455 4124 hac
1475 4069 1748 4134 diabolus,

174 4153 255 4208 sed
279 4157 469 4216 Ariani
499 4160 691 4215 nolunt
715 4159 895 4217 fateri.
927 4160 1324 4218 Dicitdiabolus
1350 4180 1363 4215 :
1393 4163 1485 4218 Sic
1508 4171 1753 4234 torquea-

177 4248 268 4310 tur,
303 4252 476 4324 880
499 4251 958 4322 quemadmodum
987 4253 1104 4325 ipse
1129 4269 1159 4308 a
1179 4253 1508 4327 martyribus
1537 4265 1752 4327 torque-

177 4333 337 4409 batur,
362 4350 458 4419 qui
489 4347 725 4418 Spiritus
752 4347 925 4402 sancti
954 4347 1210 4405 deitatem
1245 4360 1487 4420 negaret.

237 4435 319 4490 22.
359 4439 480 4494 Non
509 4439 718 4509 accipio
743 4453 772 4493 a
803 4439 1024 4495 diabolo
1056 4442 1462 4512 testimonium,
1502 4443 1596 4500 sed
1625 4459 1755 4500 con-

1840 437 1996 493 Cedit
2018 436 2267 491 diabolus
2292 436 2482 507 plagis,
2511 445 2568 492 et
2587 437 2764 492 adhuc
2791 437 2988 493 cedere
3006 438 3258 493 nesciunt
3287 437 3440 493 Aria-

1841 529 1915 583 ni.
1943 512 2152 597 Quanta
2182 529 2427 599 perpessi
2456 538 2604 595 sunt,
2629 539 2683 585 et
2708 529 3164 601 quemadmodum
3195 529 3432 595 Pharao,

1841 619 1998 674 malis
2023 619 2136 675 suis
2162 619 2522 675 indurantur?
2546 621 2769 678 Dicebat
2791 620 3066 684 diabolus,
3095 628 3154 675 nt
3174 621 3436 688 scriptum

1841 712 2069 784 legimus
2095 731 2109 766 :
2143 713 2267 768 Scio
2295 722 2344 768 te
2363 713 2477 786 quis
2510 714 2604 781 sis,
2635 724 2688 769 tu
2710 731 2762 770 es
2790 713 2960 769 Filius
2987 713 3084 769 Dii
3113 716 3212 769 vivi
3239 714 3434 786 (Marc.

1841 821 1888 872 I,
1921 805 1993 860 24
2026 805 2068 877 ).
2121 803 2385 861 Dicebant
2431 805 2602 862 Judaei
2629 823 2640 859 :
2677 806 2956 862 Nescimus
3005 808 3121 878 quis
3147 809 3214 862 sit
3241 807 3438 878 (Joan.

1841 915 1917 967 is,
1948 897 2019 954 29
2045 897 2086 968 ).
2119 898 2384 956 Dicebant
2413 900 2574 956 hodie
2604 909 2660 956 et
2683 901 2966 971 superiore
3013 901 3102 957 die
3151 901 3236 956 vel
3282 909 3440 956 nocte

1842 990 2118 1047 daemones
2147 1008 2161 1046 :
2187 990 2401 1047 Scimus
2447 993 2572 1064 quia
2617 1002 2885 1064 martyres
2927 992 3078 1047 estis.
3137 991 3207 1046 Et
3251 989 3439 1047 Ariani

1843 1083 2072 1140 dicunt:
2105 1083 2430 1151 Nescimus,
2487 1087 2738 1142 nolumus
2806 1086 3129 1159 intelligere,
3185 1086 3439 1142 nolumus

1843 1178 2091 1235 credere.
2120 1179 2318 1236 Dicunt
2347 1181 2623 1237 daemones
2651 1181 2978 1254 martyribus
3009 1199 3022 1235 :
3061 1179 3293 1237 Venistis
3314 1194 3442 1252 per-

1843 1269 1974 1326 dere
2005 1285 2133 1338 nos;
2168 1273 2353 1328 Ariani
2378 1272 2602 1329 dicunt:
2632 1273 2752 1329 Non
2785 1282 2912 1328 sunt
2959 1272 3270 1328 dtnmanum
3301 1265 3434 1328 vera

1849 1373 2156 1430 tormenta,
2209 1379 2302 1421 sec
2354 1366 2474 1422 ﬁcta
2525 1377 2581 1423 et
2610 1366 2912 1437 composita
2940 1366 3196 1424 ludibria.
3245 1365 3440 1422 Audivi

1845 1457 2012 1512 multa
2041 1459 2318 1530 componi,
2355 1460 2456 1516 hac
2483 1476 2642 1516 nemo
2685 1476 2937 1533 umquam
2991 1460 3195 1533 ﬁngere
3224 1460 3401 1532 potuit
3427 1500 3443 1527 ,

1851 1560 1872 1587 ε
1899 1561 1955 1604 ιιι
1979 1549 2284 1606 daemonem
2312 1565 2372 1609 se
2420 1568 2541 1608 esse
2579 1554 2880 1610 simularet.
2933 1553 3075 1623 Quid
3107 1553 3270 1621 illud,
3295 1553 3440 1623 quod

1845 1641 1917 1697 ita
1945 1645 2206 1715 exagitari
2235 1659 2330 1701 eos
2359 1646 2628 1712 videmus,
2658 1647 2856 1717 quibus
2882 1662 3075 1702 manus
3105 1646 3439 1717 imponitur?

1777 1721 1822 1782 Β
1853 1733 1954 1790 Ubi
1985 1735 2073 1790 hic
2104 1737 2254 1792 locus
2279 1737 2450 1792 fraudi
2473 1738 2600 1794 est?
2638 1737 2728 1793 ubi
2761 1739 3001 1809 suspicio
3029 1738 3369 1794 simulandi?

1919 1830 2011 1884 23.
2051 1829 2158 1886 Sed
2186 1846 2292 1887 non
2319 1847 2420 1904 ego
2444 1832 2512 1888 ad
2543 1832 2859 1904 snll‘ragium
2899 1841 3195 1905 martyrum
3240 1847 3446 1905 usurpo

1847 1937 2039 1979 vocent
2095 1925 2512 1982 daemoniorum.
2562 1926 2852 1983 Beneﬁciis
2905 1927 3021 1982 suis
3070 1942 3223 1982 sacra
3271 1926 3450 1997 passio

1849 2017 2252 2086 comprobatur.
2305 2017 2482 2072 Habet
2533 2016 2782 2086 judices,
2831 2017 2925 2072 sed
2952 2027 3251 2088 purgatos:
3285 2016 3452 2072 habet

1851 2116 2044 2174 testes,
2070 2108 2165 2164 sed
2191 2108 2497 2164 absolutos.
2524 2108 2714 2164 Melior
2751 2125 2854 2164 vox
2885 2119 3006 2176 est,
3055 2125 3214 2180 quam
3247 2109 3452 2165 sanitas

1849 2199 2086 2272 loquitur
2115 2215 2328 2266 eorum,
2359 2201 2448 2270 qui
2478 2199 2685 2256 debiles
2711 2201 3051 2256 advenerunt
3079 2219 3090 2253 :
3126 2201 3320 2256 melior
3348 2217 3452 2258 vox

1851 2301 1957 2359 est,
1999 2307 2159 2362 quam
2193 2291 2413 2362 sanguis
2438 2291 2678 2355 emittit;
2731 2291 2893 2347 habet
2937 2292 3080 2346 enim
3113 2291 3332 2361 sanguis
3356 2306 3454 2347 v0-

1850 2400 1968 2442 cem
1997 2399 2272 2449 canoram,
2307 2399 2428 2456 qua:
2448 2383 2515 2438 de
2542 2383 2704 2439 terris
2730 2383 2797 2438 ad
2820 2383 3018 2440 etelum
3049 2383 3317 2455 pervenit.
3348 2382 3452 2440 Le-

1848 2477 2004 2548 gislis
2032 2477 2246 2532 dicente
2280 2475 2388 2532 Deo
2418 2493 2431 2528 :
2460 2474 2694 2546 Sanguis
2724 2476 2906 2546 fratris
2939 2477 3012 2528 tui
3041 2476 3229 2530 clamat
3276 2475 3346 2529 ad
3370 2490 3451 2529 me

1851 2568 2022 2637 (Gen.
2062 2584 2139 2636 tv,
2176 2567 2305 2641 l0).
2337 2568 2404 2624 Et
2437 2568 2525 2623 hic
2553 2567 2774 2639 sanguis
2814 2568 3014 2623 clamat
3059 2568 3264 2625 caloris
3316 2569 3455 2625 indi-

1851 2661 1937 2718 cia
1963 2680 1976 2715 :
2002 2663 2224 2732 sanguis
2262 2663 2461 2719 clamat
2499 2663 2840 2733 operationis
2891 2663 3166 2734 praeconia
3190 2681 3203 2717 :
3230 2663 3453 2735 sanguis

1851 2755 2048 2811 clamat
2076 2756 2344 2825 passionis
2390 2756 2688 2828 triumpho.
2719 2754 2746 2793 ἀ
2777 2756 3124 2813 Satisfaclum
3167 2766 3252 2813 est
3310 2756 3450 2828 peti-

1854 2847 1985 2903 tioni
2021 2857 2248 2913 vestrm,
2279 2855 2339 2903 ut
2365 2847 2677 2905 condendas
2711 2847 2971 2907 hesterna
3023 2849 3078 2904 in
3125 2847 3452 2905 hodiernum

1853 2939 1995 2995 diem
2020 2939 2361 2997 differretnus
2381 2941 2657 3011 reliquias.

2341 3087 2362 3113 ο
2404 3077 2739 3134 EPISTOLA
2778 3075 2969 3134 XXIII.

1848 3188 2144 3260 Deﬁniendi
2172 3191 2468 3262 p'asc/talem
2491 3191 2626 3247 diem
2641 3193 2942 3262 difﬁcultate
2970 3210 3031 3248 ac
3055 3194 3211 3250 simul
3237 3193 3458 3251 necessi-

1921 3293 2024 3338 tate
2049 3287 2365 3356 pr0positis,
2399 3287 2594 3341 licitam
2621 3304 2731 3342 esse
2779 3289 2980 3344 dierum
3025 3289 3460 3356 obseruationem,

1922 3376 2045 3429 dum
2083 3379 2380 3446 superstitio
2418 3379 2581 3446 absit,
2628 3380 2845 3449 probat,
2887 3397 3136 3452 suumque
3183 3382 3458 3438 consilium

1925 3473 2108 3544 aperit.
2141 3473 2223 3526 Ad
2251 3475 2348 3528 hoc
2386 3491 2623 3544 quaenam
2667 3476 3062 3541 consideranda,
3094 3493 3258 3546 quove
3306 3486 3461 3547 pacto

1921 3564 2241 3619 observanda
2272 3563 2423 3620 Lex?
2458 3565 2586 3619 Post
2613 3581 2728 3635 qua:
2752 3567 2887 3621 diem
2925 3567 3182 3636 passionis
3223 3583 3284 3620 ac
3324 3567 3463 3622 diem

1921 3658 2310 3712 resurrectionis
2354 3659 2748 3731 distinguendos
2795 3673 2905 3712 esse
2938 3659 3024 3710 ubi
3050 3659 3420 3712 demonstravit
3443 3699 3460 3726 ,

1923 3750 2345 3818 difﬁcultatesque
2370 3748 2520 3802 diluit
2545 3749 2783 3820 exemplo
2802 3757 3088 3818 temporum
3109 3747 3463 3816 superiorum;

1924 3843 1993 3895 ad
2017 3843 2239 3896 litteram
2285 3856 2378 3894 nos
2406 3857 2506 3895 non
2545 3840 2706 3894 teneri
2743 3839 2975 3894 declarat
3007 3854 3025 3892 :
3053 3847 3098 3894 et
3151 3839 3463 3907 conﬁrmata

1925 3945 2030 3990 tota
2057 3935 2424 4008 disputatione,
2457 3935 2668 3989 virtutes
2697 3933 3017 3988 celebranda:
3043 3932 3251 4004 pascha:
3286 3949 3462 3990 neces-

1926 4030 2092 4084 sarias
2117 4028 2434 4100 perstringit.

1857 4144 2101 4200 Dominis
2131 4141 2393 4198 fratribus
2423 4140 2794 4197 dilectissimis
2830 4139 3106 4211 episcOpis
3160 4156 3258 4212 per
3291 4140 3468 4200 (Emi-

1932 4239 2064 4294 liam
2088 4236 2404 4294 constitutis
2445 4236 2762 4293 Ambrosius
2788 4236 3098 4307 episcopus.

1937 4355 1984 4408 l.
2028 4352 2146 4409 Non
2189 4351 2480 4408 mediocris
2509 4366 2632 4407 esse
2663 4350 2945 4422 sapientiae
2983 4349 3129 4407 diem
3171 4349 3465 4407 celebrita-

1860 4447 1932 4502 tis
1960 4445 2187 4502 deﬁnire
2219 4444 2491 4517 paschalis
2511 4453 2567 4501 et
2589 4445 2870 4515 Scriptura
2888 4443 3068 4500 divina
3093 4458 3195 4500 nos
3219 4442 3461 4512 instruit,

181 4521 480 4592 lessionem.
507 4532 716 4589 Invitus
736 4533 876 4589 dixit
899 4534 1170 4606 diabolus,
1204 4537 1300 4594 sed
1328 4550 1554 4596 exactus
1573 4550 1627 4596 et
1653 4551 1764 4596 tor-
1786 4523 1843 4584 Ῑ)
1867 4551 1922 4598 et
1945 4542 2163 4599 traditio
2202 4540 2466 4612 majorum
2491 4558 2504 4595 :
2537 4541 2627 4612 qui
2647 4540 3033 4597 convenientes
3061 4536 3078 4575 ί
3109 4537 3176 4593 ad
3197 4537 3468 4608 synodum
3565 4577 3569 4582 ι

243 4675 273 4740 εξ
300 4669 500 4728 Omnes
529 4668 688 4736 edit.,
722 4686 831 4724 esse
857 4672 1078 4740 salvum,
1124 4676 1211 4740 qui
1244 4675 1454 4732 Patrem
1487 4687 1534 4733 et
1561 4675 1612 4732 F
1615 4677 1764 4733 ilium

182 4742 222 4786 et
243 4737 494 4816 Spiritum
511 4751 745 4796 sanctum
773 4754 1002 4816 negaret,
1023 4737 1111 4816 qui
1135 4737 1426 4814 Trinitatis,
1461 4760 1602 4816 etc.;
1630 4767 1762 4805 mss.

183 4818 348 4884 contra
373 4814 524 4869 nullo
541 4822 768 4882 excepta
790 4813 965 4868 locum
987 4813 1298 4884 restituunt,
1325 4830 1383 4875 ut
1414 4813 1466 4876 in
1487 4813 1763 4878 contextu.

221 4877 603 4960 .bﬁxlorquet
627 4877 865 4960 injuria,
929 4887 979 4944 id
1011 4898 1114 4954 est,
1149 4877 1459 4960 cruciatus,
1503 4877 1563 4949 et
1587 4894 1767 4948 dolor.

183 4944 380 5032 Siculib.
415 4972 450 5010 ll
478 4944 548 5032 ile
577 4944 877 5032 Abraham,
904 4971 1025 5032 cap.
1052 4944 1116 5032 78;
1143 4944 1298 5017 num:
1324 4944 1770 5030 Sidoni—etur—in;

178 5022 347 5091 furiis,
378 5027 708 5098 pra,glabore
747 5042 808 5080 ac
839 5022 1154 5086 verberibus.

251 5102 271 5130 ε
315 5096 428 5178 Vel.
459 5096 629 5178 edit”
675 5107 730 5178 u_t
773 5098 1184 5178 dwmoniocum;
1210 5119 1344 5178 mss.
1375 5107 1667 5173 nonnulli,
1718 5117 1772 5162 ut

187 5157 516 5237 dwpronium;
540 5157 631 5221 alii
663 5169 867 5237 plures,
896 5183 948 5230 et
978 5175 1134 5228 liam.
1165 5157 1342 5237 editi,
1377 5157 1771 5232 itit—dimoueri;

249 5230 411 5319 filiave
453 5230 738 5319 translaiio
786 5230 1462 5319 sacrarunt‘reliquiarum
1488 5230 1539 5301 in
1572 5230 1774 5319 Marty;

189 5303 284 5429 :3:-
310 5307 464 5366 Rom.
493 5309 729 5366 refertur
758 5326 852 5366 xm
876 5315 1139 5383 kal.Jul.,
1162 5303 1357 5387 de'qna
1377 5334 1476 5372 nos
1501 5319 1554 5373 in
1585 5303 1775 5374 admir-

268 5394 402 5429 Imm-

227 5389 402 5437 lllOllC.

257 5457 279 5523 ξ
315 5450 521 5523 St-ripta
557 5466 700 5523 attito
739 5451 868 5508 586.

261 5517 277 5552 τ
316 5517 508 5602 Bedani
528 5522 790 5602 aliosque
819 5529 1136 5602 nonnullas,
1167 5531 1258 5602 qui
1290 5546 1398 5589 non
1422 5533 1658 5590 concilio
1685 5532 1777 5589 Ni-

196 5597 360 5676 cfeno,
390 5597 492 5676 sed.
527 5593 764 5676 Eusebia
813 5593 1143 5676 Cresariensi
1181 5593 1657 5676 decemnnvalemi
1685 5619 1782 5676 cy-

196 5657 322 5746 Elim}
347 5657 981 5746 attribuuttl._8aronius
1010 5673 1076 5746 ad
1105 5657 1438 5732 annum3§5
1481 5657 1785 5746 reprehen—

197 5726 269 5785 dit
293 5739 568 5798 Atnbrosia
579 5726 668 5800 ni.
687 5726 909 5809 hujusce
925 5726 1074 5801 “loci?
1085 5726 1444 5812 assimilis-1
1481 5726 1597 5802 cui
1619 5726 1785 5801 nisi.

1874 4679 2128 4752 Dionysii
2169 4678 2359 4752 Exigui
2389 4677 2758 4752 testimonium
2791 4692 2854 4732 ex
2887 4675 3203 4752 prima_ejn_s
3240 4673 3468 4752 epistola

1867 4746 2098 4821 jnngére
2117 4749 2424 4821 ’potuisset.
2477 4749 2865 4821 Verumtamen
2893 4746 3128 4821 erroris
3154 4746 3468 4821 Dionysium

1872 4816 2052 4892 arguit
2108 4816 2457 4892 Eucherius;
2508 4819 2856 4874 Ambrosium
2905 4829 3084 4892 autem
3118 4818 3170 4872 in
3219 4816 3469 4892 haeepi-

1875 4887 2012 4947 stola
2053 4891 2230 4945 minus
2253 4891 2402 4946 clare
2448 4891 2686 4946 loculum
2713 4905 2778 4944 ex
2809 4904 2876 4944 eo
2922 4889 3133 4958 probat,
3164 4887 3304 4956 quod
3334 4887 3471 4942 intra

1874 4962 2140 5017 circulum
2171 4961 2696 5016 enneadecateridas
2729 4977 2835 5014 non
2875 4959 3211 5027 dicitaperte
3265 4958 3474 5012 eonsti-

1879 5043 2077 5100 tututn,
2111 5032 2206 5087 sed
2237 5033 2318 5085 his
2339 5031 2520 5086 verbis
2552 5033 2755 5102 utitur:
2787 5031 2849 5086 Si
2874 5032 2988 5100 quis
3019 5031 3288 5102 diltgcttler
3310 5030 3477 5083 inten-

1884 5105 1995 5169 dat,
2022 5104 2353 5159 statuendum
2375 5113 2639 5174 putarent.
2673 5101 2782 5157 Nos
2808 5103 3026 5174 quidem
3059 5101 3328 5174 Bttcherio
3368 5115 3476 5154 non

1881 5178 2210 5230 assentimur
2237 5176 2289 5230 in
2313 5171 2404 5235 ea,
2436 5176 2579 5243 quod
2613 5181 2673 5228 ut
2702 5171 3047 5228 Ambrosium
3096 5187 3215 5243 quae
3245 5171 3332 5225 hic
3375 5185 3474 5243 su-
3548 5224 3558 5231 ,

1882 5263 1980 5319 per
2010 5247 2238 5319 Pascha;
2266 5241 2639 5319 celebratione
2669 5245 2853 5319 tradit,
2881 5258 2912 5297 a
2940 5242 3239 5319 'l‘heo_pli_ilo
3281 5241 3476 5319 probet

1883 5312 2190 5374 inutnatum
2221 5317 2409 5380 luisse,
2438 5317 2578 5370 hanc
2633 5315 3041 5387 cpistolant‘an.
3073 5313 3170 5387 381
3223 5323 3343 5387 post
3372 5312 3475 5367 Pa-

1884 5391 2038 5454 scha,
2067 5391 2288 5443 secundo
2310 5399 2424 5460 post
2452 5388 2647 5444 editum
2668 5382 2708 5442 ἀ
2735 5385 3024 5460 Theophila
3055 5385 3202 5439 Alex.
3227 5382 3476 5460 Lateren-

1885 5459 1993 5514 lum
2021 5453 2321 5532 paschalem'
2342 5476 2482 5532 anno
2521 5460 2777 5532 scriptam
2830 5453 3103 5532 afﬁrmat;
3155 5470 3276 5532 cum
3319 5453 3476 5532 nobis

1883 5524 2221 5602 probabilius
2269 5530 2515 5588 videatur
2565 5524 2704 5586 hanc
2738 5528 2928 5602 ipsam
2977 5528 3168 5602 eadem
3212 5524 3475 5602 laterculo

1893 5593 2133 5686 paschali
2164 5603 2523 5686 antiquiorem
2549 5616 2690 5684 esse.
2721 5593 2878 5686 Quod
2917 5614 3047 5682 vero
3088 5597 3157 5686 ad
3205 5593 3475 5686 enneade-

1893 5668 2210 5737 cateridem,
2225 5668 2378 5744 cujus
2396 5672 2724 5729 mentionem
2747 5668 2991 5744 aliquam
3023 5671 3077 5726 in
3098 5668 3311 5725 Nicaana
3349 5680 3476 5737 syn-

1897 5745 2000 5800 odo
2033 5744 2226 5800 laetam
2248 5787 2261 5812 ,
2290 5741 2399 5800 non
2434 5753 2594 5816 negat
2613 5744 2843 5818 ipsemet
2864 5741 3195 5808 Bucherius,
3223 5754 3342 5798 eam
3368 5751 3478 5800 non
