4042 6174
634 226 773 286 1027

1967 218 2208 279 ΞΔΝΟΤΙ
2248 216 2572 278 ΔΙΙΒΒΟΞΙΙ

3778 223 3900 281 10ὶὸ

629 344 920 407 Νὶςωιιεηι,
958 345 1096 397 inter
1119 342 1282 413 εει
1315 338 1402 395 illa
1427 338 1549 394 ﬁdei
1572 346 1633 393 ut
1657 353 1806 402 vera,
1839 338 1909 393 ita
1944 338 2213 395 admiran-
2249 340 2302 400 Α
2328 337 2410 394 vel
2456 353 2651 393 cavere
2682 337 2945 406 quosdam
2988 337 3127 404 dies,
3186 338 3642 410 quemadmodum
3674 340 3900 412 plerique

630 437 696 490 da
731 438 968 498 decreta,
1002 433 1164 486 etiam
1196 447 1362 499 super
1390 431 1709 487 celebritate
1740 440 2062 492 memorata,
2092 446 2223 483 con-

628 527 864 596 gregatis
893 523 1235 594 peritissimis
1257 525 1584 588 calculandi,
1609 524 1797 579 decem
1831 533 1884 579 et
1908 537 2101 578 novem
2127 536 2224 575 an-

630 633 822 672 norum
854 617 1123 686 collegere
1144 618 1430 684 rationem,
1455 627 1511 673 et
1538 619 1690 688 quasi
1711 617 1998 688 quemdam
2021 614 2226 671 consti-

630 719 783 764 tuere
807 709 1092 772 circulum,
1136 724 1200 765 ex
1232 724 1339 779 quo
1365 711 1673 779 exemplum
1708 711 1760 763 in
1783 723 1956 763 annos
1987 708 2224 775 reliquos

627 806 964 873 gigneretur.
995 803 1150 858 Hunc
1182 806 1446 860 circulum
1503 805 1987 860 enneadecaterida
2020 818 2225 856 nuncu-

626 905 844 967 parunt,
872 907 1166 967 sequentes
1196 899 1326 952 illud
1347 942 1360 962 ,
1390 900 1532 969 quod
1578 916 1682 953 non
1740 899 2039 954 debeamus
2087 911 2222 950 vana

625 991 856 1059 quadam
886 993 1142 1060 Opinione
1197 1009 1364 1062 super
1402 994 1724 1049 celebritate
1773 991 2080 1062 huiusmodi
2125 991 2227 1046 ﬁu-

627 1091 812 1136 etnare
847 1101 859 1135 :
887 1083 981 1138 sed
1017 1099 1144 1140 vera
1175 1086 1387 1140 ratione
1410 1096 1714 1155 comperta,
1739 1086 1809 1138 ita
1831 1087 2073 1138 omnium
2095 1099 2226 1139 con-

623 1187 806 1228 eurrat
837 1175 1070 1241 aﬁ'cctio,
1097 1186 1122 1214 ει
1157 1185 1214 1232 ιιι
1241 1195 1346 1242 una
1393 1187 1555 1234 nocte
1603 1179 1802 1249 ultique
1836 1177 2164 1233 sacriﬁcium
2197 1175 2223 1215 δ

627 1282 730 1337 pro
762 1269 1164 1324 resurrectione
1208 1271 1423 1325 Domini
1455 1270 1755 1326 deferatur.

696 1358 751 1412 2.
798 1358 1014 1414 Domini
1066 1361 1259 1415 fratres
1315 1361 1679 1426 dilectissimi,
1712 1377 1780 1418 eo
1812 1379 1982 1433 usque
2024 1379 2051 1417 a
2093 1378 2222 1417 vero

628 1469 726 1507 nos
748 1453 970 1510 deviare
1009 1471 1116 1509 non
1148 1457 1422 1520 convenit,
1477 1473 1576 1512 nec
1602 1473 1738 1528 vago
1774 1457 1996 1528 ingenio
2017 1457 2226 1512 discre-

630 1561 789 1617 pare,
821 1555 878 1600 ut
917 1545 1164 1615 qnazdam
1206 1549 1504 1602 necessitas
1531 1548 1870 1603 celebritatis
1900 1548 2060 1618 hujus
2109 1564 2228 1604 om-

631 1637 792 1691 nibus
830 1639 904 1692 sit
939 1638 1188 1708 imposita
1222 1639 1566 1703 Christianis;
1599 1641 1818 1709 quando
1861 1641 2078 1711 quidem
2111 1643 2226 1710 ipse

2327 426 2350 464 ι¹
2384 441 2632 497 posteros
2662 428 2780 484 dies
2805 429 2888 482 vel
2912 429 3259 500 Egyptiacos
3281 431 3553 486 declinare
3566 445 3900 489 consuerunt.

2324 521 2487 576 Aliud
2516 538 2645 576 vero
2673 531 2759 576 est
2779 521 3186 584 observantiam
3221 523 3484 594 religiosa:
3517 525 3718 580 mentis
3747 528 3902 582 inlen-

2324 613 2457 668 dere
2489 614 2541 668 in
2568 630 2691 670 eum
2723 615 2887 680 diem,
2911 615 2979 669 de
2998 631 3105 686 quo
3131 622 3390 684 scriptum
3413 627 3497 672 est
3521 635 3534 671 :
3566 616 3669 671 llic
3695 629 3764 675 est
3787 621 3900 685 dies,

2327 724 2476 776 quem
2507 710 2628 778 fecit
2652 707 2905 763 Dominus
2934 709 2953 781 (
2977 708 3125 764 Psal.
3154 726 3324 777 cmi,
3349 709 3420 764 94
3444 715 3482 778 ).
3513 711 3649 765 Nam
3673 713 3770 768 etsi
3797 715 3903 768 scri-

2328 811 2474 867 ptum
2499 801 2570 852 sit
2591 799 2733 868 quod
2764 803 2964 870 pascha
2990 801 3198 856 Domini
3227 801 3636 871 quartodecimo
3662 803 3746 859 die
3766 821 3898 860 men-

2326 895 2401 944 sis
2431 893 2591 962 primi
2614 892 2878 948 celebrari
2907 893 3120 958 debeat,
3156 903 3210 948 et
3237 911 3368 950 vere
3395 896 3898 966 quartamdecimam

2328 985 2511 1039 lunam
2533 985 2600 1039 ad
2645 986 3025 1041 celebrandam
3067 988 3364 1046 Dominiea:
3409 991 3606 1045 seriem
3658 991 3900 1060 passionis

2328 1078 2607 1148 inquirere
2638 1079 2963 1143 debeamus.
2999 1090 3174 1136 tamen
3203 1083 3370 1154 883
3400 1098 3464 1137 ex
3513 1083 3618 1137 hoc
3643 1099 3901 1154 possumus

2327 1173 2664 1244 intelligere,
2693 1174 2840 1244 quod
2863 1174 2926 1230 ad
2955 1175 3264 1245 bnjusmodi
3288 1176 3686 1233 solemnitatem
3715 1181 3788 1232 vel
3813 1179 3900 1232 Ec-

2328 1265 2511 1318 clesia:
2541 1264 2802 1334 perfectio
2825 1307 2839 1331 ,
2867 1266 2953 1320 vel
2983 1266 3144 1322 clarae
3172 1266 3295 1321 ﬁdei
3328 1267 3605 1337 plenitudo
3633 1279 3898 1337 qumratur.

2329 1358 2470 1410 sicut
2500 1357 2646 1411 dixit
2676 1358 2962 1426 prepheta.
2997 1374 3120 1413 cum
3150 1359 3464 1429 loqueretur
3490 1361 3559 1416 de
3607 1360 3739 1415 Filio
3782 1361 3896 1424 Dei,

2328 1450 2454 1518 quia
2481 1449 2625 1503 sedes
2647 1452 2760 1520 ejus
2785 1451 2920 1504 sicut
2945 1451 3025 1505 sol
3049 1452 3103 1504 in
3135 1463 3409 1520 conspectu
3434 1470 3570 1518 meo,
3611 1464 3656 1506 et
3683 1455 3806 1507 sicut
3831 1455 3900 1507 lu-

2331 1557 2399 1594 na
2429 1541 2681 1610 perfecta,
2718 1543 2772 1595 in
2797 1550 3046 1596 aeternum
3067 1543 3288 1598 manebit
3315 1543 3486 1614 (Psal.
3517 1561 3766 1610 uuvm,
3796 1545 3893 1613 58).

2401 1635 2453 1688 5.
2500 1634 2631 1690 Inde
2658 1637 2907 1706 estquod
2939 1647 2990 1692 et
3021 1637 3138 1707 ipse
3171 1638 3446 1703 Dominus,
3481 1654 3604 1694 cum
3661 1653 3812 1708 opera
3850 1639 3894 1692 in

634 1729 896 1784 Dominus
926 1746 1047 1785 eum
1076 1732 1240 1802 elegit
1269 1735 1436 1798 diem,
1465 1750 1572 1804 quo
1626 1734 1835 1790 Pascha
1880 1737 2181 1792 celebraret
2210 1779 2225 1803 ,
2257 1728 2306 1788 Β
2335 1728 2496 1783 leﬂ‘is
2525 1727 2767 1784 miranda
2803 1727 3047 1795 Γεοίεεεῑν
3081 1735 3236 1800 quasi
3259 1731 3372 1799 iam
3410 1730 3628 1786 Ῐυηάεω
3663 1732 3892 1786 humana-

635 1824 726 1892 qui
755 1838 875 1877 cum
903 1825 1263 1879 observantia:
1311 1844 1450 1881 tera:
1501 1828 1711 1884 ratione
1764 1829 2056 1884 concurrit.
2087 1828 2231 1884 Scri-

631 1926 780 1984 ptum
806 1927 891 1971 est
918 1919 1064 1971 enim
1095 1936 1108 1971 :
1138 1917 1289 1972 Venit
1317 1931 1487 1973 autem
1526 1921 1657 1987 dies,
1680 1923 1735 1976 in
1756 1939 1857 1993 qua
1890 1940 2094 1978 necesse
2120 1934 2228 1978 erat

632 2010 840 2064 Pascha
869 2013 1152 2077 immolari,
1182 2024 1229 2066 et
1250 2014 1386 2067 misit
1410 2013 1624 2068 Petrum
1645 2027 1690 2070 et
1709 2015 1983 2082 Joannem,
2009 2017 2182 2071 dicens
2211 2033 2229 2070 :

631 2105 826 2160 Enntes
856 2117 1030 2176 parate
1069 2109 1216 2162 nobis
1264 2108 1454 2177 pascha
1504 2120 1557 2164 ut
1603 2111 1996 2164 manducemus.
2043 2112 2108 2165 At
2151 2113 2231 2166 illi

630 2199 873 2253 dixerunt
906 2216 922 2254 .°
957 2199 1055 2254 Ubi
1094 2203 1166 2255 vis
1195 2204 1479 2273 paremus?
1507 2203 1573 2256 Et
1603 2203 1739 2256 dixit
1785 2205 1858 2258 ad
1895 2205 2014 2259 illos
2044 2221 2062 2258 :
2096 2204 2231 2259 Ecce

627 2293 1006 2346 introeuntibus
1032 2293 1171 2348 vobis
1193 2295 1243 2347 in
1267 2295 1546 2360 civitatem,
1577 2307 1810 2349 occurret
1833 2297 1986 2349 homo
2015 2295 2230 2368 ampho-

626 2401 740 2437 ram
791 2400 940 2454 aquw
986 2396 1198 2452 portans
1228 2403 1246 2438 :
1298 2387 1574 2456 sequimini
1619 2402 1736 2440 eum
1775 2388 1828 2439 in
1887 2387 2119 2452 domum,
2175 2387 2230 2439 in

627 2493 781 2545 quam
809 2480 986 2546 intrat,
1019 2488 1063 2533 et
1090 2480 1270 2533 dicetis
1299 2480 1667 2550 patrifamilias
1716 2497 1734 2534 :
1776 2478 1917 2535 Dicit
1947 2481 2036 2534 tibi
2065 2481 2230 2552 magi-

630 2582 776 2625 ster:
827 2571 926 2626 Ubi
953 2583 1025 2626 est
1052 2573 1414 2639 diversorium,
1463 2576 1548 2627 ubi
1580 2576 1772 2643 pascha
1820 2593 1933 2629 cum
1957 2576 2230 2646 discipulis

629 2666 934 2718 manducem
961 2667 985 2718 7
1013 2665 1038 2718 1
1048 2684 1138 2734 pse
1163 2669 1302 2721 vobis
1325 2677 1551 2722 ostenact
1591 2669 1644 2720 in
1676 2668 2030 2736 superioribus
2061 2669 2227 2722 locum

629 2773 874 2826 magnum
906 2774 923 2810 :
952 2759 1022 2812 ibi
1053 2759 1403 2830 parate(Luc.
1442 2777 1578 2826 χιιι,
1609 2762 1675 2816 10
1705 2773 1752 2816 et
1781 2762 1934 2832 seq).

701 2914 752 2966 5.
797 2911 1149 2968 Advertimus
1179 2915 1340 2985 igitur
1373 2916 1516 2986 quod
1542 2933 1648 2974 non
1675 2917 1740 2972 ad
1757 2930 1971 2975 terrena
2001 2918 2228 2976 descen-

625 3005 777 3069 dere,
811 3008 906 3060 sed
939 3007 988 3059 iu
1040 3009 1420 3077 superioribus
1459 3011 1634 3065 locum
1682 3027 1939 3081 magnum
1996 3023 2222 3070 stratum

2331 1837 2448 1874 rum
2484 1822 2742 1876 mentium
2773 1821 2878 1876 ﬁde
2905 1863 2920 1886 ,
2961 1832 3174 1892 tempus
3201 1824 3472 1892 passionis
3503 1839 3625 1879 esse
3653 1838 3893 1879 memora-

2331 1915 2406 1968 vit
2435 1915 2622 1969 dicens
2647 1933 2659 1969 :
2683 1913 2862 1980 Pater,
2893 1917 3027 1970 venit
3048 1918 3198 1981 liora,
3228 1918 3462 1987 clari/ica
3489 1917 3682 1972 Filium
3729 1927 3890 1980 tuum;

2330 2020 2384 2061 ut
2418 2007 2589 2063 Filius
2618 2018 2736 2062 tuus
2762 2009 3010 2079 clariﬁcet
3035 2020 3083 2064 te
3113 2009 3294 2081 (Joan.
3330 2026 3462 2074 xvn,
3496 2011 3573 2082 1).
3607 2011 3745 2066 Hanc
3767 2011 3896 2065 enim

2329 2103 2670 2158 celebrandae
2710 2103 2981 2173 passionis
3032 2104 3413 2166 claritudinem
3475 2105 3740 2176 quaesitam
3768 2101 3888 2156 alibi

2327 2196 2486 2251 docet
2511 2195 2739 2252 dicens:
2774 2194 2877 2260 Ite,
2900 2195 3058 2251 dicite
3090 2196 3171 2251 illi
3220 2199 3407 2266 vulpi:
3438 2197 3573 2254 Ecce
3617 2197 3759 2267 ejicio
3801 2197 3896 2248 da:—

2330 2288 2502 2340 monia
2526 2285 2680 2340 hodie
2699 2329 2711 2350 ,
2743 2298 2789 2340 et
2818 2303 2934 2341 cras
2987 2289 3232 2342 sanitates
3260 2290 3505 2358 perﬁcio,
3541 2298 3564 2326 ε
3596 2298 3639 2342 et
3689 2285 3894 2357 sequenti

2331 2398 2659 2436 consumatur
2683 2383 2766 2436 die
2794 2384 2811 2453 (
2839 2382 2968 2437 Luc.
3010 2399 3126 2449 xm,
3152 2385 3223 2439 δὲ
3243 2383 3279 2454 ).
3327 2384 3420 2441 His
3454 2387 3638 2456 utique
3662 2397 3892 2439 consum-

2329 2487 2508 2534 matur
2538 2476 2721 2542 Jesus,
2749 2477 2842 2544 qui
2873 2476 3144 2546 incipiunt
3162 2492 3286 2534 esse
3317 2478 3546 2548 perfecti
3569 2520 3582 2541 ,
3612 2487 3668 2533 ut
3689 2475 3893 2548 plenitu—

2329 2569 2512 2624 dinem
2543 2568 2846 2624 divinitatis
2866 2577 2922 2624 et
2952 2570 3344 2641 redemptionis
3369 2571 3494 2640 ejus
3523 2570 3626 2626 ﬁde
3671 2584 3756 2626 sua
3785 2580 3890 2641 cre-

2329 2659 2479 2717 dant.

2403 2753 2454 2807 6.
2502 2751 2648 2822 Ergo
2676 2760 2733 2807 et
2760 2751 2905 2808 diem
2949 2761 3005 2808 et
3032 2752 3226 2810 horam
3278 2753 3619 2824 exquirimus
3641 2795 3655 2818 ,
3687 2761 3739 2806 ut
3765 2749 3889 2803 Scri-

2332 2853 2483 2914 ptura
2503 2861 2601 2900 nos
2622 2845 2866 2901 instruit.
2885 2847 3155 2915 Propheta
3178 2849 3341 2903 etiam
3368 2847 3542 2903 David
3571 2845 3730 2902 dicit:
3755 2844 3886 2898 Tem-

2329 2953 2425 3005 pus
2458 2937 2703 3008 faciendi,
2739 2936 2959 2991 Domine
2990 2936 3171 3008 (Psal.
3190 2953 3378 3003 cxvttt,
3416 2938 3592 3006 l26),~
3612 2945 3781 3006 petens
3806 2948 3884 2987 ac—

2329 3031 2514 3098 cipere
2545 3044 2766 3085 sensum
2799 3031 2867 3084 ad
2899 3031 3272 3101 cognoscenda
3316 3031 3537 3094 Domini
3583 3027 3881 3086 testimonia.

625 3114 871 3168 quaerere
905 3099 1235 3169 debeamus,
1290 3112 1345 3156 ut
1375 3103 1587 3158 Domini
1618 3108 1816 3174 pascha
1851 3107 2213 3165 celebremus.
2247 3105 2291 3168 C
2323 3124 2390 3178 Ει
2421 3123 2781 3179 Ecclesiastes
2803 3099 3020 3195 quoque
3047 3126 3124 3178 ait
3151 3140 3168 3180 ;
3204 3124 3456 3179 (lumini
3488 3134 3678 3197 tempus
3704 3123 3721 3195 (
3749 3117 3872 3174 Eccl.

625 3192 862 3246 Ahluere
887 3193 1049 3246 etiam
1079 3208 1276 3248 sensus
1306 3205 1523 3250 nostros
1560 3199 1790 3267 quadam
1833 3202 2062 3271 spiritali
2084 3219 2220 3272 aqua

626 3282 792 3336 fontis
821 3284 1034 3348 aeterni,
1064 3293 1120 3338 et
1145 3284 1356 3340 devotae
1385 3289 1723 3344 celebritatis
1779 3301 1967 3349 tenere
2018 3311 2225 3350 mensu-

625 3390 772 3438 ram,
806 3389 908 3429 nec
937 3376 1195 3444 opinione
1229 3379 1430 3449 vulgari
1454 3379 1572 3435 dies
1620 3383 1884 3451 quosdam
1934 3387 2222 3455 explorare

623 3467 846 3523 lunares
872 3509 886 3533 ,
939 3484 1060 3524 cum
1112 3471 1392 3540 apostolus
1441 3472 1623 3528 dicat:
1660 3475 1784 3530 Dies
1811 3476 2088 3533 observatis
2111 3521 2124 3543 ,
2175 3491 2223 3534 et

623 3577 842 3628 menses,
872 3573 919 3617 et
945 3574 1196 3634 tempora,
1230 3574 1277 3619 et
1308 3583 1511 3632 annos;
1544 3569 1696 3623 timeo
1722 3587 1786 3624 ne
1810 3572 1922 3624 sine
1948 3588 2106 3626 causa
2142 3574 2220 3628 la—

622 3656 907 3709 boraverim
937 3657 988 3709 in
1013 3656 1153 3711 vobis
1177 3657 1386 3729 (Galat.
1415 3675 1488 3727 Iv,
1525 3661 1659 3734 10);
1710 3679 1831 3718 nam
1879 3663 2070 3735 incipit
2098 3681 2219 3723 esse

621 3748 978 3802 contrarium.
1456 3765 1464 3774 '
2061 3819 2067 3824 _

691 3838 745 3894 4.
790 3840 895 3897 Sed
932 3841 1076 3897 aliud
1107 3853 1192 3898 est
1218 3843 1508 3901 observare
1534 3848 1804 3918 gentilitio
1825 3865 1994 3916 more,
2033 3861 2089 3906 ut
2113 3870 2215 3924 qua

620 3935 745 3989 luna
778 3936 904 4005 quid
934 3937 1294 3992 adoriendum
1324 3940 1394 3994 sit
1415 3940 1652 4010 judices,
1687 3952 1743 3997 ut
1770 3953 1896 4012 puta
1925 3956 1946 3984 ο
1972 3947 2214 4016 quintam

621 4043 742 4082 esse
793 4027 1096 4098 fugiendam
1124 4073 1138 4096 ,
1197 4032 1436 4102 nihilque
1484 4049 1545 4089 ea
1595 4034 1999 4092 inchoandum:
2039 4039 2216 4093 varios

618 4135 833 4190 quoque
859 4136 1054 4176 cursus
1081 4122 1220 4178 lunzc
1243 4123 1508 4180 obeundis
1535 4126 1769 4196 negotiis
1795 4128 2179 4186 commendare
2197 4169 2211 4195 ,

614 4307 683 4360 ita
716 4304 937 4384 deﬁnite
963 4304 1240 4384 decretam
1261 4320 1330 4384 _ac
1358 4305 1650 4384 s_tabi|_itnm
1678 4319 1944 4376 putamus,
1994 4323 2050 4372 ut
2083 4316 2195 4384 pla—

613 4392 679 4430 na
712 4378 866 4430 fieret
894 4376 960 4430 de
986 4375 1313 4430 celebrando
1371 4375 1630 4430 Paschate
1681 4375 2095 4436 controversia.
2132 4387 2187 4439 lu

611 4464 773 4514 quam
800 4447 1019 4516 quidem
1049 4447 1359 4514 opinionem
1389 4462 1493 4500 non
1519 4447 1692 4500 solum
1711 4464 1930 4518 propter
1960 4452 2196 4511 Ambro—

613 4521 678 4574 sii
711 4523 875 4574 verba
925 4533 1088 4584 supra
1165 4518 1378 4574 laudata
1423 4518 1766 4586 adducimur,
1810 4538 1995 4578 verum
2027 4529 2192 4582 etiam

613 4600 835 4668 propter
862 4605 955 4644 eas
976 4589 1363 4668 difficultates,
1389 4605 1528 4668 quas
1548 4606 1668 4642 cum
1699 4606 1765 4645 cx
1799 4594 1895 4647 hac
1924 4593 2037 4668 ipsa
2080 4601 2196 4668 epi—

611 4664 772 4724 stola.
792 4671 902 4716 tum
931 4677 997 4716 ex
1020 4660 1252 4731 Cyrillo,
1280 4660 1459 4716 Leone
1483 4660 1674 4730 Magno
1703 4671 1863 4731 atque
1890 4667 2008 4721 aliis
2029 4660 2193 4724 etiam

610 4745 796 4802 postea
831 4733 1122 4790 emersisse
1148 4743 1354 4788 certum
1388 4741 1490 4787 est.
1545 4731 1830 4790 Credimus
1873 4737 2034 4802 igitur
2065 4739 2196 4796 deﬁ-
2225 4733 2276 4792 Ι)

611 4807 781 4859 nitum
815 4824 842 4860 a
874 4805 1126 4866 concilio,
1157 4814 1214 4857 ut
1242 4804 1446 4858 Pascha
1477 4806 1895 4864 resurrectionis
1925 4809 2100 4865 Cra-ei
2128 4828 2192 4867 ac

608 4875 786 4931 Latini
818 4875 1008 4932 eodem
1040 4874 1129 4930 die
1156 4874 1530 4940 celebrarent;
1565 4874 1762 4937 deinde
1804 4889 1860 4933 ιιι
1880 4879 1950 4936 ad
1977 4879 2194 4938 Judaco-

609 4963 728 5002 rum
762 4946 1120 5002 differentiam
1167 4960 1230 5000 ea
1273 4945 1390 5001 dies
1443 4955 1592 5004 esset
1629 4947 1906 5005 Dominica
1936 4967 2023 5007 xtv
2052 4953 2194 5010 lunae

607 5018 781 5072 Martii
823 5019 1027 5074 mensis
1081 5018 1332 5086 proxime
1374 5033 1648 5087 sequens;
1699 5023 1857 5076 tertio
1904 5032 1960 5076 ut
2002 5025 2192 5080 circuli

607 5090 1012 5163 deceu'inowlis
1057 5104 1183 5146 usus
1214 5089 1636 5163 admitteretur:
1666 5093 1762 5148 sed
1805 5094 2052 5163 quredam
2114 5107 2196 5150 ta-

610 5178 733 5235 men
762 5162 827 5235 ad
855 5161 1104 5235 eumdem
1137 5175 1292 5216 usum
1326 5162 1628 5235 necessaria
1659 5179 1764 5218 non
1795 5161 1930 5221 satis
1954 5169 2196 5235 explica-

608 5242 661 5287 ta
705 5233 890 5298 fuisse,
929 5231 1069 5286 unde
1098 5239 1278 5299 postea
1313 5241 1452 5286 nata:
1489 5232 1854 5290 difficultates.
1887 5237 1990 5291 Adi
2011 5231 2110 5292 liae
2133 5238 2200 5294 de

612 5319 672 5358 re
706 5303 901 5380 Franc.
937 5303 1094 5380 l_3al_bi_
1122 5313 1274 5380 notas
1308 5304 1361 5356 in
1397 5305 1536 5357 hanc
1558 5303 1846 5372 epistolam
1900 5309 2041 5364 inter
2070 5325 2206 5380 opu-

606 5375 756 5430 scula
789 5375 902 5430 Nic.
940 5374 1096 5430 Fabri
1140 5374 1332 5430 editas.

678 5457 704 5484 οι
744 5448 989 5522 Observa
1017 5448 1218 5522 veteris
1231 5445 2062 5522 _Ec_elesia:consuetudinem,
2098 5467 2201 5522 qua

606 5519 930 5575 Sﬂt'l‘llltillllll
980 5518 1032 5570 in
1076 5516 1370 5590 pervilegio
1403 5515 1679 5586 paschalis
1701 5534 1766 5573 eo
1814 5521 1930 5590 ipso
1959 5515 2204 5589 tempore

603 5593 954 5651 offerebatur,
987 5587 1131 5657 quod
1152 5587 1355 5660 Christi
1383 5590 1793 5645 resurreCtione
1820 5587 2202 5648 coitsecratum

608 5677 712 5716 est.

674 5733 699 5771 ιδ
742 5733 868 5787 Mss.
898 5729 1031 5795 dno,
1064 5747 1157 5800 pro
1185 5730 1556 5786 resurrectione
1588 5727 1798 5788 Domini
1833 5731 2102 5799 offeratur.

2325 3231 2405 3274 ιιι.
2443 3218 2492 3278 l;
2531 3214 2680 3272 Hier.
2715 3231 2830 3276 vltt,
2861 3214 2947 3286 7).
2973 3214 3239 3272 Jeremias
3269 3215 3511 3271 clamat:
3545 3214 3782 3278 Turturet
3812 3209 3882 3262 hi-

2323 3309 2512 3372 rundo,
2536 3309 2651 3378 agri
2677 3324 2910 3379 passeres
2937 3318 3256 3380 agnoverunt
3283 3319 3522 3380 tempora
3564 3307 3782 3362 introitus
3810 3301 3879 3356 sui

2327 3400 2560 3472 (Jerem.
2591 3416 2711 3466 VIII,
2739 3402 2767 3454 7
2795 3399 2832 3470 ).
2859 3401 2999 3468 Quid
3037 3411 3222 3457 autem
3245 3401 3598 3468 evidentius,
3647 3412 3790 3469 quam
3824 3392 3880 3448 de

2327 3492 2580 3563 passione
2608 3493 2822 3548 Domini
2847 3493 3052 3548 dictum
3085 3493 3260 3552 videri
3293 3504 3480 3562 potest
3521 3512 3534 3548 :
3566 3490 3771 3563 Agnovit
3809 3487 3880 3539 bos

2325 3603 2665 3658 possessorem
2693 3603 2866 3653 suurn,
2897 3597 2944 3640 et
2963 3588 3139 3642 asinus
3167 3603 3392 3658 praesepe
3409 3586 3608 3650 domini
3634 3583 3708 3637 sui
3727 3581 3742 3647 (
3761 3577 3876 3633 Esai-

2325 3695 2362 3745 ι,
2397 3678 2513 3747 3)?
2537 3677 2908 3748 Agnoscamus
2945 3693 3078 3748 ergo
3118 3677 3222 3733 hoc
3265 3692 3518 3748 praesepe
3565 3672 3789 3735 Domini,
3837 3669 3878 3723 iu

2323 3788 2430 3844 quo
2458 3774 2684 3839 alimur,
2718 3773 2988 3842 pascimur
3015 3781 3071 3828 et
3106 3771 3401 3828 reﬁcimur.

2397 3867 2448 3920 7.
2493 3865 2603 3926 lloc
2661 3865 2824 3936 igitur
2871 3877 3084 3934 tempus
3119 3865 3391 3934 praccipue
3442 3864 3586 3920 scire
3613 3860 3876 3916 debemus.

2322 3975 2430 4028 quo
2460 3975 2555 4030 per
2581 3958 2890 4014 universum
2917 3957 3112 4026 orbem,
3136 3971 3378 4014 consona
3405 3971 3576 4014 sacrae
3602 3950 3763 4010 noctis
3782 3950 3879 4001 fun-

2324 4054 2485 4110 datur
2506 4053 2713 4118 oratio;
2743 4053 2868 4122 quia
2891 4063 2948 4109 et
2965 4062 3208 4125 tempore
3230 4052 3672 4109 commendantur
3692 4056 3874 4118 preces.

2324 4147 2469 4216 sicut
2495 4146 2756 4216 scriptum
2783 4154 2868 4204 est
2900 4144 3188 4218 :Tempore
3208 4155 3415 4216 accepto
3463 4141 3700 4200 exaudiri
3729 4148 3788 4200 te,
3832 4141 3872 4186 el

2382 4334 2402 4357 υ
2449 4321 2526 4377 De
2557 4321 2840 4392 gentilium
2874 4322 3358 4390 superstitionibus
3374 4321 3427 4378 in
3457 4319 3634 4392 quarti
3669 4314 3767 4378 diei
3789 4309 3870 4368 ob-

2307 4395 2619 4446 sorvatione
2649 4394 2897 4448 tractavit
2922 4393 3244 4450 Ambrosius
3262 4395 3356 4448 lib.
3393 4410 3442 4448 tv
3467 4393 3740 4449 Hexaetu..
3763 4396 3863 4448 Cal).

2299 4464 2352 4530 9,
2387 4464 2529 4528 quod
2561 4475 2743 4517 autem
2780 4465 2879 4518 hoc
2907 4466 3026 4520 loco
3050 4467 3179 4518 dicit
3211 4463 3423 4520 deluna
3458 4464 3638 4531 quinta
3666 4501 3677 4518 .
3715 4453 3868 4531 id_d||'

2302 4525 2388 4590 bio
2403 4525 2593 4606 procul
2614 4535 2958 4590 referendum
2972 4545 3055 4590 est
3081 4535 3146 4590 ad
3165 4535 3295 4590 illud
3313 4535 3462 4607 Virg.
3477 4525 3550 4590 ex
3569 4550 3581 4587 ι
3601 4525 3869 4590 incides:

2459 4679 2567 4738 Ipsa
2589 4679 2697 4728 dies
2719 4678 2839 4728 alios
2860 4679 2954 4728 alio
2970 4679 3108 4730 dedit
3129 4679 3300 4729 ordine
3326 4679 3443 4729 luna

2458 4740 2656 4792 Felices
2671 4754 2880 4804 operum
2908 4754 2921 4788 :
2946 4744 3161 4805 quintam
3190 4741 3328 4807 fuge,
3353 4750 3449 4793 etc.

2378 4885 2404 4926 (ι
2445 4885 2601 4965 Gill.,
2633 4895 2864 4965 past-ores
2898 4888 3026 4965 dies.
3057 4888 3355 4965 Operarnrn
3408 4890 3613 4960 lapsus.
3641 4881 3752 4965 _sed
3776 4888 3865 4965 vtae

2303 4973 2426 5012 men
2459 4958 2547 5027 qui
2589 4950 2642 5011 in
2673 4957 2996 5036 e_dit._Par_is.
3023 4950 3163 5036 Διιιιῖιὶ
3197 4950 3611 5036 l586_receptt_ts
3638 4955 3748 5036 fuit.
3774 4950 3866 5036 fo-

2303 5024 2490 5083 steros'
2506 5044 2632 5084 vero
2661 5029 2776 5083 dies
2807 5029 3105 5085 Bucherius
3130 5031 3200 5085 ita
3231 5033 3464 5100 explicat
3491 5024 3511 5084 ἶ
3542 5026 3734 5100 Postcrj
3753 5024 3864 5083 ἀίειν

2305 5101 2503 5170 inquit,
2531 5101 2618 5168 qui
2643 5100 2892 5168 postridie
2918 5101 3048 5162 και..
3075 5119 3196 5155 ηοη.
3231 5095 3453 5157 υείὶἀιιε
3489 5111 3649 5158 erant,
3693 5095 3858 5170 Rerum

2306 5166 2395 5246 nis
2432 5166 2654 5246 infausti
2698 5171 3028 5246 habebantur,
3054 5171 3321 5246 (Gellius,
3379 5175 3466 5230 lib.
3510 5188 3540 5224 v
3565 5213 3578 5234 ,
3609 5187 3714 5246 cap.
3746 5166 3800 5220 Π
3823 5168 3858 5230 l-

2309 5241 2462 5317 Quod
2493 5241 2562 5296 ad
2589 5241 3151 5317 Egyptiospertinet,
3185 5261 3374 5300 eorum
3409 5241 3724 5317 Augustinus
3742 5251 3856 5317 quu-

2308 5327 2412 5387 que
2439 5313 2491 5387 in
2535 5312 2768 5387 apostoli
2793 5315 2977 5379 verba,
3018 5331 3136 5384 qua:
3164 5331 3325 5387 supra
3367 5312 3596 5387 citantur
3633 5312 3695 5387 ab
3745 5313 3854 5360 Am-

2310 5383 2518 5461 hrosio,
2539 5385 2878 5461 illellblmlem
2911 5383 3076 5461 lauit,
3133 5383 3247 5461 sed
3278 5390 3492 5457 quinam
3522 5383 3738 5461 fuerint“,
3767 5390 3853 5461 non

2308 5455 2501 5519 aperit.
2532 5453 2768 5523 Cangius
2794 5455 2861 5509 ad
2887 5457 3109 5512 verbum
3153 5457 3263 5511 dies
3299 5453 3484 5522 'varias,
3529 5453 3850 5520 recentiorum

2309 5524 2376 5598 de
2408 5525 2599 5598 iisdem
2625 5525 2818 5598 diebus
2844 5527 3126 5596 Opiniones
3152 5528 3394 5584 referens
3421 5571 3434 5595 ,
3489 5525 3701 5598 singulis
3725 5530 3850 5593 mett-

2310 5597 2462 5652 sibus
2491 5597 2628 5669 duos
2655 5595 2821 5669 fuisse
2850 5595 3015 5669 tradit
3043 5599 3418 5669 aggrediendis
3460 5595 3614 5653 rebus
3648 5596 3846 5656 inauspi-

2311 5675 2483 5722 Catos.
2516 5666 2655 5723 Vide
2678 5668 2840 5722 etiam
2870 5666 3197 5724 Abulcnsem
3227 5671 3278 5724 in
3311 5671 3474 5725 Exod.
3508 5684 3592 5721 χιι.

2387 5748 2409 5777 ι’
2453 5741 2577 5795 Mss.
2611 5738 2750 5806 duo,
2780 5750 2825 5794 et
2846 5741 2996 5795 tertio
3035 5757 3308 5796 consumar
3347 5743 3445 5796 die.
