4040 6166
576 237 710 299 1051

1881 233 2130 294 SANCTI
2166 235 2487 296 AMBROSII

3737 231 3882 288 1053.

573 367 722 416 esset
753 371 895 412 nono
934 355 1196 412 kalendas
1240 353 1460 428 aprilis,
1494 367 1596 410 nos
1623 353 2024 411 celebravimus
2051 370 2178 426 pas—
2206 362 2257 424 Α
2283 355 2428 411 enim
2461 353 2665 408 mensis
2693 349 2836 421 apud
2862 349 3149 424 Egyptios
3176 349 3376 407 dicitur
3417 349 3736 407 Pharmutlii
3761 391 3776 417 ,
3818 361 3884 405 et

576 451 678 509 cha
709 451 881 522 pridie
921 450 1184 506 kalendas
1214 449 1441 520 Aprilis.
1476 448 1829 505 Alexandrini
1875 464 2094 519 quoque
2125 458 2181 503 et

577 545 812 617 ΛεωνιῙί
839 585 854 612 ,
885 553 942 599 ut
963 544 1064 614 ipsi
1108 544 1469 614 scripserunt,
1496 557 1620 597 cum
1655 541 1936 597 incidisset
1961 549 2182 612 quarta-

577 637 790 695 decima
837 638 988 704 luna,
1022 646 1046 674 ιι
1073 636 1338 708 vigesimo
1367 645 1422 692 et
1461 645 1657 692 octavo
1707 635 1797 690 die
1836 633 2179 690 Phamenoth

580 730 806 798 mensis,
838 729 1254 786 celebraverunt
1283 727 1482 800 pascha
1514 727 1700 798 quinta
1733 727 1823 782 die
1861 725 2182 782 Pharmuthi

580 825 808 890 mensis,
841 839 964 894 qua:
1005 833 1092 879 est
1119 821 1294 894 pridie
1321 821 1581 877 kalendas
1615 819 1823 893 aprilis,
1854 834 1918 874 ac
1943 820 2023 875 sic
2050 834 2184 876 con-

581 932 784 975 venere
815 916 1120 973 nobiscum.
1141 915 1350 971 Rursus
1375 914 1733 986 nonagesimo
1769 921 1824 969 et
1853 913 2013 970 tertio
2038 926 2183 967 anno

585 1029 616 1074 a
648 1013 739 1070 die
767 1012 984 1083 imperii
1023 1009 1370 1076 Diocletiani,
1399 1025 1523 1065 cum
1557 1009 1843 1065 incidisset
1882 1007 2182 1078 quartade-

577 1107 717 1164 cima
741 1105 865 1161 luna
892 1106 945 1160 in
967 1103 1498 1175 quartumdecimum
1513 1102 1661 1159 diem
1678 1101 1999 1158 Pharmuthi
2028 1115 2186 1156 men-

580 1200 679 1266 sis,
705 1214 826 1271 qua:
846 1207 933 1254 est
957 1197 1152 1269 quinto
1179 1195 1299 1251 idus
1326 1195 1546 1266 aprilis.
1593 1209 1715 1266 qua!
1745 1202 1867 1248 erat
1897 1191 2184 1247 Dominica

585 1293 697 1358 die,
727 1293 1060 1349 celebratum
1089 1299 1173 1347 est
1201 1289 1408 1347 Pascha
1441 1288 1722 1344 Dominica
1753 1286 2077 1342 Pharmuthi
2109 1286 2186 1339 vi-

582 1384 796 1458 gesimo
822 1393 876 1440 et
903 1385 1082 1454 primo
1103 1383 1211 1449 die,
1235 1383 1326 1454 qui
1357 1381 1454 1437 fuit
1479 1381 1779 1438 secundum
1811 1395 1911 1436 nos
1939 1377 1966 1419 ι’
1998 1387 2185 1434 sexto-

585 1479 799 1536 decimo
846 1477 1105 1534 kalendas
1146 1477 1295 1533 maii.
1340 1475 1494 1533 Unde
1518 1491 1643 1531 cum
1697 1483 1755 1530 et
1804 1475 1945 1530 ratio
1991 1472 2064 1528 sit
2133 1480 2189 1527 et

584 1574 918 1644 exemplum,
949 1573 1084 1628 nihil
1110 1586 1272 1642 super
1293 1571 1397 1628 hoc
1429 1586 1645 1628 movere
1679 1585 1778 1626 nos
1808 1569 1993 1626 debet.

660 1666 752 1723 15.
782 1665 938 1721 Nunc
962 1665 1096 1720 illud
1120 1674 1227 1729 est,
1250 1663 1394 1734 quod
1424 1662 1771 1718 enodandum
1797 1661 2036 1724 videtur.
2060 1660 2186 1727 quia

2283 447 2476 518 incipit
2496 454 2654 502 sexto
2682 443 2947 501 kalendas
2966 444 3155 514 aprilis
3179 486 3194 512 ,
3227 452 3283 500 et
3311 444 3498 500 linitur
3527 446 3760 515 septimo
3781 445 3884 500 ka—

2283 540 2473 596 lendas
2497 539 2646 595 maii.
2679 538 2822 610 Ergo
2847 536 3144 594 secundum
3170 535 3457 609 Egyptios
3490 537 3666 608 primo
3694 552 3887 593 mense

2283 632 2618 688 celebraturi
2663 645 2853 687 sumus
2881 629 3218 686 Dominicam
3262 628 3500 699 paschae,
3536 629 3640 684 hoc
3664 638 3766 693 est,
3796 644 3889 684 se-

2285 723 2456 795 ptimo
2493 722 2756 780 kalendas
2795 721 2944 789 maii,
2976 721 3070 792 qui
3120 729 3205 777 est
3232 719 3351 777 dies
3377 721 3692 792 trigesimus
3708 721 3889 777 Phar-

2288 820 2462 876 muthi
2496 819 2720 876 mensis.

2356 916 2524 988 885
2558 915 2644 970 l6.
2679 913 2790 970 Nec
2819 913 3114 970 absurdum
3159 910 3416 979 arbitror,
3449 919 3509 966 ut
3537 909 3669 968 inde
3691 911 3892 968 obser-

2290 1009 2452 1063 vandi
2501 1007 2711 1062 mensis
2772 1005 3052 1062 trahamus
3105 1004 3450 1075 exemplum,
3508 1004 3602 1060 ubi
3652 1004 3890 1076 primum

2289 1102 2490 1174 pascha
2519 1100 2856 1157 celebratum
2886 1109 2989 1156 est.
3013 1097 3172 1155 Unde
3192 1107 3246 1153 et
3267 1096 3505 1168 majores
3525 1097 3697 1152 nostri
3714 1098 3895 1153 intra-

2288 1203 2436 1249 ctatu
2468 1188 2684 1248 concilii
2716 1191 2921 1248 Nicaeni
2947 1202 2970 1227 ε’
3003 1191 3256 1248 eumdem
3279 1191 3538 1247 Enneade
3566 1190 3886 1256 cateridem,

2288 1289 2332 1342 si
2361 1288 2482 1359 quis
2511 1287 2803 1358 diligenter
2832 1285 3098 1352 intendat,
3123 1284 3472 1341 statuendum
3507 1293 3785 1355 putarunt,
3833 1294 3894 1340 et

2291 1383 2470 1452 ipsum
2507 1396 2750 1437 mensem
2801 1395 3064 1435 novorum
3110 1388 3259 1435 recte
3303 1378 3720 1443 custodierunt;
3762 1379 3891 1450 quia

2291 1475 2344 1532 in
2373 1473 2608 1546 {Egypto
2635 1474 2740 1530 hoc
2769 1473 2942 1544 primo
2971 1487 3158 1528 mense
3190 1487 3328 1526 nova
3355 1481 3616 1528 secantur
3645 1471 3892 1527 frumen-

2294 1577 2385 1623 ta:
2437 1569 2525 1624 hic
2573 1576 2752 1623 autem
2820 1567 3028 1622 mensis
3075 1576 3130 1621 et
3191 1567 3398 1637 primus
3444 1573 3532 1620 est
3589 1565 3890 1622 secundum

2294 1661 2680 1735 Egyptiorum
2723 1669 3056 1731 proventus,
3088 1668 3142 1715 et
3175 1659 3382 1730 primus
3431 1659 3737 1715 secundum
3781 1657 3892 1714 Le-

593 1756 841 1830 plerique
891 1765 1085 1826 putant
1133 1756 1377 1811 secundo
1429 1769 1622 1811 mense
1667 1769 1765 1810 nos
1813 1753 2188 1810 celebraturos
2221 1764 2268 1824 Β
2291 1772 2438 1829 gem,
2470 1765 2526 1811 et
2553 1766 2779 1812 octavus
2798 1755 3096 1812 secundum
3123 1752 3579 1810 consuetudinem
3613 1762 3891 1809 nostram:

585 1851 812 1922 pascha,
839 1865 963 1906 cum
991 1850 1252 1920 scriptum
1285 1848 1395 1904 sit:
1430 1847 1644 1904 Custodi
1685 1847 1910 1918 primum
1961 1862 2189 1901 mensem

589 1959 841 1999 novorum
869 1939 1061 2014 (Deut.
1093 1956 1206 2008 xvr,
1241 1941 1267 1995 l
1288 1940 1338 2011 );
1369 1939 1512 2011 quod
1537 1941 1659 2012 {non
1701 1948 1880 2010 potest
1920 1937 2185 2002 incidere,

590 2043 652 2092 ut
675 2045 874 2107 praeter
901 2049 1145 2089 mensem
1191 2048 1458 2088 novorum
1501 2031 1700 2104 pascha
1731 2033 2049 2100 celebrent,
2085 2031 2188 2086 nisi

587 2129 680 2199 qui
710 2126 1235 2200 quartamdecimam
1257 2127 1442 2182 lunam
1468 2127 1540 2182 ita
1565 2126 1867 2182 observant
1885 2124 2183 2181 secundum

589 2222 855 2291 litteram,
880 2231 1075 2278 utnon
1104 2222 1214 2278 alio
1261 2222 1365 2277 nisi
1413 2221 1534 2294 ipso
1562 2221 1844 2278 celebrent
1870 2221 1980 2278 die.
2020 2220 2183 2276 Deni-

587 2332 696 2390 que
739 2317 980 2374 futurum
1025 2316 1197 2374 Judaei
1239 2316 1590 2385 duodecimo,
1620 2333 1728 2374 non
1776 2319 1954 2389 primo
1994 2331 2188 2374 mense

587 2412 915 2468 celebraturi
975 2420 1104 2468 sunt
1146 2410 1345 2482 pascha
1371 2451 1387 2478 ,
1432 2411 1536 2466 hoc
1561 2420 1676 2480 est,
1713 2423 1733 2450 ε
1762 2411 1978 2468 decimo
2027 2410 2188 2466 tertio

591 2500 850 2559 kalendas
874 2503 1082 2574 aprilis,
1104 2501 1387 2560 secundun
1416 2518 1518 2560 nos
1542 2503 1874 2560 :secundum
1898 2502 2188 2576 Egyptios

587 2603 770 2651 autem
811 2597 1073 2668 vigesimo
1101 2605 1296 2668 quarto
1316 2595 1406 2652 die
1438 2596 1778 2654 Phamenoth
1811 2599 2052 2664 mensis,
2097 2598 2187 2668 qui

588 2695 674 2741 est
715 2702 824 2742 non
851 2686 1062 2757 primus
1092 2686 1296 2744 mensis
1317 2729 1334 2756 ,
1363 2684 1389 2723 ά
1416 2687 1514 2744 sed
1551 2687 1941 2755 duodecimus;
1977 2689 2188 2759 primus

658 2848 790 2922 '_‘_lta
820 2848 988 2922 Rom.
1011 2850 1142 2906 edit.
1172 2859 1228 2906 et
1262 2866 1393 2908 mss.
1432 2866 1578 2908 cum.
1631 2851 1792 2922 epist.
1825 2851 2081 2918 Proterii,
2124 2860 2180 2907 et

589 2917 750 3003 Balbi.
769 2935 833 2975 ac
861 2920 1118 3003 Bucherii
1145 2923 1534 3003 supputatione
1549 2940 1567 3003 :_
1600 2917 1701 2980 vel
1734 2931 1917 2978 autem
1939 2917 2100 2990 edit.,
2133 2932 2181 2978 et

594 2993 834 3099 aeginium
863 3001 912 3045 et
937 3003 1113 3072 octavo
1134 2995 1231 3076 die.
1250 2993 1587 3050 Pharmutlti.

719 3060 815 3099 νυ.
861 3061 968 3099 nrlnl
1020 3081 1120 3099 ηηη
1143 3076 1320 3099 ιηηηηι
1342 3067 1536 3099 AnAn-1.
1558 3083 1570 3094 ο

719 3060 840 3117 Vel.
861 3061 995 3134 edit,
1019 3081 1122 3118 non
1141 3065 1320 3134 quinto
1340 3067 1570 3130 decimo;
1603 3064 1843 3121 restituit
1863 3065 1995 3122 edit.
2019 3067 2177 3122 Rom.

2302 1849 2575 1906 rindictio
2625 1851 2769 1904 enim
2817 1848 3128 1919 Septembri
3181 1861 3370 1903 mense
3418 1846 3634 1918 incipit.
3687 1845 3896 1902 Octavo

2294 1942 2458 2014 igitur
2497 1957 2687 1998 mense
2724 1941 2974 1997 kalendae
3019 1939 3222 2010 Aprilis
3263 1947 3392 1994 sunt
3419 1957 3432 1993 :
3464 1938 3659 2009 incipit
3709 1945 3892 1994 autem

2295 2038 2497 2094 mensis
2540 2053 2648 2092 non
2695 2036 2992 2092 secundum
3032 2035 3309 2106 vulgarem
3335 2049 3515 2097 usum,
3558 2031 3656 2088 sed
3697 2047 3896 2088 secun-

2295 2132 2420 2187 dum
2451 2129 2904 2186 consuetudinem
2949 2130 3245 2200 peritorum
3296 2128 3366 2184 ab
3409 2127 3741 2198 mquinoxio,
3799 2127 3896 2196 qui

2293 2226 2413 2282 dies
2438 2233 2524 2282 est
2551 2224 2873 2280 duodecimo
2899 2223 3159 2278 kalendas
3187 2221 3412 2293 Aprilis,
3433 2229 3489 2277 et
3514 2219 3701 2275 linitur
3721 2217 3900 2274 unde-

2291 2318 2434 2374 cimo
2453 2316 2715 2374 kalendas
2731 2316 2872 2372 Maii.
2900 2315 2916 2370 Ι
2924 2316 3027 2372 nde
3043 2316 3278 2371 maxime
3300 2315 3437 2370 intra
3460 2314 3561 2370 hos
3593 2313 3814 2384 triginta
3843 2321 3898 2368 et

2292 2426 2458 2467 unum
2503 2409 2623 2466 dies
2653 2420 2677 2458 ε
2708 2424 2852 2480 saepe
2893 2408 3154 2465 celebrati
3186 2410 3402 2478 pascha:
3424 2405 3567 2463 dies.

2365 2504 2452 2558 l7.
2493 2502 2600 2560 Sed
2647 2518 2772 2558 cum
2816 2499 2842 2537 ιλ
2873 2510 3001 2558 ante
3053 2501 3380 2557 sexennium
3425 2497 3900 2555 celebraverimus

2293 2596 2510 2668 paschae
2545 2595 2882 2652 Dominicam
2931 2593 3222 2651 undecimo
3269 2591 3534 2650 kalendas
3581 2591 3743 2659 Maii,
3795 2591 3896 2646 hoc

2293 2699 2398 2756 cst,
2432 2691 2712 2761 trigesimo
2737 2689 2828 2745 die
2864 2688 3093 2753 mensis,
3136 2685 3436 2744 secundum
3474 2693 3724 2742 nostram
3748 2683 3897 2740 scili-

2287 2854 2440 2924 cujus
2463 2853 2680 2924 quidem
2714 2852 3004 2924 institutio,
3030 2851 3277 2923 quamvis
3302 2862 3419 2924 rem
3441 2848 3892 2924 obscurissimam

2289 2922 2409 2982 esse
2450 2922 3014 2992 allirmet'Baronius,
3051 2922 3355 2992 ’receptiori
3402 2923 3890 2992 tamensententia

2291 2997 2548 3052 tribuitur
2575 3009 2722 3050 anno
2751 2996 2966 3052 Domini
2994 2991 3123 3059 3H,
3155 2991 3515 3054 Constantino
3554 2991 3753 3057 Magno
3794 2991 3892 3044 im-

2291 3077 2539 3139 perante.
2572 3068 2681 3123 Nec
2707 3084 2837 3124 vero
2870 3070 2988 3123 leve
3016 3067 3174 3139 hujus
3205 3063 3475 3139 opinipnis
3502 3071 3890 3139 argumentum

590 3148 683 3213 nos
707 3133 1067 3218 sextgdecimo.
1099 3145 1153 3218 et
1175 3146 1346 3218 certe.
1373 3137 1719 3218 manifestum
1749 3148 1854 3218 est,
1886 3139 2066 3207 priore
2091 3138 2186 3193 doc
2216 3153 2264 3218 ρ
2293 3133 2408 3206 est,
2453 3140 2596 3218 quod
2619 3140 2962 3218 Athanasius
3004 3141 3056 3218 in
3084 3133 3198 3218 'li_b.
3227 3133 3308 3218 de
3344 3134 3794 3218 Sypodis__agens
3826 3133 3892 3188 dc

589 3204 786 3258 minica
819 3205 873 3280 in
900 3220 930 3256 v
960 3203 1082 3260 idus
1101 3204 1305 3280 Aprilis
1333 3207 1632 3280 incidente,
1679 3203 1925 3280 proxime
1947 3225 2186 3280 sequen-

589 3282 698 3330 tem
723 3289 828 3328 non
861 3275 914 3329 in
944 3290 1036 3337 xv,
1066 3276 1161 3331 sed
1196 3276 1247 3329 in
1276 3293 1363 3332 xvi
1394 3278 1506 3336 kal.
1537 3279 1656 3334 Maii
1681 3275 1950 3335 incidere.

667 3343 1282 3428 fOEdil._antiq.,tertio
1319 3347 1425 3428 kal.
1454 3350 1623 3428 April.
1655 3350 1812 3428 Rom.
1851 3366 1974 3406 cum
2010 3366 2183 3428 _mss.,

590 3419 741 3471 tertio
785 3419 1017 3483 decimo,
1070 3427 1201 3482 etc.;
1257 3420 1399 3476 unde
1443 3423 1756 3477 conﬁrmari
1831 3425 2185 3478 mutationem

592 3486 902 3564 Pharmuthi
948 3488 1404 3564 in_Plramenoth,
1437 3492 1506 3549 de
1547 3508 1650 3563 qua
1677 3493 1934 3564 superius
1981 3495 2186 3550 dictum

594 3569 699 3626 est,
734 3559 988 3616 observat
1011 3560 1230 3618 Balbus.

664 3629 691 3669 ἀ
721 3630 800 3685 lta
844 3631 1004 3686 Rom.
1038 3633 1196 3698 edit.;
1229 3643 1335 3691 vet.
1377 3643 1583 3702 autem,
1608 3635 1696 3690 sed
1742 3635 2112 3693 dtrodecimus:
2141 3648 2188 3692 et

593 3702 774 3772 incipit
823 3715 990 3759 sexto.
1039 3704 1328 3771 Mendose;
1361 3717 1571 3763 certum
1623 3707 1768 3763 enim
1815 3717 1896 3763 est
1945 3725 2188 3764 mensem

597 3773 922 3830 Phamenoth
970 3776 1211 3846 incipere
1239 3794 1270 3833 v
1300 3777 1408 3834 kal.
1451 3778 1671 3834 Martias
1702 3788 1756 3834 et
1786 3778 1938 3833 linire
1978 3796 2050 3834 vn
2075 3780 2186 3834 kal.

595 3846 798 3916 April.,
841 3861 904 3902 ac
949 3847 1179 3918 proinde
1219 3865 1462 3906 mensem
1496 3849 1806 3905 Pharmuthi
1855 3851 2070 3905 initium
2101 3866 2192 3906 su-

599 3931 751 3994 mere
777 3932 806 3970 a
841 3933 894 3994 vr
917 3918 1026 3994 kal.
1057 3920 1302 3994 ejusdem
1320 3921 1554 3994 Aprilis.
1584 3925 1655 3994 At
1679 3923 1809 3978 illud
1851 3922 2194 3978 animadver-

599 3987 824 4043 tendum
847 3991 1060 4065 videtur
1079 3987 1448 4058 Ambrosium,
1481 4009 1603 4048 cum
1627 3993 1940 4049 Pharmutlu'
1959 3996 2192 4065 primum

599 4071 845 4145 mensem
887 4062 1155 4145 appellat,
1187 4065 1601 4145 intelligendum
1629 4081 1749 4145 esse
1779 4065 1849 4145 d_e
1881 4062 2054 4135 primo
2097 4081 2193 4120 nn-

598 4137 939 4207 voru_m._qui
961 4137 1169 4201 primus
1184 4137 1312 4192 anni
1334 4147 1454 4192 erat
1479 4137 1778 4194 secundum
1804 4137 2002 4207 Legem
2029 4155 2042 4191 :
2071 4153 2193 4192 nam

599 4198 752 4290 apud
771 4198 1061 4290 @gyptios
1095 4209 1300 4288 mensis
1342 4209 1546 4290 primus
1594 4207 1730 4290 [Iret
1773 4198 2090 4290 dicebatur,
2119 4217 2195 4290 .et

600 4283 790 4329 nostro
824 4277 1130 4344 Septembri
1178 4278 1565 4350 respondebat.
1603 4280 1738 4336 Vide
1783 4279 1935 4334 Lact.
1969 4279 2194 4334 Firmia-

601 4357 733 4400 num
761 4344 854 4399 lib.
887 4361 926 4403 ι.
959 4361 1080 4403 can.
1119 4347 1172 4403 6.

601 4357 854 4418 num_lt_n.
887 4361 926 4408 ι,
959 4361 1080 4418 cap.
1119 4357 1172 4403 6.

680 4425 704 4452 °
735 4414 882 4471 Edit.
913 4414 1045 4486 vet.,
1078 4436 1194 4474 eum
1217 4420 1351 4474 diem
1388 4421 1775 4485 endecateride;
1824 4421 2009 4483 Rom..
2056 4438 2194 4476 eunt-

603 4486 743 4550 dem,
791 4503 1033 4559 mensem
1077 4490 1356 4553 nimirum,
1388 4490 1930 4556 Enneadecateridem,
1973 4491 2190 4559 Optima

2294 3205 2674 3268 conventiculo
2688 3211 3012 3266 Arianorum
3029 3207 3331 3266 Antiochia
3344 3205 3553 3267 habito,
3570 3205 3704 3260 illud
3716 3248 3733 3268 ,
3757 3221 3894 3276 pra:-

2291 3294 2446 3339 sente
2467 3282 2787 3339 Constantio
2817 3325 2831 3347 ,
2863 3283 3157 3337 indictione
3190 3295 3276 3334 ειν
3300 3318 3316 3345 ,
3341 3278 3574 3347 coivisse
3606 3276 3850 3332 declarat
3875 3293 3888 3327 :

2292 3365 2346 3410 et
2374 3355 2499 3410 hinc
2525 3357 2615 3425 qui
2649 3346 2958 3409 Theodosio
2983 3353 3308 3425 indic_tiones_
3337 3347 3421 3425 his
3445 3346 3727 3425 Ambrosii
3762 3347 3890 3425 locis

2292 3418 2558 3496 persuasi'
2583 3427 2912 3490 attribuunt,
2965 3423 3172 3496 liquido
3221 3421 3571 3496 refelluntur.
3606 3418 3787 3474 l’orro
3814 3419 3891 3472 in-

2291 3489 2586 3552 dictionum
2612 3496 2803 3551 crebra
2829 3489 3037 3552 mentio
3060 3495 3120 3550 lit
3145 3495 3197 3547 in
3211 3489 3632 3549 Cod.Theodos.
3657 3505 3888 3560 quarum

2291 3567 2616 3623 laterculum
2647 3567 2974 3622 Godelridus
3023 3565 3245 3622 exhibet
3297 3562 3480 3619 statim
3528 3559 3709 3616 initio.
3765 3559 3891 3615 Vide

2293 3641 2455 3694 etiam
2485 3638 2796 3694 Cltronicon
2834 3638 3155 3704 Marcellini,
3183 3645 3239 3692 et
3271 3630 3736 3702 Alexandrinum,
3772 3633 3891 3687 licet

2295 3711 2594 3765 innumeris
2615 3711 2898 3766 erroribus
2920 3710 3198 3766 foedatum.

2367 3792 2391 3828 κ
2419 3782 2554 3837 Tres
2581 3798 2739 3846 mss.,
2764 3781 3230 3855 saepecclebratos;
3251 3794 3397 3855 unus
3412 3776 3515 3855 qui
3537 3784 3595 3832 et
3625 3775 3890 3855 antiquis-

2295 3853 2486 3921 simus,
2519 3869 2582 3909 ac
2608 3870 2799 3909 omnes
2829 3848 2984 3919 edit.,
3018 3869 3153 3923 ηερε
3183 3851 3458 3914 celebrati;
3492 3848 3749 3923 exceptis
3778 3848 3888 3915 qui-

2294 3917 2522 3980 busdam
2551 3925 2723 3981 Paris.
2754 3926 2845 3981 ubi
2869 3917 3118 3996 legimus,
3146 3939 3264 3996 sepe
3286 3922 3589 3977 celebratur.
3615 3917 3885 3996 Caeterum

2294 3997 2438 4066 quod
2466 4000 2541 4052 ait
2570 3998 2894 4053 Ambrosius
2926 3990 3075 4051 intra
3101 3990 3435 4066 hos'triginte
3475 4002 3522 4046 et
3561 4007 3738 4043 unum
3762 3990 3885 4049 dies.

2296 4064 2535 4123 erratum
2579 4069 2742 4124 etiam
2785 4068 2857 4122 ibi
2903 4069 3143 4129 videtur;
3181 4064 3307 4122 sunt
3350 4064 3498 4121 enim
3553 4077 3711 4118 xxx"
3751 4077 3781 4116 a
3821 4074 3885 4114 sn

2261 4135 2266 4138 ’
2296 4138 2407 4193 kal.
2436 4139 2612 4208 April.
2645 4140 2710 4194 ad
2741 4156 2793 4194 χι
2825 4138 2933 4193 kal.
2966 4138 3109 4193 Maii.

2369 4209 2395 4246 h
2423 4203 2571 4266 Scite
2585 4210 2818 4267 advertit
2839 4210 3034 4266 Balbus
3055 4209 3336 4278 sequentia
3379 4223 3500 4264 cum
3517 4214 3590 4278 τῷ
3607 4203 3886 4280 biennium

2297 4281 2562 4351 quadrare
2614 4298 2721 4338 non
2776 4296 2963 4352 posse,
3005 4276 3296 4352 neci—enim
3341 4295 3404 4352 ea
3451 4276 3887 4352 convenire_:_t|nli

2296 4344 2460 4423 ginno,
2493 4368 2653 4423 quam
2691 4344 2926 4409 95am
2951 4344 3312 4411 Diocletiani.
3343 4349 3548 4406 Christi
3583 4363 3734 4423 _vero_
3763 4344 3884 4401 579.

2296 4421 2453 4495 Unde
2481 4418 2696 4495 colligit
2713 4423 2992 4495 biennium
3023 4438 3184 4495 exeo
3215 4423 3415 4495 factum
3446 4419 3596 4495 quod
3625 4418 3883 4495 scriptum

2299 4492 2474 4564 fuerat
2506 4511 2553 4549 vI
2589 4487 2806 4548 οῖιηίιιω.
2840 4494 2955 4562 Qua
3003 4494 3315 4564 conjectura
3347 4487 3486 4548 nihil
3528 4487 3882 4564 probabilius.

602 4558 906 4624 correctio;
943 4559 993 4615 id
1023 4561 1166 4617 enim
1201 4563 1305 4618 hoc
1336 4563 1437 4618 loci
1483 4561 1644 4619 docet
1671 4563 1996 4620 Ambrosius
2024 4557 2196 4619 Nicm-
2223 4565 2272 4625 Ι)
2297 4563 2657 4621 Nihilominus
2707 4557 2886 4623 tamen
2925 4557 3224 4621 Buche'rius
3271 4557 3548 4634 vulgarem
3588 4557 3886 4634 retinetlc-

604 4642 709 4684 nos
737 4639 918 4713 patres
963 4642 1252 4703 propterea
1297 4633 1576 4713 statuisse,
1605 4645 1663 4687 ut
1697 4636 1936 4690 circulus
1972 4636 2196 4713 decem-

604 4703 814 4784 novalis
843 4716 873 4784 a
904 4719 1388 4784 mensenovorum
1433 4705 1715 4784 inciperet,
1761 4706 2025 4784 atque__in
2069 4721 2193 4784 eum

604 4770 910 4854 desineret;
941 4775 1066 4846 quia
1095 4777 1147 4832 in
1174 4778 1366 4834 eodem
1391 4770 1625 4850 primum
1657 4770 1856 4849 pascha
1882 4777 2010 4834 olim
2044 4793 2074 4831 a
2097 4777 2195 4832 Ju-

607 4842 741 4897 daeis
761 4842 1093 4903 celebratum
1125 4859 1233 4905 est.

687 4912 817 4991 {Ex
853 4917 972 4991 hoc
1022 4922 1355 4989 potissimum
1404 4921 1523 4977 loco
1577 4929 1825 4977 astruuut
1877 4921 2194 4991 chronologi

607 4984 957 5071 Ambrosium
984 4984 1288 5071 e'Patribus
1310 4992 1786 5071 Latiuis__primum
1817 4994 2004 5071 fuisse,
2035 5009 2072 5071 a_
2091 4984 2196 5063 quo

609 5057 964 5140 indictionum
993 5062 1129 5140 facta
1156 5064 1227 5118 sit
1258 5068 1484 5140 mentio.
1531 5057 1908 5140 Verumtamen
1945 5065 2074 5119 illud
2105 5057 2200 5134 po-

612 5130 738 5205 tiori
779 5130 905 5201 jure
933 5133 1280 5204 collegissent
1323 5151 1387 5191 ex
1432 5137 1526 5192 lib.
1557 5139 1626 5194 de
1659 5136 1768 5192 Noe
1795 5148 1851 5192 et
1884 5140 2044 5203 Area,
2074 5130 2195 5205 cap.

613 5199 710 5284 i7,
733 5199 884 5284 num.
919 5205 1010 5269 60.
1042 5199 1132 5284 ubi
1159 5223 1342 5284 earum
1382 5225 1536 5262 usum
1566 5227 1672 5284 tum
1705 5208 1795 5262 dlll
1820 5218 1946 5263 ante
1967 5199 2198 5284 euertisse

611 5275 745 5353 satis
785 5275 1039 5332 insinuat.
1077 5277 1534 5353 Dubitariaulem
1564 5279 1651 5334 hic
1693 5288 1893 5346 potest,
1925 5294 2085 5353 quam
2117 5280 2198 5332 iu-

611 5339 904 5430 ςξιριιριιςιη
925 5357 1154 5420 utroque
1178 5351 1297 5430 loco
1313 5339 1710 5430 designates-tt}
1722 5339 1916 5430 lim-uin
1939 5339 2197 5430 βορςιεη.

615 5417 1083 5499 Liuopolitanam,'
1105 5436 1226 5492 quae
1255 5421 1568 5499 incipiebat
1605 5420 2059 5499 kal.Septembris
2079 5437 2102 5499 ;_
2128 5437 2194 5475 an

611 5480 1141 5562 Qonstautiuianam',
1181 5493 1338 5562 cujus
1382 5480 1593 5546 initium
1628 5499 1746 5546 erat
1785 5480 1877 5547 in.
1918 5491 2029 5545 kal.
2053 5480 2200 5560 ejus-

612 5555 738 5628 dem
776 5561 1009 5627 mensis;
1047 5555 1376 5620 anitan'dem
1419 5563 1760 5628 Romanam,
1803 5555 2195 5619 Antiochenam

612 5627 698 5681 vel
721 5630 880 5684 aliam
903 5647 968 5687 ex
992 5648 1176 5689 earum
1201 5650 1450 5700 numero,
1473 5649 1594 5703 qua:
1621 5649 1650 5687 a
1672 5627 2028 5702 scriptoribus
2047 5647 2198 5689 com-

615 5706 1022 5773 memorantur?
1047 5705 1154 5761 Sed
1186 5709 1329 5763 inter
1353 5722 1413 5764 se
1437 5707 1571 5763 satis
1613 5704 1946 5762 conveniunt
1972 5705 2196 5773 peritio-

615 5773 704 5819 t‘cs
742 5769 1086 5831 Ambrosium
1136 5776 1205 5834 de
1251 5777 1696 5837 Constantiniana
1741 5769 2190 5848 intelligendum;

2299 4635 2554 4708 otiouem,
2584 4651 2903 4708 annumque
2929 4638 3267 4708 designatum
3295 4629 3582 4708 petivoccs
3605 4642 3728 4685 ante
3752 4629 3886 4681 bien-

2298 4709 2441 4760 nium
2465 4707 2665 4763 Chrisu
2697 4709 2801 4764 ὅδε)
2821 4706 2997 4764 luisse
3021 4706 3333 4763 arbitratur.
3367 4706 3563 4762 Verum
3591 4718 3655 4757 ea
3690 4714 3884 4769 SUPPU‘

2301 4780 2433 4832 tatio
2462 4794 2568 4833 non
2595 4780 2835 4834 cohaeret
2872 4795 2994 4834 cum
3023 4795 3090 4835 eo
3115 4779 3260 4849 quod
3293 4779 3361 4833 de
3381 4779 3510 4832 anni
3539 4775 3645 4831 587
3690 4770 3882 4849 pascha

2301 4849 2388 4905 hic
2423 4849 2622 4905 dicitur
2655 4868 2668 4905 :
2719 4850 2857 4920 quod
2882 4854 3113 4920 futurum
3133 4844 3210 4904 est
3251 4849 3518 4920 proxime;
3560 4860 3696 4920 cum
3748 4844 3879 4895 hanc

2299 4923 2584 4990 epistolam
2606 4917 2749 4977 idem
2767 4917 3063 4977 Bucherius
3086 4917 3342 4992 scriptam
3362 4917 3614 4992 annoﬁﬁl
3634 4920 3874 4992 censeat.

2303 4981 2366 5048 Et
2391 5003 2540 5068 certe
2570 5001 2886 5068 recurrente
2912 4981 3252 5068 postmodum
3280 4992 3443 5048 simili
3471 4981 3876 5068 difﬁcultatemdg

2303 5065 2560 5136 paschate
2590 5069 2717 5120 anui
2738 5064 2844 5121 355
2873 5052 3089 5120 sanctus
3118 5064 3226 5120 Leo
3258 5080 3363 5136 non
3395 5069 3519 5136 ante
3547 5052 3877 5136 annum-{€55

2301 5123 2904 5212 consulendosuperitos
2925 5137 3274 5212 existimavit.
3321 5134 3474 5212 quod
3520 5142 3703 5212 autem
3737 5123 3876 5212 lier-

2302 5224 2536 5264 mannus
2568 5193 2729 5264 tradit
2761 5207 2875 5262 ﬁeri
2915 5207 3179 5277 potuisse,
3225 5215 3283 5260 ut
3320 5193 3459 5261 silius
3496 5201 3685 5277 cycltls
3729 5193 3872 5277 3“?

2301 5282 2608 5336 ctoriniano
2652 5271 3035 5335 observaretur
3073 5295 3093 5350 7:
3125 5288 3180 5332 et
3207 5293 3396 5332 revera
3437 5271 3601 5330 alium
3631 5271 3735 5350 hoc
3764 5271 3873 5350 ip§9

2303 5354 2663 5409 antiquiorem
2695 5351 2858 5406 etiam
2896 5365 2927 5406 a
2953 5349 3219 5406 Bucherio
3261 5350 3464 5404 editum
3512 5357 3654 5409 esse,
3689 5347 3739 5392 ill
3771 5347 3870 5409 ﬁll!0

2302 5403 2985 5490 passi;assumemus;
3005 5403 3152 5476 anni
3199 5403 3309 5477 384
3362 5403 3608 5490 ponatur
3642 5403 3721 5467 ’χιι
3769 5403 3864 5490 kal-

2305 5485 2490 5560 Maias,
2521 5493 2571 5548 id
2594 5503 2697 5554 est.
2716 5509 2792 5558 ιι,
2811 5510 2933 5550 cum
2957 5492 3152 5550 festum
3179 5485 3452 5562 paschalis
3471 5485 3612 5560 apud
3636 5495 3753 5538 eum
3777 5487 3866 5562 al}-

2305 5557 2510 5618 cturem
2541 5566 2609 5619 ab
2645 5557 2789 5620 anno
2824 5567 2930 5621 578
2959 5557 3312 5634 εθωρθι·”ιιιιο
3352 5563 3463 5634 die,
3486 5557 3853 5634 antevertgllff-

2303 5635 2410 5690 Sed
2441 5635 2582 5691 idem
2605 5651 2782 5691 canon
2815 5646 2896 5693 tot
2924 5621 3133 5692 mendis
3178 5644 3391 5691 scatere
3433 5621 3858 5702 deprehenditur:

2303 5714 2360 5763 ut
2385 5707 2434 5763 ei
2464 5707 2628 5765 lidere
2655 5723 2761 5764 non
2783 5708 3094 5765 audeamus.
