4040 6166
186 247 315 305 1055

1349 247 1674 315 EPISTOLA
1687 248 1831 307 DUM
1869 250 2150 310 CLASSIS
2187 255 2228 308 l.

3324 265 3462 322 1034

177 372 267 420 cet
288 361 702 419 caleulationem
729 403 742 429 ,
790 365 998 420 moveri
1027 378 1132 420 non
1163 364 1450 430 debemus,
1479 366 1526 420 si
1557 373 1612 421 et
1641 379 1764 436 pro-
1793 381 1845 440 Α
1870 368 1923 421 in
1953 368 2134 438 quibus
2158 369 2302 424 eritis
2331 369 2433 436 ibi;
2463 380 2510 424 et
2540 371 2718 427 videbo
2763 377 3089 447 sanguinem,
3120 384 3169 433 et
3199 379 3468 453 protegam

176 457 318 512 xime
359 453 640 527 trigesimo
679 457 764 512 die
807 457 1127 514 Pharmuthi
1181 462 1387 514 mensis
1437 459 1765 515 celebraturi

173 563 358 604 sumus
391 552 615 620 pascha:
647 549 1005 606 Dominicam.
1039 551 1236 608 Verum
1269 553 1316 608 si
1358 553 1480 623 quis
1521 567 1766 608 mensem

170 640 466 696 secundum
501 642 630 698 inde
677 643 992 713 existimat,
1023 645 1146 716 quia
1181 654 1302 716 post
1351 646 1589 702 triduum
1615 660 1766 702 eom-

170 732 301 802 pleti
330 732 556 800 mensis,
585 735 677 805 qui
718 735 983 806 compleri
1015 735 1234 792 videtur
1264 737 1551 793 undecimo
1578 737 1766 794 kalen-

169 825 270 882 das
310 826 453 893 Maii,
487 827 706 899 paschae
758 829 1038 886 Dominica
1088 831 1226 897 erit;
1259 831 1397 886 illud
1423 832 1759 900 consideret,

169 919 291 989 quia
318 919 727 990 quartadecima
759 921 908 990 luna,
951 937 1072 994 quas
1110 923 1378 994 quaeritur
1404 965 1420 992 ,
1467 923 1764 994 quartode-

167 1010 308 1065 cimo
332 1008 592 1067 kalendas
620 1013 745 1068 Maii
774 1014 899 1081 erit,
933 1015 1036 1071 hoc
1065 1026 1171 1082 est,
1205 1017 1344 1072 intra
1375 1019 1758 1088 praescriptum

168 1103 366 1157 mensis
396 1119 706 1161 numerum.
739 1104 852 1161 Lex
880 1115 1062 1163 autem
1104 1107 1248 1164 diem
1287 1110 1556 1179 passionis
1586 1111 1763 1182 exigit

163 1195 303 1250 intra
329 1197 560 1268 primum
587 1211 830 1254 mensem
854 1214 1123 1256 novorum
1149 1200 1356 1258 debere
1377 1202 1670 1257 celebrari.

245 1289 328 1344 18.
361 1289 714 1346 Satisfactum
747 1302 830 1347 est
854 1293 1014 1364 igitur
1042 1295 1343 1351 secundum
1371 1295 1760 1366 plenitudinem

165 1385 330 1450 lunae,
362 1385 447 1440 cui
493 1386 562 1440 ad
593 1387 977 1457 complendum
1028 1404 1272 1445 mensem
1302 1398 1603 1460 supersunt
1652 1401 1761 1447 tres

164 1479 256 1533 alii
305 1478 443 1534 dies.
491 1478 610 1534 Non
667 1495 803 1552 ergo
853 1481 908 1536 in
961 1483 1194 1537 alterum
1251 1497 1492 1539 mensem
1524 1483 1758 1553 recidit,

165 1569 382 1641 quando
421 1571 562 1626 intra
612 1571 864 1627 eumdem
912 1589 1157 1630 mensem
1186 1616 1200 1641 ,
1243 1575 1335 1645 qui
1381 1575 1590 1646 primus
1633 1583 1758 1642 est,

167 1661 366 1734 pascha
411 1663 802 1720 celebrabitur.
834 1665 914 1719 Ad
952 1666 1186 1722 litteram
1230 1676 1415 1723 autem
1458 1683 1560 1724 nos
1589 1667 1762 1724 teneri

1866 475 1976 528 vos,
2010 472 2032 499 ο
2063 471 2110 515 et
2144 478 2247 516 non
2274 463 2370 516 erit
2409 464 2464 518 in
2494 466 2634 521 vobis
2665 469 2822 541 plaga
2851 471 3164 524 exterminii.
3199 471 3268 527 Et
3291 484 3468 529 conte-

1868 568 1981 605 ram
2010 562 2199 608 terram
2229 553 2475 628 Egypti,
2503 566 2552 611 et
2581 559 2676 612 erit
2703 560 2812 614 dies
2835 559 2918 614 hic
2947 563 3089 616 vobis
3117 565 3466 619 memorabilis

1866 653 1914 699 et
1940 645 2211 714 solemnis,
2243 657 2292 701 et
2319 648 2456 702 diem
2479 653 2666 722 festum
2687 654 2850 724 agetis
2872 669 2986 707 eum
3010 651 3234 708 Domino
3259 655 3313 709 in
3343 673 3462 722 pro-

1865 739 2041 807 genies
2083 749 2302 806 vestras,
2344 741 2631 812 legitimum
2666 745 3059 815 sempiternum,
3099 746 3236 801 diem
3276 749 3465 818 festum

1865 829 2027 900 agetis
2056 829 2208 884 illum
2242 829 2432 900 (Ibid.,
2466 833 2501 888 5
2527 843 2576 890 et
2601 837 2759 908 seq.).

1935 922 2026 980 20.
2060 924 2409 984 Advertimus
2458 937 2517 984 et
2560 931 2833 1000 passionis
2872 932 3019 990 diem
3043 933 3376 1006 descriptum
3406 937 3461 992 in

1859 1015 2104 1086 jejunio,
2134 1019 2260 1088 quia
2299 1019 2367 1075 ad
2410 1035 2702 1093 vesperum
2750 1025 3082 1083 occidendus
3123 1037 3210 1085 est
3249 1044 3460 1100 agnus;

1865 1107 1991 1164 licet
2016 1109 2264 1167 ultimum
2293 1121 2509 1184 tempus
2535 1132 2637 1187 pro
2661 1132 2893 1190 vespere
2915 1122 3188 1190 possimus
3209 1125 3462 1193 accipere

1863 1200 2162 1256 secundum
2188 1202 2479 1272 Joannem,
2513 1208 2602 1278 qui
2643 1209 2762 1264 ait:
2800 1210 2980 1273 Pueri,
3018 1215 3295 1268 novissima
3332 1214 3464 1269 hora

1863 1302 1936 1347 est
1967 1293 2012 1365 (l
2039 1293 2194 1350 Joan.
2239 1313 2296 1364 ll,
2328 1297 2442 1368 i8).
2476 1299 2584 1356 Sed
2617 1311 2672 1357 et
2693 1303 2846 1373 juxta
2876 1307 3195 1376 mysterium
3232 1323 3464 1379 vespere

1865 1385 1974 1442 diei
1999 1399 2218 1444 constat
2255 1391 2520 1460 occisum,
2569 1395 2789 1464 quando
2821 1399 3063 1454 tenebras
3091 1401 3274 1456 statim
3307 1401 3465 1457 factae

1864 1487 2111 1534 suntzet
2159 1480 2424 1550 jejunium
2470 1483 2826 1542 deferendum
2875 1504 2942 1545 eo
2981 1491 3072 1547 die
3101 1507 3290 1547 verum
3332 1503 3462 1559 est,

1865 1571 1988 1640 quia
2016 1572 2088 1627 ita
2112 1573 2288 1628 edetis
2317 1575 2467 1630 illum
2500 1592 2622 1632 cum
2661 1579 3060 1647 sollicitudine;
3087 1583 3466 1654 jejunantibus

1865 1663 2009 1717 enim
2039 1664 2356 1720 sollicitudo
2380 1667 2646 1723 adhaeret.
2679 1670 3120 1728 liesurrectiouis
3149 1684 3332 1730 autem
3378 1675 3470 1732 die

169 1773 273 1812 non
303 1766 559 1829 oportere
581 1799 595 1824 ,
639 1758 770 1832 licet
812 1761 1153 1815 consuetudo
1191 1760 1504 1817 celebrandi
1559 1760 1760 1831 pascha
1791 1767 1840 1828 Β
1867 1757 2160 1814 exsultatio
2186 1760 2497 1816 reiectionis
2513 1771 2599 1817 est
2619 1771 2780 1834 atque
2810 1765 3011 1821 laetitia:
3034 1809 3048 1832 ,
3071 1782 3181 1838 quo
3209 1769 3296 1825 die
3319 1770 3472 1827 vide-

165 1852 278 1921 ipsa
326 1866 429 1908 nos
469 1853 734 1918 instruat;
786 1865 965 1911 tamen
1011 1865 1066 1910 et
1109 1857 1403 1926 Apostolus
1445 1857 1626 1923 docet,
1668 1859 1760 1928 qui

165 1942 240 1998 ait
267 1961 279 1996 :
304 1941 513 1998 Pascha
541 1955 775 2000 nostrum
802 1946 1101 2002 immolatus
1131 1957 1205 2002 est
1233 1946 1466 2004 Christus
1497 1949 1539 2020 (Ι
1557 1949 1676 2006 Cor.
1705 1967 1758 2019 ν,

170 2039 254 2111 7).
284 2038 393 2096 Sed
419 2049 474 2095 et
513 2040 794 2110 preposita
838 2041 1001 2097 lectio
1049 2041 1209 2098 docet
1255 2043 1487 2098 litteram
1533 2059 1644 2100 non
1675 2060 1765 2100 se-

166 2131 465 2203 quendam;
498 2133 578 2188 sic
606 2134 752 2189 enim
785 2133 954 2190 habes
982 2152 994 2188 :
1025 2134 1093 2188 Et
1130 2136 1292 2207 facies
1323 2137 1514 2203 pascha
1535 2135 1761 2192 Domino

168 2225 276 2281 Deo
307 2236 396 2281 tuo
425 2228 811 2297 quartodecimo
834 2229 1004 2303 886
1031 2230 1114 2284 die
1149 2231 1338 2285 mensis
1367 2232 1521 2300 primi
1551 2231 1570 2302 (
1587 2231 1759 2288 Exod.

166 2335 262 2385 ιιι,
297 2319 410 2388 18).
447 2319 600 2375 Diem
632 2335 732 2390 pro
761 2321 887 2376 luna
914 2321 1079 2386 dicit;
1111 2321 1252 2378 unde
1284 2323 1597 2393 peritissimi
1627 2339 1764 2394 quo~

164 2427 271 2481 que
296 2411 592 2467 secundum
620 2412 817 2484 Legem
860 2414 1037 2468 lunari
1066 2429 1230 2469 cursu
1261 2423 1578 2485 computant
1612 2431 1765 2471 men-

164 2520 284 2562 sem
311 2521 325 2558 :
359 2515 413 2562 et
440 2505 563 2563 ideo
587 2522 710 2564 cum
738 2523 766 2562 a
797 2508 1045 2578 pluribus
1081 2507 1243 2564 nonis
1289 2509 1431 2564 luna:
1461 2523 1655 2566 cursus
1683 2511 1760 2564 in-

162 2598 373 2669 cipiat,
422 2597 526 2653 hoc
569 2608 688 2664 est,
734 2598 852 2655 dies
906 2599 1147 2669 primus,
1184 2609 1209 2636 α
1238 2599 1393 2656 vides
1433 2615 1604 2657 nonas
1642 2601 1766 2656 Maii

164 2691 345 2747 adhuc
361 2691 428 2747 ad
451 2707 692 2748 mensem
717 2693 951 2763 primum
975 2708 1237 2750 novorum
1258 2695 1560 2768 computari
1578 2709 1759 2766 posse.

163 2784 312 2856 Ergo
325 2793 381 2840 et
401 2785 553 2856 juxta
573 2786 734 2855 Legis
757 2788 1086 2844 sententiam
1106 2788 1314 2858 primus
1336 2788 1424 2844 hic
1439 2789 1644 2845 mensis
1661 2798 1763 2846 est.

166 2879 413 2950 Denique
465 2884 627 2952 μήνην
676 2879 858 2935 lunam
899 2889 1100 2936 vocant
1147 2880 1324 2938 Graeci
1352 2923 1366 2948 ,
1419 2882 1564 2938 unde
1603 2888 1767 2955 μήνας

165 2971 359 3028 Graece
404 2971 596 3028 dicunt
640 2988 892 3039 menses;
929 2982 984 3029 et
1021 2975 1285 3030 naturalis
1329 2989 1459 3030 usus
1491 2975 1767 3031 nationum

165 3073 476 3121 exterarum
497 3066 680 3121 lunam
702 3080 802 3135 pro
822 3065 1016 3122 diebus
1039 3066 1298 3138 appellat.

1864 1859 1951 1906 tur
1979 1853 2159 1908 exisse
2201 1853 2434 1924 populus
2461 1870 2528 1910 ex
2561 1855 2820 1928 IEgypto,
2865 1860 3153 1930 primitivis
3190 1861 3474 1934 Egyptio-

1864 1957 1982 1998 rum
1998 1945 2395 2016 887necatis.
2417 1947 2572 2014 Quod
2596 1952 2898 2018 posteriora
2917 1953 3230 2010 evidentius
3247 1954 3470 2022 docent,

1865 2039 1918 2090 in
1949 2038 2149 2107 quibus
2173 2040 2249 2093 ait
2276 2039 2580 2110 Scriptura,
2614 2045 2740 2113 quia
2773 2053 3061 2116 postquam
3093 2047 3344 2105 fecerunt
3374 2051 3470 2106 )uc

1864 2133 1970 2188 dati
2016 2135 2238 2204 pascha,
2272 2137 2416 2192 sicut
2442 2141 2706 2208 praecepit
2733 2139 2973 2211 Moyses,
3005 2145 3203 2214 factum
3230 2155 3306 2200 est
3333 2147 3474 2200 circa

1864 2226 2087 2281 mediam
2114 2238 2334 2293 noctem,
2376 2237 2425 2282 et
2465 2228 2722 2284 Dominus
2775 2235 3025 2301 percussit
3054 2251 3204 2290 omne
3242 2238 3474 2307 primiti-

1865 2336 1985 2374 vum
2011 2321 2065 2373 in
2106 2329 2242 2374 terra
2269 2319 2496 2394 Egypti
2516 2363 2533 2390 ,
2561 2338 2593 2375 a
2624 2324 2890 2392 primitivo
2928 2323 3241 2382 Pharaonis.
3277 2327 3350 2382 Et
3386 2347 3473 2383 ro-

1866 2415 1998 2468 cavit
2038 2413 2254 2482 Pharao
2292 2415 2512 2486 Moysen
2542 2425 2590 2470 et
2625 2417 2800 2471 Aaron
2847 2429 3027 2486 nocte,
3065 2431 3112 2474 et
3159 2420 3292 2474 dixit
3321 2422 3468 2477 illis:

1868 2507 2079 2579 Surgite
2098 2517 2143 2561 et
2173 2510 2306 2563 exite
2331 2509 2395 2562 de
2423 2510 2618 2580 papula
2647 2526 2780 2576 meo,
2809 2507 2835 2546 ά
2867 2519 2914 2564 et
2953 2526 3038 2565 vos
3067 2520 3113 2564 et
3145 2512 3245 2580 ﬁlii
3275 2515 3429 2567 vestri
3451 2531 3471 2568 :

1866 2600 1936 2655 ite
1962 2609 2010 2655 et
2049 2601 2231 2655 servile
2257 2597 2484 2655 Domino
2512 2600 2623 2655 Deo
2655 2611 2821 2656 vestro
2853 2601 3064 2674 (Exod.
3097 2619 3173 2657 xtt
3191 2643 3206 2668 ,
3234 2603 3398 2660 29-51
3425 2603 3471 2674 ).

1869 2691 1934 2748 Et
1965 2692 2231 2764 urgebant
2258 2691 2499 2764 Egyptii
2520 2693 2800 2764 populum,
2828 2692 3153 2749 festinantes
3183 2708 3343 2764 quam
3375 2709 3471 2750 ce-

1869 2785 2094 2841 lerrime
2108 2785 2406 2855 expellere.
2429 2785 2600 2855 Deniq
2611 2801 2676 2840 ue
2691 2786 2769 2840 sie
2781 2785 3012 2855 profecti
3035 2797 3162 2842 sunt
3185 2786 3472 2852 lsraelitze,

1870 2886 1931 2932 ut
1971 2893 2080 2931 non
2109 2883 2424 2932 occurreret
2445 2876 2553 2931 sibi
2585 2891 2772 2948 azyma
2803 2878 3164 2942 fermentare;
3191 2879 3475 2950 cjecerunt

1871 2973 2016 3027 enim
2040 2985 2135 3026 eos
2153 2971 2417 3042 Egyptii,
2441 2978 2496 3026 et
2517 2985 2622 3026 non
2637 2979 2933 3040 potuerunt
2950 2972 3248 3039 sustinere,
3272 2980 3295 3009 ο
3311 2987 3473 3042 quem

1871 3074 2194 3137 apparatum
2227 3065 2328 3119 sibi
2358 3064 2602 3121 fecerant
2632 3064 2685 3119 in
2723 3064 2886 3120 viam.

235 3157 330 3214 l9.
363 3157 540 3212 Alium
566 3167 748 3212 autem
785 3156 930 3213 diem
971 3157 1262 3228 passionis,
1299 3159 1464 3214 alium
1490 3173 1768 3216 resurrec-
1795 3160 1840 3224 C
1944 3157 2033 3218 2L
2051 3157 2374 3214 Reseratum
2400 3156 2659 3228 estigitur
2685 3156 2828 3214 diem
2846 3157 3265 3213 resurrectionis
3290 3157 3478 3214 obser-

164 3252 331 3308 tionis
351 3251 736 3308 celebrandum
764 3251 966 3308 veteris
983 3267 1200 3322 quoque
1226 3251 1563 3308 Testamenti
1594 3253 1767 3309 series

163 3347 436 3413 ostendit;
467 3348 548 3404 sic
591 3347 736 3402 enim
769 3346 976 3403 habes:
1011 3347 1189 3419 Agnus
1222 3348 1333 3402 sine
1359 3348 1586 3416 macula,
1617 3364 1768 3402 mun-

161 3441 290 3504 dus,
313 3448 720 3505 consummatus,
749 3438 1055 3505 anniculus,
1079 3438 1341 3492 masculus
1364 3439 1460 3492 erit
1491 3438 1649 3504 vobis,
1704 3439 1766 3492 ab

161 3533 346 3590 ovibus
370 3544 417 3588 et
443 3533 610 3588 htedis
650 3533 883 3600 sumetis,
917 3541 961 3587 et
992 3532 1086 3586 erit
1134 3531 1273 3586 vobis
1317 3534 1373 3586 in
1415 3532 1767 3587 observatione

160 3645 326 3701 usque
348 3631 403 3683 in
431 3628 920 3699 quartamdecimam
939 3628 1128 3683 mensis
1157 3629 1333 3701 hujus,
1366 3635 1414 3681 et
1435 3628 1672 3682 occidetis
1704 3627 1769 3681 il-

161 3721 278 3774 lum
323 3715 352 3756 δ
402 3727 510 3772 tota
552 3717 829 3773 multitudo
878 3717 1178 3789 Synagoga:
1217 3716 1445 3786 ﬁliorum
1490 3715 1657 3770 Israel
1698 3715 1766 3769 ad

160 3828 455 3884 vesperum,
490 3822 539 3866 et
562 3794 765 3867 sument
793 3812 856 3866 de
875 3812 1125 3882 sanguine
1153 3811 1287 3882 ejus,
1320 3819 1367 3864 et
1394 3819 1582 3878 ponent
1611 3825 1766 3879 super

163 3907 302 3961 duos
332 3913 528 3976 postes,
560 3913 609 3958 et
635 3919 790 3973 super
820 3903 972 3957 limen
1016 3903 1135 3958 ostii
1159 3903 1364 3966 domus,
1393 3902 1464 3970 'jn
1490 3917 1591 3970 qua
1616 3916 1765 3954 man-

163 3999 430 4054 ducabunt
454 4014 571 4052 eum
595 3998 734 4052 inter
773 3998 1074 4067 semetipsos
1099 4011 1116 4049 :
1143 3992 1527 4048 manducabunt
1557 4008 1764 4046 carnem

164 4091 305 4146 hanc
349 4097 504 4144 noctu
546 4089 654 4159 igni
704 4098 960 4153 assatam;
991 4095 1044 4141 et
1089 4084 1228 4139 infra
1263 4101 1274 4136 :
1305 4083 1372 4137 Et
1409 4083 1569 4138 edetis
1613 4083 1762 4136 illum

163 4199 286 4238 cum
307 4181 692 4248 sollicitudine;
718 4184 912 4252 pascha
940 4189 1015 4235 est
1039 4178 1175 4234 enim
1195 4175 1408 4232 Domini
1429 4187 1479 4231 et
1502 4186 1765 4247 pertrans-

164 4277 249 4332 ibo
280 4277 334 4329 in
363 4286 555 4332 terram
585 4273 964 4346 Egyptiorum
994 4273 1048 4327 in
1075 4280 1221 4327 nocte
1261 4270 1378 4336 illa,
1409 4279 1458 4324 et
1483 4271 1770 4340 percutiam

166 4384 319 4424 omne
368 4369 686 4439 primitivum
716 4368 769 4420 in
796 4365 1032 4438 Αἴθρη)ιο
1067 4365 1129 4421 ab.
1160 4363 1366 4418 homine
1393 4379 1553 4433 usque
1581 4362 1648 4417 ad
1676 4379 1768 4432 pe-

1869 3248 2103 3304 vandum
2152 3257 2275 3319 post
2298 3247 2440 3302 diem
2469 3247 2758 3318 passionis,
2797 3247 2888 3318 qui
2914 3247 3030 3304 dies
3058 3248 3475 3305 resurrectionis

1869 3359 1975 3400 non
1999 3342 2403 3415 quartadecima
2423 3343 2547 3397 luna
2562 3343 2724 3398 debet
2739 3357 2883 3408 esse,
2907 3343 3002 3398 sed
3019 3352 3232 3413 postea,
3247 3352 3300 3398 ut
3317 3351 3476 3398 vetus

1868 3437 2106 3508 loquitur
2133 3436 2577 3502 Testamentum;
2613 3433 2632 3472 τ
2647 3436 2772 3506 quia
2802 3435 2921 3492 dies
2954 3437 3398 3503 resurrectionis,
3427 3437 3472 3490 is

1869 3530 2300 3601 cumegrediens
2320 3529 2547 3600 populus
2568 3527 2638 3584 de
2658 3527 2918 3600 Egypto,
2940 3529 2994 3583 in
3014 3530 3152 3585 mari
3175 3538 3231 3584 et
3251 3529 3305 3584 in
3323 3531 3472 3585 nube

1869 3621 2195 3692 baptizatus,
2239 3629 2299 3675 ut
2321 3618 2620 3690 Apostolus
2661 3618 2796 3674 dicit
2843 3618 2888 3689 (l
2916 3616 3039 3672 Cor.
3073 3636 3129 3685 χ,
3177 3619 3212 3671 2
3239 3628 3286 3673 et
3313 3622 3470 3689 seq.),

1868 3722 2097 3770 mortem
2131 3713 2280 3780 vicit,
2317 3725 2511 3781 panem
2542 3708 2842 3780 spiritalem
2874 3710 3169 3780 accipiens,
3195 3719 3252 3764 et
3277 3721 3469 3779 potum

1869 3803 1938 3858 de
1960 3813 2115 3874 petra
2142 3798 2403 3856 hauriens
2420 3800 2718 3870 spiritalem
2749 3817 2761 3851 :
2792 3814 2892 3855 nec
2920 3801 3230 3870 passionem
3255 3799 3476 3856 Domini

1865 3895 1953 3950 die
1968 3894 2251 3950 Dominica
2273 3907 2434 3963 posse
2458 3892 2825 3948 celebrarizet
2848 3893 2890 3947 si
2919 3892 3326 3961 quartadecima
3344 3894 3469 3949 luna

1862 3991 1915 4044 in
1946 3987 2280 4043 Dominicam
2305 3985 2580 4053 inciderit,
2623 3985 3020 4056 adjungendam
3068 3985 3465 4045 hebdomadam

1865 4084 2114 4148 alteram,
2137 4079 2758 4151 sicutetseptuagesimo
2770 4087 2926 4135 sexto
2947 4093 3090 4135 anno
3108 4095 3172 4135 ex
3198 4080 3469 4153 dieimpe-

1868 4176 1930 4231 rii
1947 4173 2269 4229 Diocletiani
2296 4173 2495 4229 factum
2510 4182 2614 4228 est.
2638 4171 2772 4227 Nam
2804 4179 2934 4226 tunc
2955 4182 2979 4219 ε
2993 4171 3260 4242 vigesimo
3273 4183 3470 4230 octavo

1867 4269 1956 4325 die
1983 4266 2302 4324 Pharmuthi
2341 4267 2567 4335 mensis,
2591 4267 2684 4338 qui
2711 4275 2797 4323 est
2852 4280 2998 4322 nono
3024 4265 3287 4321 kalendas
3315 4267 3466 4335 Maii,

1869 4362 2206 4419 Dominieam
2235 4361 2456 4433 paschae
2485 4362 2886 4420 celebravimus
2932 4362 3050 4419 sine
3093 4361 3204 4418 ulla
3251 4361 3465 4418 dubita-

168 4476 298 4527 cus,
324 4433 380 4516 eti
400 4461 455 4514 in
485 4460 622 4514 omni
650 4468 788 4514 terra
825 4433 1048 4532 Eggpti
1086 4458 1273 4530 faciam
1305 4457 1619 4522 vindictam,
1669 4433 1841 4527 ego”
1869 4457 2015 4513 tione
2033 4456 2320 4528 majorum.
2354 4455 2526 4514 Simul
2568 4457 2735 4514 etiam
2783 4457 2926 4513 lunae
2974 4471 3167 4514 cursus
3217 4466 3273 4513 et
3325 4459 3469 4512 ratio

167 4551 449 4610 Dominus.
477 4550 548 4605 Et
575 4552 670 4605 erit
714 4550 858 4638 vobis
907 4551 1119 4622 sanguis
1155 4551 1210 4604 in
1237 4551 1383 4621 signo
1413 4550 1467 4604 in
1492 4548 1761 4616 domibus,

237 4720 268 4747 ἰ
298 4710 457 4766 Rom.
489 4708 646 4775 edit.,
683 4707 837 4762 Vides
868 4707 1036 4778 pridie
1061 4722 1220 4762 nonas
1245 4705 1408 4774 Maii;
1437 4714 1569 4772 vet.,
1601 4706 1757 4763 Vides

170 4797 334 4837 nonas
363 4780 516 4836 Maii.
549 4779 843 4835 Commoda
885 4779 1078 4843 lectio;
1111 4792 1232 4832 cum
1274 4780 1419 4833 enim
1459 4793 1596 4834 nova
1631 4778 1753 4832 luna

170 4855 330 4920 primi
359 4853 586 4917 mensis,
614 4862 672 4905 ttt
717 4858 867 4906 netat
901 4849 1117 4914 Balbus,
1153 4864 1220 4903 ex
1264 4849 1754 4904 Alexandrinorum

170 4927 326 4994 cyclo
356 4924 596 4993 incipere
644 4922 816 4991 possit
843 4921 930 4994 vel
957 4936 991 4994 v
1023 4920 1217 4994 April,
1256 4923 1316 4975 lit
1354 4931 1414 4994 ut
1449 4936 1606 4994 nona;
1627 4920 1758 4994 Maii

170 4991 347 5063 primo
374 4991 550 5050 lunari
582 4991 1133 5048 Iliense—includantur
1154 4992 1461 5063 aliquando.
1490 4991 1596 5063 Sed
1620 4991 1758 5046 forte

173 5061 279 5122 non
325 5075 582 5137 putarunt
626 5065 782 5119 llom.
817 5064 1053 5119 editores
1090 5077 1260 5116 nonas
1277 5061 1376 5137 _ad
1419 5062 1758 5137 superiorem

172 5131 418 5193 mensem
468 5137 744 5207 pertinere
795 5149 987 5205 posse;
1020 5149 1140 5190 cum
1182 5148 1250 5189 ex
1277 5131 1441 5207 Festo
1477 5147 1643 5207 nonae
1679 5131 1760 5207 di-

172 5218 364 5264 cantur
388 5224 420 5262 a
455 5203 590 5262 nova
619 5209 765 5271 luna,
796 5203 938 5278 quod
968 5207 1169 5278 incidat
1202 5207 1254 5278 in
1282 5219 1376 5258 eas
1395 5203 1536 5258 luna:
1565 5205 1764 5278 princi-

174 5280 320 5348 pium
346 5300 358 5333 :
385 5295 450 5334 ex
481 5278 754 5334 Macrobio
774 5275 976 5341 autem,
999 5276 1142 5346 quod
1174 5277 1282 5348 sint
1304 5275 1763 5348 quasiexordium

174 5345 328 5406 nova:
371 5351 786 5407 observationis.
811 5353 882 5404 At
927 5345 1234 5418 hujusmodi
1263 5345 1618 5418 etymologiae
1660 5361 1768 5402 non

176 5432 302 5476 sunt
329 5424 481 5477 tanti.
507 5421 576 5476 Et
597 5425 838 5492 profecto
861 5417 1007 5476 recte
1048 5419 1135 5473 hic
1155 5420 1224 5474 ab
1244 5417 1534 5492 Ambrosio
1555 5419 1772 5492 dicitur,

177 5507 290 5565 cum
315 5512 350 5565 να
380 5489 615 5565 pluribus
645 5493 814 5565 nonis,
841 5501 980 5558 etc.,
1005 5506 1110 5565 non
1137 5499 1321 5565 autem
1350 5491 1418 5545 ab
1438 5489 1711 5546 omnibus.

249 5564 274 5602 δ
306 5561 455 5620 Urius
484 5565 604 5620 cod.
646 5563 765 5616 Vat.
799 5572 904 5616 tota
930 5561 1258 5633 multitudine
1284 5561 1596 5633 Synagogte.

253 5646 276 5704 φ
304 5635 459 5692 Tres.
492 5649 651 5700 mss.,
680 5643 850 5689 etnon
882 5636 974 5704 erit
1003 5632 1142 5688 vobis
1180 5633 1235 5684 in
1265 5632 1441 5704 plaga.

248 5703 274 5742 ἀ
302 5706 533 5775 Edit.,et
556 5721 666 5770 vos,
692 5713 739 5760 et
771 5705 866 5768 ﬁlii
895 5703 1082 5760 Israel.

253 5785 277 5814 °
302 5778 426 5836 Vet.
455 5772 586 5836 edit.
616 5790 740 5830 cum
772 5776 942 5830 tribus
968 5790 1126 5840 mss.,
1157 5772 1430 5839 sustinere,
1453 5783 1766 5844 apparatum

585 5873 872 5935 ΡΑτιιοι..
909 5871 1084 5934 XVI.

1872 4548 2220 4621 sull‘ragatur,
2279 4549 2536 4622 quoniam
2583 4549 2843 4621 vigesima
2875 4550 3050 4619 prima
3108 4549 3234 4604 luna
3283 4550 3468 4620 proxi-

1862 4707 1959 4760 sibi
1977 4706 2236 4783 fec_erant;
2266 4708 2844 4783 Rom_.,sustiner_e,'nec
2876 4720 3182 4781 apparatum
3202 4712 3300 4767 sibi
3329 4715 3464 4783 fece-

1863 4788 2001 4831 runt.
2041 4779 2107 4833 Et
2133 4791 2284 4835 certe
2310 4779 2672 4849 suffragantur
2693 4780 2818 4836 huic
2845 4779 3167 4837 correctioni
3188 4779 3348 4838 verba
3373 4784 3462 4841 illa

1861 4849 2036 4925 Exodi
2063 4866 2159 4925 xtl,
2183 4854 2266 4905 καὶ
2285 4853 2388 4922 οὐχ
2409 4850 2724 4925 ᾐᾷυνηθήσαν
2747 4854 3019 4925 ἐπιμεῖναι,
3052 4852 3164 4909 οὐδὲ
3201 4855 3459 4911 ἐπισιτισ-

1863 4921 1955 4992 μὸν
1981 4923 2246 4985 ἐποίησαν,
2269 4919 2384 4976 θιόί
2414 4919 2802 4992 Verumtamen
2832 4919 2974 4977 "cum
3006 4925 3294 4979 lectionem
3320 4942 3458 4982 unus

1872 4992 1986 5046 Vat.
2041 4991 2211 5045 codex
2252 4990 2565 5062 suppeditet
2609 4991 2678 5045 ab
2707 4991 2802 5046 illo
2857 5002 3006 5048 textu
3056 4995 3198 5049 haud
3230 4996 3458 5052 multum

1861 5063 2250 5130 recedentem,
2308 5061 2372 5118 in
2417 5061 2621 5117 texttim
2681 5063 3050 5133 recipiendam
3119 5067 3464 5122 existimavi-

1866 5149 2009 5190 mus.

1942 5203 1962 5242 ί
1989 5202 2125 5278 Cod.
2155 5203 2276 5278 vat.
2309 5219 2449 5261 unus
2471 5243 2490 5273 ,
2538 5204 2677 5275 quod
2708 5204 2815 5260 dies
2853 5207 3109 5278 passionis
3152 5217 3290 5277 sunt,
3343 5227 3461 5266 cum

1870 5275 2154 5348 egrediens.
2185 5275 2292 5332 εἶθ.
2570 5347 2575 5348 γ
2804 5347 2825 5348 7
2854 5275 2863 5278 “
3278 5275 3283 5277 ⁷
3397 5281 3400 5284 ’

1947 5357 1972 5395 8
1992 5348 2195 5424 Omnes
2214 5347 2677 5424 edi_t.,_tr_i_ge_simo_
2688 5348 2770 5424 die
2795 5347 3107 5424 Pharmuthi
3136 5352 3342 5424 mensis,
3374 5357 3463 5424 qui

1877 5429 1951 5475 est
1980 5419 2196 5487 septimo
2225 5418 2329 5474 kat.
2348 5417 2498 5473 Maii.
2517 5419 2625 5476 Sed
2643 5420 2843 5476 Balbus
2869 5435 2932 5476 ac
2953 5420 3256 5478 Bucherius
3273 5417 3462 5479 emen-

1878 5491 2116 5546 dationis
2135 5490 2322 5566 locum
2342 5491 2586 5566 indigere
2611 5491 3112 5566 deprehenderunt,
3131 5505 3296 5566 atque
3323 5495 3464 5566 adeo

1872 5561 2245 5636 reponendum
2272 5563 2518 5636 vigesimo
2534 5561 2710 5618 octavo
2727 5562 2877 5636 die...
2897 5563 2986 5632 qui
3002 5576 3077 5619 est
3098 5580 3156 5620 ιχ
3174 5561 3279 5620 kal.
3308 5565 3461 5621 Maii.

1870 5632 2085 5703 Optima
2115 5632 2570 5706 correctiroq;rcum
2600 5637 2746 5690 enim
2766 5635 2878 5690 illic
2898 5644 3087 5706 agatur
3107 5636 3175 5692 de
3202 5651 3350 5693 anno
3376 5654 3466 5695 re-

1871 5713 2078 5772 paratae
2113 5705 2308 5760 salutis
2343 5703 2472 5771 360,
2512 5706 2674 5762 aliter
2702 5721 2767 5763 ea
2797 5703 2955 5763 inter'
2970 5721 3030 5763 se
3056 5709 3339 5767 cohaerere
3367 5725 3467 5768 ηε-

1869 5787 2139 5844 quaquam
2169 5782 2415 5846 possunt.

2921 5874 3003 5938 33
