4040 6166
182 275 327 330 1057

1403 269 1692 328 EPISTOL
1705 277 1734 324 ,ἱ
1747 261 1893 326 RUM
1924 260 2207 328 CLASSIS
2234 269 2275 327 l.

3348 279 3488 338 1058

174 388 458 458 patienter
489 385 703 452 audias,
732 402 854 456 qua:
904 385 1215 442 referantur
1239 387 1380 441 istis.
1412 385 1712 456 Propterea
1739 395 1792 438 et
1820 387 1874 446 Α
1900 399 2072 438 nanus
2113 399 2350 455 genere;
2385 401 2507 442 cum
2540 398 2594 442 tu
2646 389 2918 446 miniteris
2973 395 3205 465 imperio
3244 396 3494 454 Romano

171 497 277 554 ego
329 481 476 548 veni,
519 482 644 552 quia
691 481 862 550 prima
916 481 1203 553 legatione,
1254 481 1379 535 dum
1427 480 1558 535 mihi
1586 481 1786 546 credis,

174 589 276 645 per
303 585 396 629 me
419 574 714 646 deceptum
743 588 796 630 te
827 589 950 631 esse
978 576 1288 631 asserebas.
1318 574 1628 630 Gloriosum
1655 574 1788 629 mihi

175 677 261 722 est
294 678 353 721 et
381 667 489 722 hoc
522 682 622 738 pro
652 669 825 724 salute
852 667 1042 739 pupilli
1075 668 1442 738 imperatoris.
1465 670 1612 734 Quos
1643 668 1786 722 enim

174 759 425 829 episcopi
457 759 827 829 magis,quam
856 760 1088 830 pupillos
1109 760 1376 816 debemus
1399 761 1538 815 tueri
1567 759 1789 829 ‘PScrip-

175 861 290 906 tum
354 861 440 906 est
496 851 646 906 enim
693 850 983 906 :Judicote
1033 852 1260 924 pupillo,
1308 863 1355 906 et
1399 852 1686 924 justiﬁcate
1715 852 1789 905 ri-

178 948 360 1014 deam,
388 958 438 1001 et
480 948 664 1018 eripite
713 949 967 1015 iniuriam
1001 949 1340 1018 accipientem
1369 947 1542 1020 (Emi.
1570 962 1608 1008 1,
1645 947 1736 1014 l7)
1773 963 1787 1010 ;

179 1048 231 1096 et
257 1041 396 1094 alibi
425 1040 672 1095 :Judices
691 1041 992 1104 viduarum,
1021 1051 1069 1095 et
1088 1049 1260 1112 patres
1289 1040 1642 1109 orphnnorum
1664 1037 1784 1108 (Ps.

180 1151 352 1202 vatt,
387 1133 467 1203 6).

247 1229 305 1283 6.
340 1228 552 1284 Tamen
584 1242 697 1282 non
729 1229 1083 1298 exprobrabo
1125 1227 1452 1284 beneficium
1483 1243 1661 1280 mennt
1689 1227 1791 1280 Va-

178 1325 513 1381 lentiniano.
543 1323 614 1380 Ut
663 1338 854 1378 verum
911 1325 1157 1392 eloquar,
1189 1323 1281 1376 ubi
1334 1336 1433 1392 ego
1467 1324 1571 1376 luis
1623 1321 1794 1391 legio-

179 1416 348 1471 nibus
369 1417 582 1482 obstiti,
618 1417 913 1486 quominus
941 1415 1198 1471 inﬂueres
1229 1416 1280 1468 in
1311 1413 1517 1468 Italiam
1541 1414 1563 1466 ?
1585 1413 1793 1481 Quibus

181 1507 466 1579 rupibus?
495 1521 598 1578 qua
649 1508 810 1563 acie?
841 1507 1040 1579 quibus
1097 1506 1383 1562 numeris?
1413 1506 1496 1560 An
1523 1519 1652 1562 vero
1675 1520 1794 1559 eor-

183 1617 315 1672 pore
344 1617 473 1655 meo
503 1601 676 1656 clausi
709 1601 800 1655 tibi
833 1600 1041 1669 Alpes?
1073 1609 1098 1636 ε
1120 1599 1335 1655 Utinam
1369 1600 1470 1654 hoc
1499 1613 1678 1653 meum
1709 1614 1795 1653 es-

184 1697 301 1751 set!
331 1695 704 1764 objectionem
738 1705 842 1748 non
888 1693 1164 1757 timerent,
1215 1707 1324 1746 non
1355 1706 1578 1747 vererer
1613 1691 1797 1746 crimi-

1894 475 2251 532 barbarorum
2271 480 2489 547 auxilia,
2513 491 2567 535 et
2588 489 2790 537 turmas
2813 485 3262 555 trauslimitanas,
3291 493 3488 560 quibus

1891 579 2233 624 commeatus
2258 567 2283 606 ἀ
2316 571 2733 641 provincialium
2765 576 2971 631 tributa
2996 579 3324 636 solvebant?
3357 583 3488 639 Vide

1892 671 2074 716 autem
2089 663 2447 732 quidintersit
2470 666 2612 721 inter
2641 679 2758 724 tuas
2788 670 3180 739 minitationes,
3202 684 3258 730 et
3282 675 3489 731 Valen-

1894 754 2083 810 tiniani
2125 758 2336 827 augusti
2383 761 2535 830 pueri
2564 765 3057 821 mansuetudinem.
3096 766 3176 822 Tu
3201 767 3486 839 ﬂagitabas

1891 847 2034 915 quod
2060 849 2416 906 barbarorum
2449 855 2681 923 stipattts
2698 858 3191 926 agminibusltalia:
3225 871 3279 919 te
3309 864 3491 918 infun-

1892 936 2054 994 dercs
2082 940 2530 999 :Valentiuianus
2564 955 2587 983 ι
2613 948 2839 1005 llunnos
2871 961 3029 1022 atque
3058 955 3262 1012 Alanos
3292 972 3491 1028 appro-

1896 1031 2223 1100 pinquantes
2238 1034 2427 1090 Gallice
2447 1038 2892 1106 pet-Alemanniae
2907 1046 3328 1102 terrasretlexit.
3351 1047 3490 1116 Quid

1892 1123 2058 1180 habet
2088 1127 2323 1194 invidias,
2355 1131 2398 1184 si
2433 1131 2606 1188 Bauto
2640 1134 2904 1192 barbaros
2942 1154 3064 1195 cum
3090 1142 3336 1198 barbaris
3363 1143 3492 1200 fecit

1895 1215 2191 1273 decernere
2217 1220 2527 1292 ?Quoniam
2559 1225 2686 1280 dum
2714 1238 2766 1281 tu
2819 1231 3048 1287 mil-item
3073 1233 3376 1291 Remanent
3401 1249 3493 1293 oc—

1893 1323 2079 1380 cupas,
2113 1312 2240 1367 dum
2294 1316 2340 1370 is
2363 1317 2656 1373 adversum
2703 1331 2765 1376 se
2807 1324 3062 1394 utrinque
3091 1329 3403 1396 praetendit,
3435 1331 3487 1384 in

1894 1402 2075 1458 medio
2101 1403 2334 1461 Romani
2363 1408 2578 1478 itnperii
2607 1412 2725 1466 sinu
2763 1412 2781 1450 τ
2801 1413 3061 1487 Juthung-i
3094 1421 3499 1490 populabantur

1894 1499 2118 1556 Rbetias
2148 1518 2163 1568 ;
2190 1511 2244 1558 et
2272 1505 2391 1560 ideo
2417 1506 2677 1563 adversus
2707 1509 3041 1583 .lutltungum
3082 1513 3312 1572 Hunnus
3342 1518 3489 1574 acci-

1897 1603 1981 1648 tus
2003 1603 2106 1649 est.
2132 1595 2276 1652 Idem
2307 1605 2486 1655 tamen
2514 1602 2639 1671 quia
2671 1601 2740 1658 de
2770 1604 3003 1660 finitimo
3031 1611 3344 1678 proterebat
3372 1613 3495 1668 Ale-

1898 1691 2200 1758 manniam,
2227 1702 2252 1739 8
2283 1703 2337 1748 et
2372 1694 2485 1764 jam
2520 1696 2590 1751 de
2616 1697 2816 1752 vicinia
2847 1701 2971 1755 mali
3002 1704 3232 1772 urgebat
3255 1704 3496 1765 Gallias:

185 1791 447 1844 nationes
489 1799 629 1844 tuas.
673 1788 882 1854 Quibus
912 1787 1196 1858 promissis
1253 1787 1354 1841 lusi
1413 1796 1489 1852 te,
1548 1795 1609 1840 ut
1675 1787 1792 1858 paci
1827 1775 1870 1834 Β
1899 1789 2120 1837 coactus
2167 1795 2250 1838 est
2306 1787 2610 1856 triumphos
2650 1803 2778 1844 suos
2824 1790 3103 1856 deserere.
3136 1807 3206 1850 ne
3253 1803 3306 1849 tn
3341 1797 3498 1851 time-

184 1883 610 1954 acquiesceres?
636 1881 828 1938 Nonne
861 1883 1000 1936 intra
1029 1880 1235 1936 Gallias
1280 1881 1432 1951 juxta
1462 1882 1650 1936 urbem
1682 1879 1794 1935 Mo-

183 1978 502 2048 gontiacum
536 1991 724 2048 comes
746 1975 774 2013 ι’
807 1975 993 2031 Victor
1047 1975 1289 2031 occurrit
1336 1975 1492 2039 mihi,
1526 1990 1687 2045 quem
1711 1976 1795 2030 di-

185 2071 414 2134 rexisti,
447 2078 509 2124 ut
541 2085 730 2137 pacem
787 2079 1003 2139 rogaret
1031 2069 1055 2122 ἲ
1086 2069 1140 2122 In
1168 2083 1276 2138 quo
1331 2083 1464 2138 ergo
1511 2077 1562 2122 te
1602 2066 1796 2121 fefellit

188 2161 631 2228 Valentinianus,
651 2161 739 2231 qui
775 2161 923 2231 prius
938 2175 1126 2230 pacem
1145 2177 1174 2214 a
1195 2169 1246 2213 te
1270 2169 1492 2230 rogatus
1513 2169 1616 2225 est,
1633 2173 1794 2228 quam

185 2257 540 2327 postularet?
567 2256 620 2310 In
645 2271 752 2325 quo
779 2267 830 2311 te
877 2255 1069 2310 fefellit
1100 2255 1293 2319 Bauto,
1321 2255 1415 2324 qui
1446 2254 1794 2308 devotionem

185 2348 510 2418 imperatori
544 2347 792 2402 exhibuit
819 2348 962 2402 suo?
1000 2346 1079 2401 An
1111 2347 1233 2417 quia
1282 2346 1584 2416 principem
1637 2359 1795 2398 suum

188 2455 292 2496 non
331 2439 626 2510 prodidit?

258 2535 310 2588 7.
349 2533 410 2588 In
459 2547 569 2603 quo
599 2547 697 2603 ego
731 2540 784 2588 te
833 2532 1233 2602 circnmseripsi
1259 2531 1402 2598 iQui
1432 2530 1524 2584 ubi
1565 2530 1796 2599 primum

189 2630 336 2692 veli,
375 2643 502 2682 cum
533 2627 750 2683 diceres
791 2629 935 2697 quod
970 2627 1385 2680 Valentinianus
1428 2624 1494 2679 ad
1549 2635 1598 2678 te
1643 2624 1802 2690 quasi

191 2723 339 2777 ﬁlius
385 2721 455 2776 ad
487 2731 697 2790 patrem
745 2720 932 2775 venire
969 2719 1637 2788 deberet;re5ponderim
1690 2733 1798 2772 non

191 2831 313 2873 esse
373 2831 614 2886 aequum,
655 2825 715 2870 ut
761 2830 957 2885 aspero
990 2815 1189 2870 hiemis
1234 2826 1481 2884 tempore
1510 2827 1646 2883 puer
1677 2828 1798 2867 cum

194 2924 374 2969 matre
415 2913 592 2979 vidua
640 2919 949 2980 penetraret
995 2911 1203 2981 Alpes:
1235 2912 1352 2964 sine
1403 2919 1574 2964 matre
1622 2917 1799 2962 autem

195 3015 351 3061 tanto
386 3004 576 3060 itineri
609 3004 788 3059 dubiis
821 3005 984 3059 rebus
1013 3004 1493 3058 committeretur?
1546 3004 1620 3057 De
1667 3017 1802 3074 pace

201 3111 220 3140 ε
244 3100 410 3154 nobis
436 3099 762 3167 legationem
788 3099 1163 3163 commissam,
1193 3113 1299 3151 non
1332 3096 1399 3152 de
1429 3097 1664 3151 adventu
1685 3095 1802 3165 ejus

1897 1889 2007 1929 res.
2053 1874 2254 1931 Confer
2285 1879 2567 1949 utriusque
2607 1880 2832 1937 factum.
2861 1881 2946 1938 Tu
2997 1883 3174 1941 feeistl
3222 1888 3492 1944 incursari

1898 1965 2168 2034 Rhetias,
2223 1967 2633 2028 Valentinianus
2685 1991 2784 2029 suo
2839 1975 2933 2031 tibi
2981 1990 3118 2034 auro
3173 1993 3362 2050 pacem
3412 2000 3499 2039 re-

1898 2059 2088 2114 demit.

1970 2154 2023 2211 9.
2047 2156 2246 2224 Aspice
2275 2157 2424 2211 illum
2482 2175 2721 2229 quoque,
2761 2163 2849 2232 qui
2886 2163 2978 2217 tibi
3009 2165 3074 2219 ad
3105 2167 3386 2223 dexteram
3413 2185 3498 2224 as-

1899 2249 2065 2310 sistit,
2101 2264 2260 2319 quem
2293 2250 2728 2320 Valentinianus,
2763 2269 2882 2309 cmn
2939 2267 3125 2326 posset
3157 2273 3316 2313 suum
3349 2263 3504 2316 d'o‘lo-

1901 2355 2015 2394 rem
2043 2340 2258 2406 ulcisci,
2288 2341 2616 2397 honoratum
2649 2344 2716 2399 ad
2758 2355 2810 2399 te
2855 2346 3031 2402 redire
3076 2349 3220 2404 fecit.
3255 2351 3504 2408 Tenebat

1902 2446 2023 2488 eum
2043 2433 2094 2486 in
2119 2433 2229 2487 suis
2253 2435 2437 2500 terris,
2459 2447 2620 2507 atque
2639 2438 2825 2507 inipso
2849 2442 3035 2495 nuntio
3063 2445 3213 2498 necis
3245 2444 3502 2502 fraterna:

1902 2527 2134 2583 frenavit
2165 2530 2396 2599 impetus
2431 2549 2443 2584 :
2479 2547 2578 2587 nec
2609 2533 2704 2588 tibi
2733 2533 2908 2588 vicem
2938 2536 3041 2590 etsi
3072 2551 3180 2591 non
3213 2537 3400 2606 parilis
3424 2542 3506 2595 di-

1903 2624 2405 2694 gnitatis,'cjusdem
2425 2636 2606 2681 tamen
2640 2627 3061 2684 necessitudinis
3089 2630 3512 2690 retulit.Coul‘er

1905 2729 2057 2784 ergo,
2093 2715 2371 2786 tejudice,
2408 2719 2691 2790 utriusque
2720 2719 2944 2774 factum.
2973 2721 3068 2776 ille
3097 2722 3192 2778 tibi
3225 2721 3252 2762 ’τι
3285 2724 3506 2781 fratrem

1907 2815 2058 2862 tuum
2085 2810 2361 2865 viventem
2389 2811 2620 2878 remisit,
2653 2824 2710 2866 tu
2770 2813 2844 2868 illi
2878 2813 2962 2869 vel
2993 2824 3266 2871 mortuum
3315 2819 3505 2876 redde.

1905 2900 2046 2969 Quid
2083 2901 2159 2958 illi
2207 2903 2470 2974 reliquias
2503 2907 2747 2976 germani
2777 2907 3037 2979 abnegas,
3064 2910 3154 2978 qui
3187 2911 3281 2968 tibi
3315 2911 3510 2970 adver-

1906 3009 2024 3049 sum
2060 3010 2119 3051 se
2145 2997 2344 3052 auxilia
2370 3013 2474 3052 non
2501 2998 2764 3068 negavit?

1983 3089 2069 3142 10.
2108 3088 2214 3144 Sed
2268 3091 2582 3146 vererisne
2636 3093 2951 3148 exuviarum
2995 3092 3182 3150 reditu
3233 3109 3528 3153 renovetur

199 3192 627 3263 promissionem
679 3192 1000 3260 :Spondere
1038 3207 1136 3245 nos
1189 3191 1240 3244 id
1293 3207 1398 3244 non
1429 3192 1670 3259 petuisse
1691 3203 1809 3243 cer-

1920 3179 2179 3236 militibus
2225 3181 2422 3249 dolor;
2455 3183 2556 3239 hoc
2583 3184 2726 3239 enim
2757 3185 2984 3255 allegas.
3041 3186 3212 3254 Quem
3247 3187 3517 3246 viventem

201 3295 313 3341 tum
346 3295 454 3349 est,
488 3285 631 3354 quod
691 3284 1004 3338 mandatum
1053 3299 1157 3338 non
1192 3293 1345 3338 erat:
1379 3299 1466 3338 me
1491 3295 1641 3338 certe
1673 3283 1807 3337 nihil

203 3378 596 3450 spepondisse,
618 3377 757 3432 adeo
784 3384 844 3430 ut
873 3377 1116 3431 diceres:
1151 3376 1540 3444 Essitectemus
1560 3374 1690 3446 quid
1720 3375 1805 3430 Vi-

205 3482 329 3526 ctor
379 3469 629 3540 responsi
680 3468 903 3524 referat.
934 3469 1089 3523 lllutn
1138 3476 1316 3523 autent
1349 3469 1540 3538 liquet,
1584 3483 1670 3522 me
1725 3483 1811 3523 re-

207 3571 386 3629 tento,
414 3563 732 3632 pervenisse
747 3562 1112 3616 Mediolanum
1141 3577 1155 3626 ;
1183 3569 1540 3632 uegatnmqtte
1562 3562 1815 3633 (πὶ,ωο

210 3654 354 3725 quod
387 3652 723 3724 postulabat.
764 3652 839 3706 De
871 3666 1002 3721 pace
1033 3660 1237 3706 tantum
1266 3654 1584 3721 conspirare
1615 3653 1814 3715 studia,

210 3762 320 3802 non
339 3743 410 3801 de
439 3744 684 3799 adventu
709 3743 1260 3812 imperatoris,qnem
1287 3744 1490 3798 moveri
1523 3759 1626 3795 non
1658 3756 1816 3810 Opor-

213 3841 377 3894 teret.
429 3835 680 3891 Praesens
728 3850 898 3901 eram,
934 3835 1024 3889 ubi
1075 3832 1266 3890 Victor
1323 3836 1501 3890 rediit.
1533 3833 1818 3899 Quomodo

215 3945 350 4001 ergo
383 3929 643 3983 revocavi
677 3927 1117 3982 Valentinianum
1147 3930 1170 3980 ’ἒ
1200 3927 1383 3996 Legati
1425 3928 1619 3980 iterum
1663 3925 1818 3979 missi

218 4025 281 4079 ad
312 4024 544 4086 Gallias,
569 4022 661 4092 qui
683 4022 800 4091 ejus
827 4021 1119 4076 adventum
1143 4029 1426 4090 negarent,
1461 4019 1598 4088 apud
1625 4015 1822 4071 Valen-

220 4122 352 4173 tiam
399 4116 682 4173 Gallorum
737 4130 824 4169 me
871 4122 1235 4183 repererunt:
1291 4112 1490 4166 milites
1539 4112 1824 4180 utriusque

221 4212 417 4282 partis,
451 4208 543 4279 qui
571 4207 1059 4276 custodirentjuga
1085 4205 1374 4270 montium,
1401 4204 1601 4258 oti‘endi
1633 4219 1823 4258 rever-

223 4309 370 4359 lens.
418 4297 568 4369 Quos
600 4315 700 4372 ego
749 4309 874 4354 tuos
922 4299 1173 4354 revocavi
1221 4297 1711 4368 exercitusiquas
1761 4295 1827 4351 de

223 4391 380 4451 italia
412 4390 602 4450 reflexi
633 4392 889 4462 aquilas?
921 4407 1060 4462 quos
1119 4389 1344 4446 innnisit
1373 4389 1637 4446 barbaros
1660 4389 1828 4444 Bauto

226 4488 462 4546 wmmi

293 4583 353 4639 '8.
397 4582 462 4637 Et
482 4581 612 4653 quid
641 4582 836 4665 mirum
867 4580 912 4634 si
939 4579 1040 4636 hoc
1073 4575 1248 4635 Bauto
1274 4578 1510 4644 fecisset,
1530 4576 1839 4633 Transrlte-
1863 4570 1914 4630 D

304 4721 529 4788 ‘Quam
577 4719 792 4773 sincero
838 4715 1032 4772 affectu
1081 4716 1399 4771 Ambrosius
1452 4713 1834 4788 Valentiniano

229 4785 409 4866 puero
437 4805 658 4861 cperam
683 4803 843 4866 _sua_m
963 4789 1230 4866 obeundis
1260 4785 1658 4866 bi_sce_duabus
1682 4786 1829 4866 lega-

235 4856 490 4919 tionibus
514 4861 849 4930 praastiterit,
885 4860 1028 4914 idem
1056 4861 1170 4930 ipse
1201 4860 1252 4913 in
1284 4858 1527 4926 ejusdem
1573 4856 1834 4930 principis

235 4929 554 4990 laudatione
575 4931 783 4987 funebri
814 4929 1227 4995 commemorat,
1248 4947 1407 4997 quam
1437 4929 1684 4984 consule.

308 5007 337 5046 ι’
367 5006 667 5069 Victorem,
702 5003 860 5072 cujus
892 5001 979 5057 hic
1019 5003 1227 5056 mentio
1257 5003 1340 5066 fit,
1364 5002 1526 5054 alium
1551 5013 1829 5072 essecon-

243 5087 398 5133 stata
418 5076 641 5132 Victore
663 5070 877 5130 Maximi
904 5073 1036 5137 ﬁlio,
1057 5089 1214 5141 quem
1243 5074 1577 5141 Arbogastes
1605 5087 1633 5124 a
1657 5070 1834 5125 Theo-

244 5150 402 5204 dosio
428 5157 551 5218 post
579 5160 768 5202 necem
809 5144 1051 5214 ejusdem
1076 5141 1294 5197 Maximi
1327 5144 1377 5196 in
1401 5141 1603 5198 Gallias
1635 5144 1834 5198 missus

243 5219 538 5275 interfecit.

323 5303 344 5330 ι’
370 5290 562 5344 Plures
613 5301 770 5354 mss.,
799 5287 940 5358 vobis
968 5284 1638 5358 legationentpromissam;
1670 5284 1759 5338 alii
1787 5292 1843 5338 et

252 5361 382 5419 c‘dit.
415 5361 610 5428 potiori
633 5373 820 5423 sensu,
853 5357 1065 5412 nobis...
1099 5357 1443 5428 commissam.

321 5433 346 5472 ο
379 5424 533 5487 Rom.
566 5432 695 5484 edit.
721 5446 841 5485 cum
869 5428 1050 5497 paucis
1079 5443 1234 5493 mss.,
1271 5424 1673 5497 provinciarum.

326 5513 350 5543 θ
382 5502 693 5559 Verisimile
715 5513 796 5555 est
829 5496 1053 5555 Hunnus
1084 5542 1097 5564 ,
1132 5496 1417 5568 postquam
1451 5511 1555 5550 una
1585 5513 1705 5549 cum
1729 5496 1836 5551 Go-

257 5573 362 5631 this
421 5593 448 5627 a
501 5573 843 5636 Theodosio,
892 5579 949 5625 ut
989 5570 1235 5624 Zosimus
1287 5572 1379 5624 lib.
1437 5579 1491 5622 tv
1549 5577 1836 5631 memorat,

258 5648 384 5700 victi
411 5647 659 5707 fuissent,
691 5655 882 5714 pacem
929 5659 1098 5711 usque
1127 5652 1272 5714 tunc
1301 5640 1537 5714 coluisse
1565 5656 1684 5693 eum
1733 5639 1841 5692 Ro-

261 5723 432 5770 manis
459 5735 469 5769 :
503 5717 645 5784 quod
669 5711 846 5768 autem
878 5714 942 5768 ad
987 5716 1208 5777 Alanos,
1236 5711 1526 5784 Gratianus
1557 5726 1676 5784 eam
1705 5725 1840 5779 gett-

269 5799 370 5843 tem
399 5781 536 5844 adeo
557 5785 832 5856 diligebat,
867 5794 970 5839 uta
1003 5801 1064 5842 se
1093 5791 1376 5856 preplerea
1405 5781 1614 5835 animos
1648 5781 1842 5837 Roma-

1912 3272 2296 3339 deseruerunt,
2329 3291 2449 3330 eum
2483 3275 2782 3334 defendent
2803 3291 3149 3350 peremptum
3173 3281 3196 3334 ?
3225 3281 3364 3348 Quid
3390 3298 3518 3338 eum

1915 3376 2188 3422 mortuum
2206 3370 2386 3434 times,
2405 3386 2565 3440 quem
2611 3372 2883 3439 occidisti,
2903 3389 3023 3429 cum
3045 3390 3230 3444 posses
3257 3380 3516 3432 servare?

1919 3460 2166 3530 lloste‘m,
2202 3462 2399 3532 inquis,
2437 3478 2616 3518 meum
2652 3466 2881 3534 peremi.
2912 3467 3026 3521 Non
3061 3469 3150 3524 ille
3177 3480 3299 3524 tuus
3326 3470 3520 3535 hostis,

1918 3554 2012 3607 sed
2050 3564 2104 3608 tu
2138 3555 2303 3608 illius.
2332 3556 2427 3610 llle
2479 3556 2592 3625 jam
2625 3573 2729 3611 non
2781 3559 2945 3612 sentit
2985 3559 2999 3595 ί
3033 3561 3431 3630 defensionem,
3467 3575 3522 3617 tu

1920 3660 2143 3700 causam
2171 3647 2481 3700 considera.
2508 3648 2565 3701 Si
2595 3648 2715 3717 quis
2745 3649 3031 3703 adversum
3065 3660 3119 3706 te
3165 3652 3328 3707 hodie
3357 3656 3526 3722 impe-

1923 3737 2061 3791 rium
2085 3739 2136 3791 in
2164 3737 2245 3790 his
2270 3737 2514 3805 partibus
2537 3741 2905 3809 usurpandum
2934 3747 3104 3810 putet,
3133 3759 3321 3813 quacro
3344 3755 3525 3800 utrum

1925 3838 1977 3884 te
1995 3829 2204 3884 hostem
2227 3829 2368 3884 illius
2392 3830 2648 3893 dicas.an
2676 3833 2820 3887 illum
2853 3833 2988 3887 tibi?
3011 3835 3176 3906 891
3201 3835 3311 3890 Nisi
3344 3836 3526 3902 fallor.

1925 3931 2216 3989 usurpator
2247 3923 2448 3975 bellum
2484 3923 2672 3989 infert,
2704 3926 3003 3994 imperator
3030 3927 3116 3994 ius
3146 3943 3300 3983 suum
3326 3939 3527 3986 tuetur.

1927 4013 2074 4083 Ergo
2094 4027 2253 4081 quem
2280 4029 2386 4069 non
2409 4015 2681 4070 debueras
2710 4015 3122 4090 occidere,ejus
3150 4023 3405 4094 reliquias
3437 4039 3531 4079 nc-

1926 4120 2023 4177 gas
2045 4105 2067 4158 ?
2087 4103 2296 4160 Habeat
2317 4105 2731 4162 Valentinianus
2754 4109 3050 4177 imperator
3071 4114 3153 4167 vel
3188 4114 3370 4170 fratris
3400 4132 3531 4171 exu-

1936 4200 2048 4252 vias
2085 4198 2234 4266 pacis
2259 4209 2363 4252 tute
2405 4198 2644 4254 obsides.
2689 4203 2752 4255 lit
2794 4203 3069 4272 quomodo
3093 4206 3366 4276 allegabas
3389 4213 3533 4277 quod

1934 4308 2057 4348 eum
2087 4305 2196 4346 non
2231 4293 2576 4349 mandaveris
2602 4297 2801 4365 occidi,
2829 4311 2988 4368 quem
3012 4301 3267 4370 prohibes
3291 4307 3539 4374 sepeliri?

1938 4385 2144 4440 Poterit
2172 4387 2334 4457 igitur
2361 4387 2510 4443 credi
2539 4391 2684 4459 quod
2723 4392 2771 4446 ei
2796 4407 2902 4448 non
2929 4393 3188 4452 invideris
3219 4397 3408 4463 vitam,
3451 4400 3537 4454 cui

1938 4479 2101 4534 etiam
2133 4480 2464 4549 sepulturam
2491 4482 2743 4538 invides?

2016 4575 2106 4629 11.
2139 4574 2245 4630 Sed
2277 4575 2343 4630 ad
2374 4589 2462 4630 me
2491 4585 2756 4631 revertar.
2806 4579 2981 4635 Audio
3023 4589 3073 4636 te
3112 4582 3263 4652 queri
3304 4582 3446 4652 quod
3475 4597 3534 4638 se

1940 4729 2134 4797 norum
2163 4711 2575 4778 abalienaverit,
2601 4714 2922 4786 dedcritque
2952 4716 3167 4774 Maximi
3197 4721 3536 4791 usurpationi

1940 4798 2305 4842 occasroncm:

2017 4856 2034 4892 τ
2055 4856 2212 4932 Quos
2243 4851 2608 4932 Treb._l‘ollio
2633 4856 2906 4932 Virtingos
2926 4871 3019 4932 seu
3035 4857 3319 4932 Vitimguos
3346 4874 3529 4932 vocat,

1938 4927 2159 5006 eosdem
2191 4937 2314 4978 esse
2345 4924 2434 5006 qui
2461 4924 2739 5006 _Juthnngi
2772 4924 2852 5006 ab
2880 4924 3301 5006 Atitbrosio'hie
3346 4924 3532 5006 appel;

1939 5001 2158 5056 lantur.
2209 4994 2475 5065 suspicari
2523 5011 2645 5051 sese
2699 4999 2899 5054 indicat
2927 5001 3282 5060 Casaubonus
3332 4994 3531 5062 in'éum

1938 5077 2212 5124 auctorem
2239 5080 2292 5135 p.
2327 5065 2455 5131 221,
2492 5081 2640 5120 num.
2674 5067 2801 5124 204.

2013 5150 2037 5186 s
2063 5139 2220 5193 Eras.
2270 5149 2325 5192 et
2373 5152 2488 5207 seq.
2525 5138 2681 5211 edit.,
2715 5149 2760 5193 et
2799 5142 2914 5211 jam
2946 5145 3167 5210 vicinia;
3225 5146 3448 5204 Amerb.
3481 5160 3537 5207 et

1942 5224 2134 5269 omnes
2156 5223 2316 5282 mss,
2338 5219 2390 5282 at
2404 5211 2520 5282 jam
2548 5209 2612 5263 de
2640 5209 2845 5265 vicinia.

2014 5282 2040 5319 ιι
2075 5281 2359 5348 Quomodo
2383 5281 2469 5336 hic
2498 5289 2720 5337 vocatus
2770 5283 2952 5349 fuerit,
3004 5288 3266 5344 'retice‘tur
3287 5299 3315 5344 a
3345 5302 3536 5349 sancto

1943 5354 2182 5409 Pr:rsulo
2213 5370 2224 5406 :
2261 5364 2311 5405 at
2336 5352 2652 5408 Marcellino
2703 5370 2900 5409 nomen
2945 5355 2994 5410 ei
3034 5355 3199 5415 fuisse
3227 5360 3454 5420 l’acatus
3480 5367 3532 5420 in
3599 5377 3610 5383 '

1945 5425 2215 5495 Panegyr.
2241 5423 2533 5478 Theodosii
2559 5437 2748 5493 aperte
2781 5427 2980 5496 prodit.

2029 5498 2044 5576 ξ
2071 5497 2273 5552 Omnes
2304 5497 2463 5562 edit.,
2494 5497 2864 5576 defensionem,
2897 5501 3037 5552 tuam
3067 5513 3277 5576 causam
3346 5507 3532 5576 scripti

1946 5567 2066 5621 cod.
2101 5583 2294 5638 magno
2315 5567 2567 5631 numero,
2589 5567 2935 5638 defensionem
2975 5580 3132 5625 tuam.
3163 5571 3386 5629 Cotisoni
3414 5567 3536 5632 con—

1946 5639 2119 5719 sidera
2147 5637 2704 5719 ;Tltuan.__expungit
2734 5651 2892 5719 tuam,
2931 5643 3085 5713 cujus
3126 5644 3245 5702 loco
3276 5646 3408 5719 Reg.
3441 5651 3537 5705 ba-

1948 5709 2038 5764 bct
2063 5715 2114 5762 (tt
2142 5725 2369 5764 causam.
2408 5709 2571 5780 Magis
2603 5709 2886 5770 cuncinue.
