4042 6174
519 264 540 318 Ι
550 263 656 318 059

518 375 586 429 ad
611 370 972 428 Theodosium
1020 365 1402 431 imperatorem
1429 355 1608 426 petius
1633 353 1984 416 contulerint,
2022 351 2114 420 qui
2144 357 2189 415 Α

521 474 649 520 sunt
672 477 792 518 cum
842 454 1221 509 Valentiniano
1268 451 1620 520 imperatore.
1660 444 1800 511 Quid
1833 445 1993 514 igitur
2032 442 2116 496 fu-

521 566 707 610 turum
738 548 1031 619 sperabas,
1077 559 1199 599 cum
1230 551 1285 597 tu
1311 539 1646 609 refugientes
1668 551 1763 592 eos
1799 536 1866 589 ad
1898 550 2113 606 pinnam

520 660 796 720 posceres,
823 651 1012 712 captos
1043 651 1308 694 necares:
1341 633 1684 689 Theodosius
1712 639 1894 685 autem
1922 644 2113 684 mune‘

522 742 672 798 ribus
702 738 904 794 ditaret
928 777 941 799 ,
975 733 1208 788 donaret
1237 726 1574 783 honoribus?
1604 725 1773 792 Quos,
1803 723 1992 794 inquit,
2024 737 2115 777 oc-

522 835 632 892 cidi
658 835 680 888 ?
727 827 1000 899 Respondi
1030 826 1102 893 ei,
1142 835 1166 862 α
1198 823 1527 878 Vallionem.
1572 820 1642 873 At
1688 833 1846 889 quem
1890 817 2114 872 virum?

519 928 732 1001 qualem
765 920 1129 979 bellatorem?
1176 916 1424 972 Hzeccine
1456 914 1554 969 fuit
1578 913 1724 980 justa
1751 924 1913 966 causa
1939 909 2114 974 exitii,

518 1020 665 1094 quod
690 1015 1006 1088 imperatori
1029 1027 1128 1068 suo
1153 1010 1313 1066 fidem
1337 1007 1610 1065 servavit?
1632 1005 1746 1061 Non
1768 1019 1892 1076 ego,
1915 1003 2113 1074 inquit,

515 1093 637 1170 eum
662 1111 800 1181 jussi
846 1105 1046 1164 occidi.
1095 1101 1413 1174 Respondi:
1457 1100 1570 1155 Hoc
1611 1096 1937 1162 audivimus,
1969 1093 2115 1164 quod

517 1203 689 1262 occidi
715 1202 902 1273 jussus
932 1199 1023 1254 sit.
1065 1195 1198 1261 Sed,
1250 1193 1445 1263 inquit,
1493 1192 1538 1246 si
1579 1191 1696 1261 ipse
1722 1188 1825 1244 sibi
1863 1188 1972 1243 vim
2005 1203 2112 1243 non

517 1294 814 1360 intulisset,
841 1292 1114 1362 iusseram
1160 1301 1282 1343 eum
1315 1283 1513 1340 deduci
1557 1282 1922 1348 Cabillonum,
1954 1288 2011 1335 et
2039 1280 2114 1336 ibi

516 1391 696 1446 vivum
724 1387 900 1444 exuri.
929 1381 1207 1455 Respondi
1237 1397 1249 1433 ε
1285 1379 1430 1450 Ergo
1450 1386 1740 1449 propterea
1762 1386 1817 1432 et
1844 1375 1973 1430 illud
1995 1390 2115 1430 cre-

515 1482 684 1538 ditum
718 1487 822 1545 est,
851 1476 995 1548 quod
1021 1489 1144 1531 eum
1172 1471 1466 1528 occideris.
1499 1469 1632 1536 Quis
1652 1477 1828 1524 autem
1858 1466 1961 1523 sibi
1994 1482 2114 1536 par-

513 1579 746 1637 cendum
774 1582 1013 1648 putaret,
1057 1587 1182 1627 cum
1209 1569 1426 1624 occisus
1454 1568 1528 1623 sit
1565 1566 1797 1622 bellator
1826 1573 2110 1628 strenuus,

514 1673 673 1727 miles
706 1669 881 1725 fidelis
906 1708 921 1734 ,
954 1679 1142 1721 comes
1194 1660 1381 1716 utilis?
1408 1658 1484 1712 Ita
1518 1668 1630 1712 tum
1671 1657 1916 1723 discessi,
1965 1665 2025 1710 ut
2052 1670 2112 1710 se

514 1772 872 1821 tractaturum
899 1759 1130 1815 diceret.

588 1857 676 1911 12.
707 1855 901 1910 Postea
932 1866 1057 1907 cum
1085 1850 1294 1905 videret
1337 1863 1424 1904 me
1451 1846 1478 1884 δ
1508 1845 1784 1900 abstinere
1803 1845 1872 1924 ab
1896 1844 2109 1914 episco-

514 1951 622 2021 pis,
653 1949 745 2020 qui
778 1943 1258 2002 communicabant
1316 1942 1391 2007 ei,
1423 1940 1511 1996 vel
1538 1940 1628 2009 qui
1663 1939 1894 2008 aliquos,
1924 1937 2112 1994 devios

512 2043 641 2098 licet
667 2054 698 2095 a
732 2037 860 2105 ftde,
916 2037 984 2092 ad
1016 2049 1205 2091 necem
1235 2033 1535 2103 petebant;
1569 2041 1874 2086 commotus
1901 2030 2113 2100 eisjus—

510 2135 582 2189 sit
610 2146 699 2188 me
720 2130 839 2186 sine
869 2143 1021 2184 mora
1050 2126 1286 2196 regredi.
1320 2126 1432 2195 Ego
1452 2139 1582 2180 vero
1608 2123 1864 2188 libenter,
1889 2126 1993 2178 etsl
2023 2137 2109 2176 me

509 2225 757 2298 plerique
794 2234 815 2262 ε
845 2221 1070 2277 insidias
1114 2233 1408 2274 evasurum
1432 2231 1537 2272 non
1560 2215 1870 2280 crederent,
1904 2215 2111 2286 ingres-

507 2333 600 2375 sus
625 2332 743 2374 sum
767 2315 894 2380 iter,
919 2313 1020 2368 hoc
1043 2311 1163 2366 solo
1181 2309 1370 2365 dolore
1391 2308 1645 2379 percitus,
1672 2306 1814 2378 quod
1840 2306 2108 2377 Hyginum

504 2413 823 2484 episcopum
849 2421 1036 2464 senem
1061 2407 1114 2460 in
1134 2403 1386 2460 exsilium
1411 2401 1534 2457 duci
1566 2399 1828 2471 comperi,
1863 2398 1947 2453 cui
1974 2397 2107 2452 nihil

505 2504 618 2574 jam
657 2501 761 2556 nisi
802 2508 1081 2555 extremus
1129 2502 1448 2566 snperesset
1484 2493 1732 2563 spiritus.
1763 2492 1896 2546 Cum
1937 2489 2006 2544 de
2045 2503 2111 2544 eo

509 2594 862 2651 convenirem
891 2589 1123 2645 comites
1164 2586 1306 2656 ejus,
1339 2599 1409 2640 ne
1439 2585 1560 2640 sine
1587 2593 1759 2650 veste,
1793 2583 1911 2638 sine
1940 2579 1967 2618 ά
1995 2581 2112 2652 plu-

509 2687 682 2742 mario
701 2689 1026 2755 paterentur
1052 2677 1279 2734 extrudi
1309 2691 1518 2740 senem,
1544 2685 1798 2730 extrusus
1824 2675 1939 2744 ipse
1965 2689 2108 2729 sum.

586 2777 676 2831 15.
710 2774 838 2828 Ηεευ
881 2781 964 2827 est
993 2769 1260 2840 expositio
1305 2767 1591 2838 legationis
1631 2782 1788 2821 meae.
1820 2764 1974 2829 Vale,
2008 2765 2110 2819 lm-

513 2877 735 2939 perator
764 2882 779 2932 ;
812 2873 868 2921 et
904 2873 1024 2920 esto
1052 2862 1220 2916 tutior
1252 2859 1515 2915 adversus
1546 2857 1819 2914 hominem
1847 2856 1998 2926 pacis
2029 2858 2109 2912 ln-

509 2961 734 3017 volucro
762 2956 963 3012 bellum
997 2961 1294 3026 tegentem.

869 3097 876 3125 ι
909 3071 1072 3142 392
1113 3079 1138 3106 ο
1167 3066 1504 3124 EPISTOLA
1534 3065 1703 3120 xxv.

515 3174 719 3229 STunto
749 3182 871 3221 num
901 3164 998 3218 sibi
1037 3165 1092 3216 in
1122 3178 1236 3217 reos
1257 3162 1565 3216 sententiam
1595 3165 1730 3232 ferre
1761 3161 1952 3228 liceret,
1984 3177 2106 3214 con-
2135 3140 2182 3205 (εἶ

584 3261 771 3317 sulenti
793 3255 1068 3328 respondet
1104 3255 1208 3325 ipsi
1233 3255 1440 3324 quidem
1484 3270 1634 3308 usum
1663 3253 1829 3325 gladii
1855 3271 1963 3309 esse
1991 3271 2099 3324 per-

582 3401 837 3458 nNomen
891 3395 1053 3464 hujus
1102 3395 1320 3451 comitis
1363 3395 1514 3451 varie
1556 3395 1856 3464 reperitur;
1911 3410 2104 3451 omnes

511 3478 656 3534 enim
703 3471 834 3528 edit.
867 3469 1114 3525 scribunt
1154 3465 1418 3520 Bationem
1447 3474 1472 3520 ‘:
1515 3481 1647 3521 mss.
1679 3467 1950 3530 nonnulli,
1982 3467 2106 3522 Bal-

512 3553 742 3608 lionem;
790 3541 883 3596 alii
913 3539 1132 3594 deruunt
1178 3540 1336 3608 longe
1370 3538 1610 3606 plurimi,
1649 3537 1966 3595 Vallionem.
1999 3539 2106 3608 Op-

511 3623 640 3676 time
667 3629 818 3671 sane.
846 3613 921 3667 lta
951 3624 1182 3680 namque
1207 3609 1275 3664 de
1292 3609 1482 3664 eodem
1513 3609 1740 3664 Pacatus
1764 3612 1813 3661 in
1841 3609 2102 3681 Panegyr.

510 3695 708 3748 citato:
755 3685 926 3738 Vallia
958 3681 1287 3752 triumphalis
1395 3690 1509 3750 post
1540 3681 1888 3751 amplissimos
1915 3683 2106 3752 magis-

511 3771 698 3826 tratus,
741 3767 787 3811 et
831 3769 1092 3827 purpuras
1123 3752 1456 3827 consulares,
1510 3761 1557 3805 et
1602 3761 1926 3827 contractum
1968 3754 2108 3827 intra

512 3821 1220 3889 unam'dom'um'quemdam
1250 3821 1504 3877 honorum
1534 3833 1766 3878 senatum
1796 3825 1901 3877 vita
1939 3839 1992 3878 se
2017 3824 2106 3878 ab-

513 3907 689 3960 dicare
715 3896 1011 3967 compulsus
1033 3905 1127 3967 est.

589 3975 614 4013 δ
647 3969 801 4038 Quod
833 3964 1175 4022 ‘Ambrosius
1222 3966 1420 4039 asserit
1457 3979 1516 4021 se
1546 3966 1878 4039 abstinuisse
1901 3980 1928 4019 a
1958 3981 2109 4022 com-

515 4035 779 4101 munione
828 4039 1233 4108 episc0porum,
1263 4035 1366 4108 qui
1402 4052 1522 4091 cum
1565 4036 1798 4092 Maximo
1826 4053 2107 4093 sacrorum

516 4117 837 4173 societatem
889 4108 1312 4174 conservabant,
1368 4108 1505 4161 nihil
1549 4110 1839 4172 miramur;
1890 4109 2109 4178 quando

515 4191 696 4257 ipsum
726 4195 944 4257 quoque
992 4179 1286 4257 Maximum
1321 4181 1797 4257 a_comm_uni0tte_,
1819 4191 1900 4257 ⁸ιιι
1923 4189 2111 4257 narrat

517 4248 778 4314 flatilinu's
808 4248 872 4307 in'
889 4251 1006 4321 ejus
1038 4248 1155 4304 Vita
1178 4291 1192 4315 ,
1232 4250 1496 4321 rescidit;
1528 4250 1709 4304 divina
1735 4249 1964 4315 ultione,
2005 4251 2109 4306 nisi

515 4347 639 4388 eum
674 4320 981 4398 paeniteret,
1013 4320 1352 4398 gravissimis
1380 4320 1560 4398 verbis
1583 4321 1920 4398 denuntiata.
1953 4321 2110 4398 Quod

515 4391 698 4457 autem
726 4399 791 4452 ad
821 4395 958 4449 alios
979 4393 1288 4460 episcopos,
1313 4405 1451 4460 quos
1477 4391 1563 4445 hic
1593 4392 1816 4456 indicat,
1842 4392 1981 4446 haud
2012 4393 2112 4447 du-

519 4475 604 4529 bie
636 4467 926 4529 lthacium,
969 4461 1207 4517 ldacium
1241 4477 1539 4530 eorumque
1568 4463 1806 4518 fautores
1834 4463 2108 4533 intelligit,

516 4546 606 4614 qui
640 4538 1038 4614 Priscillianum
1058 4573 1072 4595 ,
1100 4533 1316 4588 devium
1344 4533 1520 4614 aﬂfide
1554 4533 1787 4614 scilicet,
1827 4549 2014 4614 usque
2041 4537 2109 4590 ad

517 4604 750 4685 capitale
778 4605 1406 4685 suppliciunmpersecuti
1445 4610 1609 4668 sunt;
1655 4604 2109 4674 quemadmodum

519 4674 712 4742 rursus
742 4674 972 4751 epistola
995 4674 1066 4751 S6
1088 4675 1446 4751 significatur.

595 4768 614 4792 θ’
648 4745 815 4810 Forte
841 4765 909 4804 an
953 4747 1020 4802 ad
1051 4747 1153 4801 hoc
1183 4747 1481 4814 periculum
1513 4745 1841 4816 respiciebat
1876 4746 2110 4804 Ambro-

519 4830 656 4895 sius,
682 4838 806 4882 cum
835 4822 890 4876 in
913 4818 1126 4895 funebri
1154 4817 1462 4895 laudatione
1481 4818 1728 4895 ejusdem
1744 4819 2108 4876 Valentiniani

518 4889 705 4956 dolere
733 4910 813 4957 se,
846 4891 990 4963 quod
1020 4890 1196 4945 minas
1223 4903 1253 4944 a
1277 4889 1509 4945 Maximo
1535 4891 1640 4946 sibi
1662 4891 1955 4947 intentatas
1987 4907 2112 4948 eva-

522 4971 675 5034 serit,
707 4973 952 5022 testatur.

591 5041 617 5077 d
651 5031 999 5099 Ptumarium,
1033 5031 1086 5087 id
1112 5039 1216 5104 est,
1244 5032 1524 5103 plumacea
1568 5032 1790 5089 culcitra
1815 5076 1828 5100 ,
1865 5042 1922 5088 ut
1950 5035 2110 5104 paulo

521 5113 739 5170 mollius
769 5109 934 5163 fracta
966 5105 1092 5160 boni
1140 5103 1284 5160 illius
1311 5105 1457 5158 senis
1489 5105 1729 5159 membra
1777 5103 2103 5161 cubitarcnt.

513 5185 786 5242 Caeterum
813 5177 1119 5247 suspicatur
1141 5173 1408 5230 Baronius
1433 5176 1498 5247 ad
1526 5191 1614 5229 an.
1643 5175 1746 5247 58]
1781 5176 1923 5231 hunc
1947 5176 2109 5247 Hygi-

515 5270 650 5312 num
697 5244 948 5307 eumdem
989 5261 1112 5302 esse
1154 5255 1318 5315 atque
1367 5246 1655 5316 Atliginum
1699 5244 2107 5303 Cordubenéem

513 5327 852 5397 episcopum,
897 5334 926 5397 a
958 5332 1065 5388 quo
1092 5316 1323 5397 primum
1353 5317 1922 5397 antistitesadversus
1967 5319 2109 5397 Poti-

510 5387 723 5452 lianuni
762 5392 1065 5449 concitatos
1122 5396 1307 5442 narrat
1353 5387 1590 5442 Severus
1621 5388 1712 5442 lib.
1744 5404 1781 5442 ιι
1831 5389 1968 5444 llist.
2001 5391 2106 5446 Ve-

511 5477 819 5526 rumtamen
845 5477 967 5518 cum
997 5475 1062 5514 ex
1103 5459 1292 5514 eodem
1341 5457 1625 5519 historico.
1687 5459 1947 5530 Adiginus
1991 5461 2103 5527 ille,

508 5557 604 5597 seu
630 5538 812 5608 lginus
841 5533 976 5608 utin
1006 5530 1363 5608 sequentibus
1407 5532 2107 5608 appellatur,_prisc_ilianis-;

508 5623 594 5668 tas
621 5601 900 5663 admiserit
921 5605 976 5657 in
1001 5602 1462 5665 communionem,
1490 5601 1538 5654 id
1569 5617 1691 5655 eum
1717 5601 1910 5671 Hygini
1936 5602 2108 5658 nostri

503 5678 870 5751 generositate
897 5689 1003 5751 non
1028 5671 1266 5751 cohazret
1291 5690 1307 5738 ;
1337 5673 1438 5751 nisi
1469 5672 1607 5726 forte
1639 5673 1682 5725 is
1703 5671 1879 5751 exsilii
1908 5687 2106 5751 propo-

508 5742 598 5809 siti
642 5745 931 5817 asperitate
958 5743 1270 5810 deterritus,
1301 5745 1538 5814 priorem
1566 5742 1927 5801 constantiam
1957 5743 2106 5817 abje-

1882 238 2125 296 SANCTI
2166 240 2488 296 AMBROSII

3679 231 3818 288 1044)

2291 356 2529 420 missum,
2563 335 2617 406 ut
2649 359 2818 406 tamen
2841 358 3013 404 utatur
3033 351 3320 414 clementia,
3347 349 3612 421 expedire.
3649 348 3816 414 Quam

2291 445 2345 498 in
2369 461 2476 499 rem
2499 442 2695 497 Christi
2720 444 3010 498 adulteram
3037 443 3299 496 mulierem
3317 441 3630 496 absolventis
3647 455 3819 493 exmi-

2292 537 2437 605 plum
2466 539 2690 608 promit;
2720 547 2766 590 et
2793 553 2886 590 cur
2906 536 3195 591 communio
3211 535 3480 608 judicibus
3500 531 3816 603 capitalibus

2293 629 2530 700 neganda
2559 645 2662 684 non
2683 630 2770 695 sit,
2803 630 3046 700 explicat.

2727 742 2743 779 ί
2778 756 3068 798 Αιιιιιιοεισε
3094 756 3306 798 sxunto.

2294 837 2344 889 1.
2378 835 2732 906 RecOgnosco
2757 850 2906 904 pura:
2933 833 3185 890 affectum
3215 833 3436 900 mentis,
3465 840 3525 890 et
3545 831 3673 888 fidei
3704 839 3820 886 stu-

2218 930 2387 995 dium,
2419 939 2475 982 et
2515 929 2728 984 Domini
2779 928 2950 982 nostri
2996 926 3125 983 Jesu
3171 926 3375 983 Christi
3424 927 3706 982 timorem.
3742 925 3821 980 Dc

2217 1037 2325 1091 quo
2344 1022 2509 1076 etiam
2532 1035 2633 1092 ego
2654 1034 2880 1076 vererer
2907 1033 3233 1089 responsum
3265 1018 3475 1074 referre
3499 1037 3514 1074 :
3546 1018 3822 1074 constric-

2220 1125 2305 1170 tus
2334 1115 2532 1179 altero,
2564 1113 2711 1184 quod
2740 1123 2828 1170 est
2866 1114 3216 1168 commissum
3247 1111 3403 1168 vobis
3442 1123 3673 1184 propter
3698 1128 3823 1168 cus-

2218 1208 2421 1264 todiam
2455 1208 2634 1280 legum
2665 1225 2680 1272 ;
2708 1207 2885 1262 altero
2913 1216 3094 1263 autem
3128 1217 3351 1277 propter
3380 1207 3819 1263 misericordiam

2217 1309 2274 1356 et
2301 1300 2556 1371 gratiam,
2589 1299 2693 1355 nisi
2721 1300 2790 1356 de
2825 1299 2930 1356 hoc
2957 1298 3328 1369 Apostolieam
3357 1298 3591 1355 haberes
3623 1308 3824 1356 aucto—

2217 1393 2432 1448 ritatem
2460 1409 2474 1446 :
2510 1390 2647 1458 Quia
2674 1407 2777 1446 non
2803 1392 2915 1445 sine
2940 1406 3099 1446 causa
3118 1390 3353 1461 gladium
3375 1400 3569 1462 portat,
3594 1393 3688 1462 qui
3719 1395 3820 1464 ju-

2218 1485 2359 1540 dicat
2381 1484 2559 1555 (Rom.
2591 1500 2709 1551 xm,
2733 1483 2790 1554 4)
2817 1501 2831 1548 ;
2868 1483 2964 1540 Dei
2985 1484 3134 1539 enim
3162 1482 3363 1539 vindex
3384 1493 3469 1539 est
3496 1485 3553 1540 in
3581 1499 3704 1551 eos,
3726 1483 3820 1555 qui

2219 1579 2359 1634 male
2384 1589 2570 1647 agunt.

2286 1671 2344 1727 2.
2367 1670 2523 1737 Quod
2549 1662 2854 1727 tamenetsi
2881 1672 3281 1744 cognitum-tibi
3313 1672 3478 1737 foret,
3498 1687 3608 1728 non
3640 1672 3817 1729 otiose

2144 1754 2189 1812 Β
2217 1766 2603 1822 sciscitandum
2637 1770 2856 1836 putasti.
2899 1767 3030 1822 Nam
3077 1777 3226 1834 sunt,
3270 1777 3294 1814 8
3325 1777 3480 1822 extra
3513 1768 3814 1824 Ecclesiam

2219 1867 2394 1928 tamen
2420 1901 2432 1923 ,
2463 1859 2552 1928 qui
2581 1874 2676 1914 eos
2709 1859 2762 1913 in
2786 1860 3232 1915 communionem
3262 1876 3371 1916 non
3401 1870 3601 1916 vocent
3628 1874 3820 1916 sacra-

2216 1963 2524 2007 mentorum
2556 1951 2884 2016 caelestium,
2914 1951 3006 2021 qui
3036 1951 3090 2006 in
3116 1952 3329 2021 aliquos
3353 1952 3647 2022 capitalem
3683 1967 3818 2008 sen-

2216 2045 2436 2099 tentiam
2506 2043 2785 2099 ferendam
2840 2043 3269 2100 aestimaverunt.
3329 2044 3580 2116 Plerique
3639 2046 3815 2102 etiam

2213 2147 2408 2207 sponte
2439 2151 2499 2192 se
2526 2136 2838 2192 abstinent:
2872 2149 2926 2193 et
2972 2138 3262 2193 laudantur
3289 2138 3528 2207 quidem,
3571 2153 3672 2194 nec
3705 2139 3815 2208 ipsi

2212 2248 2308 2289 eos
2329 2247 2618 2303 possumus
2637 2248 2744 2288 non
2768 2232 3070 2304 praedicare
3093 2253 3106 2287 :
3132 2233 3224 2303 qui
3247 2235 3630 2289 auctoritatem
3661 2234 3814 2304 Apo-

2213 2328 2338 2384 stoli
2367 2336 2595 2384 eatenus
2624 2327 2977 2384 observamus
3004 2370 3018 2394 ,
3051 2335 3111 2384 ut
3137 2328 3204 2383 iis
3225 2327 3674 2384 communionem
3701 2344 3816 2384 non

2211 2421 2381 2478 audea
2391 2437 2508 2476 mus
2539 2437 2760 2492 negare.

2283 2515 2337 2568 5.
2369 2513 2534 2569 Vides
2565 2514 2726 2584 igitur
2753 2513 2878 2583 quid
2903 2513 3197 2570 auctoritas
3223 2513 3443 2578 tribuat,
3473 2511 3501 2550 ιι
3522 2515 3655 2585 quid
3687 2529 3815 2571 sua-

2211 2607 2337 2662 deat
2358 2607 2754 2662 misericordia.
2782 2607 3205 2664 Excusationem
3226 2609 3472 2676 habebis,
3499 2609 3546 2665 si
3575 2610 3806 2667 feceris:

2209 2699 2448 2766 laudem,
2479 2701 2522 2754 si
2556 2715 2661 2755 non
2689 2700 2904 2757 feceris.
2931 2701 3039 2757 Sed
3069 2703 3114 2757 si
3165 2718 3271 2756 non
3316 2703 3562 2773 potueris
3590 2705 3806 2770 facere;

2222 2792 2233 2829 ί
2269 2809 2370 2848 nec
2394 2803 2574 2848 tamen
2596 2803 2856 2850 nocentes
2886 2803 3123 2850 atterere
3148 2795 3403 2865 squalore
3425 2797 3688 2864 carceris,
3713 2796 3814 2854 sed

2208 2886 2516 2950 absolvere,
2555 2886 2676 2954 plus
2714 2887 2871 2956 quasi
2893 2887 3150 2942 sacerdos
3174 2887 3642 2958 probabo.Potest
3660 2889 3809 2944 enim

2211 2977 2325 3032 fieri
2353 2987 2410 3031 ut
2433 2992 2601 3033 causa
2625 2977 2863 3048 cognita,
2891 2980 3189 3048 recipiatur
3210 2979 3277 3035 ad
3301 2982 3630 3037 sententiam
3658 2999 3808 3052 reus,

2209 3069 2302 3140 qui
2355 3079 2539 3138 postea
2589 3079 2681 3124 aut
2723 3069 3114 3141 indulgentiam
3153 3072 3256 3128 sibi
3301 3082 3479 3143 petat,
3517 3084 3618 3130 aut
3653 3086 3811 3132 certe

2211 3161 2328 3217 sine
2358 3161 2506 3232 gravi
2537 3163 2827 3218 severitate
2853 3205 2868 3230 ,
2919 3164 3062 3234 quod
3092 3164 3312 3234 quidam
3343 3167 3456 3234 ait,
3510 3167 3720 3225 habitet
3752 3171 3808 3226 in

2212 3269 2456 3310 carcere.
2483 3255 2613 3310 Scio
2636 3263 2816 3311 tamen
2840 3255 3132 3327 plerosque
3155 3258 3439 3328 gentilium
3460 3259 3689 3330 gloriari
3713 3277 3811 3318 so-

2209 3395 2370 3472 cerit,
2396 3393 2540 3465 quod
2563 3395 2854 3450 Ambrosio
2881 3396 3058 3451 adhuc
3091 3397 3373 3472 inreditus
3399 3398 3598 3456 itinere
3629 3402 3812 3472 posito

2211 3467 2558 3522 inn0tescere
2587 3481 2925 3535 nequaquam
2957 3469 3212 3533 potuerit.

2284 3548 2306 3574 θ
2339 3537 2549 3606 Scripta
2584 3546 2706 3607 post
2737 3553 2936 3592 annum
2965 3540 3094 3604 585,
3126 3550 3181 3596 et
3206 3550 3333 3596 ante
3359 3556 3560 3596 annum
3589 3545 3717 3600 587.

2289 3607 2306 3645 τ
2335 3609 2504 3682 Edit.,
2534 3610 2832 3682 Ambrosius
2857 3611 3125 3682 episcOpus
3151 3612 3379 3677 Studia;
3405 3629 3561 3681 mss.,
3593 3617 3813 3673 Ambro-

2209 3681 2316 3758 sius
2341 3681 2528 3735 Studia
2548 3679 2772 3758 ;_Gem.,
2800 3679 3070 3758 Studiose.
3096 3683 3220 3758 Fuit
3239 3693 3415 3758 a_ute_m
3437 3679 3666 3744 Studius
3690 3691 3813 3758 qui-

2210 3752 2332 3831 dam
2351 3765 2536 3831 comes
2557 3751 2621 3804 R.
2730 3767 2827 3831 _an_.
2850 3753 3221 3831 4tH_,_lege_l'i
3247 3755 3316 3810 de
3333 3755 3504 3831 bonis
3527 3751 3807 3831 Proscrip.

2210 3831 2266 3894 et
2292 3822 2351 3894 Ρ.
2374 3821 2444 3877 U.
2470 3837 2616 3877 anno
2645 3822 2774 3888 404,
2805 3823 2913 3894 leg.
2942 3826 3010 3880 15
3030 3821 3097 3880 de
3120 3825 3301 3894 Episc.
3327 3827 3433 3884 Sed
3457 3839 3638 3886 utrum
3666 3821 3808 3887 idem

2212 3893 2305 3949 ille
2332 3893 2515 3959 fuerit,
2555 3893 2624 3970 ad
2651 3910 2811 3970 quem
2861 3893 2975 3950 [nec
3002 3905 3058 3952 et
3097 3893 3330 3967 selluens
3359 3900 3589 3970 epistola
3638 3902 3810 3958 desu-

2212 3973 2361 4038 nata:_
2378 3976 2503 4019 sunt
2529 4007 2544 4031 ,
2572 3965 2787 4020 deliniri
2813 3976 2964 4022 certo
2992 3982 3095 4022 non
3129 3965 3328 4038 potest.

2287 4045 2311 4083 ις
2342 4036 2418 4090 Ita
2449 4051 2576 4090 mss.
2602 4050 2814 4092 summo
2837 4052 3102 4093 consensu
3129 4036 3144 4092 Ξ
3171 4049 3280 4095 vet.
3307 4041 3439 4096 edit.
3473 4057 3502 4096 a
3523 4044 3682 4100 nobis
3705 4047 3808 4102 mi-

2214 4107 2360 4181 nime
2381 4107 2777 4178 discreparent,
2812 4110 2914 4163 nisi
2942 4112 3282 4181 negationem
3311 4115 3412 4168 hoc
3439 4115 3604 4169 modo
3639 4117 3807 4175 inse-

2213 4178 2468 4256 ruissent,
2516 4194 2636 4256 nam
2676 4178 3058 4256 non_su_nt:_at
3087 4181 3244 4237 Rom.
3293 4185 3427 4239 edit.
3459 4187 3805 4256 negationem

2213 4248 2429 4320 quidem
2463 4249 2672 4318 rejecit,
2702 4250 2797 4306 sed
2825 4252 2984 4324 simul
3016 4268 3228 4324 quoque
3257 4256 3458 4310 exemit
3486 4248 3697 4314 e'textu
3718 4276 3807 4316 se-

2213 4331 2442 4399 quentes
2473 4335 2634 4399 voees
2660 4363 2675 4386 ,
2696 4332 2863 4399 .extra
2884 4321 3174 4399 Ecclesium
3213 4336 3425 4399 tamen:
3472 4343 3758 4399 perperam
3785 4348 3802 4394 ;

2215 4392 2412 4446 etenim
2444 4393 2664 4447 nimiam
2695 4391 2834 4449 hanc
2859 4396 3204 4451 severitatem
3234 4411 3339 4451 non
3371 4391 3539 4455 fuisse
3570 4391 3807 4458 catholi-L

2214 4476 2405 4535 eorum
2438 4465 2599 4519 verba
2633 4463 2860 4518 inferius
2888 4465 3059 4535 posita
3091 4468 3251 4535 plane
3271 4467 3652 4528 demonstrant
3679 4491 3692 4526 :
3735 4471 3803 4528 Et

2212 4533 2327 4588 ideo
2354 4535 2578 4616 majores
2612 4533 2900 4616 maluerunt
2936 4533 3338 4616 indulgentiores
3367 4557 3475 4616 esse
3501 4543 3640 4616 circa
3651 4547 3802 4616 judi-

2214 4620 2318 4672 ces,
2342 4614 2444 4679 etc.
2467 4605 2749 4679 _Eamdem
2786 4623 2898 4662 rem
2931 4605 3104 4663 etiam
3125 4618 3311 4679 aperte
3351 4611 3600 4668 definivit
3640 4605 3801 4671 luno—

2214 4677 2426 4758 ceutius
2467 4676 2508 4744 l,
2538 4678 2715 4758 epist.
2745 4679 2875 4758 5__ad
2907 4676 3174 4751 Exuper.,
3195 4683 3348 4750 cujus
3386 4685 3803 4758 verbisﬂsuper-

2214 4749 2486 4822 sedemus.
2538 4748 2844 4822 Verisimile
2891 4748 3039 4822 ergo'
3081 4748 3330 4822 putamus
3373 4769 3480 4809 non
3528 4748 3806 4814 alios'hic

2216 4817 2488 4900 designari
2524 4835 2702 4900 quam
2730 4817 3067 4900 _1_Vovati_a'no_s
3158 4825 3259 4900 qui
3303 4825 3444 4881 inter
3483 4826 3588 4881 alia
3613 4869 3629 4894 ,
3681 4846 3806 4900 qua:

2216 4890 2569 4963 affectabam,
2608 4891 2879 4963 rigidioris
2909 4890 3212 4963 disciplina:
3229 4890 3648 4963 documenta,et
3671 4890 3805 4957 illud

2215 4961 2534 5036 adiecerint,
2556 4971 2613 5036 ut
2628 4961 2863 5036 judicem
2881 4964 2971 5032 qui
2994 4961 3144 5020 reum
3167 4966 3311 5035 juste
3331 4967 3520 5036 capitis
3541 4961 3807 5029 eoudem-

2216 5043 2418 5100 nasset,
2450 5033 2519 5088 ab
2543 5034 2727 5089 altaris
2755 5037 3134 5092 communione
3162 5033 3524 5094 removerent.

2287 5102 2316 5182 1}
2343 5105 2459 5182 l‘lon
2485 5106 2828 5182 pauci_‘mss.,
2857 5109 2980 5178 quid
2999 5106 3202 5182 studeat
3232 5110 3586 5182 misericordia
3613 5114 3640 5166 ?

2297 5177 2308 5210 ί
2344 5177 2544 5231 Omnes
2590 5177 2723 5250 edit.
2766 5193 2830 5233 ac
2870 5177 3193 5250 msstlonge
3223 5181 3474 5249 plurimi,
3507 5200 3602 5238 nec
3632 5195 3804 5243 tamen

2214 5247 2548 5314 innocentes;
2577 5249 2731 5304 Gem.
2765 5264 2895 5304 vero
2921 5257 2977 5304 et
3005 5247 3178 5317 PratI,
3209 5247 3299 5305 nec
3337 5261 3507 5307 tamen
3537 5269 3800 5312 nocentes.

2218 5317 2283 5395 [fit
2310 5332 2440 5372 sane
2457 5320 2547 5395 sic
2570 5319 2856 5395 legendum
2891 5320 3033 5395 huuc
3061 5323 3235 5395 locum
3264 5323 3463 5378 evincit
3487 5327 3633 5395 quod
3667 5329 3802 5384 sub-

2214 5387 2380 5464 ditur,
2412 5390 2528 5457 plus
2551 5387 2699 5464 quasi
2737 5392 2974 5464 sacerdos
2995 5392 3258 5464 probabo;
3289 5387 3518 5462 quando'
3539 5398 3805 5456 innocen-

2215 5467 2294 5512 tes
2323 5459 2374 5512 in
2396 5461 2818 5541 vinculisteneri
2842 5459 3124 5541 pertionon
3157 5459 3445 5534 improbat.
3490 5467 3802 5541 lnterjectis

2213 5544 2341 5608 vero
2363 5545 2476 5608 non
2500 5532 2680 5608 multis
2706 5533 2909 5608 verbis,
2929 5535 3017 5589 ubi
3036 5532 3382 5608 omnesmss.
3409 5552 3474 5592 ac
3495 5550 3610 5597 vet.
3637 5532 3800 5608 edit,

2213 5601 2492 5672 recipiatur
2515 5601 2584 5655 ad
2616 5601 2920 5660 sententiam
2945 5621 3082 5673 reus,
3113 5604 3241 5661 inde
3269 5605 3429 5664 Rom.
3465 5609 3603 5666 edit.
3655 5601 3805 5671 rese;

2213 5681 2448 5740 caverat,
2473 5673 2542 5728 ad
2571 5676 2889 5729 sententiam.
