4040 6166
208 314 343 373 1041

1434 319 1917 379 EPISTULARUM
1944 322 2226 380 CLASSIS
2259 325 2297 378 Ι.

3377 334 3516 392 1042

206 433 360 500 litos,
396 442 422 469 ιι
449 433 594 502 quod
626 435 965 490 incruentam
994 435 1062 491 de
1093 435 1564 494 administratione
1589 440 1808 509 provin-
1834 440 1888 500 Α
1914 438 2241 508 baptizatus,
2276 450 2298 476 ε
2331 447 2388 493 ιιι
2420 439 2796 509 pmnitentiam
2824 449 3002 510 gerat,
3034 453 3085 496 et
3118 457 3319 513 corpus
3353 459 3512 502 suum

209 527 334 583 eiali
357 528 599 582 securim
625 530 948 584 revexerint.
983 529 1038 584 Si
1065 528 1167 586 hoc
1188 530 1449 600 gentiles,
1474 531 1605 603 quid
1632 533 1809 590 chris-

207 621 340 676 tiani
370 619 555 677 facere
584 621 831 678 debent?

280 715 333 770 4.
370 713 454 769 Ad
482 715 666 768 omnia
701 724 878 770 tamen
922 716 1106 787 accipe
1148 732 1472 788 responsum
1506 719 1810 775 Salvatoris

208 808 393 882 (Joan.
425 825 542 875 vm,
575 810 610 864 5
637 819 682 864 et
710 809 867 880 seq.).
901 809 1036 865 Nam
1078 825 1200 866 cum
1229 811 1532 866 adulteram
1567 813 1809 882 reperis-

207 913 330 960 sent
361 903 560 968 .ludmi,
607 904 925 960 obtulerunt
969 920 1087 960 eam
1119 905 1408 971 Salvatori,
1438 914 1718 975 captantes
1748 919 1809 964 ιιι

205 999 251 1054 si
301 998 613 1054 absolveret
641 1013 782 1062 eam,
814 998 978 1070 893
1010 999 1285 1054 videretur
1335 999 1533 1070 Legem
1566 999 1803 1068 solvere,

205 1094 296 1162 qui
329 1092 586 1148 dixerat:
623 1091 746 1147 Non
773 1094 887 1148 veni
932 1092 1118 1166 Legem
1149 1095 1366 1162 solvere,
1401 1097 1488 1150 sed
1523 1098 1807 1168 adimplere

205 1185 429 1259 (Matth.
464 1202 516 1253 v,
547 1186 637 1258 l7)
671 1203 686 1242 :
717 1186 763 1241 si
794 1186 1100 1254 damnaret,
1129 1189 1407 1244 videretur
1445 1190 1709 1247 adversus
1739 1192 1804 1246 li-

207 1297 333 1337 nem
362 1282 578 1338 venisse
604 1283 872 1354 propositi
899 1284 1003 1339 sui.
1042 1284 1153 1340 Hoc
1182 1285 1348 1356 igitur
1368 1288 1673 1356 praevidens
1703 1289 1805 1344 Do-

205 1375 389 1430 minus
413 1373 577 1430 Jesus
605 1417 619 1440 ,
669 1375 930 1431 inclinato
978 1378 1159 1447 capite
1181 1418 1196 1445 ,
1238 1379 1510 1434 scribebat
1549 1380 1603 1434 in
1635 1389 1799 1436 terra.

205 1466 341 1535 Quid
373 1467 667 1535 scribebat,
699 1469 801 1524 nisi
830 1469 963 1524 illud
993 1471 1396 1541 prepheticum:
1419 1471 1605 1541 Terra,
1643 1483 1800 1537 terra.

204 1560 369 1614 scribe
393 1561 489 1615 Iros
512 1561 649 1616 viros
676 1560 942 1616 abdicatos
980 1561 1197 1633 (Jerem.
1231 1580 1361 1631 uti,
1387 1565 1481 1636 29)
1507 1583 1520 1631 ;
1556 1567 1702 1636 quod
1734 1566 1802 1622 de

204 1652 467 1708 Jechonia
497 1653 830 1724 descriptum
864 1664 948 1710 est
980 1655 1032 1709 iu
1061 1654 1334 1712 Hieremia
1367 1657 1677 1728 propheta?

275 1749 329 1803 5.
361 1749 497 1803 Cum
525 1748 693 1804 Judaei
722 1749 1095 1819 interpellant,
1120 1755 1172 1805 in
1200 1761 1341 1807 terra
1365 1753 1677 1808 scribuntur
1705 1767 1801 1807 no-

204 1843 347 1897 mina
375 1841 726 1898 Judmorum:
773 1859 896 1898 cum
930 1845 1133 1900 adeunt
1176 1846 1485 1914 christiani,
1522 1864 1626 1902 non
1658 1851 1796 1904 scri-
1831 1825 1876 1884 Β

203 1933 405 1988 buntur
438 1933 492 1988 in
533 1943 673 1989 terra
703 1934 943 1991 ﬁdelium
989 1938 1206 1992 nomina
1231 1981 1247 2006 ,
1295 1939 1390 1994 sed
1423 1940 1496 1993 'in
1541 1941 1703 1995 caelo.
1737 1938 1796 1993 lu

204 2036 342 2082 terra
376 2035 558 2082 autem
586 2028 906 2084 scribuntur
931 2029 1162 2086 abdicati
1189 2046 1218 2084 a
1249 2039 1402 2101 patre
1429 2032 1671 2102 proprio,
1706 2033 1797 2102 qui

203 2127 412 2188 patrem
448 2126 682 2186 tentant,
713 2129 767 2174 et
796 2120 1157 2176 contumelias
1190 2121 1433 2192 irrogant
1473 2123 1680 2178 auctori
1713 2137 1797 2176 sa-

199 2209 345 2264 Iutis.
380 2208 517 2265 Cum
549 2210 904 2280 interpellant
929 2211 1125 2276 Judaei,
1159 2212 1384 2268 inclinat
1411 2221 1574 2284 caput
1600 2212 1793 2278 Jesus;

201 2311 252 2357 et
280 2302 407 2373 quia
438 2317 545 2356 non
587 2301 749 2358 habet
779 2302 870 2358 ubi
917 2303 1147 2358 reclinet
1193 2314 1353 2374 caput
1379 2320 1558 2371 suum,
1599 2307 1793 2359 iterum

204 2395 388 2464 erigit,
423 2395 578 2464 quasi
622 2394 868 2450 dicturus
916 2395 1264 2462 sententiam,
1299 2404 1355 2452 et
1379 2397 1487 2451 ait:
1539 2397 1642 2464 Qui
1685 2396 1797 2452 sine

199 2496 411 2556 peccato
461 2496 556 2552 est,
590 2489 736 2556 prior
765 2487 966 2556 lapidet
1007 2503 1118 2541 eam
1160 2487 1376 2559 (Matth.
1406 2504 1522 2549 vm,
1563 2489 1680 2560 20).
1725 2488 1795 2543 Ει

202 2578 396 2633 iterum
425 2578 690 2634 inclinato
717 2580 917 2648 capite,
942 2579 1213 2635 scribebat
1241 2580 1292 2634 in
1327 2589 1491 2635 terra.

268 2671 320 2726 6.
354 2669 658 2725 Audientes
689 2670 764 2725 illi
794 2672 943 2726 exire
973 2679 1255 2741 coeperunt
1276 2672 1496 2742 singuli,
1532 2672 1796 2743 incipien-

201 2769 279 2816 tes
306 2779 332 2815 a
363 2761 676 2818 senioribus
707 2761 892 2834 (Joan.
924 2778 1040 2830 vni,
1073 2761 1126 2834 7)
1160 2781 1172 2816 :
1219 2764 1304 2818 vel
1335 2763 1475 2834 quod
1512 2764 1610 2833 ipsi
1639 2765 1792 2832 plura

203 2855 468 2911 haberent
493 2855 745 2920 crimina,
769 2858 857 2925 qui
890 2855 980 2910 diu
1010 2856 1292 2910 vixerant:
1328 2857 1410 2911 vel
1441 2856 1561 2927 quia
1589 2857 1794 2926 priores

203 2948 303 3003 vim
337 2949 726 3005 intellexerunt
775 2951 1080 3016 sementim,
1115 2952 1268 3020 quasi
1297 2951 1694 3020 prudentiores,
1738 2962 1794 3007 et

203 3049 482 3110 creperum
509 3054 604 3094 sua
655 3043 826 3110 magis
855 3050 1075 3110 peccata
1105 3041 1328 3109 deﬂere,
1363 3043 1450 3112 qui
1482 3043 1648 3098 alieni
1679 3045 1790 3100 cri-

203 3133 354 3188 minis
382 3142 1041 3189 venerant-accusatores.

269 3225 320 3279 7.
351 3224 758 3282 Recedentibus
787 3241 918 3296 ergo
950 3226 1055 3282 illis
1077 3267 1091 3292 ,
1137 3229 1402 3283 remansit
1431 3228 1582 3284 solus
1606 3227 1785 3296 Jesus,

203 3327 252 3373 et
277 3320 499 3374 elevans
534 3327 694 3389 caput
720 3318 786 3372 ad
814 3319 1120 3384 mulierem,
1167 3321 1276 3373 ait:
1319 3320 1418 3376 Ubi
1444 3331 1585 3387 sunt,
1624 3323 1715 3393 qui
1744 3333 1793 3376 te

203 3411 508 3467 accusabant
536 3411 561 3464 ?
603 3410 629 3448 ι)
658 3409 828 3466 Nemo
856 3421 903 3467 te
933 3411 1230 3482 lapidavit?
1255 3412 1323 3466 Et
1346 3414 1439 3468 illa
1479 3416 1745 3485 respondit
1774 3432 1792 3469 :

205 3502 390 3559 Nemo.
426 3502 564 3558 Dicit
590 3505 636 3558 ei
660 3502 818 3559 Jesus
841 3520 859 3557 :
891 3503 1002 3558 Nec
1031 3521 1124 3576 ego
1151 3516 1199 3560 te
1231 3508 1509 3561 damnabo.
1545 3507 1716 3573 Vade,
1744 3519 1794 3562 et

200 3598 310 3653 side
325 3598 515 3652 amodo
537 3615 601 3653 ne
620 3614 792 3666 pecces
815 3597 1002 3671 (Ibid.,
1021 3601 1106 3665 10,
1131 3599 1240 3669 ll).
1257 3601 1372 3656 Non
1385 3603 1625 3669 damnat,
1641 3602 1794 3674 quasi

203 3689 530 3760 redemptio;
563 3689 810 3760 corrigit,
855 3691 1008 3760 quasi
1051 3691 1159 3746 vita
1190 3709 1203 3745 :
1243 3693 1395 3762 quasi
1426 3693 1564 3757 l‘ons,
1599 3695 1790 3749 abluit.

205 3779 268 3836 Et
295 3781 423 3852 quia
451 3780 672 3852 quando
713 3795 773 3835 se
820 3783 1042 3838 inclinat
1079 3782 1263 3849 Jesus,
1294 3783 1418 3839 ideo
1464 3784 1708 3850 inclinat,
1739 3795 1797 3839 ut

201 3871 442 3941 iacentes
469 3874 682 3939 elevet;
715 3873 835 3930 ideo
862 3875 940 3929 ait
964 3876 1218 3931 remiSsio
1259 3885 1605 3946 peccatorum
1635 3895 1648 3932 :
1683 3875 1795 3930 Nec

203 3977 290 4032 ego
315 3976 360 4019 te
387 3965 667 4018 damnabo.

271 4058 322 4112 8.
356 4057 538 4113 Habes
563 4058 706 4129 quod
738 4060 1025 4130 sequaris;
1058 4067 1240 4128 potest
1267 4059 1412 4113 enim
1448 4058 1587 4124 ﬁeri,
1621 4069 1680 4114 ut
1706 4061 1796 4116 ille

205 4149 524 4204 criminosus
553 4150 722 4218 possit
749 4150 950 4206 habere
977 4166 1130 4221 spem
1167 4151 1529 4206 correctionis
1555 4169 1566 4203 :
1599 4153 1643 4205 si
1661 4147 1796 4206 'sine

208 4239 472 4312 baptismo
519 4250 638 4305 est,
674 4253 730 4298 ut
775 4243 944 4313 possit
992 4243 1239 4312 accipere
1281 4243 1701 4300 remissionem:
1748 4247 1793 4299 si

272 4411 295 4439 ιι
322 4401 412 4457 Isti
437 4401 901 4476 dicunturgGraece
927 4408 1195 4476 ἀναιμηςτὶ
1223 4402 1508 4476 imperium
1527 4403 1792 4459 adminis—

206 4481 363 4539 trare,
399 4475 558 4542 quale
581 4474 645 4528 Τ.
668 4475 981 4544 VeSpasiani
1013 4473 1264 4541 traditur,
1287 4473 1441 4544 cujus
1474 4490 1576 4530 vox
1601 4485 1706 4540 est,
1731 4490 1790 4530 se

207 4546 360 4599 malle
398 4545 578 4616 perire
603 4587 617 4610 ,
665 4562 824 4615 quant
868 4546 1113 4616 perdere.
1157 4547 1230 4601 Ita
1272 4544 1514 4600 Nannius
1546 4564 1557 4600 :
1591 4547 1789 4616 quibus

205 4616 362 4670 etiam
389 4615 593 4686 addere
621 4615 884 4686 potuisset
910 4633 940 4672 a
970 4615 1275 4686 Capitolino
1300 4617 1501 4671 dictum
1531 4615 1794 4672 de’Anto-

208 4689 334 4760 nino,
353 4687 449 4742 Pio
470 4704 484 4740 :
511 4685 668 4760 Solus
690 4689 916 4760 omnium
957 4685 1118 4758 prope
1137 4689 1430 4760 principum
1450 4705 1663 4760 prorsus
1683 4690 1794 4742 sine

207 4759 338 4812 civili
370 4759 623 4828 sanguine
649 4769 695 4812 et
723 4759 920 4824 hostili,
964 4770 1213 4827 quantum
1250 4759 1318 4813 ad
1355 4775 1409 4813 se
1439 4761 1608 4829 ipsum
1635 4761 1796 4828 perti-

209 4837 308 4904 net,
324 4830 473 4904 vixit.
490 4831 820 4904 Ἀναίμακτοιι
833 4845 1048 4904 quoque
1067 4831 1354 4901 imperium
1379 4831 1588 4887 Severo
1607 4829 1797 4886 tribuit

210 4900 502 4967 l.amprid.,
527 4909 582 4953 at
607 4900 739 4958 lalso
766 4901 942 4956 titulo.

274 4969 302 5008 ἲ»
327 4974 484 5026 llom.
511 4971 669 5038 edit.,
688 4971 853 5027 Nemo
875 4982 922 5027 te
945 4973 1298 5028 condemnavit
1321 4991 1340 5039 ;
1369 4973 1490 5029 alia:
1514 4987 1638 5028 cum
1663 4987 1794 5030 mss.

210 5043 480 5106 omnibus,
505 5041 777 5113 lapidavit.

277 5125 299 5152 ε
328 5113 616 5168 Canonicae
648 5115 983 5186 poenitentiae
1009 5113 1224 5186 labores
1251 5113 1381 5167 olim
1414 5117 1562 5186 tanti
1582 5124 1800 5186 tamque

209 5183 444 5239 diuturni
475 5183 658 5251 erant,
689 5193 748 5239 ιιι
789 5201 894 5266 non
936 5185 1228 5266 immerito.
1253 5197 1349 5252 pro
1375 5185 1588 5266 capitali
1617 5183 1798 5254 patina,

213 5263 482 5326 tamquam
503 5270 650 5326 mors
667 5255 913 5326 quaedam
939 5255 1322 5325 importunior,
1337 5254 1530 5326 subjici
1559 5267 1799 5322 possent.

279 5325 306 5363 ἀ
330 5323 537 5382 Omnes
560 5323 715 5390 editi,
742 5325 966 5391 Studio;
990 5323 1179 5378 omnes
1202 5339 1362 5386 mss.,
1395 5323 1596 5379 [remeo
1618 5341 1636 5378 :
1659 5326 1804 5382 exci-

215 5396 389 5468 piendi
423 5406 603 5452 tamen
646 5396 768 5452 cod.
801 5395 991 5459 Corb.,
1025 5394 1209 5468 Germ.
1243 5403 1298 5450 et
1340 5395 1485 5464 Ful.,
1526 5397 1578 5450 in
1609 5398 1805 5465 quibus

214 5467 576 5536 praetermissa
600 5469 772 5536 prima
804 5467 1096 5531 sententia,
1120 5467 1468 5521 continuatur
1496 5482 1619 5522 cum
1641 5469 1802 5536 epist.

215 5542 278 5594 ad
301 5539 610 5602 Bellicium,
635 5555 752 5608 qua}
777 5540 829 5592 in
856 5538 988 5593 edit.
1013 5539 1182 5606 antiq.
1209 5539 1299 5601 75,
1322 5538 1373 5591 iu
1403 5539 1560 5594 Rom.
1586 5553 1715 5593 vero
1735 5538 1807 5593 45

219 5619 555 5666 numeratur.
579 5609 798 5665 Certum
822 5608 1038 5680 quidem
1063 5617 1148 5680 est
1171 5623 1238 5680 ex
1263 5620 1586 5679 argumento
1609 5624 1715 5663 non
1739 5609 1807 5664 ad

219 5682 379 5737 alium
405 5682 662 5752 scriptam
695 5696 820 5752 esse?
863 5685 1000 5734 hanc
1029 5679 1315 5752 epistolam
1341 5721 1357 5746 ,
1403 5696 1562 5752 quam
1593 5680 1658 5734 ad
1684 5695 1807 5752 eum

221 5755 304 5806 cui
328 5749 578 5821 superior
604 5751 952 5806 inscribitur:
983 5766 1169 5821 verum
1203 5765 1270 5806 ex
1301 5750 1403 5805 hoc
1429 5749 1551 5821 ipso
1569 5751 1809 5821 credibi-

221 5822 322 5879 lius
361 5819 447 5879 est
476 5822 542 5878 ab
564 5822 859 5878 editoribus
884 5838 974 5889 pro
1007 5819 1204 5876 [remeo
1229 5819 1462 5892 positum
1489 5819 1651 5875 fuisse
1681 5820 1808 5874 Stu-

1915 546 2012 602 pro
2039 530 2258 587 Christo
2286 530 2496 586 oll‘erat.
2533 531 2765 598 Quanta:
2794 541 2922 586 sunt
2951 531 3017 586 ad
3049 533 3284 588 salutem
3314 537 3416 591 via:
3456 540 3468 590 !

1985 631 2040 686 9.
2074 630 2146 685 Et
2170 629 2296 686 ideo
2327 632 2568 700 majores
2588 631 2914 710 maluerunt,
2931 630 3363 700 indulgentiores
3390 649 3514 692 esse

1911 723 2054 780 circa
2073 721 2288 792 judices
2314 741 2328 789 ;
2363 733 2419 776 ut
2444 722 2571 778 dum
2598 721 2812 794 gladius
2839 737 3027 778 eorum
3055 723 3301 789 timetur,
3335 727 3512 795 repri-

1910 827 2151 873 meretur
2171 818 2440 873 scelerum
2471 817 2646 882 furor,
2675 827 2732 872 et
2758 831 2865 872 non
2890 817 3215 872 incitaretur
3241 835 3254 870 :
3287 818 3430 888 quod
3462 820 3508 874 si

1908 920 2203 981 negaretur
2237 911 2574 975 communio,
2622 909 2902 965 videretur
2927 909 3350 964 criminosorum
3380 911 3502 966 vin-

1909 1003 2087 1058 dicata
2117 1019 2302 1074 paena.
2333 1003 2638 1057 Maluerunt
2683 1001 2847 1073 igitur
2876 1003 3091 1072 priores
3134 1003 3334 1068 nostri,
3364 1012 3423 1058 ut
3451 1004 3507 1060 in

1909 1096 2193 1150 voluntate
2226 1096 2398 1166 magis
2427 1094 2774 1162 abstinentis,
2810 1110 2972 1165 quam
3001 1095 3053 1150 iu
3086 1095 3418 1152 necessitate
3440 1098 3512 1151 sit

1907 1190 2064 1259 legis.
2095 1188 2250 1256 Vale,
2278 1197 2332 1244 et
2377 1204 2477 1245 nos
2510 1189 2713 1261 dilige;
2748 1189 2874 1260 quia
2901 1204 3000 1245 nos
3030 1205 3251 1261 quoque
3291 1203 3344 1246 te
3383 1190 3506 1247 dili-

1907 1298 2102 1354 gunus.

2315 1395 2484 1469 394
2516 1395 2854 1453 EPISTOLA
2885 1395 3080 1451 xxvr.

1908 1535 2219 1607 Argumento
2260 1535 2537 1606 superioris
2584 1535 2818 1605 epistola:
2866 1536 3121 1603 repetito,
3171 1537 3240 1589 ad
3274 1535 3492 1591 Judazos

1978 1628 2261 1682 adulteram
2290 1624 2496 1682 Christo
2522 1627 2756 1681 sistentes
2793 1626 2964 1693 redit,
3006 1628 3190 1697 quibus
3221 1630 3496 1698 episcopos

1977 1735 2178 1773 reorum
2206 1729 2419 1772 mortem
2450 1729 2809 1789 prosequentes
2836 1731 3121 1791 comparat.
3157 1720 3297 1774 Hinc
3325 1722 3494 1775 locum

1976 1813 2064 1867 ubi
2091 1814 2266 1867 oblata
2297 1814 2395 1883 fuit
2418 1814 2622 1878 mulier,
2655 1828 2940 1882 exponens,
2970 1814 3034 1867 de
3059 1816 3361 1868 remissione
3381 1831 3506 1884 pec—

1975 1915 2206 1960 catorum
2234 1907 2398 1960 multa
2422 1907 2673 1978 disputat.
2702 1905 2973 1962 Postremo
3005 1909 3240 1978 singulas
3267 1909 3499 1982 ejusdem

1973 2001 2202 2056 historia:
2243 2011 2415 2070 partes
2453 2016 2516 2054 ea:
2568 1998 2855 2071 Evangelia
2907 2011 3134 2056 recenset
3179 2010 3333 2073 atque
3371 2019 3500 2057 enu-

1973 2095 2123 2147 cleat.

2402 2198 2692 2239 annuosws
2720 2180 2745 2218 ἀ
2770 2199 3000 2238 ιιιεΜςο.

1975 2318 2022 2371 1.
2058 2316 2172 2370 Etsi
2193 2315 2306 2385 jam
2335 2316 2618 2385 superiore
2648 2316 2877 2386 epistola
2909 2316 3068 2382 hanc,
3099 2332 3265 2383 quam
3301 2333 3502 2388 prapo-

1899 2409 2093 2472 suisti,
2133 2409 2582 2478 quaestiunculam
2631 2407 3008 2473 absolverim;
3057 2417 3235 2464 tamen
3293 2412 3497 2481 aliquid

1897 2501 2114 2570 plenius
2146 2499 2447 2569 requirenti
2481 2500 2598 2565 tibi,
2623 2507 2682 2554 ut
2703 2499 2836 2569 lilio,
2862 2499 3060 2556 all'erre
3089 2512 3252 2572 atque
3282 2506 3499 2560 exscul-

1899 2609 2028 2663 pere
2057 2608 2163 2648 non
2192 2593 2625 2664 supersederim.

1967 2685 2023 2740 2.
2061 2686 2138 2739 Ae
2161 2699 2379 2754 semper
2413 2685 2633 2755 quidem
2662 2686 2948 2742 decantata
2975 2690 3229 2758 quaastio,
3263 2698 3319 2744 et
3345 2691 3490 2746 cele-

1897 2776 2012 2831 bris
2038 2777 2307 2831 absolutio
2342 2775 2442 2831 fuit
2471 2778 2716 2832 mulieris
2739 2778 2879 2848 ejus,
2913 2795 3035 2848 qua)
3065 2779 3120 2834 in
3151 2779 3290 2835 libro
3315 2781 3497 2836 Evan-

1895 2867 2027 2936 gelii
2059 2866 2240 2936 (Joan.
2275 2883 2390 2932 vm,
2423 2867 2535 2938 li),
2566 2870 2708 2939 quod
2741 2869 3039 2924 secundum
3072 2871 3333 2927 Joannem
3362 2874 3498 2928 scri-

1899 2958 2065 3025 bitur,
2090 2961 2344 3015 adulterii
2389 2975 2479 3016 rea
2511 2960 2689 3015 oblata
2736 2973 2820 3016 est
2849 2961 3092 3017 Christo.
3127 2963 3182 3018 ld
3223 2965 3369 3019 enim
3401 2964 3497 3019 Ju—

1897 3049 2140 3104 dacorum
2169 3060 2192 3086 θ
2215 3059 2580 3105 commentata
2603 3061 2686 3106 est
2716 3052 3094 3122 tergiversatio
3119 3069 3133 3118 ;
3163 3062 3220 3108 ut
3241 3053 3287 3108 si
3309 3065 3498 3108 contra

1899 3141 2096 3212 Legem
2129 3142 2532 3206 absolveretur,
2570 3152 2761 3198 contra
2794 3143 2991 3215 Legem
3022 3145 3236 3214 prolata
3281 3145 3497 3200 Domini

1897 3231 2024 3288 Jesu
2053 3233 2323 3288 sententia
2355 3244 2662 3290 teneretur:
2695 3237 2740 3290 si
2767 3246 2949 3291 autem
2971 3237 3227 3293 damnata
3255 3250 3400 3294 esset
3427 3254 3493 3295 ex

1902 3323 2068 3396 Lege,
2101 3340 2294 3381 vacare
2321 3327 2522 3383 Christi
2550 3328 2824 3384 videretur
2845 3331 3042 3399 gratia.

1974 3419 2028 3472 '5.
2054 3417 2158 3474 Sed
2177 3418 2556 3475 vehementior
2578 3421 2715 3475 facta
2740 3431 2844 3484 est,
2872 3431 3227 3493 posteaquam
3250 3425 3493 3493 episcopi

1903 3523 2029 3564 reos
2069 3510 2357 3565 criminum
2411 3512 2860 3582 gravissimorum
2905 3513 2956 3567 in
3009 3515 3244 3584 publicis
3278 3516 3499 3585 judiciis

1909 3599 1927 3637 ί
1954 3616 2234 3667 accusare,
2270 3603 2360 3656 alii
2392 3614 2446 3658 et
2472 3618 2670 3673 urgere
2710 3619 2881 3675 usque
2929 3605 2996 3659 ad
3025 3608 3264 3676 gladium
3301 3623 3498 3678 supre-

1905 3707 2157 3762 mamque
2202 3702 2469 3758 mortem,
2514 3695 2605 3748 alii
2651 3697 3031 3750 accusationes
3071 3697 3385 3765 hujusmodi
3440 3709 3497 3755 et

1899 3793 2156 3837 cruentos
2185 3783 2528 3837 sacerdotum
2563 3784 2868 3853 triumphos
2907 3785 3144 3854 probare
3184 3799 3490 3856 coeperunt.

1898 3875 2036 3942 Quid
2068 3876 2212 3929 enim
2261 3875 2410 3929 aliud
2456 3877 2545 3932 isti
2586 3877 2794 3942 dicunt,
2837 3893 2998 3946 quam
3024 3879 3280 3936 dicebant
3317 3881 3491 3940 Judaei

1899 3982 2025 4022 reos
2053 3968 2338 4022 criminum
2372 3968 2582 4037 legibus
2621 3985 2746 4025 esse
2781 3971 3012 4040 publicis
3045 3975 3388 4042 puniendos;
3441 3988 3498 4034 et

1899 4061 2024 4116 ideo
2053 4061 2294 4115 accusari
2340 4077 2436 4115 eos
2464 4063 2627 4117 etiam
2672 4078 2702 4116 a
2747 4063 3124 4121 sacerdotibus
3163 4069 3216 4122 in
3261 4069 3493 4139 publicis

1895 4153 2116 4225 judiciis
2156 4155 2470 4222 oportuisse
2497 4196 2510 4220 ,
2548 4171 2686 4227 quos
2711 4166 2964 4212 asserunt
2994 4160 3294 4215 secundum
3342 4165 3492 4235 leges

1898 4246 2202 4316 oportuisse
2245 4247 2468 4317 puniri?
2509 4248 2709 4305 Eadem
2753 4264 2917 4304 causa
2959 4259 3066 4319 est,
3101 4251 3197 4306 sed
3231 4267 3495 4310 numerus

1898 4407 2008 4471 dio,
2039 4422 2202 4481 quam
2233 4423 2330 4476 pro
2360 4408 2552 4463 Studia
2580 4423 2608 4463 a
2655 4410 3016 4481 scriptoribus
3058 4409 3260 4465 Irenaeo
3291 4412 3496 4468 substi-

1817 4512 1871 4574 ι)
1899 4477 3492 4574 suem-92?}?aleis.aslsseeflafesrntssssesui:

1899 4549 2041 4622 Iolae,
2067 4549 2544 4606 Studiuslrenzeus
2577 4549 2754 4606 vocari
2781 4553 3035 4622 potuerit,
3082 4552 3215 4608 nihil
3238 4549 3490 4622 prohibet

1896 4619 2025 4694 quin
2053 4621 2394 4694 prioripriori
2424 4623 2687 4678 vocabulo
2713 4665 2727 4688 ,
2767 4619 3037 4692 posterior
3078 4619 3259 4680 autem
3299 4633 3486 4694 poste-

1898 4691 2027 4745 riori
2063 4693 2321 4760 inscripta
2347 4693 2528 4747 fuerit.

1975 4773 1997 4836 ῗ
2029 4761 2171 4836 ﬁdit.
2200 4772 2256 4836 et
2273 4763 2494 4836 quidam
2521 4780 2675 4829 mss.,
2704 4775 2987 4836 t:_ommcnta
3010 4775 3088 4819 est
3113 4767 3488 4836 tergiversatio.

1981 4831 1997 4868 ί
2031 4832 2158 4887 Mss.
2189 4831 2382 4894 Corb..
2411 4834 2596 4887 Germ.
2624 4843 2678 4888 et
2710 4834 2857 4899 Ful.,
2885 4831 3308 4890 accusarent'alii
3331 4849 3378 4892 et
3400 4855 3492 4891 ur-

1901 4912 2077 4981 gerent
2098 4903 2270 4981 alii
2302 4905 2653 4981 accusationes
2673 4922 2692 4970 ,°
2713 4903 2927 4981 Germ,
2957 4918 3283 4981 accusatores
3311 4911 3494 4981 hujus-

1902 4973 2039 5027 modi
2147 4973 2436 5043 improbare
2461 4984 2743 5040 coeperunt.
2775 4974 3000 5030 Veritati
3043 4988 3222 5033 autem
3263 4973 3498 5034 maxime

1903 5059 2198 5120 congruum
2211 5052 2317 5108 est,
2336 5045 2480 5120 quod
2501 5045 2839 5120 Hermatmus
2859 5047 2954 5101 lib.
2970 5063 2999 5099 v
3021 5047 3343 5120 VitzeAmbr.
3375 5065 3494 5120 cap.

1902 5114 1959 5183 4,
1977 5125 2038 5189 Aet
2060 5114 2153 5169 lib.
2171 5130 2245 5168 vtt
2263 5116 2422 5189 capJ
2438 5157 2451 5182 ,
2473 5129 2698 5189 necnon
2721 5115 3144 5189 Thaumassinus
3161 5129 3292 5173 tom.
3320 5114 3496 5189 lpat‘t.

1905 5202 1944 5252 ι,
1976 5187 2068 5259 lib.
2100 5202 2165 5259 tt.
2188 5200 2308 5257 cap.
2334 5186 2422 5259 ll,
2449 5188 2710 5251 sentiunt,
2730 5187 2983 5242 nimirum
3003 5204 3110 5243 non
3133 5189 3268 5244 alios
3291 5186 3501 5259 episco-

1908 5273 2004 5328 pos
2027 5257 2116 5331 hic
2137 5257 2430 5331 designari,
2455 5271 2615 5328 quam
2650 5259 2984 5331 Ithacianos;
3033 5259 3231 5331 quippe
3267 5257 3500 5331 quorum

1910 5329 2146 5401 impulsu
2171 5328 2461 5401 Maximus
2485 5338 2750 5401 tyrannus
2776 5328 3152 5401 Prisciliatium
3174 5328 3398 5401 jusserit
3423 5332 3506 5388 af-

1912 5398 1995 5470 lici
2023 5399 2314 5470 supplicio,
2345 5409 2402 5453 ut
2430 5398 2559 5454 Sev.
2594 5399 2863 5469 Sulpicius
2889 5399 2987 5453 lib.
3017 5416 3055 5454 ιι
3084 5398 3496 5458 commemorat.

1909 5467 2179 5525 Caeterum
2229 5479 2565 5540 quantOpere
2607 5471 2673 5524 ab
2698 5467 2891 5526 eorum
2937 5471 3256 5526 crudelitate
3303 5473 3506 5527 abhor-

1911 5541 2080 5594 ruerit
2102 5541 2419 5595 mitissimus
2441 5541 2712 5596 Ambrosii
2737 5543 2949 5596 animus
2972 5557 3078 5596 non
3111 5545 3283 5596 solum
3309 5559 3374 5597 ex
3403 5545 3506 5598 hac

1913 5621 1966 5685 e_t
1993 5611 2260 5685 superiori
2290 5613 2453 5685 epist.
2480 5621 2649 5685 patet,
2677 5613 2771 5668 sed
2801 5613 2963 5667 etiam
2995 5628 3059 5669 ex
3084 5614 3149 5667 iis
3173 5629 3293 5685 qua:
3319 5613 3388 5669 ab
3409 5629 3504 5685 eo-

1913 5679 2035 5734 dem
2062 5679 2259 5736 iradita
2288 5679 2414 5736 sunt
2444 5679 2496 5736 in
2528 5682 2666 5738 Psal.
2702 5699 2861 5740 exvttt
2887 5725 2902 5751 ,
2947 5699 3110 5740 serm.
3138 5679 3374 5751 8,'uum.
3402 5683 3496 5750 4i,

1914 5759 1967 5803 ct
2000 5752 2089 5805 lib.
2116 5767 2154 5804 ιι
2180 5753 2332 5807 Ollic.
2366 5767 2486 5822 cap.
2518 5752 2608 5808 2i.
