4040 6166
527 298 666 358 1085

1856 284 2106 344 SANCTI
2143 284 2468 346 AMBROSII

3685 287 3778 344 Ιοι
3796 287 3834 342 4

527 417 737 480 minor,
789 411 890 466 hoc
926 419 1007 466 est
1037 451 1050 474 ,
1101 424 1206 462 uuu
1240 407 1425 478 dispar
1460 403 1647 475 judicii
1687 403 1938 474 quamne,
1967 411 1991 437 ἰ
2019 399 2113 456 sed
2144 399 2190 460 Α
2221 415 2315 463 xu,
2347 399 2426 468 5).
2455 399 2676 471 Septem
2732 400 2942 456 dierum
2989 401 3239 472 purgatio
3280 401 3582 458 secundum
3620 401 3835 470 Legem

527 523 699 577 ptume
726 506 910 574 dispar
935 501 1158 560 invidia.
1189 500 1360 559 Unam
1389 500 1642 556 Christus
1677 499 1853 568 puniri
1881 513 1945 554 ex
1978 497 2119 566 Lege

528 619 632 657 non
662 614 856 670 passus
883 607 986 664 est,
1016 597 1102 654 isti
1130 597 1394 656 minorem
1419 610 1701 652 numerum
1728 601 1976 648 asserunt
1997 604 2120 645 esse

546 695 821 764 punitum.

600 787 656 842 4.
692 788 756 838 At
789 797 896 854 quo
927 782 1032 840 loci
1078 782 1180 838 hoc
1221 781 1430 852 judicat
1471 779 1755 835 Christus?
1780 776 1806 815 δ
1837 775 1968 831 Nam
2002 774 2114 845 ple-

528 893 757 950 rumque
794 877 1088 933 secundmu
1119 877 1413 948 qualitates
1444 875 1689 930 locorum
1719 874 1772 927 in
1801 870 1997 943 quibus
2025 868 2122 924 do-

527 978 684 1034 cehat
725 976 958 1032 famulos
990 991 1140 1046 suos,
1173 973 1568 1044 disputationes
1613 984 1741 1026 suas
1779 969 2012 1024 formare
2043 965 2122 1019 di-

528 1081 728 1143 gnatus
772 1079 877 1135 est,
909 1077 968 1124 ut
998 1069 1051 1123 in
1082 1067 1295 1138 porticu
1335 1064 1646 1121 Salomonis
1674 1103 1690 1129 ,
1739 1061 1842 1116 hoc
1883 1068 2007 1124 est,
2038 1070 2123 1112 sa—

532 1165 752 1238 pientis,
777 1163 1134 1219 deambulans
1163 1159 1520 1232 loquebatur:
1555 1155 1672 1228 Ego
1691 1165 1740 1211 et
1774 1153 1931 1208 Pater
1963 1166 2123 1206 unum

529 1275 708 1313 sumus
740 1255 917 1328 (Joan.
942 1271 996 1321 χ,
1024 1253 1151 1324 30);
1185 1261 1240 1307 ut
1269 1254 1320 1307 in
1357 1251 1562 1321 templo
1589 1249 1686 1304 Dei
1719 1247 1970 1302 dicebat:
2006 1242 2124 1297 Mea

531 1352 770 1406 doctrina
798 1365 899 1403 non
925 1357 997 1402 est
1025 1363 1158 1412 mea,
1188 1345 1278 1399 sed
1303 1348 1418 1418 ejus
1437 1345 1523 1416 qui
1546 1359 1626 1398 me
1650 1341 1784 1395 misit
1811 1338 1990 1410 (Joan.
2024 1351 2121 1401 vu,

533 1444 642 1514 16).
677 1442 788 1496 lloc
817 1455 1030 1511 quoque
1057 1437 1319 1507 judicium
1345 1437 1396 1490 in
1424 1435 1626 1504 templo
1653 1432 1859 1502 positus
1879 1437 2121 1495 exercet,

529 1543 672 1595 sicut
697 1538 960 1608 scriptum
984 1543 1069 1590 est
1100 1535 1150 1588 in
1176 1531 1604 1603 posterioribus;
1635 1531 1714 1584 sic
1741 1529 1886 1584 enim
1919 1527 2120 1582 habes:

535 1633 664 1688 Han:
693 1633 843 1686 verba
874 1632 1075 1685 locutus
1116 1639 1187 1682 est
1217 1627 1369 1681 .Iesus
1411 1628 1464 1680 in
1505 1625 1900 1696 gazOphylacio,
1928 1622 2122 1676 docens

530 1725 583 1778 in
613 1723 802 1791 templo
826 1739 844 1787 ;
873 1732 918 1776 et
948 1737 1094 1774 nemo
1133 1718 1476 1788 apprehendit
1504 1734 1618 1770 eum
1651 1715 1833 1787 (Joan.
1859 1730 1972 1778 vut,
2003 1713 2121 1781 ΞΟ).

2225 491 2409 559 (Leuit.
2444 508 2536 554 xu,
2562 493 2642 560 ἰ),
2680 507 2798 562 qua:
2828 493 2881 546 in
2906 493 3088 563 specie
3131 495 3418 562 prmseutis
3459 493 3679 554 sabbati
3711 495 3838 564 spi-

2224 585 2380 638 ritale
2412 583 2694 637 sabbatum
2720 585 3061 638 annuutiavit
3095 603 3108 640 :
3139 586 3305 642 trium
3331 585 3542 640 dierum
3570 587 3836 657 purgatio

2223 676 2520 732 secundum
2583 677 2835 747 gratiam,
2911 693 3029 746 quae
3089 677 3369 748 Evangelii
3430 678 3840 734 testiﬁcatione

2224 770 2464 839 signatur
2494 769 2646 844 (Luc.
2711 786 2861 838 ntv,
2905 769 2981 840 7);
3023 771 3143 842 quia
3200 771 3361 827 tertio
3413 772 3504 826 die
3555 772 3840 828 Dominus

2225 864 2545 917 resurrexit.
2578 861 2679 918 Ubi
2710 879 2865 934 pmua
2919 864 3314 934 prmscrihitur,
3363 866 3526 921 debet
3545 881 3666 922 esse
3710 883 3843 936 pic-

2227 955 2450 1010 uitentia
2501 966 2847 1024 peccatorum
2880 975 2892 1011 :
2925 956 3012 1011 ubi
3062 957 3313 1018 remissio
3362 957 3618 1024 donatur,
3649 957 3838 1028 gratia

2226 1057 2327 1101 est.
2395 1047 2656 1102 Prmcedit
2708 1050 3042 1119 poenitentia,
3104 1051 3352 1121 sequitur
3398 1051 3588 1120 gratia.
3641 1049 3839 1120 Neque

2230 1139 2551 1208 poenitentia
2606 1157 2734 1212 ergo
2765 1143 2882 1197 sine
2925 1145 3120 1213 gratia.
3159 1159 3332 1214 neque
3357 1145 3530 1215 gratia
3568 1144 3687 1199 sine
3711 1159 3840 1216 pae-

2228 1233 2453 1287 nitentia
2479 1250 2493 1298 ;
2525 1233 2686 1289 debet
2710 1235 2852 1290 enim
2887 1235 3204 1306 pinniteutia
3231 1239 3380 1306 prius
3407 1235 3673 1294 damnare
3700 1252 3843 1307 pec-

2227 1336 2525 1392 catum,ut
2546 1329 2720 1399 gratia
2770 1329 2941 1398 possit
2968 1329 3207 1386 abolere.
3267 1328 3394 1385 ldeo
3430 1338 3612 1401 typum
3666 1329 3840 1402 Legis

2229 1418 2496 1488 accipiens
2526 1418 2762 1475 Joannes
2800 1404 3091 1490 baptizavit
3131 1421 3184 1478 in
3211 1420 3610 1494 pcenitentiam,
3637 1421 3837 1478 Chris-

2233 1520 2316 1564 tus
2346 1510 2411 1564 ad
2440 1511 2664 1581 gratiam
2700 1511 2914 1584 (Matth.
2951 1529 3029 1576 Ill,
3065 1513 3180 1584 ii).

2301 1605 2354 1660 8.
2396 1604 2412 1642 ί
2449 1605 2725 1674 Septimus
2771 1623 2900 1676 ergo
2928 1606 3045 1662 dies
3074 1607 3234 1679 Legis
3278 1608 3596 1680 mysterium
3624 1611 3832 1680 signat,

2231 1706 2451 1751 octavus
2486 1698 2930 1763 resurrectionis,
2961 1698 3099 1754 sicut
3145 1699 3313 1755 habes
3364 1700 3420 1754 in
3449 1699 3784 1756 Ecclesiaste
3816 1720 3834 1757 :

532 1818 666 1886 Quid
699 1788 781 1871 est
809 1813 1254 1886 gazophylacium
1277 1813 1300 1864 ?
1323 1811 1558 1865 Collatio
1590 1810 1846 1874 ﬁdelium,
1880 1817 2125 1878 sumptus

2243 1788 2314 1844 Da
2344 1801 2543 1863 partem
2567 1792 2672 1845 illis
2695 1802 2961 1864 septem,et
2985 1793 3089 1847 illis
3121 1803 3234 1847 octo
3267 1791 3437 1864 (Eccl.
3475 1809 3554 1859 χι,
3582 1794 3664 1865 Ξ).
3693 1794 3839 1849 Nam

538 1924 835 1979 pauperum
863 1950 878 1976 ,
925 1907 1141 1974 requies
1188 1919 1505 1974 egenorum,
1546 1903 1694 1972 juxta
1739 1902 1880 1972 quod
1929 1901 2126 1955 sedens

537 2003 816 2068 Christus,
854 2008 912 2054 ut
941 1999 1108 2053 habes
1154 1995 1449 2052 secundum
1481 1997 1702 2059 Lucam,
1735 1994 1844 2048 duo
1874 2008 1981 2047 tera
2011 2008 2127 2046 mu-

538 2096 687 2150 lieris
715 2094 889 2148 vidua:
918 2092 1145 2146 divitum
1195 2090 1512 2145 muneribus
1543 2089 1755 2144 censuit
1787 2084 2127 2156 praeferenda

533 2188 690 2260 (Luc.
725 2202 835 2251 xu,
867 2185 949 2254 ‘2),
982 2183 1166 2239 divino
1195 2182 1448 2238 videlicet
1489 2180 1804 2235 testimonio
1831 2177 2128 2248 prmferens

535 2284 733 2352 opima:
765 2280 1006 2348 prauniis
1036 2276 1303 2348 largitatis
1355 2288 1376 2313 ε
1419 2274 1621 2330 sedul-.e
1667 2271 2008 2328 liberalitatis
2052 2269 2128 2322 af-

536 2376 759 2431 fectum.

601 2467 768 2540 895
804 2465 858 2521 5.
902 2466 1005 2533 Qui
1061 2465 1168 2520 tale
1215 2463 1450 2520 habebat
1499 2460 1786 2532 judicium,
1851 2458 2132 2514 videamus

534 2563 662 2632 quid
705 2564 821 2631 ipse
862 2561 1011 2630 juxta
1042 2557 1489 2628 gawphylacium
1537 2556 1748 2625 positus
1788 2554 2128 2616 conferebat;

537 2671 643 2712 non
672 2655 816 2710 enim
864 2655 1039 2708 otiose
1095 2650 1311 2705 viduam
1345 2647 1581 2718 prmtulit
1609 2647 1717 2704 duo
1761 2661 1868 2700 mra
1913 2645 2134 2700 mitten-

540 2759 667 2804 tem.
702 2745 950 2800 Pretiosa
977 2745 1076 2798 ista
1110 2750 1402 2812 paupertas
1429 2750 1513 2796 est
1549 2740 1670 2796 ﬁdei
1699 2738 1956 2808 opulenta
1986 2751 2134 2806 mys-

536 2842 696 2896 terio.
751 2838 858 2894 Ista
904 2845 1032 2892 sunt
1087 2836 1195 2890 duo
1249 2849 1356 2888 tera
1415 2848 1534 2902 qua:
1612 2832 1992 2887 Samaritanus
2042 2829 2131 2883 ille

540 2930 902 2999 Evangelicns
933 2929 997 2982 ad
1025 2929 1145 2995 ejus
1169 2925 1406 2980 curanda
1432 2924 1676 2988 vulnera,
1708 2922 1799 2992 qui
1843 2921 2032 2978 incidit
2077 2921 2129 2975 in

539 3025 801 3084 latrones,
835 3017 1138 3073 stabulario
1169 3016 1461 3085 dereliquit
1494 3012 1646 3082 (Luc.
1682 3029 1734 3078 κ,
1768 3013 1882 3080 55).
1915 3012 2055 3083 Ergo
2077 3022 2134 3068 et

539 3120 638 3172 ista
669 3114 850 3182 specie
907 3109 1087 3173 vidua,
1132 3111 1182 3166 in
1218 3119 1347 3178 typo
1393 3106 1676 3170 Ecclesiae,
1723 3105 1825 3160 hoc
1859 3106 2132 3176 gazophy-

2228 1883 2356 1935 etin
2385 1884 2646 1952 propheta
2674 1883 2814 1938 Osee
2857 1885 3034 1955 legisti
3068 1884 3272 1939 dictum
3316 1885 3381 1940 ad
3412 1902 3535 1941 eum
3569 1904 3582 1939 :
3616 1887 3840 1942 Conduc

2227 1975 2318 2027 tibi
2347 1975 2683 2044 fornicariam
2724 1977 3019 2046 quindecim
3060 1977 3288 2031 denariis
3338 1976 3484 2050 (Ose.
3522 1994 3604 2048 tu,
3658 1980 3735 2050 i);
3770 1995 3841 2034 eo

2230 2069 2372 2140 quod
2407 2072 2627 2140 gemino
2677 2085 2785 2125 tere
2818 2069 3021 2125 veteris
3067 2079 3122 2125 et
3162 2073 3287 2126 novi
3333 2068 3694 2136 Testamenti,
3730 2069 3841 2126 hoc

2229 2171 2332 2226 est,
2368 2163 2577 2232 integro
2601 2162 2722 2217 ﬁdei
2765 2163 2964 2234 pretio,
3001 2163 3196 2218 mulier
3226 2164 3316 2217 illa
3345 2177 3479 2234 vago
3510 2164 3748 2234 quodam
3779 2175 3843 2222 et

2233 2258 2544 2314 meretricio
2617 2260 2857 2330 gentium
2941 2275 3310 2316 convenarum
3368 2261 3632 2317 comitatu
3695 2261 3842 2326 fulta

2232 2352 2575 2408 conducuur.

2305 2448 2357 2503 9.
2393 2447 2459 2502 Et
2490 2449 2733 2517 conduxi,
2762 2451 2955 2519 inquit,
2996 2466 3109 2503 eam
3135 2465 3317 2522 gomor
3339 2448 3545 2514 hordei,
3593 2461 3641 2505 et
3684 2453 3842 2506 semi-

2235 2557 2434 2611 gomor,
2467 2552 2513 2594 et
2549 2542 2691 2596 nevel
2721 2542 2824 2596 vini
2866 2541 3058 2614 (lbid.,
3082 2540 3165 2612 ‘2).
3198 2542 3302 2598 Per
3350 2542 3614 2597 hordeum
3658 2545 3840 2614 signi-

2238 2637 2361 2690 ticat
2391 2636 2517 2706 quia
2560 2635 2910 2705 imperfectos
2956 2645 3178 2692 vocaret
3225 2635 3291 2690 ad
3353 2636 3537 2701 ﬁdem,
3596 2648 3656 2692 ut
3707 2653 3841 2708 per-

2235 2727 2407 2782 lectos
2455 2727 2706 2783 redderet
2737 2745 2749 2783 :
2781 2744 2874 2797 per
2904 2744 3095 2799 gomor
3147 2729 3468 2800 intelligitur
3491 2731 3646 2799 plena
3680 2748 3843 2787 meu-

2237 2835 2385 2886 sura,
2440 2835 2534 2889 per
2597 2821 2925 2891 semigomor
2991 2821 3287 2890 semiplena
3334 2837 3611 2877 mensura.
3665 2823 3842 2882 Plena

2238 2931 2488 2970 mensura
2519 2916 2570 2969 in
2601 2915 2898 2986 Evangelia
2925 2927 3028 2981 est,
3055 2916 3350 2985 semiplena
3382 2917 3433 2970 in
3479 2915 3648 2986 Lege,
3672 2920 3836 2988 cujus

2239 3005 2515 3074 plenitudo
2557 3022 2757 3061 novum
2800 3016 2883 3060 est
2912 3007 3342 3062 Testamentum.
3391 3007 3674 3078 Siquidem
3720 3010 3842 3080 ipse

2236 3100 2497 3154 Dominus
2524 3105 2598 3154 ait
2626 3120 2638 3155 :
2674 3100 2793 3154 Non
2825 3105 2937 3154 veni
2969 3100 3154 3172 Legem
3207 3103 3419 3167 solvere,
3470 3103 3560 3160 sed
3612 3105 3836 3174 implere

536 3171 673 3264 iacio
701 3171 890 3259 .sacro
937 3171 1327 3256 conferendum
1381 3198 1611 3268 putavit.
1674 3215 1782 3268 quo
1829 3171 2126 3269 pauperum
2160 3171 2205 3234 C
2239 3191 2454 3263 (Matth.
2486 3209 2540 3257 v,
2574 3192 2685 3262 i7).

535 3307 863 3354 sanarentur
917 3294 1172 3360 vulnera,
1235 3291 1652 3361 peregrinorum
1707 3292 1916 3362 jejunia
1972 3293 2132 3348 seda-

541 3401 747 3447 rentur.

609 3484 662 3538 6.
690 3481 846 3538 Unde
869 3490 922 3536 et
942 3494 1086 3534 nunc
1109 3478 1238 3548 quid
1253 3477 1505 3533 Christus
1527 3475 1795 3538 conferat,
1814 3475 2133 3544 spiritaliter

538 3589 591 3632 te
615 3584 832 3646 oportet
889 3573 1237 3646 expendere;
1291 3570 1565 3626 dividebat
1593 3569 1740 3622 enim
1786 3569 1998 3639 populis
2047 3587 2133 3624 ar-

536 3676 758 3740 gentum
813 3665 939 3736 igne
987 3664 1355 3720 examinatqu
1412 3661 1754 3730 eloquiorum
1801 3660 2130 3728 ccelestium,

539 3772 595 3816 et
649 3758 904 3829 imaginis
951 3757 1116 3828 regiae
1165 3755 1448 3824 pecuniam
1501 3753 1821 3824 populorum
1871 3768 2136 3810 annume-

541 3852 698 3908 rabat
743 3847 1038 3908 affectibus
1090 3845 1266 3917 (Psal.
1322 3861 1398 3912 st,
1451 3844 1529 3914 6).
1576 3844 1751 3902 Nemo
1796 3844 1913 3915 plus
1964 3846 2130 3914 misit,

542 3958 702 4010 quam
744 3941 835 4010 qui
887 3950 1056 3996 totum
1085 3938 1323 3994 donavit.
1365 3937 1608 3994 Satiabat
1667 3939 1994 4002 esurientes,
2050 3954 2137 3993 re-

542 4032 726 4099 plebat
764 4032 978 4100 inopes,
1037 4030 1381 4090 illuminabat
1419 4044 1618 4097 caecos,
1677 4031 1979 4088 redimebat
2007 4046 2136 4101 cap-

2309 3285 2397 3340 it).
2434 3284 2541 3342 Nec
2570 3285 2746 3340 otiose
2792 3283 3104 3354 quindecim
3151 3285 3607 3344 anabathmorum
3665 3288 3846 3360 896

2239 3377 2476 3445 psalmos
2508 3377 2794 3433 Daridicos
2835 3378 3086 3448 legimus,
3117 3387 3172 3434 et
3225 3379 3535 3447 quindecim
3573 3381 3843 3450 gradibus

2236 3469 2544 3524 ascendisse
2592 3469 2782 3535 solem,
2843 3486 2964 3524 cum
3024 3470 3282 3530 Ezechias
3324 3470 3505 3540 justus
3556 3487 3654 3534 rex
3709 3477 3843 3529 vita:

2239 3562 2396 3631 hujus
2462 3561 2732 3630 acciperet
2799 3572 3164 3616 commeatum
3233 3561 3406 3631 (Esai.
3461 3579 3689 3627 xxxvtn,
3756 3566 3841 3634 8).

2239 3653 2662 3722 Signiﬁcabatur
2730 3655 2873 3709 enim
2929 3671 3051 3709 esse
3113 3664 3375 3710 venturus
3431 3657 3511 3709 sol
3566 3657 3840 3727 justilim,

2241 3747 2463 3817 (Malae.
2520 3748 2706 3820 tv,2),
2758 3750 2848 3820 qui
2897 3749 3098 3819 gradus
3155 3751 3467 3820 quindecim
3520 3753 3730 3808 veteris
3788 3764 3845 3809 et

2241 3843 2364 3898 novi
2397 3842 2731 3898 TeSIamenti
2772 3843 3176 3898 illuminaturus
3208 3854 3352 3898 esset
3384 3846 3693 3912 prazscutite
3725 3862 3843 3902 sine

2243 3935 2467 3998 lumine,
2497 3935 2694 4005 quibus
2716 3945 2898 3989 nostra
2933 3934 3068 3990 ﬁdes
3107 3934 3172 3988 ad
3207 3936 3373 3992 vitam
3402 3937 3648 3992 ascendit
3677 3949 3844 3994 reter-

2243 4043 2388 4082 nam.
2414 4027 2572 4084 Unde
2601 4036 2658 4084 et
2702 4027 2805 4082 hoc
2857 4027 3002 4096 quod
3050 4026 3210 4083 hodie
3239 4028 3291 4082 in
3323 4028 3588 4097 Apostolo
3633 4031 3841 4086 lectum

543 4123 704 4187 tivos,
733 4123 1061 4193 paralyticos
1087 4122 1352 4194 erigebat,
1384 4132 1629 4178 mortuos
1653 4122 2038 4188 resuscitabat,
2082 4131 2139 4178 et
2240 4119 2553 4190 est'(Galat.
2585 4137 2624 4187 ι,
2659 4119 2771 4184 18),
2800 4119 3086 4190 mysticum
3128 4134 3284 4186 reor;
3318 4135 3382 4173 eo
3412 4120 3556 4189 quod
3603 4121 3844 4189 quinde-

539 4215 682 4287 quod
712 4225 794 4270 est
821 4215 1078 4284 amplius,
1118 4213 1432 4270 conferebat
1488 4214 1858 4272 absolutiones
1890 4229 2129 4279 reorum,

541 4314 760 4375 peccata
813 4305 1075 4359 donabat.
1121 4304 1248 4358 llaec
1287 4313 1416 4359 sunt
1467 4303 1578 4358 duo
1633 4319 1765 4369 aera,
1815 4321 1939 4374 quae
1990 4305 2139 4360 misit

540 4397 784 4452 Ecclesia
804 4395 832 4436 ά
865 4405 1218 4466 posteaquam
1249 4397 1462 4464 accepit
1491 4411 1520 4450 a
1557 4395 1795 4450 Christo.
1828 4396 1966 4464 Quid
1990 4399 2134 4452 enim

2240 4212 2344 4266 cim
2390 4210 2582 4268 diebus
2628 4211 2766 4280 apud
2800 4210 3019 4266 Petrum
3084 4211 3388 4268 manserit:
3427 4211 3646 4268 videtur
3689 4217 3842 4270 enim

2243 4302 2373 4356 mihi
2401 4303 2543 4373 quod
2571 4303 2829 4373 apostolis
2873 4301 3076 4357 sanctis
3106 4304 3406 4372 Scriptura:
3432 4304 3630 4360 divina:
3670 4306 3847 4361 inter-

2243 4395 2597 4464 pretationem
2654 4408 2904 4450 sermone
2966 4409 3150 4450 secum
3210 4397 3363 4450 vario
3418 4397 3842 4454 conferentibus

537 4498 664 4548 sunt
703 4489 812 4544 duo
861 4502 992 4552 aera,
1036 4487 1140 4542 nisi
1195 4487 1425 4557 pretium
1472 4486 1596 4541 novi
1633 4497 1686 4541 et
1725 4489 1926 4542 veteris
1948 4488 2138 4544 Testa-
2163 4553 2201 4560 __
2240 4489 2385 4560 pleni
2417 4490 2632 4544 luminis
2664 4488 2937 4544 refulserit
2966 4489 3255 4556 claritudo,
3285 4491 3610 4560 ignorantia:
3636 4495 3843 4550 umbra

539 4583 748 4645 menti?
780 4583 1023 4640 Pretium
1078 4553 1372 4650 Scriptura:
1414 4581 1546 4636 ﬁdes
1597 4589 1784 4636 nostra
1830 4590 1950 4648 est;
2005 4600 2129 4640 nam
2163 4553 2212 4612 Ῐ)
2240 4553 2560 4638 decesserit.
2609 4581 2716 4637 Sed
2761 4581 2872 4650 jam
2923 4583 3205 4638 veniamus
3243 4553 3330 4638 ad
3376 4585 3627 4642 mulieris
3675 4585 3842 4656 hujus

535 4677 678 4745 quod
737 4675 953 4746 legitur,
999 4690 1097 4744 pro
1146 4675 1501 4744 intelligentis
1547 4675 1851 4730 (estimatur
1877 4676 2127 4734 arbitrio.

537 4772 810 4828 Remissio
874 4771 1036 4844 igitur
1111 4779 1456 4842 peccatorum
1527 4771 1814 4844 utriusque
1896 4774 2129 4843 pretium

538 4865 872 4926 Testamenti
904 4873 1004 4931 est,
1043 4874 1065 4902 °
1089 4880 1209 4936 qua:
1250 4881 1345 4935 per
1390 4882 1590 4937 agnum
1622 4866 1676 4924 in
1728 4875 1856 4939 typo
1917 4883 2132 4926 annuu-

537 4957 667 5010 tiata
698 4965 804 5022 est,
835 4955 891 5009 iu
935 4956 1165 5011 veritate
1195 4957 1464 5027 completa
1515 4973 1614 5028 per
1646 4958 1947 5015 Christum.

607 5049 658 5100 7.
691 5045 818 5101 Ideo
856 5045 1024 5102 habes
1065 5061 1242 5116 neque
1300 5059 1508 5118 septem
1568 5049 1780 5104 dierum
1857 5051 2134 5121 purgatio-

535 5151 658 5192 nem
708 5137 826 5200 sine
876 5141 1036 5202 trium
1096 5137 1305 5198 dierqu
1373 5154 1496 5202 esse
1558 5141 1879 5214 purgatione
1931 5141 2128 5210 (Exod.

573 5267 783 5388 Vet.
826 5267 958 5323 edit.
987 5284 1051 5323 ac
1093 5285 1222 5324 mss.
1257 5268 1482 5342 aliquot,
1526 5271 1618 5324 sed
1657 5289 1783 5342 pene
1821 5272 2006 5346 dispar
2048 5276 2129 5328 in-

573 5353 581 5388 l
625 5353 693 5388 ia.

535 5349 883 5463 mﬁmlﬂodem
912 5409 1078 5487 plane
1114 5423 1275 5487 sensu
1319 5410 1529 5487 dixerat
1591 5413 1687 5466 lib.
1732 5429 1786 5466 ιιι
1813 5413 2122 5487 deSpiritu

528 5488 717 5564 sancto
749 5494 867 5564 cap.
905 5477 1001 5564 Π)
1036 5477 1429 5564 Re{ert_itaque
1461 5482 1846 5564 adver_tere_quo
1887 5477 2123 5564 loci/uec

527 5549 780 5634 Dominus
807 5549 1183 5634 disput'averit“;
1217 5549 1509 5623 frequenter
1531 5555 1662 5605 enim
1690 5549 2036 5634 ejusoracula
2058 5574 2124 5611 ex

528 5622 779 5686 locorum,
812 5621 867 5673 in
903 5621 1084 5689 quibus
1114 5621 1398 5678 diversam:
1437 5633 1538 5687 est,
1580 5621 1923 5690 qualitatibus
1967 5628 2122 5679 cesti-

529 5701 757 5741 mantur.

607 5766 625 5791 ο
662 5757 788 5808 Mss.
811 5755 998 5823 Corb.,
1040 5759 1226 5814 Germ.
1257 5773 1310 5815 et
1353 5763 1502 5830 Ful.,
1541 5763 1737 5818 sedulte
1763 5764 2012 5821 libertatis
2040 5772 2126 5842 af-

2242 4677 2500 4731 adulterte
2529 4676 2948 4730 absolutionem.

2316 4769 2620 4824 il.0blata
2676 4778 2792 4823 erat
2843 4785 2870 4821 a
2921 4768 3126 4824 Scribis
3178 4777 3232 4824 et
3277 4768 3568 4824 Pharisaais
3598 4770 3842 4826 Domino

2241 4864 2368 4920 Jesu
2395 4863 2641 4920 adulterii
2667 4880 2756 4920 rea
2777 4863 2957 4936 (Joan.
2983 4881 3099 4928 vm,
3125 4867 3158 4918 3
3177 4875 3224 4920 et
3245 4866 3401 4936 δρψ).
3429 4876 3486 4921 et
3509 4866 3612 4922 hac
3655 4868 3842 4926 oblata

2240 4955 2512 5019 fraude,ut
2533 4955 2577 5010 si
2600 4971 2718 5010 eam
2733 4957 3060 5021 absolveret,
3080 4956 3276 5025 Legem
3301 4957 3514 5012 solvere
3531 4957 3837 5013 videretur:

2242 5049 2323 5102 sin
2343 5063 2471 5103 vero
2493 5047 2790 5111 damnaret,
2819 5049 3152 5122 propositum
3177 5050 3256 5103 sni
3284 5057 3517 5103 mutaret
3539 5050 3835 5114 adventus;

2240 5143 2366 5213 quia
2393 5151 2609 5212 peccata
2653 5142 2894 5198 omnium
2946 5142 3272 5198 remissurus
3300 5141 3541 5198 advenit.
3597 5145 3838 5216 Denique

2231 5282 2444 5346 fectum.

2303 5346 2327 5384 ἀ
2359 5348 2576 5422 Ῑιιιιειη.
2601 5347 2750 5415 cod.,
2783 5357 3115 5422 posteaquam
3136 5349 3335 5422 accepit
3367 5347 3660 5407 Christum.

2303 5428 2325 5454 ε
2357 5418 2482 5476 Mss.
2517 5431 2766 5487 quatuor,
2792 5435 2904 5490 qua:
2926 5418 3013 5490 per
3042 5437 3238 5474 artuum
3278 5421 3333 5474 in
3373 5432 3494 5492 typo
3523 5423 3830 5478 annuntiata

2227 5498 2320 5547 est,
2351 5498 2456 5542 etc.

2307 5555 2333 5632 ξ
2359 5557 2639 5632 νίὰολῳιρε
2677 5560 2745 5615 ab
2775 5559 3068 5616 Ambrosio
3097 5559 3372 5629 disputata
3415 5571 3545 5620 sunt
3575 5563 3824 5632 EXposit.

2227 5626 2279 5710 in
2312 5627 2444 5752 Lusc.
2499 5629 2590 5685 lib.
2637 5645 2730 5697 vn,
2782 5649 2928 5686 num.
2960 5634 3049 5694 49,
3081 5641 3128 5684 et
3173 5626 3294 5700 qua:
3355 5633 3552 5691 ibidem
3587 5626 3827 5690 annota-

2232 5715 2379 5752 vuuu
2423 5741 2434 5752 .

2232 5715 2338 5752 νιιη
2352 5715 2434 5754 IIS.
