4040 6166
190 193 349 263 1045

1433 205 1925 279 ΕΡΙὸΤΟιΔΜ-ῙΜ
1961 211 2243 279 CLASSIS
2281 215 2323 271 Ι.

3369 226 3510 291 1016

186 329 369 383 supra
404 313 477 377 ait
508 332 522 369 :
555 314 669 387 Ego
697 332 800 373 non
820 317 1005 389 judico
1021 336 1325 397 quemquam
1350 319 1532 394 (Joan.
1561 324 1803 396 vnt,i5).
1833 330 1882 395 Α
1910 329 2006 391 illa
2030 331 2295 402 respondit
2324 348 2341 388 :
2374 330 2567 403 Nemo,
2601 333 2838 401 Domine.
2867 335 2937 401 Et
2965 338 3038 401 ait
3059 338 3130 407 ad
3154 338 3304 407 illam
3327 339 3509 405 Iesus:

187 407 515 471 Ol’t'erenles
544 426 675 494 ergo
713 426 858 479 eam,
891 411 1146 473 dixerunt
1181 432 1193 467 :
1229 413 1383 477 Hanc
1429 416 1697 477 mulierem
1725 417 1809 481 in-

185 505 438 567 uenimus
488 506 694 576 publice
742 505 1100 575 machantem.
1153 508 1423 581 Scriptum
1466 519 1542 565 est
1570 511 1703 566 enim
1752 512 1807 567 in

186 596 307 673 lege
334 596 547 669 Hoysis
595 614 797 661 omnem
818 601 1067 659 merchant
1097 602 1345 673 lapidari.
1399 601 1479 657 Tu
1511 619 1631 663 vero
1676 604 1806 676 quid

186 689 333 745 dicis
369 689 434 753 de
462 706 524 746 ea
551 690 736 762 (Leuit.
765 707 858 757 xx,
889 691 1013 764 i0)?

265 780 369 847 12.
400 781 533 852 Quae
572 799 697 841 cum
749 784 1016 853 dicerent,
1067 784 1229 843 Jesus
1279 785 1538 847 inclinato
1594 787 1804 859 capite,

187 874 369 947 digito
397 876 668 935 scribebat
697 876 750 933 in
803 884 966 933 terra.
1024 877 1090 941 Et
1137 894 1259 934 cum
1291 889 1698 950 exspectarent,
1748 888 1809 941 ut

186 967 464 1025 audirent
492 982 639 1035 eum,
668 968 884 1039 erigens
911 980 1071 1041 caput
1098 970 1233 1027 dixit
1269 990 1283 1026 :
1315 970 1417 1038 Qui
1458 973 1568 1028 sine
1595 983 1807 1045 peccato

187 1070 288 1131 est,
323 1061 477 1132 prior
498 1062 694 1132 lapidet
723 1078 857 1123 eam.
885 1062 1023 1129 Quid
1057 1072 1165 1121 tam
1191 1064 1458 1134 divinum,
1486 1080 1647 1138 quam
1699 1066 1802 1120 ista

186 1155 514 1223 sententia;
543 1162 600 1213 ut
626 1156 670 1210 is
702 1166 926 1227 peccata
951 1158 1159 1229 puniat,
1191 1158 1282 1230 qui
1311 1173 1503 1219 exsors
1529 1157 1647 1228 ipse
1670 1174 1803 1230 pec-

188 1248 300 1303 eati
354 1248 471 1309 sit?
510 1247 793 1317 Quomodo
846 1250 993 1309 enim
1046 1251 1190 1308 feras
1239 1253 1404 1309 alieni
1450 1253 1705 1320 ultorem,
1749 1263 1806 1311 et

189 1342 416 1414 proprii
469 1343 716 1401 criminis
757 1344 1150 1411 defensorem?
1179 1345 1372 1407 Nonne
1400 1363 1459 1402 se
1492 1347 1665 1418 magis
1685 1349 1805 1420 ipse

188 1434 563 1505 condemnat,
614 1437 707 1509 qui
765 1435 816 1511 in
856 1437 967 1495 alio
1010 1437 1254 1507 damnat,
1305 1436 1450 1510 quod
1484 1439 1601 1510 ipse
1647 1454 1803 1499 com-

190 1529 410 1595 mittit?

269 1624 364 1679 15.
400 1622 518 1685 [ioc
544 1632 727 1680 autem
757 1623 918 1692 dixit,
946 1633 1001 1681 et
1038 1624 1311 1683 scribebat
1340 1625 1393 1685 in
1419 1632 1586 1682 terra.
1616 1624 1754 1694 Quid
1778 1626 1803 1682 ?

1913 419 2025 477 Nec
2043 438 2137 494 ego
2183 432 2231 481 te
2256 424 2545 494 dapinabo;
2574 428 2722 497 vade,
2755 439 2803 487 et
2841 430 3027 491 arnodo
3079 432 3194 501 uide
3219 450 3283 497 ne
3329 453 3510 506 pecces

1911 512 2096 581 (Joqn.
2127 531 2246 583 vni,
2293 517 2381 585 lt),
2411 518 2527 588 11).
2577 518 2736 587 Vide,
2770 521 2963 590 lector,
2994 521 3180 581 divina
3215 530 3505 597 mysteria,

1910 615 1967 662 et
1986 607 2334 673 cletnentiatn
2367 605 2591 677 Christi.
2614 611 2750 671 Cum
2788 623 3076 675 accusatur
3098 616 3311 685 mulier,
3345 630 3511 690 caput

1909 696 2156 757 Christus
2214 699 2438 761 inclinat
2474 702 2702 761 :elevat
2754 716 2960 773 autem,
2991 707 3082 773 ubi
3125 706 3309 769 deﬁcit
3352 725 3511 771 accu-

1908 798 2104 856 sator;
2152 789 2224 857 ita
2268 792 2472 853 nullum
2517 794 2767 865 damnari
2793 798 3190 863 vult,.absolvi
3214 816 3427 857 omnes.

1983 879 2067 937 ts.
2110 878 2355 938 Breviter
2375 893 2557 953 autem
2605 902 2797 943 omnes
2825 887 3208 949 bzcreticorum
3238 892 3507 951 interimit

1907 970 2258 1040 quaestiones,
2283 972 2517 1031 dicendo
2564 995 2576 1032 :
2610 977 2786 1041 Nemo
2816 990 2838 1017 ο
2872 989 2919 1035 te
2944 981 3195 1052 lapidavit
3220 985 3247 1039 7
3301 985 3394 1056 qui
3431 985 3508 1041 dio

1910 1073 2040 1118 cunt
2076 1063 2351 1120 Christum
2405 1068 2546 1125 diem
2596 1071 2811 1127 nescire
2855 1072 3071 1143 judicii,
3140 1076 3225 1130 vel
3271 1076 3363 1147 qui
3389 1078 3507 1135 ait:

1910 1158 2102 1216 Sedere
2149 1173 2320 1217 autem
2360 1164 2429 1219 ad
2482 1164 2747 1225 dexteram
2774 1184 2940 1227 meant
2992 1169 3071 1225 uel
3115 1169 3184 1224 ad
3222 1170 3503 1236 sinistram,

1907 1270 2010 1315 non
2039 1266 2112 1311 est
2143 1274 2311 1313 meum
2334 1259 2461 1314 dare
2486 1261 2627 1315 vobis
2658 1260 2875 1331 (Matth.
2902 1279 2996 1330 xx,
3026 1264 3141 1335 ‘25);
3169 1278 3297 1321 ecce
3334 1276 3390 1335 et
3420 1264 3513 1323 hic

1905 1348 1981 1403 ait
2014 1364 2027 1403 :
2056 1346 2223 1404 Nemo
2252 1359 2300 1406 te
2352 1351 2653 1423 lapidavit?
2693 1354 2979 1423 Quomodo
3026 1356 3212 1426 utique
3265 1356 3503 1419 interro-

1904 1450 2016 1512 gat.
2049 1442 2193 1513 quod
2244 1443 2506 1501 videbat?
2556 1445 2662 1507 Sed
2715 1448 3016 1519 interrogat
3065 1449 3262 1515 nobis,
3308 1459 3367 1504 ut
3412 1463 3507 1504 co-

1905 1549 2295 1605 gnosceremus
2322 1552 2429 1597 non
2472 1551 2595 1593 esse
2616 1539 2936 1610 lapidatam.
2967 1540 3064 1595 Est
3089 1542 3253 1597 etiam
3281 1541 3507 1605 humani

1905 1625 2132 1683 allectus
2147 1627 2264 1689 haec
2284 1629 2647 1698 consuetudo,
2668 1639 2725 1687 ut
2752 1631 3158 1702 interrogemus
3178 1632 3505 1702 saepissime,

191 1714 404 1788 Utique
424 1716 615 1773 dicens
644 1735 656 1771 :
689 1715 988 1786 Festucam,
1012 1734 1128 1790 qua
1151 1719 1206 1774 in
1225 1720 1378 1777 oculo
1400 1731 1473 1779 est
1495 1722 1677 1791 fratris
1702 1722 1800 1789 tui,
1833 1718 1878 1789 Β
1906 1718 2052 1790 quod
2103 1718 2368 1777 videmus.
2429 1720 2500 1777 Et
2551 1721 2676 1778 ideo
2727 1723 2925 1779 mulier
2956 1723 3241 1794 respondit
3271 1741 3284 1778 :
3313 1723 3507 1793 Nemo,

191 1810 346 1873 rides
380 1824 399 1863 :
432 1809 628 1871 trabem
652 1819 846 1877 autem,
875 1826 991 1882 qtae
1020 1812 1073 1866 in
1097 1812 1249 1871 oculo
1279 1822 1365 1873 tuo
1396 1822 1491 1879 est,
1526 1829 1629 1868 non
1659 1813 1802 1875 vides

197 1903 423 1973 (Hortis.
466 1919 560 1970 vn,
585 1902 662 1974 5).
694 1903 889 1967 Libido
912 1905 1057 1962 enim
1106 1906 1253 1961 velut
1285 1907 1490 1967 festuca
1532 1916 1638 1974 est,
1693 1908 1802 1964 cito

192 1997 538 2061 accenditur,
567 2012 797 2069 propere
827 2000 1172 2061 consumitur
1202 2017 1214 2051 :
1247 2000 1592 2070 sacrilegium
1622 2009 1649 2041 ⁸
1681 2015 1804 2071 per-

197 2091 365 2161 lidite,
416 2106 528 2162 quo
567 2091 740 2155 Judaei
772 2093 1043 2164 negabant
1089 2095 1321 2165 propriae
1366 2094 1562 2157 salutis
1610 2103 1801 2155 aucto.

195 2200 336 2252 rem,
374 2184 601 2249 sceleris
631 2185 1054 2256 magnitudinem
1084 2186 1429 2259 personabat.

267 2277 361 2341 14.
396 2276 426 2321 ι»
458 2278 745 2341 Scribebat
765 2288 948 2337 autem
1002 2280 1055 2337 in
1081 2288 1223 2338 terra
1245 2278 1439 2349 digito,
1467 2293 1575 2349 quo
1600 2278 1801 2349 Legem

192 2372 506 2442 scripserat
548 2369 746 2441 (Exod.
781 2387 941 2437 χιιι,
1001 2372 1111 2443 18).
1172 2371 1499 2437 Peccatores
1548 2371 1602 2427 in
1655 2381 1801 2431 terra

195 2461 540 2526 scribuntur.
586 2462 718 2533 justi
771 2462 825 2521 in
884 2463 1045 2530 ctelo,
1078 2463 1219 2521 sicut
1269 2463 1438 2529 habes
1478 2462 1681 2520 dictum
1732 2463 1801 2525 ad

193 2557 502 2629 discipulos
532 2573 547 2613 :
579 2555 815 2615 Gaudete
838 2558 960 2623 quia
991 2558 1200 2617 nomina
1247 2567 1414 2617 uestra
1460 2556 1653 2629 scripta
1681 2567 1802 2619 sunt

194 2652 248 2713 in
278 2650 423 2711 ralis
460 2649 677 2725 (Jerem.
706 2666 840 2718 xvtt,
890 2652 1004 2721 15).
1043 2650 1298 2713 Secundo
1345 2658 1525 2709 autent
1556 2651 1797 2721 scripsit,

195 2751 251 2799 ut
283 2744 505 2814 gemino
534 2742 889 2807 Testamento
917 2742 1137 2799 Judaeos
1183 2743 1323 2803 scias
1350 2756 1475 2799 esse
1514 2741 1800 2805 damnatos

197 2836 351 2906 (Luc.
385 2854 443 2902 ι.
474 2835 593 2909 20).

271 2930 360 2985 15.
390 2929 691 2986 Audientes
712 2936 894 2987 autem
937 2927 1042 2987 hoc
1085 2929 1334 2998 verbum,
1369 2930 1623 2987 exierunt
1653 2927 1798 2985 foras

198 3038 341 3085 unus
367 3032 497 3095 post
524 3039 712 3090 unum,
744 3023 1072 3094 incipientes
1100 3040 1130 3083 a
1162 3025 1493 3091 senioribus,
1546 3034 1602 3081 et
1640 3023 1799 3080 sede-

1908 1808 2160 1877 Domine;
2220 1813 2326 1870 hoc
2400 1823 2485 1877 est
2531 1814 2719 1881 dicere
2769 1834 2782 1875 :
2832 1816 2967 1885 Quis
3015 1826 3194 1888 potest
3244 1818 3511 1891 lapidare,

1905 1921 2066 1976 quam
2096 1908 2209 1976 ipse
2238 1922 2345 1969 non
2372 1908 2635 1981 damnas?
2664 1909 2799 1979 Quis
2849 1920 3032 1983 potest
3060 1911 3229 1968 alium
3279 1911 3384 1969 sub
3413 1910 3507 1967 tali

1904 2003 2190 2059 sententiae
2211 2002 2523 2059 conditione
2553 2003 2785 2074 punire?

1979 2092 2069 2151 19.
2112 2091 2212 2153 Cui
2271 2094 2553 2164 respondit
2603 2095 2865 2157 Dominus
2908 2093 3062 2155 :Nec
3108 2110 3200 2167 ego
3246 2102 3293 2153 te
3360 2095 3508 2153 dam.

1906 2186 2057 2243 nabo.
2090 2185 2331 2243 Adverte
2363 2186 2639 2257 quomodo
2684 2188 2960 2257 prppriant
2992 2187 3322 2243 sententiam
3370 2197 3503 2244 tem-

1906 2278 2145 2349 peravit;
2183 2286 2241 2334 ut
2287 2278 2462 2341 Judmi
2492 2278 2561 2341 de
2605 2278 2951 2341 absolutione
3001 2277 3249 2339 mulieris
3297 2276 3507 2337 calum-

1906 2371 2043 2429 niari
2088 2369 2224 2425 nihil
2256 2377 2498 2440 possent,
2529 2368 2623 2425 sed
2666 2369 2722 2425 in
2767 2384 2828 2429 se
2854 2368 3024 2441 magis
3049 2367 3377 2431 calumniam
3421 2382 3507 2427 re-

1905 2472 2247 2535 torquerent,
2314 2464 2360 2523 si
2435 2464 2588 2541 queri
2658 2464 2864 2523 vellent
2926 2462 3283 2525 :dimittitur
3351 2463 3500 2531 enim

1904 2557 2124 2625 mulier,
2158 2572 2265 2615 non
2287 2556 2590 2619 absolvitur
2610 2574 2624 2610 :
2642 2557 2764 2627 quia
2785 2555 2974 2619 deerat
3000 2563 3308 2620 accusator,
3332 2551 3359 2591 ἀ
3390 2569 3501 2621 non

1900 2652 2024 2723 quia
2056 2650 2366 2711 innocentia
2397 2650 2752 2721 probabatur.
2775 2649 2913 2718 Quid
2954 2664 3085 2719 ergo
3110 2655 3498 2719 quererentur.

1901 2743 1992 2815 qui
2045 2744 2253 2815 priores
2297 2759 2326 2797 a
2358 2743 2738 2813 persecutione
2783 2742 3032 2805 criminis
3077 2751 3132 2798 et
3172 2741 3243 2807 ab
3271 2754 3501 2809 exsecuo

1905 2837 2053 2895 tione
2103 2834 2356 2906 supplicii
2380 2834 2748 2895 destiterunt?

1973 2929 2064 2992 20.
2111 2929 2333 2987 Addidit
2358 2938 2539 2987 autem
2562 2928 2737 2991 devia:
2767 2943 2785 2983 :
2821 2926 2988 2994 Vade,
3013 2936 3061 2984 et
3088 2926 3274 2991 amodo
3300 2925 3416 2989 uide
3441 2941 3507 2985 ae

1904 3037 2098 3092 pecces.
2158 3019 2484 3079 Emendavit
2564 3035 2736 3087 ream,
2804 3035 2913 3075 non
2983 3019 3190 3081 crimen
3244 3016 3501 3083 absolvit.

196 3116 330 3177 bant
359 3116 666 3187 cogitantes
711 3115 782 3170 de
831 3130 892 3175 se
922 3114 1104 3189 (Joan.
1141 3131 1257 3184 vnt,
1285 3116 1364 3187 6).
1412 3117 1480 3177 Et
1529 3116 1797 3181 remansit
1820 3102 1867 3175 Ο
1900 3113 2113 3169 Etenim
2137 3112 2413 3175 severiore
2440 3111 2708 3175 sententia
2735 3111 2893 3180 culpa
2923 3109 3235 3177 damnatur,
3261 3107 3307 3162 si
3335 3122 3503 3172 unus-

195 3206 349 3269 solus
403 3205 587 3273 lesus,
647 3215 703 3269 et
751 3206 947 3267 mulier
1002 3206 1057 3265 in
1097 3207 1276 3269 medio
1321 3216 1490 3267 stans.
1525 3207 1672 3269 Bene
1724 3208 1800 3265 ait

195 3298 340 3370 quod
363 3297 616 3363 exierunt
638 3299 803 3368 foras,
834 3300 926 3371 qui
952 3300 1211 3359 nolebant
1238 3315 1364 3359 esse
1393 3314 1519 3359 cum
1546 3300 1793 3365 Christo.

198 3390 360 3457 Foris
384 3393 567 3457 littera
604 3402 711 3459 est,
746 3392 891 3447 intus
920 3393 1204 3464 mysteria.
1237 3392 1621 3463 Sequebantur
1651 3394 1796 3453 enim

196 3484 513 3549 divinarum
542 3486 835 3548 lectionum
867 3487 1117 3558 quaedam
1167 3488 1315 3549 velut
1348 3488 1602 3551 arborum
1643 3488 1794 3558 folia,

200 3593 310 3637 non
335 3576 609 3644 fructum;
642 3577 735 3650 qui
762 3578 1014 3641 vivebant
1036 3580 1087 3635 in
1116 3580 1305 3645 umbra
1332 3580 1516 3652 Legis,
1544 3591 1601 3637 et
1622 3582 1795 3645 solem

191 3671 421 3745 iustitiae
442 3670 630 3733 videre
650 3686 756 3733 non
780 3681 1051 3742 poterant.

274 3767 360 3825 t6.
403 3766 650 3838 Denique
706 3764 1115 3825 discedentibus
1161 3767 1295 3833 illis,
1328 3769 1591 3825 remansit
1643 3768 1795 3827 solus

197 3857 375 3928 Jesus,
410 3866 469 3917 et
504 3858 699 3919 mulier
720 3859 772 3919 in
804 3859 985 3921 medio
1014 3867 1186 3915 stans.
1240 3859 1551 3917 Donaturus
1601 3872 1793 3929 pecca-

202 3959 335 4019 tum,
368 3948 520 4011 solus
551 3959 794 4007 remanet
824 3949 1004 4015 Jesus.
1032 3950 1174 4011 sicut
1202 3948 1321 4019 ipse
1349 3949 1422 4007 ait
1449 3967 1461 4002 :
1490 3948 1628 4006 Ecce
1654 3950 1793 4004 venit

200 4043 347 4113 liora,
374 4044 552 4112 etiam
582 4044 736 4112 venit,
761 4052 816 4098 ut
843 4042 1213 4114 dispergamini
1235 4042 1578 4115 unusquisque
1596 4043 1652 4099 in
1672 4058 1790 4110 sua,

199 4147 246 4195 et
269 4154 350 4203 me
372 4139 544 4203 solum
594 4136 899 4206 relinquatis
929 4132 1134 4207 (Joan.,
1158 4149 1275 4200 xvt,
1306 4132 1424 4201 52);
1459 4135 1624 4207 897
1680 4150 1790 4191 non

203 4230 346 4291 enim
408 4228 645 4298 legatus,
700 4242 879 4298 neque
930 4227 1175 4292 nuntius,
1218 4225 1311 4282 sed
1364 4226 1481 4297 ipse
1535 4225 1795 4288 Dominus

201 4322 407 4376 salvum
437 4318 568 4375 fecit
599 4319 860 4390 populum
911 4334 1066 4374 suum
1114 4316 1286 4392 (Esai.
1318 4332 1471 4382 um,
1518 4316 1597 4389 8).
1630 4318 1794 4373 Solus

200 4422 472 4479 remanet;
520 4412 642 4487 quia
690 4426 796 4475 non
836 4419 1016 4489 potest
1051 4409 1152 4468 hoc
1203 4409 1456 4481 cuiquam
1506 4409 1790 4467 hominum

201 4519 321 4565 eum
350 4482 570 4563 Christo
609 4519 733 4563 esse
785 4482 1095 4573 commune,
1148 4512 1206 4565 ut
1235 4513 1451 4574 peccata
1496 4503 1793 4560 condonet.
1823 4482 1873 4541 Ῑ)

200 4598 377 4656 Solius
435 4600 538 4655 hoc
586 4614 782 4655 munus
836 4608 920 4653 est
963 4597 1188 4663 Christi,
1218 4599 1308 4668 qui
1342 4597 1462 4651 tulit
1511 4607 1792 4667 peccatum

202 4692 385 4748 mundi
417 4691 601 4765 (locu.
632 4707 671 4756 ι,
699 4684 817 4762 29).
846 4689 1039 4745 Meruit
1068 4701 1123 4745 et
1164 4691 1358 4753 mulier
1393 4689 1626 4760 absolvl,
1672 4706 1794 4761 qute

204 4785 582 4845 recedentibus
602 4783 825 4849 Judmis,
859 4781 1119 4839 remansit
1146 4783 1262 4844 sola
1292 4797 1414 4841 cum
1437 4781 1592 4839 Jesu.
1682 4768 1688 4777 ’

274 4879 361 4935 17.
406 4878 639 4934 Elevans
688 4886 867 4931 autem
918 4885 1081 4943 caput
1121 4874 1280 4930 lesus
1333 4874 1472 4930 dixit
1526 4874 1789 4930 mulieri:

212 4969 308 5025 Ubi
350 4979 492 5037 sunt,
536 4970 622 5040 qui
673 4977 720 5028 te
742 4967 1094 5027 decumbant?
1116 4965 1284 5023 Nemo
1308 4975 1358 5025 te
1396 4967 1647 5041 lapidavit
1670 4967 1696 5020 ?
1725 4965 1793 5020 Et

281 5142 307 5169 η
336 5131 565 5200 Quidam
598 5144 757 5200 mss..
809 5130 1040 5199 perﬁdia:
1067 5128 1121 5200 in
1161 5127 1344 5181 salutis
1369 5138 1653 5200 auctorem,
1685 5134 1793 5200 etc.

222 5275 232 5286 _
282 5202 309 5242 δ
333 5196 470 5286 Tres
497 5216 655 5269 mss.,
690 5196 1052 5259 Peccatoribus
1078 5198 1132 5254 in
1178 5208 1312 5257 terra
1353 5197 1617 5261 scribitur,
1641 5196 1801 5273 justis

215 5291 265 5328 Μ
287 5275 508 5399 feign).
563 5342 695 5405 edit.
734 5343 914 5413 posuit
953 5337 1331 5413 condemnauit,
1387 5335 1802 5413 condemnatam,

210 5415 570 5476 condemnare.
603 5413 692 5471 ubi
726 5406 949 5484 reliqua:
978 5420 1057 5467 et‘
1081 5407 1263 5465 cuncti
1319 5422 1477 5473 tuss.,
1527 5406 1805 5477 lapidavit,

210 5494 314 5593 ech
343 5555 517 5620 Edit.,
550 5572 654 5609 non
679 5556 799 5624 quia
834 5556 1078 5607 innocens
1106 5549 1438 5622 approbatur.

298 5637 321 5664 ο
348 5624 514 5685 Corb.
546 5635 611 5697 et
650 5622 795 5691 Fu|.,
829 5624 1282 5697 corrigat_gr_atia,
1331 5622 1472 5697 quod
1518 5635 1671 5693 paena
1715 5633 1819 5674 non

225 5705 426 5773 poterat
452 5712 471 5756 :
503 5695 698 5766 quibus
722 5696 903 5752 verbis
931 5691 1260 5750 concludunt
1284 5691 1592 5761 epistolam.

1901 3206 2132 3278 quisque
2151 3205 2356 3263 crimen
2375 3219 2533 3261 suum
2553 3203 2813 3270 oderit,et
2837 3201 2891 3265 in
2910 3217 2970 3267 se
2999 3198 3500 3273 incipiatcondem-

1903 3314 2034 3359 nare
2062 3298 2343 3361 delictum.
2369 3297 2585 3359 Etenim
2613 3313 2736 3359 cum
2780 3312 2904 3353 rcus
2934 3295 3221 3362 occiditur.
3252 3306 3488 3364 persona

1900 3392 2091 3463 magis,
2118 3407 2280 3463 quam
2322 3392 2482 3463 culpa
2531 3392 2789 3462 punitur;
2823 3390 2914 3453 ubi
2965 3403 3095 3445 vero
3120 3388 3280 3458 culpa
3329 3386 3498 3457 ἀείδω

1901 3486 2087 3553 nitur.
2139 3487 2412 3548 absolutio
2462 3501 2708 3557 personat
2757 3493 2841 3539 est
2884 3498 3041 3553 pinna
3090 3481 3320 3554 peccati.
3361 3479 3501 3551 Quid

1898 3588 1979 3639 est
2010 3593 2179 3648 ergo:
2215 3577 2380 3645 Vade,
2428 3586 2477 3635 et
2502 3577 2690 3637 emeda
2721 3575 2835 3635 vide
2874 3590 2938 3635 ne
2964 3590 3139 3644 pecces
3165 3573 3191 3625 ἵ
3248 3574 3355 3635 hoc.
3392 3581 3501 3633 est:

1900 3666 1978 3723 Ex
2007 3683 2117 3740 quo
2147 3678 2198 3725 te
2222 3668 2475 3733 Christus
2501 3667 2753 3737 redemit,
2782 3674 2805 3702 ο
2831 3663 3073 3733 corrigat
3109 3662 3308 3732 gratia.
3338 3659 3499 3733 quam

1900 3774 2057 3828 pmna
2106 3773 2213 3819 non
2248 3757 2588 3823 emendaret,
2622 3757 2719 3812 sed
2763 3756 3048 3826 plecteret.
3093 3751 3246 3821 Vale,
3302 3750 3400 3815 iiIi,
3447 3759 3504 3813 et

1898 3867 1997 3906 nos
2021 3850 2207 3921 dilige.
2236 3860 2295 3909 ut
2338 3849 2517 3913 (ilius;
2566 3848 2692 3918 quis
2743 3860 2845 3911 nos
2891 3856 2964 3911 te,
2997 3852 3056 3901 ut
3100 3849 3382 3914 parentes,
3414 3838 3500 3905 di-

1896 3944 2133 4015 ligimus.

2255 4035 2422 4108 ωε
2463 4032 2483 4083 t
2518 4030 2856 4095 EPISTOLA
2906 4029 3124 4093 xxvu.

1898 4127 2272 4200 Egyptiorum
2323 4125 2728 4187 aborninationes
2797 4121 3058 4185 [uenerunt
3110 4120 3257 4175 docet
3312 4136 3498 4192 pecora

1966 4238 2074 4284 esse
2101 4238 2119 4277 :
2150 4221 2269 4276 hinc
2289 4220 2508 4293 intelligi
2528 4218 2768 4291 pietatem
2790 4226 2940 4284 atque
2972 4215 3211 4275 uirtutem
3249 4213 3500 4283 improbis

1968 4315 2272 4383 displicere;
2299 4332 2361 4369 ac
2391 4314 2609 4395 proinde
2630 4313 2767 4366 viros
2797 4311 2957 4366 bonos
2996 4307 3273 4364 contrariis
3292 4306 3490 4359 instare

1968 4405 2156 4463 studiis
2209 4415 2464 4476 oportere.
2511 4403 2629 4459 Hoc
2670 4403 2963 4467 illustratur
2990 4399 3230 4470 exemplo
3270 4412 3496 4451 uxorum

1968 4495 2132 4554 Iacob
2160 4498 2229 4557 ad
2254 4496 2554 4571 fugiendum
2581 4506 2780 4571 patrem
2801 4494 3212 4569 sequendumque
3229 4492 3500 4573 conjuqem

1970 4607 2276 4647 consensum
2306 4591 2643 4661 prmientium
2683 4606 2827 4659 :qua
2875 4588 2931 4644 in
2972 4586 3224 4658 allegoria
3251 4582 3502 4647 quidnam

1968 4692 2211 4753 prtestare
2240 4683 2505 4743 conueniat
2554 4681 2850 4741 accedentes
2887 4679 2956 4733 ad
2987 4666 3277 4745 Ecclesium
3323 4672 3500 4726 deela-

1969 4785 2137 4835 ratur.

2251 4871 2560 4925 Aucaostus
2582 4875 2607 4903 ο
2633 4864 2849 4923 [aeneo
2875 4864 3132 4921 salutem.

1972 4964 2025 5018 l.
2054 4960 2255 5017 Moveri
2297 4971 2350 5016 te
2394 4957 2711 5030 signiﬁcasti
2771 4955 2927 5023 mihi,
2958 4969 3027 5010 eo
3075 4951 3221 5023 quod
3252 4948 3454 5020 legeris
3484 4964 3499 5002 :

1984 5122 2004 5160 f
2033 5121 2243 5192 Scripta
2291 5119 2437 5192 circa
2468 5132 2595 5192 ann.
2624 5115 2751 5175 587-
2950 5184 2960 5192 ,
3040 5184 3056 5192 ,
3175 5179 3209 5192 ..
3329 5179 3342 5192 .

1984 5202 2008 5241 8
2036 5178 2279 5248 iren'aeus
2318 5189 2429 5252 ille,
2485 5187 2552 5242 ad
2602 5200 2761 5254 quem
2807 5192 2887 5240 tot
2936 5179 3212 5240 Ambrosii
3258 5178 3506 5255 epistolae

1912 5272 2153 5329 exstant,
2209 5248 2457 5331 quisnam
2506 5248 2691 5331 fuerit,
2734 5256 3042 5331 ambiguum
3090 5263 3193 5331 est.
3234 5248 3504 5331 _Aitamen
3574 5296 3577 5301 .

1915 5321 2037 5399 eum
2086 5321 2400 5397 diaconum,
2448 5338 2540 5384 aut
2581 5321 2757 5400 potius
2803 5321 3026 5400 secundi
3072 5321 3280 5400 ordinis
3323 5335 3504 5400 sacer:

1917 5388 2115 5467 dotem,
2140 5404 2306 5460 fuisse
2334 5388 2673 5472 conjicim'us,
2704 5409 2813 5454 tum
2842 5397 2982 5472 quod
3009 5393 3234 5469 epistola
3260 5388 3511 5472 sequenti

1921 5479 1970 5539 ei
1994 5474 2348 5539 sacerdotalis
2376 5467 2499 5546 vitae
2534 5478 2809 5546 praecepta
2839 5467 3264 5546 traditn'Sanctus
3296 5467 3510 5546 noster.

1915 5532 2027 5605 tum
2072 5546 2213 5616 quod
2244 5547 2422 5614 ipsum
2469 5532 2876 5616 de:_Sc_riptu_r:c
2924 5532 3335 5616 difﬁcultatibus
3374 5545 3511 5616 conf

1916 5603 2117 5674 Sultunt
2149 5631 2215 5670 cx
2244 5603 2470 5686 epistula
2501 5614 2571 5686 55
2626 5603 3109 5686 deprehendimus.
3140 5603 3297 5686 Quod
3327 5611 3509 5686 autem

1921 5671 2239 5744 Ktttbrosins
2266 5671 2518 5742 éumdem
2549 5684 2601 5743 in
2628 5671 2981 5754 cpistolarum
3005 5678 3155 5736 calce
3167 5671 3350 5732 ‘Iillum
3374 5671 3524 5728 salu-
