4042 6174
531 258 669 313 1047

1895 249 1976 304 SA
1985 246 2142 303 NCT]
2179 247 2503 305 AMBROSU

3695 250 3716 302 1
3727 246 3848 302 048

531 386 554 410 ει
626 372 983 427 Abominanda
1051 370 1194 440 apud
1254 367 1536 440 Egyptios
1616 366 1940 420 immolemus
2013 363 2125 418 Deo
2152 367 2201 424 Α
2230 362 2430 419 habeat
2457 366 2665 435 ignavia
2696 383 2710 429 ;
2742 366 2894 419 aiunt
2917 366 3062 420 enim
3091 382 3104 418 :
3142 363 3328 419 Omnes
3351 365 3542 418 divitia
3568 373 3620 417 et
3641 364 3842 434 gloria,

528 463 725 536 (Exod.
762 478 878 528 vui,
919 460 1034 531 26).
1069 459 1178 515 Sed
1207 459 1443 514 habuisti
1489 473 1598 528 quo
1655 457 1798 511 istud
1843 455 2121 516 solveres;

528 557 654 626 quia
683 556 736 608 in
764 553 962 608 Genesi
994 552 1262 621 scriptum
1294 561 1380 606 est
1407 549 1551 618 quod
1578 546 1823 619 Egyptii
1852 555 2126 616 pastorem

530 660 792 716 pecorum
845 645 1302 699 abominabantur
1354 641 1509 713 (Gen.
1541 657 1692 707 xui,
1731 641 1849 709 54),
1877 653 1984 693 non
2017 639 2128 692 uti-

525 755 633 810 que
657 747 881 810 propter
911 738 1210 804 hominem,
1244 736 1339 791 sed
1366 744 1590 806 propter
1616 747 1838 803 pecora.
1868 732 1954 786 Illi
1980 732 2126 786 enim

527 843 716 888 aratro
773 841 979 888 terram
1043 830 1393 886 lnvertebant
1446 847 1457 880 :
1513 827 1787 882 Abraham
1828 834 2032 887 autem,
2074 833 2130 877 et

526 924 714 987 Jacob,
749 934 802 980 et
825 932 1009 994 postea
1032 922 1247 993 Sloyses
1277 930 1331 976 et
1361 919 1526 975 David
1555 918 1580 956 δ
1614 928 1862 989 pastores
1890 915 2126 980 fuerunt,

526 1017 770 1087 regalem
821 1016 1113 1087 quamdam
1157 1014 1211 1069 in
1261 1013 1367 1070 hoc
1396 1027 1626 1068 munere
1666 1008 2013 1080 disciplinam
2045 1007 2129 1062 in-

529 1110 783 1166 duentes.

599 1205 652 1258 2.
697 1203 939 1257 Oderant
965 1215 1097 1270 ergo
1120 1197 1362 1270 IEgyptii
1408 1208 1429 1234 ο
1455 1196 1731 1251 immolata
1761 1195 2053 1262 sacrificia,
2079 1195 2130 1250 id

528 1307 634 1364 est,
687 1293 928 1365 perfecta
960 1293 1138 1348 studia
1193 1294 1479 1356 virtutum,
1511 1299 1565 1345 et
1618 1289 1778 1359 plena
1805 1289 2127 1359 disciplinae.

530 1389 688 1457 Quod
729 1403 860 1458 ergo
889 1386 1067 1442 vitiosi
1097 1385 1357 1449 oderunt,
1388 1383 1492 1438 hoc
1540 1382 1680 1453 apud
1725 1381 1896 1436 bonos
1948 1381 2132 1436 since-

530 1498 651 1536 rum
699 1496 761 1535 ac
804 1480 952 1548 pium
987 1487 1091 1532 cst.
1146 1476 1294 1545 Opus
1325 1474 1545 1528 virtutis
1593 1473 1898 1527 detestatur
1924 1469 1950 1506 ιι
1978 1472 2127 1526 luxu-

533 1575 737 1636 riosus,
793 1571 979 1626 helluo
1032 1568 1247 1639 refugit.
1301 1566 1617 1637 {Egyptium
1672 1565 1852 1633 itaque
1911 1578 2128 1633 corpus,

533 1665 679 1734 quod
722 1662 1013 1718 illecebras
1060 1659 1257 1730 diligit,
1290 1668 1581 1714 aversatur
1629 1657 1827 1710 anima:
1877 1658 2129 1723 virtutes,

2228 472 2380 523 quam
2401 458 2521 511 tulit
2554 456 2695 512 Deus
2722 459 2855 529 patri
2887 468 3081 521 nostro,
3111 458 3252 511 nobis
3273 458 3389 521 erit,
3419 469 3466 511 et
3488 457 3618 525 [iliis
3643 457 3847 510 nostris

2231 547 2419 614 (Ibid,
2447 547 2565 617 26).
2598 549 2813 614 Herito,
2843 549 2952 604 Deo
2972 549 3196 614 arbitro,
3225 549 3412 602 dicunt
3440 563 3564 602 esse
3590 547 3836 611 sublata,

2229 638 2493 706 quiaipse
2521 649 2605 693 est
2648 649 2841 694 auctor
2871 640 3157 705 bonorum,
3209 639 3365 708 cujus
3419 639 3591 709 gratia
3652 639 3844 709 ignavi

2229 732 2691 800 exuuntur;quia
2711 732 2965 788 decorem
2998 717 3330 787 brereditatis
3380 731 3579 786 divina:
3631 747 3846 802 capere

2231 824 2461 893 improbi
2491 834 2654 895 atque
2677 824 2876 880 infirmi
2906 841 3012 880 non
3041 836 3246 896 queunt
3271 843 3284 878 :
3323 835 3346 860 ε
3377 825 3620 880 succedit
3649 836 3847 882 autem

2232 917 2493 978 intentus,
2522 928 2578 971 et
2603 919 2850 986 spiritum
2883 919 2936 972 in
2961 934 3020 973 se
3047 919 3203 974 fortis
3237 917 3458 973 habens.
3488 920 3622 986 Quis
3651 931 3844 975 autem

2231 1007 2388 1064 fortis
2414 1011 2518 1063 nisi
2548 1011 2698 1065 solus
2731 1013 2893 1074 Dens,
2925 1011 3017 1081 qui
3046 1012 3227 1066 omnia
3253 1019 3470 1066 coercet
3490 1022 3544 1066 et
3567 1013 3707 1082 regit
3735 1013 3761 1065 ?

2302 1102 2356 1156 6.
2400 1101 2496 1156 His
2511 1117 2641 1172 ergo
2670 1103 2900 1158 debetur
2921 1103 3209 1157 haereditas
3237 1103 3353 1158 Dei.
3373 1103 3522 1160 Unde
3548 1113 3604 1159 et
3634 1104 3838 1159 Esaias

2232 1193 2368 1248 dicit
2402 1211 2414 1246 :
2444 1192 2540 1246 Est
2583 1193 2856 1248 Ita’reditas
2890 1193 2907 1231 τ
2953 1195 3276 1249 credentibus
3315 1196 3366 1248 in
3411 1193 3635 1249 Domino
3664 1194 3838 1266 (Isai.

2236 1302 2342 1348 Ltv,
2370 1285 2482 1355 l7).
2517 1287 2582 1340 Et
2610 1286 2833 1355 pulchre
2884 1288 3000 1341 ait:
3040 1287 3130 1341 Est
3178 1287 3480 1349 Itwreditas;
3516 1288 3630 1356 ipsa
3681 1288 3842 1342 enim

2234 1381 2347 1434 sola
2374 1379 2660 1434 haereditas
2687 1389 2791 1445 est,
2843 1380 2947 1434 alia
2982 1395 3087 1435 non
3115 1389 3220 1434 est.
3257 1379 3438 1448 Neque
3464 1381 3611 1434 enim
3654 1393 3844 1434 czecns

2237 1474 2526 1528 thesaurus
2575 1473 2861 1528 htereditas
2883 1483 2985 1541 est,
3015 1490 3187 1544 neque
3218 1475 3416 1529 caduca
3447 1475 3626 1529 omnia
3655 1473 3840 1528 haere-

2236 1565 2420 1618 ditatis
2444 1564 2644 1632 habent
2664 1566 3006 1620 commodum
3040 1583 3052 1618 :
3081 1565 3197 1619 sola
3211 1576 3295 1620 est
3325 1566 3408 1619 illa
3435 1567 3744 1632 luereditas,
3780 1568 3840 1621 in

2236 1657 2429 1725 quibus
2448 1667 2533 1712 est
2555 1658 2732 1727 portio
2757 1657 2920 1713 Deus.
2954 1669 2978 1702 κ
3013 1657 3164 1714 Unde
3187 1667 3403 1713 sanctus
3433 1659 3647 1714 Domini
3676 1661 3837 1715 dicit:

535 1755 882 1810 abominatur
914 1753 1223 1822 imperium,
1275 1751 1471 1820 refugit
1501 1751 1762 1804 virtutum
1791 1749 2130 1821 disciplinas,
2162 1756 2209 1815 Β
2240 1747 2422 1801 Porlio
2467 1764 2579 1802 mea
2606 1748 2860 1804 Dominus
2883 1747 3053 1819 (Psal.
3088 1765 3384 1816 eLxxxvut,
3408 1751 3499 1820 57)
3528 1767 3542 1814 ;
3572 1761 3628 1805 et
3654 1751 3783 1806 alibi
3825 1774 3838 1808 :

538 1858 593 1904 et
619 1848 800 1902 omnia
833 1861 1020 1916 opera,
1053 1860 1173 1915 qua:
1205 1842 1523 1912 huiusmodi
1551 1851 1700 1898 sunt.

611 1944 664 1996 5.
706 1943 838 2008 Qua:
866 1955 996 2009 ergo
1042 1938 1332 2010 Aigyptius
1372 1937 1593 2007 refugit,
1625 1936 1916 2008 Egyptius
1962 1937 2053 1992 ille
2082 1947 2138 1992 et

541 2050 651 2088 non
682 2033 870 2098 homo,
919 2032 1036 2087 ha-e
1084 2041 1136 2084 tu
1165 2031 1521 2101 amplectere,
1568 2029 1658 2098 qui
1687 2029 1855 2084 habes
1882 2029 2130 2083 humani-

547 2129 674 2182 tatis
729 2126 1036 2182 scientiam.
1085 2124 1179 2179 llla
1231 2133 1415 2179 autem
1473 2123 1729 2190 declina,
1770 2138 1891 2192 quae
1926 2122 2002 2178 illi
2053 2137 2139 2177 se—

540 2229 777 2289 quuntur
815 2227 980 2288 atque
1009 2217 1250 2286 eligunt;
1284 2217 1541 2286 quoniam
1571 2215 1680 2270 duo
1731 2217 1831 2271 sibi
1863 2215 1964 2270 ista
2010 2231 2141 2271 con-

536 2325 734 2382 gruere
764 2325 874 2364 non
902 2317 1153 2381 possunt,
1187 2308 1474 2378 prudentia
1498 2317 1555 2363 et
1582 2307 1920 2377 insipientia.
1955 2308 2141 2377 Itaque

539 2402 770 2457 sicutiis
791 2416 911 2470 qua:
959 2403 1013 2456 in
1059 2400 1292 2479 quodam
1322 2413 1494 2454 censu
1536 2397 1925 2468 imprudentia:
1980 2409 2142 2469 atque

542 2493 979 2565 intemperantiae
1011 2501 1158 2557 sunt,
1217 2491 1442 2547 abdicat
1469 2505 1532 2547 se
1580 2492 1890 2562 prudentia,
1928 2491 2146 2546 abdicat

543 2588 878 2643 continentia
908 2604 922 2640 :
955 2585 1030 2638 ita
1087 2598 1278 2640 eorum
1309 2597 1506 2639 exsors
1534 2585 1712 2639 omnis
1750 2584 2014 2653 insipiens
2058 2593 2145 2637 est

543 2689 709 2750 atque
767 2677 1134 2742 incontinens,
1187 2691 1309 2746 qua:
1342 2677 1398 2730 in
1440 2675 1602 2730 bonis
1629 2685 1793 2746 atque
1832 2677 1885 2729 in
1914 2674 2146 2730 hatredi-

548 2781 658 2828 tate
679 2771 949 2841 sapientis
992 2770 1093 2824 viri
1120 2779 1246 2823 sunt
1279 2779 1334 2824 et
1355 2768 1712 2823 continentis.

613 2864 672 2917 4.
715 2863 958 2933 Denique
1001 2871 1204 2917 sancta:
1243 2861 1353 2916 illa:
1394 2861 1485 2916 tali
1530 2861 1785 2931 conjugio
1827 2861 1919 2915 Lia
1947 2869 2002 2915 et
2041 2860 2146 2914 Ra-

543 2958 690 3025 chel,
727 2973 830 3012 una
889 2956 1184 3022 laboriosa,
1240 2955 1415 3010 altera
1463 2955 1724 3024 aspiratio
1770 2953 1944 3021 fortis,
1997 2954 2147 3010 refu-

543 3053 756 3123 gientes
805 3063 912 3104 non
961 3049 1180 3118 generis
1237 3047 1725 3114 necessitudinem,
1784 3047 1880 3103 sed
1932 3063 2145 3102 morum

2244 1839 2423 1894 lieres
2441 1845 2609 1911 factus
2638 1859 2753 1896 sum
2799 1844 3203 1898 testimoniorum
3229 1854 3430 1897 tuorum
3457 1844 3645 1912 (Ibid.,
3682 1845 3843 1914 111).

2248 1934 2408 1989 Vides
2439 1951 2557 2004 qum
2591 1936 2865 2004 possideat
2905 1937 3107 2006 justus,
3166 1937 3417 1992 mandata
3449 1936 3568 2004 Dei,
3618 1937 3848 1992 oracula

2241 2029 2380 2099 ejus,
2413 2041 2683 2100 praecepta
2711 2031 2850 2100 ejus.
2882 2031 2937 2085 ln
2961 2032 3045 2086 bis
3066 2032 3218 2100 dives
3248 2042 3352 2098 est,
3382 2033 3434 2086 in
3464 2032 3546 2086 his
3569 2032 3848 2102 pascitur,

2243 2121 2296 2176 in
2329 2121 2413 2175 his
2443 2121 2766 2189 delectatur,
2799 2124 2953 2193 quasi
2983 2126 3037 2178 in
3074 2125 3326 2179 omnibus
3355 2124 3572 2179 divitiis.
3603 2111 3606 2113 ’

2315 2215 2367 2267 7.
2411 2214 2538 2269 [hec
2564 2231 2695 2287 ergo
2723 2217 3063 2286 possidentes
3091 2217 3182 2271 Lia
3229 2227 3285 2273 et
3321 2217 3548 2282 Rachel,
3577 2231 3711 2288 opes
3740 2232 3852 2288 pa-

2243 2304 2374 2360 trias
2404 2321 2511 2360 non
2537 2307 2912 2376 requirebant,
2947 2309 3000 2363 in
3029 2308 3226 2379 quibus
3253 2318 3371 2365 erat
3422 2313 3652 2379 pecunia
3683 2308 3852 2364 adul-

2246 2409 2384 2465 tera,
2416 2399 2798 2455 irrationabilis
2828 2402 3070 2470 species,
3100 2411 3156 2456 et
3181 2401 3438 2472 spiritalis
3467 2416 3667 2471 expers
3695 2401 3856 2472 vigo-

2245 2489 2341 2543 ris.
2374 2490 2614 2560 Denique
2638 2492 2795 2560 quasi
2813 2491 3009 2547 divites
3036 2503 3090 2547 et
3110 2492 3294 2548 liberae
3321 2509 3426 2548 non
3451 2507 3576 2547 eum
3595 2492 3850 2558 divitem,

2245 2583 2340 2638 sed
2371 2595 2622 2654 egentem
2655 2587 3080 2642 arbitrabantur.
3112 2587 3299 2642 Omnis
3328 2587 3471 2642 enim
3502 2586 3772 2641 bonarum
3794 2597 3853 2642 et

2247 2677 2555 2732 liberalium
2613 2694 2841 2734 consors
2895 2681 3307 2752 disciplinarum
3339 2678 3366 2717 ιι
3401 2682 3680 2737 neminem
3716 2681 3852 2736 insi-

2247 2772 2509 2842 pientium
2537 2773 2760 2828 divitem
2793 2784 2962 2843 putat,
2986 2775 3083 2830 sed
3127 2776 3344 2845 inopem
3375 2783 3541 2845 atque
3585 2790 3850 2845 egenum,

2247 2865 2515 2934 abjectum
2569 2882 2811 2938 quoque;
2858 2869 2960 2924 etsi
3005 2869 3278 2940 regalibus
3303 2869 3506 2924 divitiis
3525 2850 3748 2936 afﬂuat,
3797 2880 3854 2926 et

2248 2958 2518 3026 superbus
2543 2973 2677 3013 auro
2699 2973 2850 3015 suam
2893 2962 3066 3030 jactet
3095 2964 3412 3032 potentiam.

2321 3052 2374 3106 8.
2421 3051 2694 3122 Fugienda
2721 3064 2806 3109 est
2834 3056 2994 3126 igitur
3023 3057 3207 3112 talium
3231 3059 3484 3122 societas,
3509 3059 3726 3115 etiamsi
3747 3075 3853 3130 qua

545 3140 1007 3211 discrepantiam;
1058 3154 1179 3194 cum
1240 3139 1342 3194 viri
1383 3139 1612 3194 exerciti
1665 3138 1834 3194 Jacob
1889 3154 2145 3195 sermone
2170 3144 2216 3207 C
2248 3145 2466 3215 generis
2493 3147 2820 3216 cepulentur
2843 3147 3244 3204 necessitudine
3280 3171 3292 3204 :
3326 3151 3502 3204 noxiae.
3542 3160 3676 3205 sunt
3703 3151 3852 3206 enim

546 3233 756 3290 edoctze
803 3239 1011 3297 essent,
1041 3230 1187 3300 quod
1217 3230 1388 3286 vellet
1419 3229 1731 3295 discedere,
1764 3239 1824 3285 ut
1864 3231 2049 3286 Laban
2091 3240 2150 3286 et

545 3326 783 3380 filiorum
827 3323 945 3392 ejus
989 3321 1252 3377 invidiam
1296 3322 1600 3377 declinaret
1637 3332 1801 3392 atque
1849 3323 2146 3394 ignaviam,

544 3415 950 3487 responderunt
980 3433 991 3467 :
1015 3412 1283 3483 Numquid
1305 3421 1378 3468 est
1393 3415 1538 3468 nobis
1559 3415 1730 3485 portio
1758 3425 1848 3468 aut
1872 3416 2149 3470 hcereditas

543 3513 600 3566 in
629 3511 780 3565 domo
818 3509 983 3581 patris
1012 3508 1221 3562 nostri?
1250 3506 1441 3562 Nonne
1468 3507 1601 3578 sicut
1628 3507 1813 3562 aliena:
1839 3508 2152 3562 wstimamur

547 3605 641 3660 ei?
678 3602 918 3658 Vendidit
946 3601 1083 3657 enim
1134 3617 1247 3666 nos,
1279 3609 1326 3656 et
1354 3601 1616 3655 devoravit
1643 3602 1866 3670 pretium
1919 3614 2150 3658 nostrum

545 3697 699 3772 (Gen.
733 3711 893 3760 uxr,
926 3696 1014 3761 14,
1048 3693 1161 3762 15).
1204 3694 1343 3750 Ecce
1367 3694 1632 3762 primum,
1678 3695 1802 3765 quia
1834 3696 2062 3765 ignavus
2092 3706 2148 3752 et

543 3789 767 3846 invidus
791 3788 1121 3844 laboriosam
1165 3795 1222 3842 et
1262 3786 1570 3856 disciplina:
1597 3797 1842 3844 tenacem
1883 3788 2149 3845 alienata

544 3899 607 3939 se
636 3898 702 3938 ac
748 3882 978 3952 defugit,
1012 3895 1242 3951 seseque
1270 3879 1437 3952 899
1463 3881 1613 3950 cupit
1661 3896 1958 3953 separare;
2009 3897 2147 3953 quo-

548 3977 694 4030 niam
736 3990 830 4029 eas
860 3975 1018 4030 oneri
1066 3989 1188 4030 esse
1233 3974 1413 4030 cernit
1460 3976 1587 4044 sibi,
1621 3985 1776 4046 putat
1827 3992 1888 4033 se
1939 3978 2148 4034 lucrum

547 4067 764 4131 fecisse,
796 4066 937 4136 quod
963 4067 1357 4134 alienaviteas,
1392 4076 1447 4121 et
1487 4067 1591 4123 hoc
1640 4083 1762 4124 esse
1807 4083 1964 4123 suum
2016 4085 2140 4140 prev

546 4161 679 4215 tium
698 4159 926 4230 judicat,
951 4175 1184 4231 cumque
1211 4160 1444 4216 fructum
1470 4162 1763 4232 voluptatis
1793 4177 1926 4217 suae.

616 4257 672 4312 5.
712 4256 865 4314 Nunc
891 4257 1174 4312 an’diamus
1186 4256 1460 4326 quomodo
1486 4273 1608 4327 qua:
1623 4257 1788 4315 habet
1811 4260 2003 4326 virtus,
2031 4275 2140 4315 non

2250 3240 2690 3295 conversationes
2734 3254 2858 3295 cum
2913 3241 3318 3310 insipientibus,
3377 3253 3433 3297 et
3473 3243 3720 3299 inliciunt
3757 3257 3853 3298 so-

2252 3329 2426 3384 briam
2477 3341 2714 3386 mentem
2761 3347 2824 3387 ac
2850 3332 3204 3398 decolorant;
3236 3335 3362 3404 quia
3390 3335 3535 3390 sicut
3561 3334 3854 3392 adhaerens

2253 3433 2442 3478 sancto
2487 3435 2706 3480 sanctus
2732 3426 2866 3493 eris,
2911 3427 2985 3480 ita
3030 3443 3152 3482 cum
3207 3428 3515 3497 perversoi
3555 3443 3854 3499 perversus

2253 3517 2361 3571 eris
2393 3515 2565 3587 (Psal.
2592 3534 2722 3584 xvu,
2752 3519 2844 3585 26,
2869 3519 2982 3589 27).
3011 3520 3346 3591 Frequenter
3361 3522 3505 3577 enim
3541 3523 3764 3591 accidit,
3794 3534 3857 3579 ut

2253 3610 2376 3680 quis
2407 3619 2597 3666 contra
2631 3614 2968 3684 propositum
3024 3629 3181 3670 suum
3238 3615 3701 3686 intemperantem
3753 3632 3856 3672 au-

2250 3702 2427 3770 diens,
2451 3719 2572 3759 cum
2605 3707 2736 3761 velit
2761 3706 2879 3776 ipse
2904 3692 3608 3779 continentizediseiplinam
3639 3717 3853 3775 tenere,

2249 3795 2374 3852 fuco
2406 3797 2738 3868 insipientia:
2765 3798 3063 3865 coleretur,
3094 3801 3395 3870 meritoque
3423 3802 3721 3856 contrariae
3745 3801 3854 3857 sibi

2251 3901 2378 3946 sunt
2402 3901 2458 3947 et
2488 3901 2856 3963 repugnantes
2881 3893 3164 3962 disciplina
3193 3903 3356 3965 atque
3387 3895 3702 3951 insolentia.

2323 3985 2376 4038 9.
2419 3984 2575 4040 Unde
2621 3999 2740 4039 cum
2794 3985 2874 4040 vir
2906 3985 3236 4041 exercitatus
3291 4002 3475 4042 earum
3515 3989 3850 4044 sententiam

2251 4085 2551 4142 qumreret,
2610 4090 2797 4130 vocem
2853 4077 3111 4131 emittunt
3152 4077 3394 4147 probata:
3428 4078 3540 4148 jam
3590 4078 3853 4134 diuturno

2252 4166 2513 4221 exercitio
2543 4167 2755 4222 virtutis
2780 4186 2792 4220 :
2819 4165 3090 4238 Numquid
3116 4179 3188 4224 est
3219 4171 3363 4224 nobis
3391 4173 3562 4238 portio
3581 4182 3674 4226 aut
3688 4173 3854 4228 luere-

2250 4259 2384 4314 ditas
2433 4261 2487 4314 in
2535 4260 2687 4314 domo
2739 4261 2902 4330 patris
2929 4262 3092 4315 nostri
3124 4260 3274 4330 (Gen.
3313 4279 3458 4332 xxxi,
3491 4262 3628 4333 M)?
3658 4264 3711 4320 id
3741 4276 3849 4334 est,

543 4402 644 4460 tat,
678 4404 898 4469 necnon
919 4396 1143 4469 propter
1161 4392 1580 4469 persecutiones
1599 4392 1885 4469 οι)βῇτίεεί
1913 4395 2145 4464 gloriam
2176 4408 2224 4467 ι)
2251 4395 2391 4469 forte
2446 4395 2740 4469 immolata
2781 4395 3047 4469 sacrificia
3095 4395 3236 4469 idem
3283 4396 3542 4452 sunthoc
3596 4399 3742 4469 loco,
3786 4417 3852 4459 ac

541 4462 816 4522 constanti
864 4462 1050 4515 animo
1103 4460 1361 4516 toleratas
1411 4462 1633 4526 laudat;
1685 4462 1812 4517 hinc
1843 4460 1984 4519 forte
2035 4480 2142 4521 non

538 4537 660 4592 sine
691 4533 902 4588 ratione
953 4529 1244 4601 colligatur
1270 4531 1522 4588 eumdem
1555 4534 1702 4589 inter
1745 4534 1979 4589 clericos
2027 4537 2142 4591 Me-

539 4606 890 4676 diolanenses
921 4611 1168 4676 tempore
1197 4603 1485 4660 concitata:
1531 4619 1565 4659 a
1595 4603 1826 4660 Justinia
1884 4621 2142 4676 perseeu-

544 4675 712 4733 tionis
740 4674 914 4744 vitam,
935 4673 1178 4744 degisse.

614 4757 640 4784 ι
654 4745 826 4819 Rom.
852 4743 1162 4819 edit.,.‘Vapt
1181 4744 1584 4819 abominationes
1600 4746 1975 4819 dijgyptiorum
1991 4752 2144 4804 sacri-

542 4817 810 4888 ﬁcabimus
840 4814 1062 4888 Domino
1095 4814 1222 4888 Deo.
1242 4813 1377 4888 Cod.
1399 4817 1547 4872 Prat.
1569 4826 1625 4872 et
1641 4813 1793 4874 Gem.
1809 4863 1821 4885 ,
1848 4822 2141 4888 abominata

539 4885 682 4959 apud
704 4886 985 4960 {Egyptios
1012 4885 1277 4960 immolata
1304 4885 1444 4954 Deo;
1475 4888 1704 4960 reliqui,
1748 4906 1811 4946 ac
1841 4901 1946 4946 vet.
1981 4885 2137 4955 edit.,

542 4955 863 5016 immolemus
895 4955 1021 5011 Deo.
1053 4957 1260 5012 Rursus
1280 4973 1412 5013 vero
1437 4955 1626 5015 eadem
1656 4962 1790 5016 edit.
1824 4962 1980 5017 Rom.
2014 4977 2136 5017 cum

536 5045 646 5086 uno
674 5029 796 5084 cod.
828 5027 944 5098 Vat.
978 5028 1116 5098 quod
1140 5029 1313 5082 studio
1363 5030 1585 5086 solveres
1618 5048 1635 5086 :
1666 5043 1723 5088 at
1773 5044 1987 5089 creterae
2014 5049 2137 5089 cum

536 5100 769 5168 reliquis
799 5097 1002 5168 aptius,
1034 5115 1134 5166 quo
1157 5099 1297 5152 istud
1323 5100 1568 5156 solveres.

606 5117 638 5157 ll
685 5117 769 5154 uts
799 5117 1002 5168 aptius,
1034 5117 1134 5166 quo
1157 5117 1296 5152 rstua
1323 5117 1568 5156 soweres.

606 5117 792 5226 b‘i’ost
844 5183 1030 5245 vocem
1061 5177 1316 5240 pastores,
1360 5170 1520 5226 Rom.
1580 5172 1712 5228 edit.
1765 5175 1882 5231 sola
1932 5177 2138 5245 repetit

534 5257 833 5316 pecorum:
871 5240 962 5316 ubi
1007 5253 1188 5316 autem
1234 5250 1346 5295 vet.
1373 5255 1440 5316 ac
1488 5257 1622 5316 mss.
1679 5245 1840 5316 longe
1891 5240 2132 5316 plurimi,

534 5310 869 5380 disciplinam
934 5310 1237 5377 induentes;
1289 5311 1479 5366 eadem
1529 5313 1690 5369 Rom.
1741 5310 2134 5373 cum'ditobus

531 5383 761 5441 omnino
782 5382 932 5458 cod._,
963 5380 1297 5458 disciplinam
1319 5381 1630 5458 innuentem
1654 5384 1770 5458 Non
1817 5387 2137 5458 displiceret

528 5458 794 5519 ineuntes;
817 5452 912 5507 sed
943 5452 1229 5521 receptiori
1261 5452 1482 5506 lectioni
1499 5454 1633 5508 nihil
1659 5452 2020 5512 detrahimus.

607 5539 630 5567 ε
661 5526 735 5580 Ita
770 5521 1080 5578 vet.edit.et
1103 5521 1610 5587 mss.;Rom.autem
1633 5527 2133 5592 edit.,immaculata

528 5597 819 5667 sacriﬁcia.
841 5592 1107 5667 Nimirum
1137 5609 1208 5667 es
1230 5593 1474 5647 Philonis
1503 5593 1594 5649 lib.
1640 5596 1708 5650 de
1736 5596 2006 5667 Profugis,
2039 5598 2130 5653 ubi

529 5661 724 5744 habes,
753 5665 919 5744 «50959:
945 5666 1047 5744 γᾴρ
1068 5661 1368 5744 καὶ-ἆμῳμα
1390 5667 1636 5744 ¹ἱερεῖαλὰ
1655 5669 1836 5744 ἀρςτοῤ
1869 5684 1881 5721 :
1908 5661 2130 5744 *ςιλιήρηξ

529 5733 716 5792 verbis
738 5733 935 5790 similia
954 5733 1126 5788 etiam
1160 5733 1410 5802 leguntur
1439 5733 1514 5790 'in
1549 5736 1644 5793 lib.
1690 5733 1769 5794 'de
1797 5733 1990 5794 Sacril‘.
2020 5739 2126 5796 Sed

2252 4465 2996 4543 perfecta;quaudoquidem
3045 4465 3112 4520 ad
3157 4482 3344 4522 eorum
3393 4469 3677 4543 spectabat
3727 4465 3854 4543 per-

2248 4538 2563 4601 lectionem,
2595 4537 2812 4590 ntmola
2836 4539 2976 4608 salsa
3005 4547 3454 4608 aspergerentur;
3483 4540 3627 4596 unde
3655 4537 3856 4600 immo-

2247 4608 2395 4663 landi
2425 4616 2657 4663 tractum
2687 4615 2773 4662 est
2802 4607 3051 4663 verbum.

2317 4678 2345 4751 ἐι
2371 4679 2574 4751 Omne_s
2601 4677 2732 4751 edit.
2759 4693 2824 4733 ac
2851 4693 3000 4751 Amss.
3055 4679 3282 4750 aliquot.
3315 4680 3619 4738 luxuriosus
3647 4684 3850 4751 helluo,

2245 4750 2439 4820 refugit
2487 4747 2914 4824 {Egyptiuszita
2977 4747 3165 4824 corpus
3211 4759 3356 4818 etc.;
3419 4753 3615 4824 reliqui
3661 4747 3852 4811 autem

2246 4819 2380 4875 mss.
2409 4822 2498 4890 qui
2549 4819 2604 4875 et
2630 4819 2992 4890 probatiores.
3029 4830 3088 4878 ut
3114 4822 3165 4874 in
3197 4830 3366 4877 textu.
3409 4819 3582 4890 Quam
3625 4826 3851 4890 quidem

2246 4891 2534 4966 lectionem
2591 4890 2734 4946 idem
2765 4890 2934 4966 _Philo
2984 4891 3038 4944 in
3069 4890 3210 4966 libro
3251 4895 3420 4947 citato
3459 4895 3849 4966 deProfugis,

2245 4963 2387 5017 unde
2437 4977 2544 5017 non
2571 4976 2739 5029 pauca
2765 4961 2867 5015 huc
2917 4962 3176 5016 translata
3225 4973 3370 5026 sunt,
3417 4961 3850 5024 confirmathic

2242 5032 2490 5111 enim__ihi
2511 5075 2524 5095 ,
2559 5033 2625 5087 Τό
2647 5033 2915 5111 “imagis
2932 5031 3208 5111 ᾼίγύζςτιον
3239 5033 3575 5111 βδελύττετᾳι
3597 5047 3774 5111 caput.

2318 5114 2340 5140 ο
2383 5103 2599 5159 Ultimte
2644 5101 2778 5158 edit.
2827 5101 3029 5172 Parisi,
3062 5101 3305 5160 Succedit
3334 5118 3506 5162 autem
3530 5101 3690 5166 intus:
3727 5108 3845 5166 Non

2243 5175 2387 5231 bono
2415 5189 2600 5230 sensu.

2317 5245 2336 5283 ί
2379 5245 2538 5301 Rom.
2570 5244 2706 5301 edit.
2731 5246 2869 5310 sola,
2904 5246 3236 5300 servientibus
3263 5247 3508 5303 Domino.

2313 5325 2338 5362 κ
2371 5317 2528 5371 Rom.
2560 5316 2720 5380 edit.,
2757 5315 2909 5370 Unde
2931 5315 3102 5370 David
3126 5328 3333 5372 sanctus
3374 5320 3578 5376 inuitat.

2310 5383 2337 5421 h
2379 5386 2589 5468 Tullius
2615 5385 2833 5468 quidem
2885 5387 3160 5468 paradon
3191 5389 3382 5468 ultimo
3412 5391 3590 5449 solum
3624 5397 3840 5468 sapienf

2241 5455 2590 5534 t_e_m_divitem
2615 5470 2740 5511 esse
2764 5455 3041 5534 disputat:
3066 5459 3160 5534 sed
3188 5459 3379 5534 eadem
3399 5455 3836 5534 sententia'apud

2237 5525 2522 5650 Philorltem
2552 5541 2771 5598 quoque
2799 5525 3063 5599 repetitur
3097 5530 3238 5586 libro
3260 5533 3371 5600 jam
3396 5531 3640 5606 laudato,
3672 5525 3834 5609 quem

2237 5611 2405 5650 consu
2429 5612 2481 5650 e.

2236 5611 2481 5652 consme.

2315 5666 2335 5749 ί.
2378 5667 2610 5723 Vocibus
2641 5685 2905 5739 perversus
2931 5674 3055 5741 eris,
3107 5671 3257 5728 addit
3310 5671 3470 5730 Rom.
3505 5677 3669 5746 edit.,
3703 5680 3829 5734 sicut

2235 5749 2481 5808 scriptum
2503 5750 2602 5793 est.
