4042 6174
176 297 296 354 illo!)

1383 288 1865 348 EPISTOLARUM
1905 291 2186 350 CLASSIS
2229 293 2269 348 Ι.

3325 300 3466 358 1050

166 407 398 465 cunSulis
436 421 548 461 nos
574 415 754 461 utrum
783 404 1008 459 velimus
1028 402 1095 457 ab
1125 416 1194 459 eo
1223 401 1523 458 recedere?
1554 411 1578 438 α
1606 403 1770 472 Quasi
1798 407 1849 467 Α
1876 406 2038 460 seria.
2075 405 2240 462 V'ides
2266 407 2410 462 enim
2449 407 2907 477 quemadmodum
2947 412 3199 468 convivia
3243 417 3476 486 gentiles

165 515 285 555 vero
311 516 422 554 non
455 496 783 568 cognoveris
813 493 1185 566 quod‘nullam
1219 494 1518 550 habeamus
1549 495 1765 564 cupidi-

163 603 314 648 tatem
376 591 508 660 ejus
553 588 849 654 societatis,
908 602 1080 658 neque
1128 601 1226 641 nos
1257 584 1283 623 ι)
1315 585 1490 641 dulcis
1526 586 1770 656 pluribus

161 682 510 738 saecularium
542 681 847 734 divitiarum
872 679 1147 748 cupiditas
1179 688 1382 742 teneat,
1410 691 1506 732 aut
1537 678 1770 734 luxuriae

161 777 383 832 laetitia?
430 775 564 829 lianc
619 785 743 829 sunt
795 789 915 843 quae
944 789 1041 828 nos
1071 773 1288 838 misera,
1319 787 1382 828 ac
1406 774 1563 827 nobis
1589 773 1769 827 aliena

163 871 410 925 duximus
445 886 465 923 :
504 869 620 924 hanc
661 879 785 924 sunt
811 868 980 940 900
1006 883 1127 939 quae
1177 867 1336 937 plena
1382 867 1580 937 in0piae
1609 876 1772 936 atque

161 964 420 1037 egestatis
448 963 804 1018 arbitramur.

226 1057 314 1112 10.
360 1057 653 1126 Adjiciunt
680 1056 847 1112 etiam
875 1071 1096 1111 causam
1126 1056 1474 1121 secessionis,
1518 1056 1642 1125 quia
1679 1071 1772 1112 ve-

158 1163 265 1203 ram
293 1149 562 1218 gloriam,
592 1158 648 1203 et
680 1148 808 1202 boni
863 1147 1106 1204 thesauri
1133 1149 1318 1218 copias
1351 1149 1533 1202 amisit
1563 1148 1764 1215 Laban,

164 1252 182 1276 ε
213 1241 266 1294 in
291 1241 505 1310 quibus
529 1242 824 1296 nascimur.
863 1241 1031 1311 Vigor
1059 1241 1220 1296 datus
1250 1242 1571 1306 estmentis,
1600 1250 1655 1296 et
1677 1240 1772 1296 bo-

160 1349 220 1387 na
248 1343 485 1388 moneta
508 1334 759 1404 imaginis
791 1334 885 1389 Dei
918 1343 973 1389 et
999 1333 1405 1398 similitudinis;
1459 1332 1584 1403 quia
1611 1333 1772 1402 spiri-

159 1427 274 1481 talis
327 1436 575 1482 moneta.
631 1427 850 1491 Amisit,
912 1427 1034 1496 quia
1064 1425 1350 1497 splendida
1380 1427 1550 1496 magis
1579 1427 1768 1482 saeculi

160 1519 342 1590 elegit,
374 1536 545 1590 quam
576 1535 703 1574 vera
726 1529 781 1576 et
810 1521 963 1575 utilia
996 1521 1126 1574 vitae
1157 1536 1268 1574 suae
1297 1537 1306 1572 :
1337 1535 1568 1589 quorum
1605 1519 1772 1574 decor

158 1626 442 1685 expertem
475 1615 782 1671 divinorum
809 1617 1075 1672 bonorum
1099 1617 1337 1686 praeterit
1360 1634 1373 1678 ;
1399 1616 1656 1686 quoniam
1679 1615 1770 1671 ille

159 1721 273 1775 quae
329 1717 492 1776 putat
549 1709 796 1778 pulchra,
826 1709 878 1762 in
909 1709 975 1762 iis
1001 1723 1060 1762 se
1088 1707 1224 1763 fallit
1251 1709 1426 1778 ipsum
1457 1719 1512 1762 et
1542 1708 1764 1778 decipit.

160 1797 308 1856 Unde
339 1801 478 1856 audi
509 1802 626 1871 ejus
655 1801 843 1864 verba,
870 1811 924 1856 et
947 1801 1147 1871 judica.

224 1895 314 1948 11.
358 1895 608 1950 Secutus
643 1905 891 1951 sanctum
929 1894 1096 1951 Jacob
1117 1896 1326 1951 etlilias
1345 1911 1499 1961 suas;
1533 1912 1599 1952 ne
1630 1896 1766 1951 forte

160 1988 294 2057 apud
326 2005 433 2044 eas
465 2005 686 2044 suorum
715 1991 971 2045 vitiorum
1001 1993 1266 2061 reperiret
1295 1993 1590 2062 aliquid,et
1611 2009 1766 2047 revo-

161 2081 309 2136 candi
340 2082 414 2137 ad
448 2099 516 2138 se
544 2083 766 2139 haberet
797 2085 1198 2150 auctoritatem,
1218 2099 1519 2155 coarguens
1540 2085 1765 2155 justum,

160 2185 276 2226 cum
303 2175 533 2230 ratione
557 2187 704 2229 esset
730 2176 1074 2246 redargutus,
1109 2188 1164 2232 et
1195 2177 1326 2232 nihil
1349 2179 1682 2248 respondere
1707 2193 1769 2232 ac

162 2264 363 2322 referre
394 2275 610 2337 posset,
640 2283 748 2338 quo
777 2285 900 2323 enm
934 2269 1160 2323 deberet
1191 2279 1376 2324 tenere
1409 2287 1420 2322 :
1458 2270 1518 2325 Si
1561 2287 1768 2324 annun-

163 2357 364 2423 tiasses,
426 2360 626 2429 inquit,
689 2361 836 2415 mihi.
871 2357 896 2395 ά
929 2362 1207 2414 emisissem
1239 2372 1286 2414 te
1315 2360 1502 2431 (lbid.,
1552 2359 1669 2429 27).
1714 2361 1767 2414 In

161 2463 262 2517 quo
290 2451 547 2520 prodidit
569 2451 695 2522 quid
720 2453 899 2521 justus
929 2452 1148 2522 fugerit,
1175 2469 1242 2508 ne
1264 2469 1385 2507 eum
1417 2468 1770 2523 prosequere-

162 2549 263 2609 tur,
295 2559 368 2598 ne
394 2544 723 2609 deduceret,
744 2560 810 2600 ne
840 2545 934 2599 tali
964 2545 1226 2600 comitatu
1255 2549 1482 2616 stipatus
1507 2545 1768 2614 procede-

160 2645 255 2688 ret.
282 2635 536 2692 Primum
562 2637 704 2706 quod
729 2638 1020 2692 multorum
1044 2637 1388 2692 dominorum
1417 2639 1688 2708 mancipio
1711 2654 1771 2694 se

164 2728 438 2797 subjicere
472 2745 582 2803 nou
632 2730 854 2794 debuit;
892 2739 949 2784 ut
995 2731 1062 2786 ab
1103 2746 1168 2785 eo
1203 2740 1474 2801 tamquam
1522 2732 1772 2788 servulus

162 2819 555 2878 dimitteretur.
595 2822 800 2878 Deinde
829 2824 955 2893 quia
985 2825 1068 2878 vir
1120 2824 1381 2879 exercitio
1425 2824 1689 2890 intentus,
1719 2834 1775 2880 et

164 2928 424 2982 quaerens
452 2933 636 2972 veram
663 2917 802 2972 viam
833 2918 899 2972 ad
943 2919 1200 2973 virtutem
1226 2921 1494 2990 persequi,
1548 2935 1652 2974 non
1678 2921 1774 2976 ho-

165 3007 361 3063 minem
395 3008 778 3075 deductorem,
833 3009 929 3065 sed
963 3015 1178 3064 oracula
1230 3012 1480 3081 quaesivit
1506 3013 1770 3068 coelestia.

167 3099 289 3167 Quae
313 3119 427 3169 me,
462 3105 654 3174 inquit,
675 3105 798 3160 hinc
821 3113 1196 3174 praeceperunt
1222 3105 1394 3173 abire,
1430 3116 1483 3161 et
1512 3121 1656 3162 nunc
1681 3121 1774 3161 co-

167 3196 433 3253 mirantur
461 3197 724 3252 viantem.

235 3287 322 3342 12.
370 3287 485 3345 Sed
510 3289 784 3357 quomodo
807 3305 894 3345 me
930 3290 1273 3346 dimisisses?
1326 3292 1408 3344 An
1437 3305 1561 3345 eum
1588 3289 1773 3344 laetitia

171 3383 274 3443 tua,
299 3397 424 3450 quae
454 3381 614 3449 plena
629 3390 713 3435 est
738 3382 1151 3443 maestitudinis,
1177 3396 1300 3436 cum
1333 3382 1606 3453 tympanis
1628 3381 1774 3436 scili-

170 3481 249 3526 eet
268 3482 439 3545 atque
465 3473 686 3543 organis
717 3484 740 3512 θ
772 3473 1129 3528 immoderata
1152 3473 1575 3538 modulantibus,
1607 3483 1660 3529 et
1683 3488 1773 3529 so-

173 3563 250 3618 nis
273 3568 536 3622 tibiarum
566 3567 826 3622 suavibus
867 3569 1112 3622 insuavia
1155 3568 1572 3634 resultantibus,
1626 3568 1778 3623 sonis

173 3658 430 3725 dissonis,
464 3661 762 3732 crepitibus
804 3661 1260 3730 discrepantibus,
1314 3661 1538 3718 vocibus
1591 3661 1775 3724 mutis,

175 3757 438 3822 cymbalis
468 3755 705 3808 animam
723 3755 1074 3810 ferientibus?
1106 3756 1196 3810 llis
1224 3772 1309 3811 me
1331 3756 1594 3811 delectari
1621 3770 1780 3823 posse

176 3848 496 3905 credidisti?
537 3848 620 3902 his
649 3848 938 3902 revocari?
971 3848 1098 3904 Haec
1123 3859 1248 3903 sunt
1297 3865 1418 3918 qua:
1471 3863 1572 3917 ego
1602 3847 1711 3917 fugi
1744 3865 1756 3899 :

181 3955 275 3997 nec
303 3956 505 3998 vereor
523 3940 813 3996 verborum
839 3950 1050 3995 tuorum
1085 3941 1362 3996 invidiam.
1398 3939 1554 4010 Fugi,
1588 3954 1656 3993 ne
1697 3953 1783 3994 tne

181 4033 298 4090 talia
332 4042 717 4103 sequerentur,
743 4049 810 4088 ne
833 4033 960 4104 quid
979 4033 1047 4088 de
1078 4033 1184 4086 tuis
1207 4031 1486 4100 accipiens
1513 4030 1741 4086 abirem.

250 4128 338 4183 15.
383 4127 502 4182 Non
535 4127 677 4181 enim
721 4127 919 4182 talibus
968 4124 1354 4181 deductoribns
1385 4123 1450 4177 ad
1485 4123 1784 4178 Ecclesiam

185 4214 386 4276 Christi
443 4219 773 4290 pervenitur,
836 4220 901 4273 ad
929 4234 1089 4290 quam
1123 4216 1374 4272 tendebat
1406 4215 1610 4278 Jacob;
1639 4224 1696 4270 ut
1720 4230 1786 4271 eo

184 4307 481 4368 deduceret
534 4313 861 4382 populorum
912 4311 1119 4380 copias,
1175 4308 1460 4364 inveheret
1507 4309 1787 4362 nationum

183 4404 422 4474 divitias,
447 4406 818 4475 posteritatem
837 4404 1168 4469 infunderet,
1193 4401 1403 4470 fugiens
1423 4400 1644 4455 umbras
1673 4400 1788 4454 ina-

187 4497 330 4554 nium
359 4512 570 4563 rerum,
601 4497 898 4568 praeferens
920 4496 1328 4552 insensibilibus
1354 4493 1664 4549 simulacris
1678 4493 1788 4547 vir-

1873 497 2164 561 adornent,
2217 498 2352 554 festa
2403 501 2726 556 annuntient
2757 519 2770 555 :
2800 502 2896 557 sed
2952 519 3015 560 ea
3070 505 3174 575 piis
3200 510 3476 568 mentibus

1872 588 2154 646 infestiora
2185 601 2343 657 sunt;
2367 594 2492 664 quia
2535 594 2602 648 iis
2631 595 2875 666 plerique
2899 597 3264 669 decipiuntur,
3299 601 3476 659 dulci-

1871 684 1972 740 bus
1996 685 2289 756 capiuntur
2339 688 2534 757 epulis,
2576 690 2866 760 capiuntur
2897 691 3206 747 saltantium
3251 693 3475 752 choris:

1871 777 2000 832 dum
2045 779 2250 848 jejunia
2290 790 2476 836 nostra
2517 780 2749 852 fugiunt,
2777 781 2907 839 dum
2932 799 3000 838 ea
3027 785 3128 841 sibi
3153 800 3347 856 aspera
3375 803 3474 860 pu-

1874 879 2011 939 tant,
2039 872 2166 927 dum
2194 875 2412 942 corpori
2437 877 2600 931 noxia
2627 886 2680 932 et
2712 878 2940 933 molesta
2967 880 3326 938 arbitrantur.

1949 964 2031 1018 14.
2077 966 2157 1019 An
2217 967 2470 1036 opinatus
2519 983 2580 1024 es
2620 970 2746 1040 quia
2792 986 2981 1026 aurum
3012 981 3160 1028 tuum
3194 975 3474 1033 desidera-

1873 1074 1988 1114 rem
2013 1060 2036 1113 ?
2061 1061 2168 1116 Sed
2197 1077 2304 1116 non
2335 1063 2502 1119 babes
2552 1080 2744 1120 aurum
2786 1065 2909 1136 igne
2939 1068 3332 1136 examinatum,
3365 1087 3474 1142 quo

1868 1153 1998 1224 juSli
2031 1155 2328 1223 probantur
2355 1155 2526 1228 (Psal.
2560 1174 2634 1223 xi,
2669 1157 2748 1230 7).
2777 1159 2860 1214 An
2888 1162 3013 1230 quia
3059 1174 3342 1232 argentum
3378 1180 3474 1221 cu-

1873 1248 2100 1316 perem?
2131 1248 2236 1303 Sed
2263 1264 2369 1304 non
2395 1249 2562 1306 habes
2611 1262 2916 1321 argentum,
2954 1253 2973 1290 ί
3020 1256 3110 1325 qui
3147 1271 3253 1312 non
3308 1256 3474 1313 babes

1873 1339 2220 1408 splendorem
2278 1342 2499 1411 alloquii
2542 1344 2803 1399 caelestis.
2838 1343 2943 1400 Sed
2974 1345 3208 1403 fortasse
3257 1351 3470 1418 speravi

1873 1431 2016 1499 quod
2047 1431 2320 1502 adjiceres
2344 1434 2478 1488 mihi
2534 1435 2600 1488 ad
2629 1434 2948 1506 obsequium
3004 1438 3258 1494 servulos
3300 1449 3421 1495 tuos
3451 1441 3475 1494 ἲ

1871 1523 2032 1595 901
2066 1523 2180 1594 Ego
2200 1539 2331 1578 vero
2375 1525 2575 1580 liberos
2605 1543 2814 1598 quaero,
2851 1529 2998 1600 fugio
3019 1545 3212 1588 servos
3238 1534 3470 1602 peccati.

1873 1616 1981 1671 Sed
2012 1616 2150 1671 forte
2171 1619 2399 1672 comites
2427 1619 2662 1685 itineris,
2703 1630 2759 1675 et
2786 1620 2954 1676 duces
2980 1622 3190 1677 viarum
3216 1639 3471 1680 necessa-

1875 1712 1937 1765 rii
1964 1710 2214 1766 fuerunt?
2241 1711 2454 1768 Utinam
2488 1714 2642 1780 sequi
2667 1717 2926 1783 possent!
2953 1731 3053 1786 ego
3074 1716 3182 1772 illis
3203 1729 3474 1774 monstra-

1797 1819 1844 1879 Β
1873 1818 1985 1858 rem
2012 1804 2225 1858 Domini
2258 1805 2392 1860 vias.
2428 1805 2532 1859 Sed
2563 1808 2653 1875 qui
2681 1806 2851 1862 Deum
2899 1808 3144 1873 nescitis,
3198 1809 3311 1864 vias
3355 1808 3476 1880 ejus

1871 1897 2144 1966 quomodo
2165 1897 2584 1952 novistis?-Vias
2614 1899 2731 1968 ejus
2775 1900 3154 1970 ingrediuntur
3181 1902 3340 1959 electi
3371 1903 3476 1959 Βο-

1871 1989 2017 2043 mino
2047 2007 2059 2042 :
2094 2005 2200 2044 non
2225 1991 2552 2061 quicumque
2583 1991 2789 2047 intrant
2814 2007 2928 2058 eas,
2969 1993 3065 2050 sed
3098 2003 3277 2052 tamen
3311 2010 3473 2052 nemo

1871 2080 2199 2136 excluditur.

1950 2171 2034 2226 15.
2076 2173 2350 2243 Sequatur
2375 2174 2466 2244 qui
2513 2185 2735 2244 paratus
2771 2186 2876 2244 est,
2932 2177 3275 2246 ingrediatur
3329 2181 3473 2236 viam

1871 2283 1993 2337 qua:
2023 2267 2173 2321 ducit
2203 2268 2268 2322 ad
2299 2268 2773 2338 Mesopotamiam;
2804 2279 2863 2324 ut
2917 2271 3006 2340 qui
3049 2287 3168 2325 eam
3199 2273 3352 2342 petit,
3378 2291 3477 2342 per

1873 2377 2041 2433 aquas
2071 2372 2310 2418 transeat
2337 2405 2351 2427 ,
2384 2378 2552 2432 aquas
2583 2363 2759 2433 Tigris
2785 2374 2948 2433 atque
2984 2363 3299 2436 Euphratae,
3329 2365 3479 2422 forti-

1874 2458 2078 2512 tudinis
2136 2467 2298 2529 atque
2339 2457 2600 2527 justitize,
2657 2473 2752 2528 per
2790 2457 3059 2530 lacrymas
3108 2461 3469 2530 pmnitentiaa,

1873 2550 2203 2618 baptismum
2253 2548 2517 2619 gratiaeﬁg
2547 2547 2605 2602 In
2662 2564 2722 2604 ea
2771 2559 2855 2605 est
2882 2552 2964 2604 via
3017 2551 3293 2606 exercitus
3337 2552 3474 2618 Dei;

1875 2657 2064 2696 omnes
2090 2643 2232 2696 enim
2260 2642 2349 2708 qui
2373 2650 2499 2694 sunt
2524 2641 2576 2694 in
2610 2641 2875 2708 Ecclesia,
2904 2641 3012 2696 Deo
3042 2641 3298 2696 militant.
3330 2643 3388 2697 In
3411 2657 3474 2698 ea

1875 2740 1960 2788 est
1988 2748 2119 2803 grex
2145 2732 2237 2786 ille
2267 2732 2495 2802 insignis
2524 2731 2865 2788 diversarum
2891 2734 3170 2800 virtutum,
3199 2749 3360 2804 quem
3385 2733 3477 2789 Ja-

1877 2825 1981 2880 cob
2011 2824 2113 2879 sibi
2145 2824 2340 2894 elegit;
2361 2825 2538 2878 omnis
2565 2825 2709 2879 enim
2739 2826 2856 2879 sine
2885 2823 3040 2895 signo
3065 2826 3268 2890 anima,
3293 2823 3482 2881 indoc-

1879 2926 1927 2972 ta
1961 2927 2015 2972 et
2037 2917 2305 2973 inerudita
2333 2927 2437 2983 est,
2463 2917 2874 2988 disciplinarum
2902 2919 3083 2973 nescia
3117 2934 3130 2970 :
3161 2933 3280 2987 qua:
3297 2927 3477 2973 autem

1878 3009 2361 3079 insignita,eadem
2385 3009 2538 3065 dives
2561 3025 2810 3080 operum,
2843 3019 2896 3067 et
2925 3011 3222 3082 gratiarum
3274 3014 3478 3082 opima.

1951 3101 2040 3156 16.
2081 3100 2163 3156 Ad
2194 3117 2313 3156 eam
2342 3102 2432 3174 qui
2465 3103 2632 3168 venit,
2666 3103 2858 3158 iratum
2894 3102 3114 3158 fratrem
3162 3103 3480 3160 reconciliet

1795 3199 1840 3261 (ζ
1873 3195 2047 3265 prius.
2079 3195 2160 3249 Ad
2191 3211 2310 3250 eam
2338 3196 2428 3266 qui
2455 3199 2621 3261 venit,
2653 3196 2948 3252 Sichimam
3005 3198 3301 3266 pretiosam
3332 3196 3479 3252 illam

1878 3299 1932 3345 et
1962 3297 2241 3344 actuosam
2285 3289 2552 3346 inhabitet
2581 3290 2842 3345 virtutum
2880 3289 3181 3356 officinam,
3213 3288 3306 3344 ubi
3337 3289 3481 3344 lassat

1878 3381 2143 3438 castitatis
2173 3382 2355 3450 gravis
2383 3390 2466 3436 est
2497 3380 2654 3436 ultio.
2712 3380 2794 3435 Ad
2827 3396 2945 3435 eam
2985 3383 3074 3450 qui
3106 3383 3278 3446 venit,
3312 3380 3456 3436 lucte

1882 3488 1966 3533 tur
1998 3493 2122 3534 cum
2155 3478 2304 3544 Deo;
2331 3487 2387 3531 ut
2420 3477 2486 3531 ad
2536 3477 2892 3532 imitationem
2925 3477 3044 3541 ejus
3090 3491 3149 3532 se
3181 3486 3478 3543 exerceat,

1881 3572 1947 3626 ad
1982 3571 2341 3626 humilitatem
2373 3567 2575 3623 Christi
2604 3576 2659 3622 et
2680 3569 2962 3638 passiones
2991 3568 3109 3635 ejus
3160 3568 3458 3636 congredia

1885 3671 1991 3718 tur.
2035 3663 2214 3717 Tollat
2265 3677 2484 3716 crucem
2525 3671 2702 3724 suanr,
2759 3668 2815 3714 et
2868 3658 3146 3713 Christum
3198 3668 3480 3727 sequatur,

1886 3753 2107 3826 (Matth.
2170 3767 2276 3816 xvr,
2327 3749 2442 3810 24).
2502 3751 2742 3818 Denique
2795 3751 2970 3803 bonus
3017 3763 3345 3816 congressor
3375 3764 3484 3804 non

1886 3845 2191 3905 aemulatur,
2225 3856 2331 3896 non
2366 3842 2619 3906 inflatur;
2651 3856 2815 3896 immo
2841 3841 3006 3896 etiam
3057 3839 3332 3896 benedicit
3354 3855 3454 3897 con

1885 3937 2222 4007 gredientem
2253 3933 2354 3987 sibi
2383 3934 2472 3987 tali
2507 3948 2752 3988 munere.

1963 4028 2050 4081 17.
2093 4026 2402 4094 Sequamnr
2422 4040 2554 4096 ergo
2598 4033 2843 4079 sanctum
2873 4023 3064 4089 Jacob,
3101 4034 3156 4080 et
3183 4025 3300 4082 vias
3325 4026 3442 4096 ejus
3469 4043 3483 4093 ;

1890 4132 1948 4177 ut
1975 4120 2351 4192 perveniamus
2380 4119 2449 4174 ad
2481 4134 2573 4175 eas
2604 4119 2902 4189 passiones,
2931 4117 2995 4172 ad
3028 4133 3123 4173 eas
3147 4120 3490 4190 congressio-

1891 4212 2052 4281 nes,b
2081 4213 2460 4284 perveniamus
2478 4212 2546 4267 ad
2575 4213 2882 4276 humerum,
2913 4211 3377 4281 perveniamusad
3398 4229 3492 4282 pa-

1893 4308 2136 4363 tientiam
2170 4315 2400 4361 matrem
2435 4305 2695 4372 fidelium,
2724 4313 2777 4358 et
2800 4303 2866 4359 ad
2897 4313 3105 4374 patrem
3133 4299 3307 4366 Isaac,
3330 4301 3385 4356 id
3407 4313 3493 4358 est

1884 4393 2241 4470 jucunditatis
2269 4413 2547 4470 capacem,
2579 4396 2779 4452 laetitiae
2802 4395 3218 4451 redundantem.
3249 4391 3352 4450 Ubi
3377 4395 3488 4462 jam

1891 4494 2176 4567 patientia,
2208 4493 2280 4549 ibi
2311 4493 2530 4558 laetitia;
2564 4493 2685 4563 quia
2719 4500 2842 4561 post
2868 4489 3250 4546 tribulationes
3280 4487 3487 4557 patien-

188 4597 358 4647 tutum
389 4591 686 4660 spirantem
717 4589 990 4655 decorem,
1035 4587 1428 4658 plausibilibus.
1458 4600 1782 4658 praeponens
1810 4577 1860 4636 Ι)
1890 4589 1984 4655 tia,
2015 4585 2272 4658 patientia
2295 4594 2477 4642 autem
2506 4584 2881 4654 probationem
2900 4590 3181 4653 operatur,
3207 4579 3388 4650 inqua
3409 4587 3496 4634 est

255 4759 278 4785 ιι
323 4747 450 4801 Mss.
495 4760 601 4800 non
627 4745 808 4816 pauci,
839 4744 1001 4813 Quasi
1021 4761 1139 4804 vero
1155 4763 1246 4801 nos
1269 4749 1584 4818 wgnoveris.

250 4819 279 4858 ι)
324 4818 399 4873 Ita
439 4827 548 4872 vet.
591 4817 724 4873 edit.
755 4827 810 4871 et
839 4819 1018 4872 cuncti
1050 4831 1215 4884 mss.;
1253 4829 1308 4874 at
1333 4817 1498 4874 ltom.
1554 4821 1668 4877 edit
1695 4836 1780 4876 re-

187 4892 389 4946 secavit
420 4903 609 4944 vocem
657 4888 910 4954 pluribus.

257 4973 279 5000 ο
321 4961 527 5016 Omnes
582 4960 714 5014 edit.
755 4969 822 5014 'et
869 4973 998 5014 mss.
1025 4959 1296 5026 nonnulli,
1326 4963 1581 5031 inquibus
1612 4965 1781 5017 maxi-

187 5048 298 5087 mus
317 5035 464 5102 uigor
492 5033 642 5102 datus
667 5036 809 5083 est...
842 5032 962 5102 quia
991 5031 1277 5100 spiritalem
1307 5044 1561 5087 monetam
1581 5035 1773 5097 amisit,

187 5106 322 5172 quia.
367 5101 472 5157 etc.
508 5101 615 5158 Sed
664 5111 1021 5172 praeterquam
1052 5101 1194 5171 quod
1238 5104 1398 5171 triplo
1454 5103 1626 5172 major
1682 5119 1780 5158 nu-

190 5189 369 5230 merus
397 5189 527 5229 mss.
561 5172 846 5228 lectionem
875 5183 1114 5227 nostram
1143 5175 1500 5242 constituunt,
1535 5175 1583 5228 ei
1608 5174 1773 5229 etiam

188 5260 377 5301 sensus
405 5245 759 5314 perspicuitas
788 5244 1176 5313 patrocinatur.

260 5317 286 5354 (ι
327 5317 456 5371 Post
507 5316 784 5369 emisissem
807 5325 854 5369 te
882 5315 1156 5386 subiungit
1182 5317 1314 5372 edit.
1345 5317 1528 5381 Rom.,
1556 5335 1671 5371 cum
1691 5317 1784 5371 lm-

193 5389 299 5442 titia
331 5398 375 5442 et
404 5388 670 5457 cymbalis.
705 5390 776 5440 At
801 5385 995 5440 melius
1048 5386 1136 5439 illa
1189 5389 1532 5457 praetermitti
1579 5389 1785 5444 indicat

192 5461 433 5527 subjecta
457 5457 723 5513 dubitatio
749 5474 761 5510 :
793 5457 900 5512 Sed
921 5457 1178 5527 quomodo
1201 5475 1282 5513 me
1305 5461 1624 5516 dimisisses?

263 5535 286 5561 ε’
329 5531 486 5584 Rom.
519 5529 630 5584 edit
651 5529 783 5592 sola,
808 5528 1149 5582 immodulata
1175 5532 1563 5586 modulantibus
1593 5548 1611 5586 :
1640 5531 1780 5597 aliae,

194 5615 253 5656 ac
275 5600 828 5667 mss.,immoderata;
895 5599 1087 5653 horum
1135 5604 1401 5664 nonnulli,
1455 5604 1786 5658 immoderate

194 5672 597 5743 modulantibus,
636 5669 778 5724 Infra
811 5684 960 5743 vero,
1008 5669 1096 5724 ubi
1127 5684 1320 5726 omnes
1370 5675 1531 5740 edit.,
1563 5683 1785 5743 excepta

195 5743 440 5808 Amerb.,
465 5742 672 5813 vocibus
693 5741 884 5813 mutis;
914 5755 1106 5795 omnes
1132 5755 1460 5813 propermss.
1491 5741 1789 5813 praeferunt

196 5813 398 5871 vocibus
420 5813 616 5869 multis.
641 5810 748 5869 Sed
775 5812 1102 5881 scriptorum
1129 5810 1527 5880 imperitiaehuc
1550 5814 1789 5869 tribuens

1889 4751 2051 4815 dnm;
2081 4750 2168 4805 hic
2198 4750 2340 4804 enim
2392 4747 2717 4817 respiciebat
2745 4747 3068 4803 Ambrosius
3118 4745 3208 4800 illa
3244 4743 3488 4800 Philonis

1888 4825 2095 4897 κτήπρν
2123 4822 2390 4897 ᾀνὰρρρων
2414 4823 2504 4897 καὶ.
2515 4819 2731 4897 odor/ano:

1966 4893 1984 4928 ί
2029 4888 2234 4946 Eadem'
2252 4888 2410 4945 R'om.
2441 4889 2598 4954 edit.,
2615 4888 2750 4960 'quia
2772 4889 3098 4958 splendorem
3123 4888 3340 4957 alloquii
3385 4903 3484 4942 cae-

1889 4963 2027 5016 lestis
2053 4963 2302 5029 abiecisti.

1962 5042 1986 5078 8
2027 5032 2227 5086 Omnes
2255 5031 2412 5094 edit.,
2441 5031 2494 5082 in
2517 5045 2576 5084 ea
2601 5039 2674 5083 est
2704 5032 2901 5094 virtus;
2927 5045 3116 5086 omnes
3148 5045 3307 5098 mss.,
3342 5031 3395 5084 in
3425 5046 3485 5086 ea

1887 5112 1960 5157 est
1986 5104 2088 5155 via.

1957 5173 1986 5212 ιι
2013 5173 2135 5228 Vel.
2161 5172 2292 5229 edit.
2319 5181 2374 5226 et
2393 5179 2570 5226 cunct.
2595 5184 2752 5234 mss.,
2787 5169 3147 5225 Perveniamus
3169 5173 3238 5225 ad
3260 5188 3480 5238 murum;

1889 5244 2018 5301 edit.
2051 5245 2210 5298 Rom.
2246 5243 2611 5300 Perveniamus
2638 5242 2705 5294 ad
2732 5242 3021 5296 humerum.
3061 5242 3235 5310 Quam
3264 5243 3483 5310 quidem

1891 5315 2286 5370 correctionem
2337 5328 2442 5368 non
2491 5314 2767 5381 potuimus
2799 5328 2904 5367 non
2933 5314 3192 5369 retinere.
3227 5313 3485 5370 Manifes-

1893 5396 2001 5442 tum
2029 5387 2228 5456 quippe
2267 5396 2350 5442 est
2381 5385 2676 5442 Sichimam
2703 5383 2808 5439 hoc
2837 5383 2955 5456 loco
2981 5383 3286 5452 designari,
3320 5400 3482 5456 quam

1891 5454 2078 5513 vocem
2113 5454 2435 5512 Ambrosius
2464 5472 2755 5524 numquam
2775 5469 2881 5510 non
2906 5454 3488 5526 humeruminterpre-

1896 5537 2056 5584 tatur.
2091 5529 2290 5585 Evolve
2314 5529 2588 5598 superiori
2613 5537 2761 5583 tumo
2784 5526 2878 5581 lib.
2913 5541 2928 5579 ι
2957 5526 3022 5580 (le
3055 5525 3326 5598 Abraham
3354 5540 3480 5598 cap.

1892 5601 1947 5670 2,
1981 5616 2130 5656 num.
2167 5601 2220 5665 5,
2255 5610 2306 5656 et
2342 5596 2437 5656 lib.
2472 5616 2530 5666 ιι,
2562 5615 2684 5662 cap.
2712 5598 3042 5670 5,7num.‘8;
3071 5597 3162 5670 lib.
3195 5597 3262 5670 de
3279 5596 3483 5670 Joseph

1892 5667 2011 5741 cap.
2040 5673 2095 5737 5,
2121 5688 2274 5728 ιιιιιιι.
2305 5673 2339 5729 9
2366 5689 2380 5738 ;
2415 5672 2490 5729 lib
2521 5671 2590 5727 de
2618 5669 2896 5728 Benedict.
2951 5667 3254 5725 Patriareb.
3277 5682 3400 5740 cap.
3429 5669 3484 5740 5_

1895 5758 2043 5798 num.
2079 5744 2168 5798 11.
2197 5753 2302 5798 etc.

1895 5758 2043 5798 num.
2079 5753 2168 5813 H,
2197 5753 2302 5801 etc.
