4042 6174
541 253 672 310 1⁸31

1907 243 2152 304 εΑκατι
2192 241 2520 306 Αιιηῐιοειι

3703 235 3853 293 1032

537 382 684 434 Spes,
731 366 796 419 de
845 379 949 436 qua
991 379 1096 416 non
1129 361 1540 422 confundimur;
1587 361 1844 433 quoniam
1876 361 1964 430 qtti
2022 374 2128 414 non
2159 358 2208 428 Α
2235 357 2482 428 aspici-it,
2507 355 2650 426 quod
2683 356 2818 410 ultra
2843 370 2902 410 se
2932 355 3190 418 inveniat,
3221 352 3267 407 si
3290 367 3411 423 quae
3434 352 3488 408 in
3521 367 3581 405 se
3611 353 3848 406 erubvs-

539 459 702 513 fuciit
755 457 1011 510 contusus
1062 470 1278 510 crucem
1335 453 1557 519 Christi,
1594 471 1692 510 nec
1723 452 1974 510 Christus
2004 469 2136 509 con-

534 552 787 604 lttnzlctttr
810 550 860 602 in
891 564 956 602 eo
987 545 1165 618 (Rom.
1192 564 1244 614 v,
1275 549 1350 618 5).
1379 546 1525 613 Vale,
1551 547 1622 602 lili
1653 589 1667 612 ,
1700 558 1753 610 et
1777 563 1882 610 non
1907 547 2136 604 erubes-

536 657 630 698 cas
662 655 866 712 patrem
897 642 1254 712 interrogare,
1285 643 1372 712 qui
1405 657 1511 700 non
1546 639 1823 697 erubescis
1847 643 1898 696 in
1933 642 2140 712 passio-

545 736 704 788 nibus
728 732 929 789 Christi
959 734 1209 804 gloriari.

899 827 1062 902 902
1103 835 1129 862 ⁸
1171 826 1501 881 EPISTULA
1539 823 1782 880 XXVIII.

545 919 943 994 Pythagoricum
960 921 1224 991 adagium,
1254 937 1569 974 communem
1593 921 1724 974 viam
1743 935 1851 974 esse
1875 917 2145 974 declinan-

607 1015 746 1074 dam,
771 1015 982 1084 petitum
1008 1014 1168 1079 fuisse
1188 1030 1250 1066 ex
1269 1015 1430 1066 sacris
1444 1014 1666 1083 paginis.
1685 1012 1906 1081 indeque
1923 1012 2096 1083 colligi
2114 1029 2145 1068 a

615 1105 812 1172 plebeia
833 1106 934 1158 vita
959 1107 1236 1159 abhorrere
1251 1107 1432 1160 debere
1456 1107 1850 1160 sacerdotalem.
1876 1104 2006 1158 Hinc
2025 1106 2148 1159 Am-

617 1197 820 1250 brosius
851 1195 1113 1251 [remeam
1133 1207 1188 1250 ut
1219 1201 1494 1270 papulares
1520 1199 1787 1270 Opiniones
1813 1208 1860 1251 ct
1887 1199 2146 1268 cupidita-

615 1299 688 1342 tes
711 1290 894 1361 fugiat,
931 1290 1251 1364 ingrediatur
1273 1290 1480 1344 Domini
1505 1301 1682 1360 portus
1707 1301 1751 1344 et
1774 1291 1907 1352 ciant
1925 1300 2144 1355 arctam,

616 1393 770 1454 atque
791 1383 1063 1436 ducentem
1090 1384 1158 1435 ad
1183 1386 1474 1453 superiora,
1508 1385 1691 1452 calcet,
1716 1385 1921 1439 excitat.

909 1480 1214 1532 Aunuosius
1255 1476 1467 1531 locum
1505 1477 1759 1531 salutem.

621 1573 670 1626 l.
717 1562 1135 1644 Pythagoricum
1180 1572 1489 1626 mandatum
1519 1570 1548 1608 ι’
1582 1573 1634 1625 in
1659 1571 1966 1640 aliquorum
2007 1570 2149 1624 scri-

549 1666 658 1735 ptis
689 1665 973 1734 praadicari
1035 1666 1365 1727 itm-nimus,
1397 1663 1540 1734 quod
1571 1665 1660 1718 ille
1690 1663 1994 1733 discipulos
2021 1675 2151 1716 suos

2238 451 2332 516 cit,
2368 453 2417 502 in
2459 461 2509 503 te
2535 464 2693 519 quem
2722 448 3081 504 reverendum
3108 447 3425 508 arbitratur.
3459 445 3746 500 oll'eudat?

2310 545 2362 600 5.
2407 543 2896 613 Super-grediamur
2930 542 3092 611 igitur
3144 540 3384 610 plebeias
3431 539 3744 608 opiniones,
3793 546 3853 594 et

2237 644 2403 690 strata
2427 634 2676 704 quietiam
2698 633 2931 704 gregalis
2945 632 3395 697 conver~ationis,
3411 645 3472 686 ac
3495 630 3717 684 detritae
3745 629 3854 684 viae

2238 728 2445 781 orbitas
2474 727 2831 792 declinemus,
2858 740 2922 779 ac
2953 725 3189 795 vulgaris
3204 726 3414 778 semita:
3443 723 3645 786 solum,
3680 735 3852 792 quam

2240 825 2410 876 currit
2434 823 2544 885 ille.
2579 823 2735 891 cujus
2768 823 2871 876 vita
2901 822 3070 884 levior
3100 836 3352 884 cursore,
3378 819 3448 874 de
3476 833 3585 893 quo
3622 817 3850 872 dicitur:

2246 925 2268 950 υ
2304 914 2580 980 Transivit,
2602 927 2648 968 et
2677 932 2778 968 non
2801 916 2925 968 vidit
2950 912 3092 980 (Job.
3125 930 3199 979 Ix,
3227 913 3341 981 25).
3396 913 3506 970 Sed
3538 925 3854 982 quazramus

2245 1009 2402 1064 nobis
2427 1009 2566 1064 viam
2602 1009 2938 1062 inaccessam
2973 1009 3320 1064 sermonibus
3344 1006 3716 1063 insolentium.
3765 1005 3850 1060 iu-

2245 1103 2389 1155 viam
2419 1103 2677 1172 operibus
2707 1104 3110 1173 imperitorum,
3145 1118 3304 1172 quam
3331 1101 3513 1156 nullus
3540 1098 3856 1154 maculosus

2247 1194 2483 1255 deterat.
2543 1196 2854 1251 maculosus
2895 1197 3104 1252 scilicet
3163 1196 3396 1266 ignavia:
3428 1211 3539 1248 sua:
3571 1193 3852 1259 sordibus,

2253 1290 2345 1346 fct
2363 1292 2510 1344 Iunio
2535 1291 2835 1366 iniquitatis
2862 1291 3085 1359 oblitus,
3117 1291 3462 1361 tenebrisque
3484 1300 3538 1346 et
3566 1288 3854 1359 parietinis

2249 1385 2571 1456 quibusdam
2593 1385 2786 1439 animae
2815 1385 3094 1450 ruinosus,
3117 1385 3207 1452 qui
3235 1382 3439 1437 nullam
3458 1379 3854 1452 virtuti5903

2250 1479 2584 1534 suavitatem
2630 1483 2953 1548 gustaverit,
2986 1489 3074 1532 aut
3106 1488 3130 1525 8
3162 1487 3310 1532 certe
3373 1477 3520 1531 limis
3541 1490 3663 1530 eam
3695 1488 3855 1544 spec-

2253 1570 2471 1624 tandam
2505 1572 2677 1640 magis
2708 1586 2868 1640 quam
2921 1571 3128 1632 directo
3167 1567 3388 1636 aﬂ‘ectu,
3422 1578 3477 1623 et
3507 1575 3704 1636 aperto
3733 1567 3855 1620 sinu

2255 1665 2455 1718 mentis
2493 1663 2900 1732 suscipiendam
2946 1663 3244 1716 arbitratus
3276 1663 3347 1715 sit
3383 1678 3396 1715 :
3428 1671 3482 1716 et
3513 1661 3532 1730 (
3565 1659 3709 1730 quod
3744 1659 3857 1729 ple-

552 1774 899 1812 communem
940 1767 1102 1828 atque
1158 1759 1410 1811 usitatam
1458 1758 1656 1828 populo
1708 1755 2047 1826 prohibuerit
2079 1755 2149 1811 in-
2181 1760 2229 1822 B
2257 1758 2409 1826 rique
2457 1766 2668 1822 amant,
2706 1758 2795 1827 qui
2842 1758 2946 1812 sibi
2977 1756 3136 1812 faceti
3165 1765 3327 1826 atque
3355 1754 3544 1808 urbani
3579 1753 3854 1819 videntur,

548 1847 699 1918 gredi
751 1848 912 1902 viam.
971 1848 1079 1904 Sed
1109 1847 1210 1902 hoc
1244 1849 1384 1904 unde
1411 1850 1789 1917 assumpserit,
1824 1865 1929 1903 non
1953 1858 2036 1903 est
2067 1848 2149 1903 in-

549 1941 850 2009 cognitum.
894 1940 1025 2000 Nam
1054 1955 1177 1995 cum
1211 1951 1231 1978 ο
1257 1956 1322 1995 ex
1349 1941 1548 2012 populo
1577 1920 1912 2004 ludzeornm,
1947 1949 2005 1994 ut
2034 1940 2150 2010 ple-

553 2035 708 2102 rique
739 2034 1096 2100 arbitrantur,
1125 2050 1294 2103 genus
1324 2035 1563 2099 duxerit,
1605 2051 1670 2089 ex
1715 2034 1832 2104 ejus
1861 2033 2147 2104 disciplina

551 2127 815 2186 derivavit
863 2129 1023 2183 etiam
1084 2129 1379 2200 magisterii
1441 2139 1712 2200 praecepta
1771 2147 1783 2183 :
1845 2130 2149 2198 meritoque

554 2235 779 2294 magnus
821 2221 962 2291 apud
1022 2222 1371 2292 pltlIOSOpIIOS
1419 2221 1669 2290 habitus;
1703 2219 2040 2293 daequalem,
2095 2230 2151 2278 ut

551 2315 724 2381 aiunt,
754 2315 844 2368 vix
875 2316 1098 2386 reperit.
1130 2313 1552 2385 Legeratitaque
1576 2315 1628 2368 in
1659 2313 1849 2370 Exodo
1877 2314 2048 2386 Moysi
2070 2314 2151 2370 di-

553 2409 679 2462 vino
729 2416 1059 2484 praeceptum
1106 2423 1228 2463 esse
1279 2409 1542 2463 oraculo:
1577 2408 1730 2463 Solve
1751 2409 2150 2463 calceamentum

554 2503 739 2570 pedum
789 2513 991 2556 tuorum
1041 2502 1242 2574 (Exod.
1294 2519 1374 2569 tu,
1419 2502 1507 2572 15)
1544 2502 1596 2558 Id
1624 2505 1788 2557 etiam
1822 2512 2150 2574 praeceptum

554 2595 680 2650 Iesu
706 2595 851 2651 Nave
879 2594 1062 2669 (Josue
1093 2612 1146 2662 v,
1178 2595 1296 2666 16),
1324 2594 1576 2650 videlicet
1617 2606 1671 2648 ut
1719 2594 1935 2650 detrita:
1966 2603 2021 2648 et
2050 2609 2149 2666 po-

557 2691 762 2759 pularis
791 2691 891 2743 viae
919 2689 1258 2760 deponerent
1284 2691 1586 2762 pulverem,
1635 2690 1725 2760 qui
1762 2690 1900 2743 viam
1935 2688 2149 2750 Domini

555 2781 834 2836 ambulare
866 2781 1263 2836 desiderarent.
1306 2783 1538 2854 Legerat
1592 2792 1924 2852 prmceptum
1972 2780 2152 2844 eidem

561 2873 750 2943 Moysi,
786 2883 840 2926 ut
869 2884 1108 2927 montem
1140 2888 1260 2927 cum
1290 2873 1672 2930 sacerdotibus
1697 2873 2153 2942 ascenderet,po-

564 2963 719 3032 pulus
742 2973 918 3017 autem
948 2980 1192 3020 seorsum
1223 2965 1600 3037 staret(E:rod.
1631 2981 1776 3029 xxrv,
1803 2965 1888 3032 15,
1919 2964 2031 3037 14).
2055 2964 2156 3022 Se-

565 3059 773 3126 paravit
815 3057 978 3127 igitur
1006 3059 1316 3113 sacordotes
1343 3075 1370 3111 a
1397 3059 1618 3129 populo,
1667 3069 1718 3116 et
1751 3069 1934 3132 postea
1978 3059 2150 3130 ipsum

560 3151 780 3221 Moysen
812 3152 948 3205 intra
979 3152 1176 3205 nubem
1222 3153 1448 3208 introire
1478 3152 1758 3224 princepit.

627 3243 682 3296 2.
706 3243 868 3298 Vides
889 3243 1225 3297 divisiones?
1250 3243 1386 3298 Nihil
1411 3246 1461 3298 in
1485 3243 1856 3300 sacerdotibus
1880 3243 2150 3314 plebeium

561 3339 786 3407 requiri,
815 3338 949 3392 nihil
986 3339 1270 3408 populare,
1306 3339 1438 3394 nihil
1469 3354 1757 3395 commune
1795 3355 1918 3396 cum
1972 3340 2154 3396 studio

559 3444 721 3504 atque
776 3449 872 3489 usu
921 3444 974 3489 et
1017 3434 1261 3488 moribus
1303 3434 1597 3490 incondita:
1631 3434 2032 3492 multitudinis?
2058 3437 2155 3490 So-

561 3527 732 3581 briam
759 3542 788 3581 a
819 3527 988 3582 turbis
1013 3528 1329 3596 gravitatem
1353 3569 1366 3594 ,
1399 3527 1595 3581 seriam
1642 3527 1834 3593 vitam,
1883 3526 2156 3597 singulare

561 3622 772 3690 pondus
800 3621 1035 3690 dignitas
1061 3623 1162 3676 sibi
1189 3621 1423 3678 vindicat
1446 3621 1825 3678 sacerdotalis.
1873 3622 2157 3692 Quomodo

567 3713 711 3768 enim
745 3724 930 3784 potest
961 3716 1236 3772 observari
1269 3730 1297 3768 a
1330 3715 1552 3784 populo,
1577 3715 1667 3784 qui
1701 3713 1834 3770 nihil
1883 3714 2046 3772 habet
2070 3731 2158 3772 se-

560 3817 769 3862 cretum
797 3824 827 3863 a
856 3810 1076 3880 populo,
1125 3807 1310 3876 diSpar
1338 3823 1367 3866 a
1415 3807 1797 3862 multitudine?
1824 3809 1962 3874 Quid
2007 3810 2153 3864 enim

562 3899 616 3952 in
649 3910 700 3955 te
723 3902 971 3968 miretur,
1013 3901 1058 3955 si
1089 3914 1184 3955 sua
1217 3899 1269 3954 in
1295 3909 1346 3955 te
1370 3909 1747 3970 recognoscat,
1777 3901 1824 3964 si
1852 3901 1986 3956 nihil
2021 3900 2074 3955 in
2105 3909 2157 3956 te

637 4075 662 4101 λ
703 4063 914 4134 Scripta
943 4067 1085 4121 circa
1116 4082 1245 4122 ann.
1273 4066 1398 4122 587.

638 4134 664 4174 δ
705 4136 820 4209 Non
847 4137 1009 4192 alium
1044 4141 1132 4192 hic
1159 4140 1509 4208 intelligimus
1531 4137 1692 4209 'quam
1726 4137 2034 4203 Philonem,
2063 4140 2153 4208 qui

565 4208 722 4262 initio
754 4208 875 4262 libri
905 4209 1056 4276 Quod
1077 4211 1242 4264 omnis
1267 4210 1454 4279 probus
1477 4208 1603 4280 liber
1625 4209 1712 4274 sit,
1760 4209 2152 4280 Pythagoream

565 4281 892 4336 sententiain
924 4289 1043 4342 ταῖς
1075 4281 1348 4358 λεωφόροις
1392 4286 1462 4352 μή
1492 4279 1734 4402 1βαδίζειν
1785 4279 1955 4348 ὁδοῖςί
1991 4297 2151 4349 quam

566 4353 842 4402 ἶεοὼτατον
864 4352 1041 4402 θίασον
1070 4365 1247 4402 Vocat.
1274 4369 1486 4402 eoiumo
1530 4368 1559 4402 e
1586 4361 1640 4402 et
1667 4351 1942 4402 eleganter
1981 4353 2151 4402 exuli-

566 4353 842 4426 iepéwgrov
862 4352 1041 4426 θίασον
1070 4351 1248 4426 Vocat,
1274 4351 1559 4426 eoittntode
1586 4361 1640 4406 et
1667 4351 1942 4426 eleganter
1967 4353 2154 4426 expli-

564 4421 670 4493 cat.
706 4421 966 4475 Eamdent
995 4436 1208 4491 quoque
1231 4422 1371 4477 inter
1403 4421 1740 4492 Pythagorea
1772 4423 2013 4493 symbolo
2059 4421 2155 4477 re-

567 4492 670 4547 fert
719 4493 1001 4552 Erasmus.
1056 4501 1112 4547 et
1157 4508 1227 4546 ex
1273 4493 1603 4561 Hieronymo
1645 4492 1970 4546 ineumdem
1999 4493 2158 4562 plane

569 4563 906 4619 intellectum
931 4566 1179 4632 exponit.
1210 4564 1322 4632 Qua
1357 4573 1536 4618 autem
1570 4562 1778 4618 ratione
1825 4573 2157 4633 praeceptum

567 4635 696 4690 illud
727 4635 1066 4689 observarint
1099 4635 1442 4706 Pythagorei,
1471 4643 1526 4688 et
1557 4633 1823 4687 maximus
1850 4650 2037 4706 eorum
2064 4652 2161 4690 nu-

569 4721 770 4768 merus,
797 4706 940 4776 quod
972 4707 1021 4760 iit
1054 4723 1113 4761 se
1135 4705 1365 4763 aliorum
1397 4705 1673 4760 hominum
1700 4719 1837 4774 quos
1862 4705 2157 4776 fugiebant,

567 4785 752 4837 mnum
777 4783 1166 4841 concttnssent,
1190 4778 1558 4832 internecione
1582 4777 1792 4838 deletus
1825 4777 2005 4845 fuerit,
2037 4795 2162 4836 nar-

571 4865 692 4910 rant
724 4849 974 4904 Laertius
1007 4851 1097 4904 lib.
1134 4864 1247 4914 vm,
1296 4849 1539 4904 Justinus
1593 4849 1686 4904 lib.
1736 4863 1836 4915 xx,
1889 4849 2161 4904 Arnobius

574 4927 668 4981 lib.
706 4937 722 4976 l
749 4920 961 4975 advers.
993 4919 1216 4983 Gentes,
1249 4930 1302 4975 et
1332 4923 1441 4976 alii.

646 5007 669 5033 ο
713 4993 784 5052 De
809 4992 1128 5066 Pythagora:
1160 4995 1324 5066 natali
1354 4995 1471 5048 solo
1497 4992 1658 5048 multa
1677 4993 2055 5066 e_ontroversi_a
2076 5002 2160 5047 est

570 5069 712 5138 apud
762 5063 1051 5138 antiquos,
1089 5074 1144 5118 ut
1190 5064 1402 5138 discere
1435 5065 1560 5138 licet
1590 5081 1654 5118 ex
1685 5063 1966 5138 Clemente
1997 5063 2158 5138 Alex.

572 5134 688 5198 lib.t
711 5134 996 5200 Stromat.,
1030 5137 1267 5204 Diogene
1293 5137 1585 5192 Laert.lih.
1611 5151 1727 5197 vni,
1763 5135 1946 5190 etaliis
1965 5134 2162 5206 quibus

568 5214 818 5269 addimus
862 5209 1061 5264 erudit.
1106 5207 1356 5262 lIuetium
1418 5207 1564 5263 lib.t
1621 5206 1897 5261 ltetnonst.
1956 5207 2159 5276 Evang,

571 5297 793 5351 propns.
850 5281 906 5343 4,
955 5295 1072 5348 cap.
1124 5281 1177 5332 ‘2.
1206 5281 1358 5346 Quod
1390 5294 1517 5335 vero
1545 5277 1823 5351 plurimae
1847 5277 2161 5351 Judzeorttm

572 5348 812 5410 fontibus
845 5351 1092 5405 hausisse
1123 5351 1208 5405 hic
1254 5351 1474 5413 dicitur,
1505 5348 1636 5402 nihil
1669 5363 1730 5402 ea
1761 5349 1829 5402 de
1854 5367 1910 5406 re
1941 5349 2163 5418 adjicie—

571 5444 688 5481 tuus
723 5424 827 5489 Itis,
857 5439 976 5492 qua:
1011 5423 1175 5490 priori
1225 5432 1373 5477 tumo
1403 5419 1456 5476 ill
1499 5420 1634 5489 psal.
1659 5433 1826 5476 cxvut
1849 5436 2015 5478 serui.
2051 5436 2082 5476 v
2109 5427 2164 5474 et
2199 5419 2207 5424 ’

567 5497 693 5552 alibi
721 5493 1151 5550 subnmavitnus.

637 5568 662 5605 ά
707 5568 781 5622 Ita
808 5576 914 5617 Vel.
950 5565 1082 5619 edit.
1113 5573 1169 5618 et
1196 5561 1378 5624 cuncti
1407 5577 1577 5627 mss.;
1610 5561 1769 5616 Rom.
1803 5571 1984 5616 autem
2007 5560 2162 5625 edit.,

568 5647 768 5714 qualem
801 5643 885 5696 ria:
927 5641 1120 5714 reperis
1149 5639 1344 5714 ullum;
1383 5635 1539 5714 quod
1572 5649 1635 5690 ex
1671 5633 1879 5714 Virgilii
1913 5633 2166 5714 Epig.ﬂde

572 5701 845 5783 sumptum
875 5701 996 5767 esse
1016 5713 1198 5765 addita
1225 5701 1509 5783 iuarginali
1542 5708 1726 5762 natula
1760 5701 2166 5783 iud_i_cavit'._Ve-

566 5776 945 5851 rum'quidem
989 5793 1070 5835 est
1123 5785 1265 5842 inter
1295 5776 1386 5836 illa
1429 5781 1816 5854 epigrammata
1847 5776 2048 5829 Maroni
2080 5788 2166 5828 as-

2185 4462 2237 4523 D

2253 1850 2718 1919 pulchritudinem
2752 1850 3036 1922 sapientiae
3061 1850 3113 1904 in
3133 1848 3646 1904 dedecusversutim
3680 1859 3858 1900 trans-

2254 1943 2550 2013 ﬁgurantes
2589 1953 2815 2008 )veram
2869 1959 2975 1998 non
3018 1943 3236 2000 intuens
3277 1942 3530 2011 gratiam,
3578 1952 3857 2009 tamquam

2253 2037 2304 2090 in
2337 2045 2495 2090 nocte
2525 2036 2754 2106 positus,
2803 2049 2912 2090 non
2941 2033 3117 2088 credit
3147 2034 3198 2087 in
3227 2033 3315 2087 die
3342 2030 3678 2094 viventibus;
3731 2027 3861 2099 quia

2253 2128 2321 2183 de
2347 2144 2580 2184 numero
2601 2129 3010 2184 Themauoruni
3042 2135 3099 2182 et
3128 2125 3446 2181 Sabaeorum
3473 2131 3556 2176 est
3583 2121 3825 2175 deﬁcien
3845 2150 3860 2160 -

2253 2224 2385 2278 tiuut
2409 2235 2461 2277 et
2479 2223 2848 2277 avertentintn
2867 2237 2927 2278 se
2943 2237 2974 2277 a
2994 2221 3225 2276 veritate
3242 2219 3311 2274 de
3332 2218 3525 2289 quibus
3556 2215 3689 2271 dicit
3709 2212 3816 2269 .Iob
3843 2230 3857 2266 :

2264 2315 2440 2372 Videte
2468 2318 2576 2370 vias
2601 2315 3003 2381 Themanorum,
3030 2324 3078 2369 et
3119 2315 3332 2370 semitas
3369 2311 3672 2367 Sabworum
3692 2327 3712 2376 ;
3741 2310 3864 2380 quia

2254 2413 2616 2486 confusionem
2640 2412 2889 2477 incident,
2913 2411 3002 2481 qui
3030 2411 3082 2463 in
3108 2408 3401 2464 civitatibus
3422 2417 3470 2461 et
3493 2407 3687 2460 divitiis
3723 2421 3865 2474 spent

2251 2505 2456 2564 habent.
2508 2501 2594 2558 Ita
2619 2512 2663 2557 et
2696 2519 2781 2556 vos
2809 2501 3162 2556 insurrexistis
3209 2501 3261 2556 in
3303 2515 3381 2553 nte
3422 2499 3532 2552 sine
3559 2496 3857 2556 misericor-

2254 2597 2375 2664 dia;
2402 2596 2538 2651 unde
2559 2597 2666 2650 viso
2694 2594 2899 2650 vulnere
2918 2611 3050 2660 meo,
3083 2594 3251 2648 timete
3275 2591 3416 2664 (Job.
3441 2607 3516 2656 vr,
3541 2592 3609 2648 l9
3632 2599 3678 2646 et
3698 2589 3853 2659 τεῳ).

2324 2687 2378 2742 4.
2414 2688 2520 2744 llas
2543 2688 2703 2758 igitur
2725 2687 2911 2742 devias
2933 2685 3160 2742 semitas
3185 2683 3595 2748 declinantium,
3624 2692 3680 2738 et
3704 2683 3856 2738 illum

2255 2780 2622 2836 delicienliunt
2665 2781 2964 2852 pulverem,
2992 2778 3085 2850 qui
3125 2787 3349 2850 propter
3390 2791 3546 2832 suam
3593 2783 3862 2846 appeten-

2257 2880 2381 2930 tiam
2433 2874 2751 2930 ceciderunt
2796 2887 2942 2946 saepe
2992 2872 3045 2928 iit
3095 2873 3336 2937 deserto,
3389 2869 3856 2940 derelinquamus.

2254 2967 2652 3022 Coiiverlainur
2685 2976 2892 3032 autem,
2933 2975 2987 3022 et
3032 2979 3324 3036 sequantur
3359 2963 3641 3032 sapientiae
3687 2961 3854 3021 viam,

2255 3077 2415 3132 quam
2445 3077 2549 3116 non
2572 3059 2924 3116 calcaverunt
2944 3059 3036 3112 lilii
3053 3057 3476 3129 gloriﬁcantium
3507 3071 3567 3111 se
3579 3054 3857 3126 etjaman-

2181 3141 2226 3203 C
2262 3155 2415 3219 tium,
2465 3170 2625 3224 quam
2672 3150 2699 3188 h
2733 3153 2976 3206 interitio
3009 3153 3242 3222 ignorat,
3291 3165 3439 3206 mors
3481 3150 3686 3213 nescit;
3730 3149 3856 3218 quia

2255 3248 2398 3303 Deus
2443 3248 2638 3303 direxit
2678 3261 2797 3302 eam
2839 3263 2853 3302 ;
2889 3246 3116 3318 Abyssus
3157 3245 3292 3300 dixit
3321 3261 3338 3298 :
3372 3242 3496 3298 Non
3524 3251 3604 3297 est
3648 3243 3703 3296 in
3735 3257 3815 3295 me
3838 3260 3857 3297 :

2257 3355 2397 3394 utare
2435 3339 2568 3394 dixit
2603 3337 2768 3394 :Non
2791 3347 2863 3393 est
2888 3354 3087 3392 mecum
3117 3335 3263 3408 (Job.
3300 3351 3487 3401 xxvnt,
3523 3333 3637 3404 lt).
3669 3333 3771 3388 Sed
3805 3334 3855 3388 si

2258 3433 2455 3501 quaeris
2495 3433 2633 3486 viam
2677 3431 2960 3500 sapientiae
2989 3440 3046 3486 et
3082 3429 3408 3499 disciplinae,
3439 3428 3624 3484 colere
3658 3425 3856 3491 Deum,

2257 3536 2416 3594 atque
2449 3527 2496 3578 ei
2526 3524 2800 3580 subditum
2831 3538 2954 3579 esse
2977 3523 3247 3594 sapientia
3273 3533 3355 3578 est
3388 3540 3401 3578 :
3436 3519 3717 3578 abstinere
3755 3532 3858 3581 an-

2265 3630 2368 3672 tem
2395 3634 2424 3671 a
2448 3619 2685 3688 peccatis
2713 3615 2996 3688 disciplina
3028 3624 3132 3670 est.

2334 3713 2386 3766 5.
2429 3711 2566 3779 Quid
2599 3710 2764 3782 igitur
2792 3711 2949 3766 nobis
2979 3723 3102 3766 cum
3134 3707 3293 3778 istius
3320 3704 3506 3762 saeculi
3531 3704 3641 3768 via,
3675 3703 3726 3758 in
3754 3717 3860 3773 qua

2261 3815 2346 3862 est
2377 3806 2624 3872 tentatio,
2653 3805 2822 3860 immo
2853 3805 2966 3874 ipsa
2996 3803 3104 3858 vita
3154 3802 3389 3856 hdntinis
3419 3799 3644 3854 tentatio
3676 3809 3777 3862 est,
3802 3805 3866 3851 et

2261 3901 2458 3958 exilior
2484 3914 2642 3970 quant
2659 3912 2838 3954 sermo
2863 3895 3190 3962 tabularum,
3217 3893 3460 3952 habitare
3497 3893 3550 3947 in
3575 3891 3736 3948 luteis
3761 3889 3862 3944 do-

2263 4067 2437 4135 cripta
2469 4081 2658 4136 unum,
2683 4065 2824 4136 quod
2852 4062 3190 4138 etiatn__int_er
3223 4053 3864 4138 Ausonii.ldylljafepc-

2266 4123 2402 4192 ritur
2455 4123 2714 4201 exstare:
2771 4139 2821 4188 in
2871 4149 2976 4202 quo
3005 4132 3134 4186 illttd
3170 4123 3571 4202 hemistichium
3606 4123 3863 4184 habetur,

2263 4211 2352 4265 ubi
2387 4221 2563 4263 tamen
2594 4197 2782 4280 reperit
2813 4197 3027 4280 legitur,
3065 4221 3169 4280 non
3198 4197 3864 4280 r_eperis.__Verumtaineq

2263 4264 2371 4336 non
2403 4297 2469 4334 eo
2497 4264 2804 4348 respexisse
2832 4264 3178 4351 Kiuhrosiuni
3213 4264 3340 4351 jure
3386 4269 3625 4351 dixeris,
3649 4265 3744 4351 sed
3778 4264 3867 4318 vel

2261 4335 2647 4422 adinsephn'm
2675 4352 2764 4420 qui
2800 4350 2892 4422 lib.
2925 4357 3073 4422 cont.
3105 4335 3335 4422 AppiOn.
3369 4341 3546 4422 eidem
3592 4335 3868 4422 l’ythagu:

2263 4405 2605 4493 rte'piet'atis
2641 4405 2706 4476 ne
2734 4419 3015 4493 sapientize
3075 4405 3304 4493 palmam
3339 4405 3645 4493 adjudicat,
3682 4405 3865 4493 ve'lnngd

2262 4475 2436 4549 Qvidrii
2453 4475 2836 4547 testimonium
2869 4490 2959 4542 lib.
2982 4503 3050 4542 xv
3076 4475 3388 4542 Transtttut.
3406 4475 3488 4536 'tle
3509 4479 3707 4536 eodem
3737 4475 3867 4531 Phi-

2263 4565 2491 4636 losopho
2521 4565 2590 4618 ita
2614 4561 2858 4618 canentis
2891 4577 2903 4612 :

2417 4706 2582 4774 {dente
2605 4705 2726 4774 deos
2753 4705 2890 4774 adiit,
2915 4711 2968 4753 et
2989 4715 3099 4774 qua:
3125 4704 3297 4774 natura
3323 4697 3543 4774 negavit,

2419 4768 2614 4818 Vislbus
2638 4761 3052 4830 humauis,oculis
3076 4776 3134 4812 ea
3162 4761 3380 4826 pectoris
3409 4761 3586 4809 hausit.

2261 4922 2345 4976 vel
2371 4920 2606 4989 denique
2637 4917 2703 4974 ad
2727 4917 2861 4989 alios
2887 4916 3171 4989 quospiam
3199 4914 3542 4989 antiquorum
3566 4909 3744 4972 locos,
3773 4908 3865 4963 ubi

2263 5008 2370 5049 non
2402 4985 2768 5064 infrequentes
2799 4985 3119 5064 I_’ytl_i;igorze
3159 4985 3344 5064 laudes
3368 4990 3730 5064 occurrit-nu“
3767 5051 3780 5062 ⁸

2338 5075 2360 5100 ε’
2405 5051 2774 5118 Ειιὶι.ἰι1ιίιηω
2802 5051 3003 5122 Ρῖιτίδξ
3037 5057 3269 5120 transivi,
3303 5065 3477 5108 etnon
3511 5053 3634 5106 vidi.
3670 5051 3737 5104 Et
3767 5051 3864 5105 in—

2264 5134 2366 5201 fra,
2397 5135 2484 5190 ubi
2521 5148 2619 5187 nos
2642 5149 2762 5186 eum
2792 5139 2908 5204 ant.
2932 5130 3061 5204 edit.
3091 5136 3147 5182 et
3179 5125 3422 5204 pluribus
3455 5122 3864 5204 iunioribusque

2265 5194 2421 5268 mss.,
2476 5209 2618 5275 fumo
2650 5202 2968 5275 iniquitatis;
3022 5194 3192 5275 Boni.—
3214 5198 3345 5275 .edit.
3374 5212 3494 5250 cum
3543 5194 3668 5248 aliis
3702 5207 3857 5275 t_uss.,

2264 5277 2387 5346 ﬁmo
2412 5263 2748 5344 iniquitatis:
2786 5263 3083 5346 Non'titalq
3105 5284 3286 5323 sensu.
3318 5267 3544 5346 A.I__vero
3575 5263 3722 5346 quod
3752 5278 3860 5344 pro

2265 5335 2452 5402 bblitus
2506 5335 2724 5417 quidam
2758 5359 2888 5400 mss.
2944 5339 3261 5413 praeierunt,
3313 5337 3570 5409 obligatus
3627 5335 3858 5389 inscitia:

2266 5427 2369 5472 est.

2345 5488 2362 5526 τ
2399 5487 2555 5544 Rom.
2589 5488 2722 5544 edit.
2751 5498 2796 5544 et
2824 5488 2946 5558 ﬁmo
2973 5483 3256 5558 iniquitatis
3287 5479 3496 5558 oblitus.

2342 5571 2366 5608 ε
2409 5559 2534 5620 Mss.
2569 5559 2793 5629 aliquot,
2823 5547 2909 5614 aut
2937 5547 3073 5612 certe
3097 5555 3248 5627 lippis
3287 5551 3470 5606 oculis.
3511 5547 3686 5610 Minus
3716 5561 3856 5600 cont-

2269 5631 2448 5687 mode.
3824 5683 3834 5693 .

2341 5701 2368 5740 ¹¹
2423 5703 2673 5760 Nonnulli
2725 5716 2854 5758 mss.
2889 5742 2905 5766 ,
2953 5699 3164 5773 interior
3209 5695 3411 5773 ignorat
3465 5704 3664 5773 mors:
3706 5691 3853 5773 nescit

2269 5777 2411 5846 quia,
2442 5785 2550 5832 etc.
2584 5773 2775 5831 Melius
2807 5764 2930 5829 vero
2957 5768 3163 5837 ueteri,
3200 5764 3256 5823 et
3281 5764 3412 5824 edit.
3442 5773 3500 5830 ut
3531 5764 3582 5820 in
3618 5771 3787 5822 testu.
