4040 6166
161 310 286 371 1055

155 427 335 491 mibns,
364 422 483 495 dies
510 430 572 477 et
603 430 788 476 noctes
828 420 883 474 in
926 404 1092 477 lucris
1115 433 1338 490 ponere,
1371 429 1422 473 et
1458 417 1525 473 de
1564 416 1732 479 lucris
1760 428 1807 486 Α

155 531 357 589 semper
385 513 657 586 cogitare,
682 521 732 567 et
761 511 899 567 sicut
921 510 1289 575 mercennarios
1314 509 1564 565 diurnam
1595 523 1737 571 mer-

154 610 322 665 cedem
371 620 649 678 quaerere,
681 614 866 672 atque,
900 609 959 658 ut
984 601 1202 658 ciendas
1239 603 1411 669 aiunt,
1443 615 1570 654 aura
1599 614 1733 671 qua-

155 701 264 756 dam
293 696 445 769 pasci
474 695 876 767 cupiditatum?
902 693 1047 751 Vere
1077 697 1215 750 sicut
1241 692 1480 765 cicadas,
1513 694 1637 763 quia
1666 691 1735 746 de

146 793 232 853 ‘die
268 793 316 846 in
349 791 493 846 diem
524 791 733 861 vivunt,
763 797 791 827 ι
817 798 1014 861 questu
1046 799 1371 860 rumpuntur
1418 802 1542 843 suo.
1593 785 1733 855 Quid

155 884 281 940 enim
302 881 444 937 aliud
475 890 598 938 sunt
627 880 875 945 homines
899 879 1101 936 nullius
1117 879 1399 953 ponderis,
1425 878 1624 933 nullius
1654 876 1735 933 di-

156 977 403 1048 sciplima,
438 975 544 1032 nisi
576 984 633 1030 ut
661 973 948 1031 videantur
984 974 1129 1029 sicut
1149 970 1372 1041 cicada,
1402 973 1469 1026 ad
1502 981 1736 1026 mortem

157 1071 252 1125 nati
279 1070 554 1137 diurnam,
578 1076 884 1143 strepentes
909 1067 1079 1140 magis
1100 1082 1261 1141 quam
1285 1063 1604 1137 loquentes?
1630 1062 1733 1135 Qui

155 1165 241 1225 sub
265 1162 461 1218 ardore
485 1161 815 1219 ferventimn
842 1162 1195 1232 cupiditatum
1220 1175 1278 1214 se
1307 1160 1581 1214 mulceant
1608 1174 1734 1215 can-

154 1267 200 1311 tu
228 1258 324 1313 sibi
365 1258 554 1323 noxio,
597 1255 890 1326 statimque
921 1254 1192 1320 occidant,
1244 1253 1453 1309 nullum
1497 1251 1731 1307 fructum

155 1349 397 1419 ferentes,
446 1347 585 1415 nihil
628 1349 894 1406 habentes
932 1348 1146 1420 gratiae.
1199 1347 1400 1402 llorum
1446 1347 1609 1418 igitur
1632 1345 1733 1402 vite

155 1444 313 1498 noxia:
358 1454 727 1513 tortuoschue
757 1442 1117 1512 serpentium,
1149 1440 1240 1511 qui
1272 1449 1546 1496 venenato
1576 1438 1732 1510 lapsu

154 1536 378 1607 corporis
403 1549 529 1591 sese
543 1535 787 1602 tralmnt,
817 1544 980 1606 atque
999 1530 1028 1571 ι)
1048 1531 1103 1589 in
1130 1532 1336 1602 spiram
1363 1528 1622 1601 nequitiae
1647 1544 1736 1586 se-

154 1641 203 1689 se
229 1627 505 1700 colligunt,
541 1634 596 1683 et
622 1626 833 1698 erigere
862 1641 970 1680 non
1000 1632 1205 1701 queunt
1230 1622 1297 1678 ad
1323 1624 1566 1679 caelestia

211 1718 261 1773 6.
302 1717 679 1790 lugrediamur
707 1727 887 1773 autem
921 1726 1105 1788 portas
1137 1716 1378 1784 Domini,
1415 1725 1600 1788 portas
1622 1715 1733 1788 jus-

1358 299 1846 363 EPISTOLARUM
1886 298 2172 365 CLASSIS
2209 300 2249 357 l.

3300 299 3437 360 illi“

1909 417 2005 475 illa
2035 424 2292 479 recreetur
2334 418 2513 477 oculus
2546 429 2747 482 noster,
2785 426 2936 486 atque
2973 416 3149 473 anima
3188 419 3444 479 nutriatur

1907 508 2199 583 spondens;
2233 525 2292 569 eo
2323 510 2460 583 quod
2484 509 2569 565 hic
2594 509 2782 565 anima:
2804 507 2947 567 cibus
2969 509 3055 575 sit,
3085 510 3234 579 cujus
3266 511 3444 581 cogni-

1907 605 2097 660 tionem
2126 605 2318 661 sanctis
2355 602 2492 663 Deus
2522 603 2741 670 revelat,
2774 618 3022 674 quemque
3060 601 3228 656 David
3254 603 3442 673 cupide

1906 696 2190 767 indagavit.
2256 695 2369 750 Hoc
2418 696 2606 750 bonum
2654 695 2929 767 diligenter
2975 696 3246 748 tenendum
3292 708 3442 762 esse;

1904 788 2112 861 quando
2140 788 2277 845 idem
2304 788 2473 858 ipsum
2500 789 2597 857 sit,
2632 787 2770 859 quod
2803 786 3237 845 annuntiaverunt
3271 785 3445 841 Emm-

1905 883 2120 958 gelistw,
2144 881 2343 939 scilicet
2365 880 2650 941 Christum.
2680 881 2794 937 Hoc
2822 882 3010 937 bonum
3039 881 3127 952 qui
3157 896 3272 934 cum
3298 879 3442 937 desi-

1906 975 2049 1041 derio
2071 974 2322 1042 hauserit,
2340 991 2455 1031 eum
2477 975 2546 1031 ad
2568 976 2928 1046 mysteriorum
2949 974 3212 1029 scientiam
3236 988 3443 1042 perven-

1905 1077 2110 1133 turum,
2142 1077 2191 1120 et
2221 1068 2337 1143 jam
2378 1068 2734 1141 neglecturum
2766 1082 2879 1136 qua:
2914 1074 3034 1119 sunt
3069 1065 3304 1136 corporis
3323 1105 3339 1131 ,
3372 1063 3441 1118 ad

1905 1161 2043 1230 quod
2087 1161 2367 1231 Apostolus
2411 1177 2504 1215 nos
2545 1159 2872 1216 adhortatur.
2921 1158 3237 1223 Elevandam
3282 1159 3442 1232 igitur

1905 1254 2133 1313 animam
2145 1254 2208 1310 ab
2226 1254 2514 1327 affectibus,
2530 1265 2585 1309 ut
2604 1255 2884 1327 feraturad
2902 1256 3089 1309 bonum
3106 1253 3260 1319 illud,
3274 1256 3328 1311 in
3342 1270 3441 1325 quo

1906 1350 2021 1420 fons
2064 1350 2181 1411 vita:
2224 1357 2338 1414 est,
2392 1358 2438 1404 et
2477 1364 2577 1418 quo
2615 1347 2821 1401 nonnisi
2871 1347 3058 1402 virtute
3090 1346 3440 1417 perducimur.

1919 1440 2102 1501 Verum
2126 1442 2550 1513 perseverantiam
2568 1441 2636 1495 ad
2657 1441 2712 1494 id
2733 1457 2862 1511 opus
2888 1456 2996 1496 esse
3009 1451 3058 1495 et
3073 1441 3437 1497 constantiam.

2204 1598 2515 1654 AIBROSIUS
2555 1598 2770 1654 [aeneo
2808 1598 3059 1654 salutem.

1909 1737 1960 1792 1.
1979 1735 2123 1797 Inter
2137 1736 2447 1808 legendum,
2469 1752 2591 1793 cum
2619 1738 2896 1808 paululum
2913 1740 3306 1808 requievissem
3322 1739 3439 1795 ani-

155 1810 290 1877 litim,
319 1826 449 1882 quas
475 1810 661 1882 justus
681 1811 772 1881 qui
802 1809 965 1866 fuerit
989 1811 1290 1883 ingressus,
1314 1810 1605 1875 conﬁtetur
1626 1810 1731 1865 llo-

1859 1842 1944 1895 κιο,
1975 1838 1996 1867 ε
2016 1829 2142 1901 quia
2165 1829 2540 1887 lucubratione
2560 1830 2903 1900 destiteram,
2928 1833 3260 1888 versiculum
3288 1832 3437 1887 illum

156 1902 284 1957 mino
303 1901 661 1975 (Psal.cxvn,
688 1901 803 1973 l9).
833 1902 943 1959 Sed
977 1903 1091 1958 haec
1121 1917 1412 1974 paucorum
1438 1902 1723 1972 ingressio,

155 1995 276 2049 unde
302 1995 563 2063 Dominus
588 1996 685 2061 ait,
708 1995 833 2067 quia
856 2004 1078 2070 angusta
1102 2006 1273 2065 porta,
1302 2006 1347 2049 cl
1369 2005 1512 2051 arcta
1526 2005 1601 2050 est
1621 1998 1727 2064 via,

155 2104 250 2158 qua:
277 2088 415 2157 ducit
451 2091 521 2145 ad
553 2090 751 2156 vitam;
779 2099 827 2145 et
860 2072 1011 2161 pauci
1041 2099 1177 2157 sunt,
1214 2091 1301 2161 qui
1329 2091 1591 2145 inveniunt
1618 2107 1731 2144 eam

157 2178 348 2249 (Matth.
373 2197 466 2250 vn,
496 2180 611 2253 14).
636 2180 768 2237 Lata
791 2189 971 2235 autem
994 2190 1144 2251 porta
1165 2187 1221 2235 et
1243 2183 1477 2252 spatiosa
1497 2182 1603 2248 via,
1623 2197 1728 2252 qna

153 2272 286 2327 multi
304 2274 654 2357 gradiuntur,
683 2273 751 2329 ad
780 2284 1009 2330 mortem
1033 2273 1242 2345 dirigit,
1269 2287 1323 2329 et
1342 2275 1575 2330 viatores
1601 2288 1730 2329 suos

153 2377 206 2419 eo
227 2364 386 2422 ducit.

206 2455 360 2537 904
395 2457 450 2513 7.
497 2455 583 2514 Sit
607 2472 737 2529 ergo
759 2458 844 2513 via
875 2467 1061 2514 nostra
1090 2456 1392 2533 angustior,
1423 2456 1570 2521 virus
1599 2472 1734 2513 exu-

155 2547 423 2617 berantior,
451 2563 660 2607 trames
690 2552 955 2622 pressior,
982 2551 1116 2609 ﬂdes
1141 2552 1447 2633 sublimior,
1470 2553 1625 2619 callis
1647 2569 1735 2609 aro

153 2640 289 2712 etinr,
316 2646 470 2717 vigor
498 2646 696 2702 mentis
722 2647 1027 2716 exundans,
1052 2649 1260 2704 semitae
1283 2659 1473 2715 rectm;
1500 2650 1623 2723 quia
1648 2650 1730 2704 in-

156 2732 384 2793 ﬂexibilla
424 2749 560 2794 sunt
591 2739 851 2794 virtutum
891 2740 1138 2811 vestigia.
1168 2740 1319 2812 Unde
1346 2739 1606 2797 Salomon
1643 2760 1655 2795 :
1689 2741 1735 2796 Ο

156 2828 227 2895 qui
250 2830 627 2906 dereliquerunt
656 2836 865 2889 semitas
894 2846 1060 2891 rectas
1090 2834 1276 2910 (Prov.
1307 2854 1365 2905 tt,
1398 2836 1521 2910 l3)!

213 2918 260 2975 8.
282 2921 357 2977 Sit
381 2938 611 2997 gressus
626 2925 693 2980 ad
725 2927 1041 2996 superiora;
1066 2927 1189 2998 quia
1220 2928 1413 2986 melius
1436 2939 1519 2985 est
1545 2946 1737 2987 ascen-

157 3009 284 3070 dere.
335 3017 609 3090 Denique,
640 3021 782 3075 sicut
813 3019 1010 3075 lectum
1057 3031 1139 3077 est
1185 3021 1346 3079 hodie
1375 3042 1387 3077 :
1423 3024 1515 3080 Va:
1541 3027 1628 3097 iis,
1653 3030 1742 3099 qui

160 3105 441 3167 descendunt
487 3113 543 3166 in
574 3110 864 3185 ngyplum
906 3113 1353 3190 (Esai.xxx1,l)!
1396 3116 1514 3173 Non
1552 3121 1739 3192 utique

1831 1920 1975 1989 ccepi
1993 1935 2203 1983 tnecum
2219 1922 2463 1986 volvere,
2486 1921 2504 1961 τ
2520 1938 2628 1993 quo
2642 1925 2857 1992 vesperi
2879 1924 2931 1977 in
2956 1923 3156 1994 vigiliis
3169 1924 3248 1979 usi
3263 1923 3439 1979 luera-

1832 2028 1954 2073 mus
1968 2030 1982 2073 δ
1996 2022 2022 2062 ε
2043 2012 2239 2090 Ὠραῑος
2256 2014 2425 2071 κάλλει
2436 2016 2581 2089 ’καρὰ
2595 2018 2719 2076 τοὺς
2735 2016 2881 2080 υἱοὺς
2903 2023 3003 2072 τῶν
3018 2015 3331 2092 ἀνθρώπωῇ
3342 2014 3433 2070 Ps.

1836 2119 1984 2172 μιν.
2012 2104 2093 2176 5).
2116 2104 2205 2167 Ὠς
2227 2108 2411 2181 ὡραῖοι
2437 2107 2483 2163 ei
2507 2106 2661 2169 πόδις
2689 2114 2790 2163 τῶν
2812 2104 3264 2182 εὐαγγελιζομένων
3285 2110 3434 2165 αὐτὸν

1832 2194 1992 2268 (Isai.
2035 2213 2128 2262 ut.
2162 2197 2239 2269 7).
2269 2200 2336 2254 Et
2365 2215 2494 2255 vere
2524 2201 2660 2255 nihil
2692 2198 2718 2236 ιι
2744 2201 3049 2270 speciosius
3083 2203 3174 2257 illo
3221 2219 3437 2259 summo

1834 2289 1997 2358 bono,
2032 2290 2190 2361 cujus
2218 2292 2381 2348 etiam
2417 2293 2735 2363 praedicatio
2763 2295 3010 2362 speciosa
3041 2307 3124 2351 est
3151 2295 3335 2361 nimis,
3378 2303 3435 2351 et

1834 2385 2073 2447 maxime
2107 2388 2509 2456 perseverantis
2551 2388 2825 2443 sermonis
2857 2403 3167 2456 processus,
3194 2396 3251 2443 et
3280 2402 3432 2458 quac-

1834 2476 1956 2537 dam
2001 2479 2317 2550 apostolica:
2361 2479 2758 2550 prardicatiouis
2793 2480 3038 2551 vestigia.
3070 2478 3188 2537 Sed
3211 2480 3301 2535 illa
3331 2480 3425 2551 qui

1834 2572 2097 2642 possunt?
2127 2572 2333 2639 Quibus
2358 2574 2583 2635 donavit
2612 2575 2776 2640 Deus,
2818 2591 2923 2630 non
2954 2574 3131 2630 solum
3160 2584 3220 2629 ut
3242 2573 3430 2631 Chris-

1837 2672 1948 2725 tum
1979 2666 2390 2733 snnuntiarent,
2422 2667 2516 2723 sed
2542 2667 2706 2723 etiam
2739 2682 2836 2738 pro
2860 2667 2956 2723 illo
2983 2675 3319 2737 paterentur.

1907 2756 1962 2813 3.
2002 2757 2114 2819 Nos
2150 2769 2412 2830 quantum
2444 2774 2751 2829 possumus,
2802 2760 3150 2815 intendamus
3194 2760 3287 2821 illo
3316 2761 3433 2814 ani-

1840 2867 2011 2918 mum.
2042 2862 2099 2908 et
2129 2854 2182 2909 in
2215 2853 2309 2909 illo
2338 2854 2531 2919 sitnus,
2565 2854 2695 2909 illud
2729 2855 2915 2910 animo
2950 2864 3255 2920 teneamus,
3284 2852 3431 2924 quod

1839 2953 1921 3001 est
1949 2944 2254 3016 pulchrum,
2279 2945 2561 3011 decorum,
2589 2947 2813 3013 bonum,
2838 2955 2898 3002 ut
2924 2946 3021 3002 ﬁat
3039 2946 3433 3002 illuminatinne

1840 3035 1957 3105 ejus
1978 3043 2033 3091 et
2060 3035 2264 3108 fulgore
2310 3038 2558 3109 speciosa
2586 3039 2766 3093 anima
2798 3048 3005 3102 nostra,
3032 3047 3089 3094 et
3114 3052 3269 3093 mens
3292 3037 3433 3093 dilu.

1840 3130 1981 3193 cida.
2012 3128 2147 3189 Nam
2167 3133 2211 3186 si
2242 3131 2387 3187 oculi
2405 3134 2576 3193 nostri
2590 3148 2711 3188 cum
2735 3134 2913 3203 aliqua
2935 3132 3281 3188 ohducuntur
3301 3132 3435 3186 cali-

159 3207 364 3263 transire
386 3208 440 3263 in
470 3206 766 3279 IEgyptum
796 3211 1148 3266 criminosum
1168 3222 1249 3266 est
1270 3229 1283 3265 :
1307 3211 1401 3273 sed
1430 3214 1660 3269 transire
1691 3216 1740 3270 in
1771 3226 1816 3289 ί]
1847 3225 1994 3296 εἰπε,
2028 3235 2326 3295 pascuntur
2368 3242 2624 3297 agrorum
2666 3227 2943 3283 viriditate
2970 3235 3026 3283 et
3044 3227 3226 3297 specie
3253 3240 3438 3281 nemo-

161 3309 314 3354 mores
334 3299 741 3374 Egyptiorum,
767 3301 996 3357 transire
1024 3303 1074 3357 in
1104 3318 1293 3359 eorum
1320 3315 1341 3342 ο
1361 3304 1601 3377 perﬁdiae
1625 3323 1727 3363 sa:-

159 3385 375 3458 vitatem,
412 3401 469 3448 et
522 3392 750 3447 luxuria:
792 3392 1214 3450 deformitatem.
1262 3394 1367 3465 Qui
1394 3411 1460 3452 en
1515 3404 1728 3466 transit,

160 3476 414 3538 descendit
452 3502 465 3538 :
502 3485 591 3555 qui
620 3484 925 3563 descendit,
958 3486 1122 3543 cadit.
1162 3487 1506 3546 Declinemus
1553 3490 1734 3565 itaque

160 3566 445 3643 Egyptiqu
482 3575 777 3643 hominem,
809 3586 864 3633 et
894 3592 1000 3633 non
1031 3579 1224 3635 Deutn.
1267 3580 1419 3636 Vitiis
1449 3582 1590 3637 enim
1621 3584 1735 3641 suis

160 3664 298 3721 etiam
326 3668 442 3738 ipse
474 3685 569 3725 rex
601 3668 981 3749 Egyptiorum
1012 3672 1062 3727 in
1092 3681 1414 3744 potestatem
1443 3684 1526 3730 est
1550 3674 1731 3742 datus,

160 3757 289 3824 cuius
316 3765 730 3841 comparatione
757 3764 971 3839 Moyses
1002 3766 1143 3820 Deus
1173 3767 1474 3827 aestimatus
1494 3776 1597 3833 est,
1627 3768 1727 3821 im-

163 3860 331 3912 Pet'ans
354 3859 562 3928 regnis,
597 3854 896 3925 subjiciens
921 3856 1020 3911 sibi
1050 3865 1365 3929 potestates.
1398 3856 1551 3912 Unde
1580 3856 1626 3910 ei
1650 3857 1732 3913 di-

161 3947 282 3997 ctum
300 3947 530 4023 legimus
549 3967 560 4002 :
585 3946 800 4009 Faciam
818 3949 929 4004 tein
948 3949 1109 4004 Deum
1123 3952 1228 4023 regi
1246 3948 1516 4009 Pharaoni
1531 3947 1727 4022 (Exod.

162 4046 238 4101 vn,
270 4037 337 4112 1).
367 4042 528 4109 Vale,
558 4050 614 4095 et
644 4056 767 4108 nos,
800 4052 855 4095 ut
889 4042 1039 4109 lacis,
1067 4043 1217 4114 quasi
1244 4041 1385 4097 {ilius
1412 4042 1595 4113 dilige.

615 4129 641 4170 ἀ
685 4133 1017 4190 EPISTOLA
1059 4131 1257 4188 XXIX.

160 4213 401 4295 Pulcltritu
411 4227 586 4282 dinem
609 4225 795 4281 summi
820 4227 937 4282 (toni
961 4226 1289 4292 querendum
1311 4226 1512 4297 suadet,
1544 4232 1657 4301 [ore
1681 4239 1736 4291 ut

219 4366 247 4434 ἦ
276 4359 395 4418 Vet.
434 4362 599 4429 edit.,
626 4371 957 4434 quiestuqne;
1002 4363 1164 4419 Rom.
1185 4401 1204 4428 ,
1239 4371 1558 4434 questuque;
1598 4378 1733 4423 mss.

1840 3316 1937 3381 ris,
1978 3315 2064 3375 vel
2102 3315 2260 3377 collis
2284 3315 2448 3389 905
2499 3318 2713 3375 herbosi
2754 3333 2971 3373 omnem
3014 3316 3433 3387 inaequalitatem

1834 3411 2181 3479 tegrescentis
2196 3411 2418 3475 obtutus
2440 3412 2734 3481 repellunt,
2757 3420 2811 3467 et
2834 3410 3065 3482 quadam
3085 3410 3284 3465 salubri
3306 3424 3435 3481 spe-

1836 3500 1917 3555 cie
1968 3503 2187 3574 pupillas
2248 3503 2379 3572 ipsae
2430 3513 2597 3572 atque
2647 3503 2810 3561 orbes
2859 3502 3092 3557 colorari
3145 3500 3436 3565 videntur;

1836 3603 2040 3664 quanto
2078 3594 2249 3663 magis
2279 3594 2367 3649 hic
2397 3594 2597 3650 mentis
2622 3594 2810 3651 oculus
2838 3607 2959 3648 cum
3003 3590 3134 3646 illud
3163 3605 3432 3644 summmn

1838 3683 2081 3745 intuetur
2112 3686 2334 3750 bonum,
2366 3695 2421 3741 et
2454 3687 2504 3743 in
2547 3701 2614 3740 eo
2654 3694 2931 3748 versatur,
2972 3691 3141 3750 atque
3167 3696 3233 3735 eo
3265 3680 3443 3748 pasci-

1843 3782 1946 3837 tut‘.
1971 3773 2301 3845 splendescit
2327 3784 2491 3844 atque
2538 3775 2728 3837 enitet,
2755 3785 2811 3829 ut
2839 3772 2934 3828 ﬁat
2964 3771 3092 3827 illud
3124 3770 3267 3840 quod
3298 3771 3435 3824 scri-

1842 3875 1992 3937 ptum
2028 3874 2112 3921 est
2150 3882 2163 3919 :
2196 3864 2487 3937 Tamquam
2521 3867 2677 3935 adipe
2724 3876 2770 3920 et
2804 3863 3135 3937 pinguedine
3173 3862 3437 3933 repleatur

1839 3955 2013 4011 anima
2056 3972 2168 4015 mea
2198 3954 2372 4029 (Psal.
2408 3973 2521 4023 ut,
2549 3955 2673 4027 2i)!
2707 3956 2946 4027 Denique
2973 3956 3062 4025 qui
3093 3954 3329 4011 scienter
3372 3972 3437 4009 a-

1840 4048 2053 4118 gnoscit
2072 4050 2285 4105 animas
2305 4052 2486 4121 gregis
2503 4051 2608 4114 sui,
2629 4064 2817 4107 curam
2846 4048 3066 4107 adhibet
3088 4050 3275 4105 herbis
3294 4064 3440 4105 cant-

1841 4142 2157 4213 pestribus,
2185 4153 2242 4203 ut
2271 4143 2381 4207 sint
2410 4145 2460 4201 ei
2513 4157 2709 4214 pascua
2745 4142 3015 4211 plurima;
3069 4140 3250 4197 herbis
3296 4141 3439 4197 enim

1841 4234 2187 4301 snaviorihus
2214 4245 2272 4293 et
2295 4237 2419 4307 agni
2448 4238 2762 4313 pinguiores
2795 4235 2952 4300 ﬁunt,
2984 4241 3042 4290 et
3064 4248 3259 4290 succus
3288 4234 3441 4288 lactis

1843 4351 2417 4449 peti/idia‘stevitatem;
2450 4372 2657 4449 Albim,
2681 4372 2984 4437 caecitatem,
3019 4379 3124 4449 etc.

160 4429 392 4513 omittunt
426 4429 675 4503 copulam
706 4451 802 4507 que
836 4429 976 4501 'nou
1008 4429 1387 4499 incommode;
1429 4429 1523 4490 sed
1558 4436 1736 4495 minus
1764 4456 1817 4518 ι)
1844 4429 1854 4440 ’
1912 4429 1945 4485 δ’
1980 4441 2190 4510 Scripta
2220 4446 2362 4500 circa
2394 4429 2522 4500 ἐηη,
2554 4429 2678 4501 587'.

160 4507 402 4559 concinne
441 4517 637 4559 ttucestu
668 4520 763 4559 per
787 4475 1178 4559 diphthongum
1218 4504 1471 4559 eii'erunt.
1514 4505 1732 4559 Etenim
1916 4522 1939 4550 ο
1982 4512 2159 4559 Edim
2200 4532 2301 4559 smn
2328 4517 2445 4559 nstin
2472 4518 2678 4559 ίηηιιπρη

160 4502 402 4578 genuinae
441 4502 637 4578 qu'cestu
668 4502 763 4578 per
787 4502 1178 4578 diphthongum
1208 4504 1471 4578 ederunt.
1514 4505 1732 4575 Etenim

162 4566 642 4716 gignobscure
669 4566 939 4632 'atludi'tnr
974 4576 1040 4631 ad
1056 4566 1219 4631 “illud
1266 4576 1412 4657 Virg.
1450 4590 1514 4632 ex
1551 4577 1648 4633 lih.
1674 4566 1733 4634 tit

294 4738 356 4793 Et
374 4750 521 4793 cantu
541 4740 766 4805 querula
784 4748 1017 4804 rumpent
1039 4741 1237 4793 arbusta
1260 4740 1459 4792 cicadas.

163 4818 297 4888 Quod
335 4838 514 4891 autem
553 4831 772 4891 easdem
825 4831 1044 4888 cicadas
1084 4846 1214 4887 aura
1256 4832 1503 4888 victitare
1540 4833 1738 4890 asserit

163 4903 362 4977 Euctus
384 4902 618 4977 ersul,
646 4903 750 4977 etsi
776 4904 1068 4977 respicere
1088 4903 1320 4977 potuerit
1345 4912 1438 4977 aut
1466 4905 1531 4977 ad
1561 4906 1732 4969 Arist.

161 4957 244 5017 lib.
274 4970 385 5043 t_de
412 4957 550 5027 Hist.
580 4957 843 5039 A'nimaL,
873 4957 1001 5042 cap.
1036 4957 1216 5043 itaut
1236 4957 1314 5028 ad
1357 4957 1528 5029 i’vliuii

163 5044 269 5102 cap.
291 5039 382 5107 $6,
406 5044 639 5100 maxime
660 5059 789 5099 vero
804 5043 869 5099 ad
892 5038 1251 5115 Vi'rg.‘Eclog.
1276 5043 1331 5111 5,
1353 5045 1439 5099 ubi
1465 5038 1730 5115 legimus?

299 5128 524 5198 Dumque
548 5134 714 5198 thymo
745 5141 1006 5196 pascentur
1035 5145 1173 5196 apes,
1209 5135 1325 5182 dum
1359 5146 1477 5183 rore
1500 5135 1697 5185 cicadae.

163 5200 366 5269 Certum
385 5225 568 5274 tamen
589 5228 671 5273 est
690 5220 1047 5274 imitationem
1066 5217 1153 5272 hic
1174 5216 1419 5272 Philonis
1439 5233 1561 5272 esse
1580 5236 1644 5275 ex
1658 5222 1735 5276 ci-

166 5280 429 5357 lalpljbro,
453 5289 606 5356 Quod
626 5291 788 5344 omnis
807 5289 996 5356 probus
1020 5288 1147 5343 liber
1165 5288 1448 5357 nonlouge
1469 5290 1537 5344 ab
1556 5290 1730 5347 initio.

225 5346 250 5387 δ
287 5346 671 5435 Mnssfa'i'iquot.
689 5361 761 5435 _in
786 5346 1076 5432 sphaeram;
1116 5358 1206 5417 alii
1248 5369 1303 5421 et
1346 5346 1478 5421 edit.
1501 5402 1517 5428 ,
1545 5361 1598 5417 in
1628 5346 1735 5435 spi-

164 5425 282 5476 ram.
315 5424 458 5501 Virg.
488 5424 583 5485 lib.
616 5446 654 5484 ll
679 5424 913 5501 Georg:

302 5514 576 5579 Squameus
592 5524 642 5570 In
663 5521 843 5583 spiram
868 5526 1027 5571 tractu
1047 5531 1105 5570 se
1128 5519 1315 5583 colligit
1331 5524 1527 5585 anguis.

231 5596 404 5675 SYet.
446 5603 578 5675 edit.
618 5613 673 5657 et
709 5618 846 5675 (mss.
892 5619 1001 5659 non
1044 5606 1221 5673 pauci.
1265 5605 1560 5675 perﬁdiam.
1607 5620 1737 5664 «ea

165 5667 506 5782 ﬁrmitatem,
542 5673 798 5740 luxuriat;
827 5667 1081 5747 quidam}
1115 5667 1413 5761 ανῑᾴὶἱαζβὶι
1440 5688 1487 5738 et
1514 5677 1739 5762 luxuries

175 5735 558 5816 me‘mltatem;
590 5742 808 5816 Pratell.
837 5754 893 5800 et
926 5742 1082 5802 Gem.
1107 5788 1122 5812 ,
1150 5747 1421 5816 perﬁdiam
1439 5760 1568 5806 “ea:
1591 5766 1739 5816 ουρι,

540 5786 555 5808 ,
591 5776 808 5799 IIdlCllc
837 5776 893 5800 σι
926 5776 1082 5802 υῦΙΙΙ-
1107 5788 1122 5812 ν
1150 5776 1421 5812 νειμιηιηη
1439 5776 1567 5806 σσσω
1591 5776 1739 5812 νηνιν

168 5766 558 5853 ἇξιυιιηιιαιεηκ
591 5766 808 5825 (talen.
837 5766 893 5800 et
926 5766 1082 5802 hem.
1107 5788 1122 5812 ,
1150 5766 1421 5816 perputem
1439 5766 1568 5806 εισω
1591 5766 1735 5820 cupi!

201 5812 331 5875 uate,
370 5826 414 5875 ει
457 5815 675 5877 (arma:
711 5814 1066 5887 deformitate;
1111 5818 1224 5885 alii,
1270 5833 1334 5879 ac
1376 5819 1535 5883 Rom.
1576 5818 1735 5891 edit.,

1916 4522 1939 4600 ξ
1982 4512 2126 4600 ςόίι.
2149 4557 2169 4597 ,.
2200 4532 2302 4597 tum
2328 4517 2714 4600 quiauinnocens
2738 4515 3075 4600 approbatur.

1916 4581 1936 4620 ί
1986 4585 2060 4661 De
2092 4586 2280 4661 primis
2310 4581 2506 4661 vigiliis
2539 4603 2659 4656 qua:
2688 4581 2871 4661 Statim
2903 4589 3073 4661 prima
3099 4585 3273 4661 noctis
3306 4586 3437 4661 hera

1918 4603 1931 4620 ι
1986 4603 2060 4638 ne
2092 4603 2280 4711 ertmts
2310 4603 2506 4712 mgnus
2539 4603 2659 4656 qlia:
2688 4603 2871 4647 Statim
2903 4603 3073 4661 prima
3099 4603 3273 4642 noctis
3306 4603 3435 4643 uera

1841 4656 2092 4724 persolve
2137 4666 2295 4713 antur
2320 4700 2334 4724 ,
2384 4664 2453 4714 tic
2493 4658 2647 4713 locus
2685 4667 2787 4713 est.
2825 4657 2900 4713 De
2932 4660 3120 4712 iisdem
3157 4658 3318 4711 etiam
3353 4660 3435 4711 lo-

1838 4728 2023 4795 quitur
2047 4727 2409 4800 Hieronymus
2432 4729 2589 4799 epist.
2621 4731 2674 4793 7,
2702 4730 2769 4783 ad
2798 4728 3025 4790 Lanam.
3057 4727 3209 4783 hisce
3233 4730 3433 4795 verbis,

1837 4813 2148 4869 accensaque
2197 4802 2407 4858 lucerna
2456 4801 2669 4856 reddere
2721 4801 3033 4869 sacri/icium
3070 4801 3433 4867 uespertinum,

1839 4871 2030 4941 supple
2065 4880 2363 4924 assuescat.
2411 4871 2455 4931 A
2490 4872 2707 4927 lucerna
2741 4882 2920 4925 autem
2956 4871 3234 4931 dicebatur
3265 4872 3439 4925 lucer-

1841 4943 2049 5013 narium
2076 4982 2091 5005 ,
2134 4943 2202 4993 de
2241 4958 2348 5010 qun
2387 4941 2652 5013 Epiphau.
2696 4941 2748 4994 in
2791 4941 3071 5010 Anaceph.
3099 4982 3114 5007 ,
3160 4941 3327 5013 Basil.
3367 4942 3438 4996 de

1838 5010 2043 5079 Spiritu
2084 5024 2271 5066 sancto
2314 5010 2449 5082 capi
2482 5012 2553 5069 29
2578 5055 2592 5078 ,
2637 5020 2692 5067 et
2733 5012 3018 5082 Chrysnst.
3074 5012 3220 5065 hom.
3273 5012 3339 5066 19
3370 5013 3434 5065 ad

1838 5084 2093 5141 Antioch.
2127 5084 2296 5140 Porro
2321 5085 2390 5138 de
2419 5085 2543 5138 aliis
2569 5084 2778 5141 dualms
2801 5084 2998 5153 vigiliis
3025 5098 3143 5152 quae
3174 5092 3229 5137 et
3260 5084 3435 5138 media

1840 5165 2021 5219 nocte,
2049 5166 2101 5213 et
2132 5156 2232 5211 sub
2262 5169 2440 5209 ortum
2478 5156 2607 5209 solis
2639 5154 2941 5225 agebantur
2964 5196 2977 5220 ,
3019 5157 3163 5225 clare
3196 5156 3437 5225 loquitur

1838 5226 2159 5283 Ambrosius
2189 5228 2278 5281 lib.
2319 5226 2432 5280 Ide
2460 5223 2820 5295 Abrahfcap.
2870 5225 2926 5291 9,
2973 5225 3065 5278 iih.
3112 5224 3179 5279 de
3225 5223 3339 5278 Elia
3382 5233 3438 5279 et

1834 5297 2192 5425 jejuninigap.
2228 5297 2330 5364 15,
2364 5298 2417 5352 in
2451 5297 2585 5368 psal.
2623 5312 2785 5351 nam
2815 5311 2955 5351 vers.
2989 5296 3081 5360 25,
3111 5295 3242 5350 etin
3271 5310 3434 5379 cxvttt

1837 5383 2004 5425 serm.
2115 5408 2130 5424 .

1837 5383 2004 5425 serm.
2041 5373 2130 5425 19.
3404 5373 3417 5379 “

1913 5470 1939 5510 ε
1980 5460 2134 5520 Hunc
2162 5476 2377 5519 versum
2416 5460 2488 5516 de
2526 5474 2788 5528 corporea
2830 5458 3032 5514 Christi
3063 5459 3244 5527 specie
3271 5461 3434 5530 vulgo

1843 5532 2270 5601 interpretantur
2317 5534 2437 5587 novi
2488 5532 2782 5600 Theologi;
2834 5546 2957 5585 cum
3005 5541 3215 5585 veteres
3244 5530 3433 5586 Patres

1842 5617 1966 5658 eum
2013 5604 2083 5658 de
2128 5605 2245 5659 sola
2300 5604 2543 5659 interiori
2593 5602 2993 5673 pulchritudine
3043 5601 3432 5666 intellexerint,

1847 5689 2127 5746 corporea:
2155 5679 2345 5731 ferinae
2372 5677 2758 5745 ignobilitatem
2787 5674 2852 5728 ad
2881 5673 3239 5746 humilitatem
3265 5673 3438 5729 incar-

1850 5742 2085 5801 nationis
2116 5742 2413 5814 'pertinere'
2439 5747 2835 5804 existimantes.
2875 5748 2993 5814 Qua
3021 5742 3089 5801 de
3124 5761 3185 5800 re
3214 5746 3444 5801 consule

1846 5817 2061 5892 Rigaltii
2090 5818 2530 5880 dissertationem
2572 5820 2639 5880 de
2670 5817 3084 5881 Pulchritudiue
3110 5815 3335 5883 Christi.
