4042 6174
581 302 727 362 1055

1934 315 2179 375 ΞΑΝΟΤΙ
2220 321 2544 382 AMBROSII

3743 342 3766 397 I
3778 342 3894 399 056

578 422 898 478 salubrior"
921 421 1130 490 Quibus
1155 425 1372 493 pascuis
1420 427 1504 483 usi
1533 439 1662 485 sunt
1691 431 1887 489 divites
1937 435 2036 503 illi,
2085 438 2176 506 qui
2204 444 2256 502 Α
2283 443 2521 498 tentibus
2557 459 2634 499 se.
2685 445 2783 502 Hic
2823 457 2908 503 est
2952 448 3236 508 thesaurus
3278 462 3503 524 noster,
3551 457 3645 514 hic
3682 469 3768 514 est
3801 462 3892 517 via

581 517 1021 571 manducauerunt
1041 525 1089 570 et
1117 518 1466 576 odoraverunt
1517 523 1694 595 (Psal.
1729 543 1864 596 xxu,
1913 530 1989 600 I);
2047 543 2176 588 sunt

575 609 720 663 enim
762 608 906 664 bona
934 607 1060 666 ﬁdei
1093 625 1296 682 pascua
1318 613 1373 668 in
1399 615 1596 686 quibus
1623 618 1925 676 collocatur
1946 633 2171 682 sanctus

579 699 703 755 Dei.

643 792 698 847 5.
741 793 836 849 Est
855 809 987 866 ergo
1017 806 1073 852 et
1105 797 1314 867 fenum,
1351 817 1462 872 quo
1489 803 1710 859 aluntur
1737 821 1933 877 greges
1963 809 2172 875 ovium,

572 886 666 957 qui
693 887 953 944 emittunt
974 891 1178 947 vellera
1207 896 1511 964 sapientize,
1535 907 1591 952 et
1609 896 1742 953 dant
1763 900 2024 955 amictum
2050 918 2176 971 pru-

571 979 791 1037 dentiae.
840 983 906 1038 Et
951 983 1184 1041 fortasse
1215 985 1321 1043 hoc
1375 997 1461 1044 est
1505 989 1688 1046 fenum
1731 1002 2068 1062 montanum,
2119 996 2172 1051 in

571 1075 716 1146 quod
747 1076 911 1133 verba
935 1078 1276 1136 descendunt
1303 1083 1581 1152 propheta:
1607 1101 1620 1138 :
1646 1086 1779 1139 sicut
1807 1088 1898 1141 nia:
1924 1104 2079 1160 super
2100 1093 2177 1160 [e—

571 1182 697 1220 num
726 1167 908 1241 (Deut.
952 1186 1123 1237 xxxu,
1152 1171 1246 1244 2);
1279 1183 1332 1229 et
1359 1176 1507 1246 quod
1538 1177 1829 1249 diligenter
1857 1181 2062 1252 colligit
2090 1197 2178 1237 sa-

573 1259 752 1330 piens,
785 1272 843 1317 ut
870 1263 981 1318 sint
1008 1265 1059 1320 ei
1087 1281 1218 1321 oves
1261 1267 1329 1321 ad
1366 1270 1646 1338 vestitum,
1679 1273 1946 1343 spiritalis
1991 1274 2177 1344 utique

571 1353 862 1409 velaminis
885 1355 1075 1426 (Prov.
1107 1374 1277 1426 xxvii,
1302 1359 1416 1430 23$).
1448 1361 1620 1418 Habet
1651 1379 1781 1434 ergo
1807 1364 1986 1420 cibum
2017 1382 2174 1421 suum

571 1457 627 1503 et
656 1451 913 1506 amictum
951 1452 1158 1519 anima,
1203 1470 1325 1525 qua:
1357 1455 1436 1509 illi
1479 1471 1693 1511 summo
1737 1459 1881 1514 bono
1910 1459 2172 1526 adhaeret,

570 1539 716 1610 quod
759 1550 843 1596 est
889 1541 1139 1598 divinum
1192 1562 1206 1598 :
1241 1545 1386 1615 quod
1429 1548 1715 1616 apostolus
1746 1549 1940 1604 Petrus
1988 1553 2179 1608 suadet

571 1633 958 1702 quaerendum;
995 1645 1051 1689 ut
1084 1651 1180 1706 per
1219 1638 1339 1707 ejus
1382 1640 1713 1709 cognitionis
1758 1643 2173 1713 acquisitiouetn

567 1720 769 1776 divinae
798 1723 970 1778 simus
996 1735 1278 1782 consortes
1311 1737 1517 1784 naturic
1549 1730 1617 1801 (Il
1649 1729 1795 1785 Petr.
1825 1747 1863 1799 ι,
1892 1733 1970 1803 4).

637 1814 694 1867 4.
747 1814 916 1884 llujus
940 1816 1308 1886 cognitionem
1345 1820 1524 1888 aperit
1543 1823 1747 1876 sanctis
1776 1822 1892 1877 suis
1915 1824 2058 1878 Deus
2077 1823 2174 1880 bo-
2204 1822 2253 1882 B
2278 1837 2543 1905 apostolis
2561 1814 2626 1913 ‘(l
2653 1841 2789 1897 Tim.
2821 1861 2902 1911 IIl,
2929 1847 3042 1916 I6).

575 1919 702 1969 nus,
734 1914 790 1962 et
812 1906 977 1962 donat
1005 1907 1107 1963 hoc
1128 1909 1195 1964 de
1217 1910 1476 1967 thesauro
1499 1927 1598 1968 suo
1627 1914 1789 1982 bono,
1814 1917 1954 1972 sicut
1984 1918 2174 1973 testiﬁ-

566 1995 823 2052 caturlex
846 2011 1000 2054 sacra
1017 1998 1206 2056 dicens
1222 2019 1237 2055 :
1256 2001 1392 2067 Quia
1401 2005 1600 2076 jurauit
1617 2003 1871 2063 Dominus
1890 2017 1916 2044 ⁸
1937 2010 2175 2079 patribus

570 2088 673 2143 tuis
699 2091 825 2144 dare
852 2091 946 2146 tibi
963 2101 1010 2146 et
1035 2095 1240 2164 aperire
1268 2097 1568 2152 thesaurum
1593 2117 1744 2155 suum
1771 2102 1962 2158 bonum
1992 2102 2169 2175 (Deut.

569 2197 759 2252 xxvttt,
780 2186 870 2253 11⁹
896 2185 988 2257 12)
1021 2205 1035 2242 :
1067 2187 1136 2243 de
1165 2204 1273 2259 quo
1295 2191 1558 2248 thesauro
1579 2195 1792 2251 caelesti
1814 2195 1908 2252 dat
1937 2199 2171 2268 pluviam

566 2283 728 2332 terra:
748 2291 883 2345 suae,
910 2279 1242 2339 benedicere
1261 2285 1444 2339 omnia
1467 2300 1630 2357 opera
1655 2304 1915 2345 manuum
1933 2301 2169 2348 tuarum.

566 2367 695 2426 llaec
725 2379 811 2426 est
833 2373 1012 2442 pluvia
1037 2374 1315 2446 eloquium
1342 2377 1527 2449 Legis,
1550 2381 1695 2450 quod
1712 2381 1913 2438 irrorat
1934 2385 2170 2440 animam

564 2462 712 2518 illam
745 2463 1034 2522 fecundam
1065 2477 1120 2524 et
1147 2469 1382 2527 fertilem
1407 2472 1677 2530 bonorum
1703 2493 1964 2547 operum;
1999 2487 2056 2534 ut
2079 2480 2174 2536 ha-

569 2556 696 2614 beat
725 2559 1007 2617 humorem
1034 2564 1226 2633 gratia:
1248 2564 1430 2637 (Deut.
1464 2584 1643 2636 χχχιι,
1671 2571 1755 2639 2).

640 2649 696 2705 5.
743 2651 916 2722 Hujus
962 2654 1088 2710 boni
1125 2657 1492 2727 cognitionem
1525 2663 1811 2731 quaerebat
1839 2667 2007 2722 David
2034 2669 2174 2724 sicut

572 2741 694 2810 ipse
715 2742 1007 2812 signiﬁcat,
1041 2746 1232 2803 dicens
1268 2768 1281 2802 :
1319 2750 1488 2805 Unam
1522 2756 1676 2823 petivi
1704 2773 1736 2809 a
1767 2757 2006 2824 Domino,
2040 2762 2173 2815 hanc

568 2834 854 2899 requiram,
880 2846 933 2889 ut
961 2837 1238 2894 inhabitem
1264 2843 1318 2895 in
1345 2844 1496 2898 domo
1523 2843 1737 2901 Domini
1763 2866 1940 2905 omnes
1965 2852 2074 2908 dies
2098 2856 2174 2907 vi-

569 2933 638 2977 tae
661 2939 804 2990 mete,
840 2935 888 2980 et
908 2928 1111 2983 videam
1139 2932 1502 2990 delectationes
1531 2935 1764 3004 Domini,
1782 2951 1828 2994 et
1855 2945 2172 3001 considerem

571 3019 822 3086 templum
847 3020 959 3088 ejus
981 3019 1156 3090 (Psal.
1182 3039 1330 3090 XXVI,
1362 3027 1443 3096 4).
1477 3028 1717 3099 Denique
1747 3031 1852 3088 hoc
1874 3049 1998 3091 esse
2026 3051 2173 3092 sum-

577 3123 726 3162 mum
774 3109 978 3165 bonum
1027 3114 1312 3171 subtexuit
1358 3122 1540 3174 statim
1577 3122 1631 3176 in
1662 3125 1854 3180 eodem
1907 3130 2118 3197 psalmo
2155 3149 2168 3184 :

2280 545 2504 603 nostra,
2554 537 2643 593 hic
2687 549 2771 595 est
2823 542 3084 611 sapientia
3137 555 3365 612 nostra,
3410 549 3623 618 justitia
3676 563 3892 620 nostra,

2280 637 2468 697 pastor
2497 639 2717 698 noster,
2749 643 2806 690 et
2831 645 3020 705 pastor
3048 637 3243 705 bonus,
3279 641 3367 698 hic
3394 652 3480 698 est
3518 643 3628 698 vita
3673 656 3884 704 nostra.

2280 721 2443 778 Vides
2467 737 2666 795 quanta
2697 729 2837 783 bona
2867 730 2918 784 in
2951 747 3058 786 uno
3089 733 3234 789 bono
3262 736 3275 789 !

2351 816 2403 870 7.
2449 816 2575 873 llaec
2609 820 2747 874 bona
2790 823 2946 877 nobis
2991 826 3288 893 prrcdicant
3329 829 3719 900 Evangelistte.
3763 835 3899 894 Haec

2278 907 2418 962 bona
2452 913 2734 980 requirens
2762 915 2934 970 David
2953 957 2969 982 ,
3001 919 3075 970 ait
3115 937 3127 971 :
3167 919 3297 987 Quis
3326 924 3550 979 ostendit
3577 929 3727 983 nobis
3758 931 3898 987 bona

2279 999 2453 1071 (Psal.
2500 1020 2589 1069 tv,
2633 1006 2731 1074 6)?
2778 1007 2847 1062 Et
2875 1010 3116 1066 ostendit
3143 1013 3316 1081 ipsum
3349 1032 3476 1074 esse
3510 1019 3689 1087 bona,
3721 1026 3898 1097 subji-

2278 1094 2430 1149 ciens
2465 1114 2477 1148 :
2508 1096 2779 1168 Signatum
2807 1111 2881 1155 est
2909 1103 2962 1156 in
2979 1105 3124 1158 nobis
3146 1106 3317 1162 lumen
3338 1111 3507 1166 uultus
3536 1116 3615 1167 tui
3646 1094 3890 1190 (lbid.,).

2279 1185 2414 1253 Quis
2433 1197 2614 1243 autcm
2636 1190 2819 1246 lumen
2842 1195 3020 1248 vultus
3046 1196 3240 1263 Patris,
3266 1201 3368 1255 nisi
3390 1202 3660 1271 splendor
3677 1185 3891 1277 gloriae,

2279 1291 2334 1338 et
2361 1283 2536 1354 imago
2559 1286 2849 1342 invisibilis
2873 1289 2964 1345 Dci
2991 1290 3179 1360 (Hebr.
3212 1309 3250 1358 I,
3276 1295 3358 1364 5),
3387 1296 3439 1351 in
3465 1313 3581 1368 quo
3600 1310 3657 1356 et
3680 1303 3898 1360 videtur

2279 1383 2335 1428 et
2355 1375 2688 1432 clariﬁcatur
2711 1379 2891 1447 Pater,
2913 1382 3055 1438 sicut
3082 1384 3199 1455 ipse
3221 1385 3482 1446 clariﬁcat
3503 1391 3708 1450 Filium
3733 1411 3893 1453 suum

2282 1466 2461 1538 (Joan.
2496 1487 2634 1538 xvu,
2669 1474 2763 1541 5)?

2351 1559 2405 1615 8.
2448 1562 2568 1630 Ipse
2597 1575 2680 1619 est
2711 1581 2842 1638 ergo
2869 1571 3134 1627 Dominus
3161 1573 3323 1631 Jesus
3353 1592 3629 1634 summum
3662 1581 3893 1650 bonum,

2279 1652 2421 1720 quod
2446 1654 2602 1709 nobis
2631 1659 3011 1715 annuntiatum
3043 1679 3073 1716 a
3102 1665 3406 1736 prophetis,
3434 1670 3791 1740 praedicatum
3819 1677 3897 1732 ab

2279 1746 2518 1814 angelis,
2560 1751 2886 1818 promissum
2925 1771 2954 1809 a
2995 1755 3190 1825 Patre,
3237 1765 3679 1834 evangelizalum
3709 1779 3791 1824 est
3819 1771 3900 1826 ab

3084 1850 3186 1918 Qui
3217 1854 3374 1910 nobis
3407 1865 3670 1929 tanquam
3710 1872 3900 1919 matu-

2277 1929 2412 1985 ritas
2445 1932 2666 1989 advenit
2707 1953 2721 1990 :
2765 1954 2866 1994 nec
2903 1941 3079 1995 solum
3119 1953 3376 2015 tanquam
3419 1953 3744 2023 maturitas,
3792 1957 3903 2013 sed

2277 2033 2531 2096 tanquam
2563 2032 2848 2087 maturitas
2875 2033 2929 2089 in
2953 2039 3236 2094 montibus
3263 2041 3451 2109 adest;
3485 2056 3542 2100 ut
3565 2048 3701 2103 nihil
3727 2065 3904 2107 acer-

2277 2115 2403 2172 bum
2429 2159 2444 2184 ,
2481 2119 2613 2176 nihil
2646 2122 2994 2182 immaturum
3032 2130 3086 2184 in
3114 2135 3321 2190 nostris
3347 2139 3583 2193 consiliis
3609 2140 3712 2208 sit,
3744 2143 3907 2201 nihil

2276 2209 2507 2278 immite,
2543 2215 2674 2270 nihil
2707 2233 2959 2287 asperum
3019 2223 3071 2277 in
3099 2226 3355 2293 Operibus
3382 2244 3444 2284 ac
3472 2231 3736 2299 moribus,
3792 2238 3907 2307 qui

2277 2307 2486 2375 primus
2515 2308 2910 2382 Evangelizans
2936 2315 3076 2372 bona
3107 2320 3301 2376 adfuit.
3343 2322 3495 2380 Unde
3520 2335 3576 2381 et
3606 2327 3686 2382 ait
3721 2345 3735 2382 :
3767 2327 3909 2401 Ipse

2281 2410 2302 2438 ε
2335 2403 2425 2470 qui
2454 2403 2736 2474 loquebar,
2770 2410 2976 2474 adsum,
3010 2411 3062 2466 id
3102 2426 3220 2482 est,
3250 2417 3344 2486 qui
3377 2417 3642 2488 loquebar
3670 2422 3724 2477 in
3758 2437 3904 2494 pro-

2277 2498 2458 2568 phetis
2487 2499 2675 2569 (Hebr.
2709 2519 2748 2568 l,
2783 2505 2860 2576 I),
2889 2506 3081 2563 adsum
3110 2511 3161 2565 in
3202 2525 3435 2583 corpore
3455 2558 3470 2581 ,
3499 2516 3646 2584 quod
3674 2523 3904 2590 suscepi

2275 2603 2343 2645 ex
2384 2590 2605 2663 Virgine
2655 2613 2666 2647 :
2711 2595 2899 2651 adsum
2943 2600 3170 2656 interior
3211 2603 3390 2676 imago
3430 2607 3559 2673 Dei,
3602 2609 3906 2669 character

2274 2682 2630 2750 substantiae;
2672 2696 2729 2742 et
2755 2689 2945 2744 adsum
2992 2701 3052 2746 ut
3087 2693 3274 2749 homo.
3320 2697 3424 2753 Sed
3454 2699 3581 2768 quis
3607 2704 3905 2771 cognoscit

2276 2775 2406 2829 me?
2446 2777 2730 2834 Hominem
2771 2783 2916 2837 enim
2956 2784 3240 2852 viderunt,
3280 2789 3377 2844 sed
3423 2793 3687 2860 operibus
3721 2810 3898 2866 supra

2275 2865 2548 2923 hominem
2580 2871 2950 2929 crediderunt.
2995 2877 3077 2931 An
3105 2894 3211 2932 non
3245 2889 3304 2934 ut
3332 2879 3519 2948 homo,
3551 2898 3679 2940 cum
3710 2865 3897 2942 Lara-

2276 2973 2395 3012 rum
2429 2959 2586 3015 ﬁeret
2615 2962 2794 3035 (Joan.
2825 2983 2898 3032 χι,
2927 2968 3053 3039 55);
3085 2980 3140 3027 et
3162 2987 3352 3028 rursus
3380 2989 3546 3046 supra
3581 2977 3892 3048 hominem,

2275 3065 2399 3106 cum
2423 3067 2546 3108 eum
2575 3058 2974 3115 resuscitaret?
3016 3065 3099 3119 An
3129 3080 3236 3120 non
3267 3076 3324 3122 ut
3353 3066 3540 3135 homo,
3568 3085 3692 3126 cum
3715 3088 3896 3145 vapu-

2275 3143 2448 3214 laret;
2487 3158 2543 3203 et
2585 3165 2774 3206 rursus
2799 3168 2967 3223 supra
2998 3157 3306 3227 hominem,
3343 3176 3468 3217 cum
3498 3164 3668 3221 totius
3697 3143 3896 3223 mundi

573 3199 740 3254 credo
757 3201 928 3256 uidere
948 3203 1084 3258 bona
1095 3204 1309 3264 Domini
1330 3211 1381 3264 in
1399 3222 1537 3267 terra
1556 3217 1830 3272 uiuentium
1850 3218 2038 3290 (Ibid.,
2056 3225 2168 3296 15).
2200 3209 2245 3272 C
2276 3199 2556 3306 βερέθίυῆ,
2585 3199 3270 3320 6.3;,"13);;2'1'35';

573 3291 673 3320 In-
705 3295 847 3320 ,ηιξ-..ι
882 3293 1145 3320 -..μμ-ξ’.---
1200 3302 1305 3320 sne-
1342 3303 1382 3320 ιγ
1407 3306 1442 3320 ,o
1559 3308 1574 3320 ι
1610 3308 1633 3320 ιι
1695 3309 1708 3320 .
1872 3313 1886 3320 -
2060 3319 2066 3320 ,
2096 3318 2104 3320 _

571 3291 673 3348 llic
703 3295 850 3349 enim
879 3293 1167 3366 quaeritur,
1199 3302 1312 3356 illic
1341 3303 1479 3361 facie
1507 3308 1576 3363 ad
1607 3308 1799 3367 faciem
1833 3313 1994 3384 plene
2019 3291 2171 3374 vide-

575 3386 744 3442 bitur.
781 3387 896 3444 Hoc
935 3388 1138 3447 bonum
1181 3394 1234 3448 in
1280 3395 1442 3452 domu
1470 3400 1568 3456 Dei
1594 3412 1698 3469 est,
1750 3406 1805 3460 in
1832 3407 1926 3462 illo
1960 3423 2172 3468 secreto

569 3477 690 3548 ejus
718 3493 784 3534 ac
805 3495 1045 3537 recessu.
1077 3484 1232 3542 Unde
1263 3489 1460 3546 iterum
1485 3495 1561 3548 ait
1593 3513 1605 3547 :
1641 3495 1976 3566 Replebimur
2005 3504 2058 3557 in
2086 3508 2174 3559 bo-

577 3571 659 3624 nis
674 3571 860 3626 domus
881 3583 985 3628 tuae
1005 3575 1180 3649 (Psal.
1199 3595 1340 3646 utv,
1363 3584 1443 3651 5).
1470 3585 1612 3642 Alibi
1630 3603 1844 3660 quoque
1865 3591 2004 3650 hanc
2023 3611 2172 3651 sum-

569 3680 716 3720 mam
743 3681 866 3723 esse
893 3668 1292 3730 benedictionis
1315 3679 1616 3747 expressit,
1641 3681 1828 3739 dicens
1859 3681 2171 3744 :Benedicat

569 3766 618 3811 te
647 3757 896 3814 Dominus
921 3777 988 3815 ea:
1004 3761 1158 3832 Sion,
1181 3774 1230 3819 et
1258 3767 1432 3822 uideas
1468 3786 1583 3837 qua:
1606 3773 1740 3828 bona
1767 3787 1886 3831 sunt
1915 3777 2169 3836 Hierusa-

565 3850 666 3904 lem
695 3850 871 3922 (Psal.
905 3869 1105 3921 cxxvtt,
1137 3858 1216 3927 5).
1249 3861 1377 3918 Ideo
1405 3862 1597 3922 beatus
1618 3869 1709 3938 qui
1741 3869 1852 3927 illic
1882 3872 2090 3929 habitat
2113 3877 2165 3930 in

566 3942 813 4012 ingressu
831 3945 982 4016 ﬁdei,
1008 3950 1354 4022 hospitioque
1378 3960 1600 4028 mentis,
1626 3960 1936 4022 devotionis
1958 3950 2166 4024 habita-

565 4034 709 4102 culo,
740 4043 1154 4100 conversatione
1180 4046 1416 4104 virtutis.

563 4215 671 4274 bde
699 4235 808 4291 quo
844 4233 901 4279 et
919 4225 1107 4283 Esaias
1133 4228 1292 4286 dicit:
1312 4233 1479 4300 Quam
1505 4241 1724 4309 speciosi
1762 4245 1917 4312 pedes
1949 4215 2166 4320 evange;

557 4310 830 4367 lizantium
855 4331 1057 4386 pacem,
1090 4324 1553 4393 euangelizandum
1581 4330 1715 4385 bona
1739 4310 1913 4404 (Esai.
1947 4352 2042 4405 ιιι,
2065 4310 2122 4408 'I)
2147 4343 2159 4395 !

556 4401 659 4469 Qui
700 4413 826 4460 sunt
863 4407 957 4478 qui
983 4413 1378 4482 evangelizant,
1411 4419 1516 4474 nisi
1553 4401 1772 4491 Petrus,
1805 4426 1909 4482 nisi
1938 4401 2161 4498 Paulus,

559 4494 663 4550 nisi
690 4510 883 4554 omnes
911 4503 1184 4570 apostoli?
1229 4505 1369 4573 Quid
1415 4514 1792 4585 evangelizant
1836 4520 2014 4588 nobis,
2058 4494 2161 4581 nisi

557 4681 648 4738 hic
675 4693 760 4740 est
794 4687 994 4745 bonum
1034 4691 1166 4748 illud
1205 4709 1518 4767 summum;
1568 4702 1696 4771 quia
1736 4681 1852 4775 ipse
1886 4708 2064 4767 bonus
2091 4681 2160 4769 es

556 4775 733 4842 bono,
782 4795 850 4834 ex
891 4781 1088 4841 arbore
1125 4786 1271 4842 enim
1319 4789 1460 4846 bona
1507 4792 1682 4850 bonus
1719 4798 1927 4856 fructus
1965 4803 2160 4875 legitur

553 4868 774 4939 (Matth.
811 4889 905 4940 vn,
941 4877 1056 4948 18).
1090 4879 1330 4953 Denique
1362 4893 1419 4939 et
1445 4887 1671 4956 spiritus
1699 4890 1816 4961 ejus
1845 4868 2045 4962 bonus,
2068 4900 2158 4968 qui

554 4977 620 5018 es
669 4965 789 5036 ipso
827 4971 1068 5038 accipit,
1109 4982 1165 5028 et
1205 4973 1428 5032 deducit
1483 4978 1579 5036 Dei
1627 4985 1874 5042 servulos
1921 4988 1976 5043 in
2015 4965 2156 5046 viam

553 5066 758 5116 rectam
791 5060 965 5133 (Psal.
998 5080 1142 5121 cst."
1163 5109 1178 5134 ,
1214 5069 1326 5141 10).
1370 5071 1502 5141 Quis
1539 5084 1720 5134 autem
1751 5079 1959 5138 habens
1990 5085 2161 5155 Spiri-

555 5161 667 5207 tum
692 5153 787 5209 Dci
817 5156 982 5228 906
1012 5161 1063 5213 in
1093 5175 1187 5228 se,
1214 5174 1373 5234 neget
1409 5167 1638 5234 bonum,
1665 5186 1789 5228 cum
1821 5176 1938 5246 ipse
1965 5153 2111 5233 dicat
2140 5197 2154 5235 :

555 5245 635 5298 An
654 5247 832 5301 oculus
854 5259 971 5305 tuus
993 5269 1209 5324 nequam
1230 5268 1324 5325 est,
1349 5263 1470 5325 quia
1496 5281 1590 5335 ego
1612 5266 1774 5322 bonus
1797 5245 1910 5324 sum
1936 5271 2152 5344 (Matth.

553 5353 606 5404 κ,
640 5339 770 5409 I5)?
819 5343 931 5401 lloc
973 5346 1173 5406 bonum
1215 5353 1398 5407 veniat
1424 5351 1481 5408 in
1509 5357 1745 5414 animam
1779 5339 2058 5429 nostram,
2100 5366 2154 5421 in

552 5443 756 5490 nostra:
784 5439 986 5496 mentis
1015 5442 1255 5510 viscera,
1291 5445 1435 5515 quod
1467 5450 1734 5518 propitius
1769 5452 1912 5510 Deus
1936 5455 2030 5512 dat
2058 5473 2154 5528 pe-

2348 3330 2402 3384 9.
2444 3330 2526 3384 Ad
2556 3331 2708 3388 illum
2749 3333 2911 3405 igitur
2947 3353 3340 3412 properemus,
3370 3345 3423 3399 in
3459 3363 3570 3418 quo
3606 3364 3892 3409 summum

2274 3430 2358 3476 est
2403 3422 2639 3490 bonum;
2693 3430 2949 3497 quoniam
2993 3432 3112 3502 ipse
3154 3435 3412 3503 bonitas,
3457 3440 3574 3510 ipse
3623 3445 3890 3512 patientia

2274 3511 2474 3580 Israel,
2507 3520 2600 3586 qui
2639 3519 2705 3574 ad
2744 3522 3119 3590 paenitentiam
3157 3537 3210 3585 te
3239 3542 3435 3597 vocat;
3483 3549 3552 3588 ne
3598 3537 3789 3592 venias
3830 3538 3886 3594 in

2269 3602 2531 3674 judicium
2563 3649 2577 3671 ,
2627 3611 2722 3666 sed
2778 3615 3012 3684 accipias
3066 3620 3444 3677 remissionem
3504 3637 3883 3694 peccatorum.

2274 3697 2454 3768 Agite,
2488 3700 2696 3771 inquit,
2728 3707 3072 3774 paenitentiam
3107 3711 3336 3780 (Matth.
3365 3731 3438 3780 tv,
3471 3719 3600 3789 I7).
3646 3720 3770 3790 Ipse
3801 3733 3886 3778 est

2273 3789 2344 3844 de
2380 3805 2490 3860 quo
2528 3793 2720 3849 clamat
2763 3797 2928 3852 Amos
2981 3801 3243 3871 propheta
3298 3822 3310 3857 :
3365 3805 3640 3878 Exquirite
3677 3789 3884 3867 bonum

2272 3886 2455 3953 (Amos
2492 3904 2546 3953 v,
2582 3889 2694 3958 14).
2725 3889 2846 3958 Ipse
2875 3903 2960 3948 est
2984 3908 3256 3953 summum
3285 3901 3515 3967 bonum,
3550 3906 3644 3974 qui
3677 3907 3883 3962 nullius

2273 3976 2496 4048 indiget,
2531 3989 2586 4034 et
2611 3981 2845 4037 abundat
2876 3987 3145 4043 omnibus.
3181 3989 3361 4048 Facile
3388 3993 3648 4062 abundat,
3685 3998 3741 4052 in
3773 4013 3883 4068 quo

2271 4069 2553 4138 plenitudo
2597 4074 2897 4132 divinitatis
2947 4079 3157 4138 habitat
3211 4088 3568 4157 corporaliter
3625 4090 3880 4161 (Coloss.

2146 4201 2160 4222 ,
2273 4176 2332 4228 ιι,
2364 4161 2440 4232 9).
2495 4165 2674 4222 Facile
2703 4171 2984 4238 abundat,
3017 4174 3084 4230 de
3122 4180 3279 4246 cujus
3316 4180 3648 4249 plenitudine
3684 4199 3882 4243 omnes

2269 4259 2582 4327 accepimus
2604 4301 2620 4328 ,
2653 4272 2710 4318 et
2737 4265 2790 4320 in
2825 4265 2918 4322 illo
2948 4269 3140 4339 repleti
3184 4287 3400 4340 sumus,
3442 4284 3502 4330 ut
3529 4275 3666 4334 dicit
3697 4279 3880 4338 Evan-

2267 4350 2460 4420 gelisla
2500 4353 2675 4422 (Joan.
2706 4375 2744 4424 ι,
2773 4359 2852 4430 9).

2341 4442 2428 4498 10.
2471 4445 2584 4502 [Ioc
2617 4448 2781 4518 igitur
2801 4467 2988 4507 verum
3021 4463 3075 4511 et
3100 4471 3370 4516 summum
3391 4460 3622 4530 bonum,
3654 4462 3681 4502 ἀ
3710 4465 3755 4520 si
3785 4466 3879 4522 illo

2267 4539 2680 4607 concupiscihili
2704 4555 2805 4598 suo
2830 4553 2887 4600 et
2914 4545 3227 4606 delectabili
3255 4555 3436 4609 anima
3463 4559 3790 4626 gustaverit,
3821 4570 3879 4616 et

2266 4623 2480 4684 duabus
2502 4629 2586 4685 his
2610 4631 2852 4690 hauserit
2878 4637 3282 4709 alfectionibus,
3307 4623 3603 4704 excludeus
3625 4623 3875 4708 dolorem

2263 4731 2320 4778 et
2341 4723 2708 4794 formidinem,
2729 4729 3120 4790 incredibiliter
3137 4747 3422 4794 exmstuat.
3447 4739 3704 4799 Osculata
3724 4746 3872 4802 enim

2265 4814 2502 4871 Verbum
2527 4817 2644 4885 Dei,
2666 4821 2884 4877 modum
2909 4839 3017 4881 non
3035 4828 3200 4898 capit,
3226 4845 3330 4885 nec
3349 4831 3620 4902 espletur,
3641 4834 3830 4892 dicens
3855 4857 3869 4893 :

2265 4904 2454 4963 Suavis
2478 4924 2551 4976 es,
2583 4909 2827 4979 Domine,
2855 4926 2902 4969 et
2925 4917 2980 4970 in
2992 4920 3323 4988 jncunditate
3349 4933 3438 4975 tua
3459 4923 3584 4978 duce
3611 4943 3695 4980 me
3711 4931 3874 5000 justi—

2263 4999 2531 5068 ficationes
2553 5012 2666 5058 tuas
2689 5003 2862 5077 (Psal.
2877 5023 3062 5076 cxvtu,
3077 5010 3192 5082 68).
3215 5012 3465 5069 Osculata
3486 5015 3580 5071 Dei
3605 4999 3868 5086 Verbum,

2262 5097 2604 5166 concupiscit
2653 5114 2818 5170 super
2862 5115 3078 5158 omnem
3125 5106 3418 5174 decorem,
3475 5108 3656 5180 diligit
3705 5125 3872 5182 super

2261 5201 2482 5244 omnem
2525 5191 2767 5248 laetitiam
2793 5236 2808 5260 ,
2850 5194 3154 5253 delectatur
3190 5214 3355 5270 super
3381 5203 3564 5257 omnia
3593 5214 3866 5273 aromata,

2259 5280 2407 5348 cupit
2446 5280 2764 5353 frequenter
2801 5287 3018 5351 videre,
3061 5304 3208 5360 smpe
3246 5293 3554 5358 intendere,
3594 5297 3744 5366 cupit
3781 5308 3866 5351 at-

2259 5370 2422 5438 trahi,
2451 5382 2508 5443 ult
2538 5376 2692 5445 sequi
2722 5376 2912 5445 possit.
2951 5378 3298 5451 Unguentum,
3325 5383 3512 5452 inquit,
3541 5385 3860 5440 exinanitum

2256 5475 2331 5520 est
2359 5481 2542 5522 nomen
2573 5478 2717 5523 tuum
2757 5470 2943 5544 (Cant.
2970 5490 3008 5542 t,
3037 5474 3094 5546 2)
3119 5491 3133 5540 ;
3185 5486 3470 5548 propterea
3501 5487 3554 5534 te
3583 5479 3858 5553 diligimus

623 5590 647 5616 ο
687 5579 948 5636 Nonnulli
994 5597 1152 5650 mss.,
1196 5585 1431 5655 patribus
1483 5589 1622 5657 tuis,
1670 5601 1727 5644 ut
1769 5594 1992 5662 aperiret
2037 5594 2146 5651 the-
2255 5583 2592 5669 loquebatur,
2637 5615 2745 5662 etc.

551 5665 850 5803 mlitmljnbtrn.
882 5721 1014 5802 edit.
1043 5725 1178 5788 sola.
1207 5726 1276 5803 de
1302 5744 1416 5803 quo
1432 5737 1481 5783 et
1509 5730 1786 5803 Apostolus
1814 5735 1960 5791 dicit.

625 5799 646 5825 ε
687 5789 918 5855 Quidam
945 5795 1103 5860 mss.,
1132 5796 1220 5863 qui
1245 5789 1567 5868 loquebatur;
1600 5802 1805 5875 adsum,
1835 5789 2014 5877 idest,
2055 5809 2142 5875 qui

2317 5669 2512 5758 {Mss-
2544 5677 2776 5752 aliquot,
2803 5684 2934 5738 sicut
2959 5682 3051 5740 illo
3073 5701 3094 5751 ;
3120 5683 3381 5755 quidam,
3413 5685 3466 5740 in
3494 5685 3589 5742 illo
3613 5729 3631 5758 ,
3664 5703 3852 5745 concu-

2245 5743 2466 5814 piscihili
2487 5763 2601 5802 suo.
