4042 6174
174 243 296 300 1057

1356 238 1841 300 EPISTOLARUM
1881 242 2160 302 CLASSIS
2201 246 2234 299 Ι.

3299 256 3322 311 1
3334 257 3442 314 058

165 352 588 418 adolescentulgc,
623 359 908 422 propterea
940 359 1238 419 certamus,
1265 354 1360 409 sed
1390 357 1737 426 comprehen-

1855 358 2012 414 batur
2040 375 2070 414 a
2101 374 2352 432 corpore.
2385 361 2578 420 aderat
2610 363 2869 429 Domino;
2926 375 3133 423 etcum
3181 381 3330 428 esset
3383 375 3438 430 in

165 447 286 503 dere
315 455 364 500 te
392 460 500 499 non
551 459 862 515 possumus.
913 446 1141 502 Attrahe
1196 462 1335 514 nos,
1375 458 1435 504 ut
1475 451 1747 520 possimus

161 555 372 597 currere
395 582 411 605 ,
445 548 505 594 ut
534 538 706 595 odore
733 548 1134 611 unguentorum
1175 551 1390 599 tuorum
1417 545 1746 616 accipiamus

159 636 399 690 virtutem
426 633 714 704 sequendi.

223 727 371 799 Μ
398 727 485 784 11.
530 725 773 783 Festinat
793 729 955 784 etiam
982 729 1199 787 interna
1225 733 1486 804 mysteria
1511 733 1724 802 videre,

159 822 319 891 ipsam
345 821 592 891 requiem
621 821 812 890 Verbi,
847 822 1018 894 ipsam
1050 825 1179 882 boni
1217 827 1361 883 illius
1403 829 1605 885 summi
1644 830 1741 885 ha-

159 914 485 981 bitationem,
517 924 572 970 et
597 914 772 971 lucem
801 917 940 986 ejus,
961 929 1016 974 et
1049 920 1376 976 claritatem.
1401 923 1458 978 ln
1483 923 1580 980 illo
1617 925 1740 983 sinu

159 1021 215 1060 ac
239 1021 452 1062 recessu
500 1008 678 1077 patrio
706 1007 930 1064 festinat
965 1011 1155 1068 audire
1194 1029 1479 1072 sermones
1509 1016 1659 1086 ejus;
1683 1025 1742 1073 et

155 1112 268 1152 eum
297 1097 546 1165 audierit,
595 1113 761 1170 super
797 1115 1014 1158 omnem
1044 1104 1365 1161 suavitatem
1395 1107 1613 1178 accipit.
1640 1109 1740 1165 Do-

157 1200 268 1245 ceat
295 1201 345 1246 te
371 1191 667 1262 Propheta,
697 1193 788 1264 qui
816 1195 1074 1266 gustavit,
1107 1208 1164 1253 et
1203 1201 1316 1255 ait:
1353 1199 1521 1266 Quam
1560 1201 1737 1257 dulcia

153 1285 378 1352 faucibus
427 1286 552 1339 meis
583 1287 734 1341 verba
760 1297 871 1352 tua,
900 1305 1057 1356 super
1088 1291 1187 1345 mel
1211 1300 1259 1344 et
1307 1295 1482 1362 favum
1513 1295 1592 1348 ori
1618 1311 1731 1350 meo

155 1375 330 1446 (Psal.
350 1393 534 1442 cxvttt,
555 1379 659 1434 115
676 1377 718 1450 )!
739 1379 876 1448 Quid
905 1383 1047 1436 enim
1073 1382 1219 1438 aliud
1236 1383 1512 1442 desiderat
1528 1387 1729 1453 anima,

151 1486 269 1540 quae
287 1472 453 1527 semel
484 1475 809 1528 suavitatem
842 1474 1008 1530 Verbi
1051 1479 1374 1547 gustaverit,
1407 1495 1532 1551 quae
1559 1482 1730 1538 semel

154 1564 446 1618 claritatem
490 1564 608 1632 ejus
658 1564 882 1621 viderit?
927 1566 1142 1638 Moyses
1188 1570 1239 1623 in
1289 1581 1475 1627 monte
1521 1574 1732 1643 positus

147 1655 494 1726 quadraginta
543 1657 734 1712 diebus
792 1658 987 1729 Legem
1029 1662 1324 1731 accipiens,
1379 1665 1561 1720 cibum
1609 1681 1732 1722 cor-

1850 454 2030 518 terris,
2065 469 2173 510 non
2205 455 2257 510 in
2289 457 2542 524 terrenis,
2584 459 2678 515 sed
2707 460 2758 515 in
2797 461 3116 520 cmlcstibus
3145 479 3441 524 conversa-

1847 544 2027 600 batur.

1921 639 2007 695 ιι.
2054 641 2194 713 Ergo
2223 644 2402 701 anima
2441 654 2651 713 nostra,
2693 663 2814 720 qua:
2845 650 2955 706 Deo
2983 651 3098 708 vult
3139 655 3437 726 appropin-

1844 747 2035 803 quare,
2069 734 2242 790 elevet
2270 751 2330 792 se
2367 752 2396 792 a
2426 753 2677 809 corpore,
2729 754 2948 812 semper
2977 743 3053 800 illi
3091 759 3304 802 summo
3344 747 3439 802 ad-

1844 823 2067 890 haereat,
2091 825 2168 880 illi
2192 827 2332 883 bono
2356 829 2499 900 quod
2517 839 2602 886 est
2624 830 2892 900 divinum,
2919 836 3062 905 quod
3085 845 3168 892 est
3189 853 3429 908 semper,

1841 927 1897 974 et
1917 920 2060 990 quod
2083 923 2292 978 eratab
2321 921 2497 992 initio,
2544 932 2600 980 et
2624 926 2767 995 quod
2794 936 2910 982 erat
2935 929 3074 998 apud
3106 931 3296 997 Deum,
3321 931 3429 988 hoc

1840 1019 1942 1076 est,
1978 1011 2073 1066 Dei
2125 1011 2378 1069 Verbum.
2412 1015 2592 1086 Ipsum
2643 1027 2728 1074 est
2758 1017 2889 1074 illud
2935 1019 3200 1089 divinum,
3251 1029 3303 1076 tn
3333 1040 3434 1094 quo

1840 1104 2076 1171 vivimus,
2096 1115 2144 1160 et
2170 1123 2374 1176 sumus,
2396 1118 2445 1162 et
2494 1126 2758 1166 movemur
2779 1112 2923 1184 (Aet.
2951 1129 3084 1181 xvu,
3108 1112 3234 1186 28).
3255 1113 3438 1187 Ipsum

1839 1205 1924 1252 est
1949 1197 2091 1268 quod
2121 1209 2241 1255 erat
2272 1202 2324 1256 in
2355 1203 2644 1275 principio,
2691 1206 2869 1276 ipsum
2893 1217 2979 1265 est
3003 1209 3148 1282 quod
3179 1219 3265 1267 est
3294 1227 3311 1267 :
3341 1211 3440 1269 Dei

1839 1290 1975 1343 enim
2006 1287 2182 1345 Filius
2211 1292 2374 1364 Iesus
2403 1295 2638 1354 Christus
2663 1310 2684 1338 ε
2717 1301 2769 1354 in
2795 1302 2959 1368 vobis,
2995 1303 3189 1374 inquit,
3233 1314 3309 1360 est
3337 1322 3356 1360 :
3386 1307 3441 1361 in

1837 1396 1937 1450 quo
1987 1398 2088 1436 non
2141 1386 2263 1454 fuit,
2323 1385 2417 1442 Est
2466 1398 2515 1443 et
2568 1389 2732 1457 Non;
2777 1394 2870 1447 sed
2928 1392 3026 1448 Est
3075 1397 3129 1450 in
3198 1397 3292 1453 illo
3337 1398 3440 1468 fuit

1838 1471 1915 1542 (ll
1937 1473 2056 1530 Cor.
2091 1492 2128 1542 t,
2162 1477 2282 1548 19).
2317 1478 2435 1550 Ipse
2470 1481 2606 1537 dixit
2634 1483 2830 1555 Moysi,
2875 1486 3043 1559 908
3082 1496 3140 1544 ιιι
3171 1487 3385 1547 diceret
3419 1508 3432 1546 :

1840 1565 1941 1632 Qui
1968 1576 2063 1631 est,
2098 1570 2237 1624 misit
2264 1587 2345 1625 me
2379 1571 2586 1639 (Exod.
2621 1591 2703 1643 ut,
2742 1577 2807 1631 14
2823 1575 2864 1647 ).

1913 1659 1998 1714 15.
2042 1657 2176 1716 Cum
2207 1661 2310 1717 hoc
2339 1663 2501 1734 igitur
2529 1667 2708 1722 anima
2755 1678 2941 1727 nostra
2973 1672 3064 1740 sit,
3115 1683 3172 1729 et
3221 1676 3294 1731 sit
3341 1676 3425 1748 (si

151 1749 294 1818 poris
329 1765 432 1806 non
473 1751 791 1820 requirebat
819 1751 1026 1824 (Exod.
1079 1770 1261 1819 xxxiv,
1291 1756 1403 1828 28)
1443 1776 1454 1810 :
1487 1758 1629 1814 Elias
1659 1759 1727 1815 ad
1758 1746 1808 1808 Β
1837 1749 1954 1806 fieri
1977 1752 2178 1825 potest)
2199 1769 2441 1826 semper;
2464 1767 2522 1813 ut
2543 1769 2598 1815 et
2617 1769 2862 1816 nostrum
2887 1766 3059 1834 possit
3079 1767 3202 1836 quis
3221 1746 3431 1825 dicere:

151 1843 295 1897 illam
318 1843 579 1899 festinans
611 1844 878 1916 requiem,
904 1847 1128 1918 rogabat
1153 1857 1212 1903 ut
1237 1851 1581 1921 acciperetur
1610 1867 1641 1907 a
1671 1868 1734 1910 se

148 1939 322 1992 anima
372 1952 468 1993 sua
512 1937 619 2010 (ΙΙΙ
662 1939 792 2010 Reg.
848 1956 962 2006 xix,
1009 1940 1078 2011 4)
1110 1959 1123 1998 :
1154 1943 1347 2000 Petrus
1381 1947 1652 2016 aspiciens
1681 1957 1737 2004 et

147 2033 263 2102 ipse
309 2032 360 2087 in
412 2043 598 2088 monte
649 2033 942 2090 Dominicte
1004 2038 1426 2094 resurrectionis
1475 2040 1728 2111 gloriam,

148 2125 360 2181 nolebat
380 2125 739 2193 descendere,
776 2125 966 2183 dicens
999 2144 1018 2180 :
1043 2127 1282 2194 Domine,
1315 2130 1504 2186 bonum
1533 2143 1604 2187 est
1636 2149 1730 2188 nos

149 2222 235 2275 hic
275 2238 379 2278 esse
421 2219 638 2293 (Matth.
667 2224 910 2293 XVII,«1).
946 2222 1159 2292 Quanta
1191 2225 1355 2296 igitur
1401 2227 1494 2283 illa
1534 2229 1734 2284 divina:

146 2312 460 2368 substantiae
485 2313 682 2384 gloria,
716 2324 914 2386 quanta
961 2315 1126 2372 Verbi
1175 2317 1337 2386 bona,
1369 2319 1423 2375 in
1460 2337 1581 2391 qua:
1603 2336 1734 2377 con-

144 2407 429 2476 cupiscunt
461 2415 515 2462 et
541 2407 721 2478 angeli
751 2410 1066 2478 prospicere
1096 2409 1147 2480 (l
1176 2407 1322 2465 Petr.
1354 2427 1393 2479 ι,
1431 2413 1566 2484 12)!

220 2499 301 2553 1‘2.
341 2500 535 2554 Anima
567 2499 732 2570 igitur
761 2515 879 2570 qua:
908 2500 1038 2556 illud
1071 2501 1238 2569 videt,
1267 2518 1468 2574 corpus
1493 2505 1599 2563 hoc
1625 2524 1730 2565 non

143 2593 387 2664 requirit,
439 2593 828 2662 minimamque
875 2592 977 2648 sibi
1023 2593 1447 2652 familiaritatem
1492 2613 1615 2654 cum
1666 2616 1734 2655 eo

143 2703 265 2744 esse
287 2687 491 2743 debere
522 2685 797 2757 intelligit,
831 2689 1112 2743 renuntiat
1161 2690 1386 2758 szeculo,
1419 2690 1644 2748 abducit
1673 2709 1734 2749 se

143 2797 172 2836 a
201 2781 428 2837 vinculis
453 2779 656 2848 carnis,
685 2781 836 2836 exuit
858 2782 1112 2836 omnibus
1135 2783 1472 2854 voluptatum
1504 2786 1732 2843 istarum

145 2875 392 2930 nexibus.
421 2873 664 2944 Denique
695 2873 1004 2944 Stephanus
1032 2875 1215 2932 Jesum
1248 2877 1488 2946 videbat,
1517 2889 1572 2935 et
1595 2881 1733 2952 lapi-

145 2968 256 3022 dari
307 2982 418 3022 non
454 2966 807 3033 formidabat;
842 2968 1009 3023 immo
1052 2985 1176 3025 cum
1222 2971 1578 3042 lapidaretur,
1625 2991 1734 3032 non

143 3077 236 3132 pro
265 3077 350 3130 se,
375 3062 472 3118 sed
506 3077 603 3133 pro
631 3061 738 3118 illis
773 3078 804 3118 a
846 3063 1042 3133 quibus
1084 3065 1474 3135 perimebatur,
1510 3071 1736 3140 rogabat

146 3155 393 3227 (Act.vu,
411 3155 480 3210 55
506 3131 557 3211 et
601 3156 760 3227 seq).
787 3131 986 3212 Paulus
1013 3131 1226 3228 quoque
1257 3170 1440 3231 raptus
1463 3131 1641 3233 usque
1670 3164 1737 3220 ad
1765 3131 1812 3195 α

143 3249 356 3304 tertium
383 3247 603 3315 malum,
635 3263 756 3303 cum
783 3263 1012 3319 corpore
1041 3259 1207 3318 esset,
1231 3267 1298 3306 an
1337 3253 1455 3310 sine
1483 3269 1735 3326 corpore,

142 3339 419 3397 nesciebat
458 3358 472 3393 :
509 3348 719 3409 raptus,
780 3340 1020 3411 inquam,
1070 3341 1126 3396 in
1183 3343 1515 3413 paradisum,
1579 3361 1734 3403 usum

143 3433 346 3504 proprii
364 3433 477 3503 jam
503 3447 608 3488 non
636 3432 905 3489 sentiebat
923 3435 1200 3504 corporis:
1226 3447 1280 3491 et
1306 3438 1540 3496 audiens
1568 3443 1738 3498 verba

142 3524 258 3590 Dei,
291 3521 568 3595 quomodo
597 3523 665 3581 ad
689 3523 936 3594 corporis
977 3525 1322 3582 infirmitates
1352 3528 1735 3600 descenderet,

142 3618 500 3674 erubescebat
523 3617 598 3689 (ll
624 3615 742 3674 Cor.
773 3633 870 3683 sit,
899 3617 988 3688 2).

212 3713 299 3766 13.
346 3711 536 3780 Itaque
578 3711 756 3767 sciens
783 3711 910 3782 quid
945 3711 1172 3769 vidisset
1216 3713 1270 3768 in
1321 3717 1599 3786 paradiso,
1651 3721 1736 3776 vel

140 3804 265 3874 quid
316 3803 586 3867 audisset,
616 3803 886 3860 clamabat
935 3803 1126 3860 dicens
1157 3805 1335 3874 :Quid
1381 3810 1550 3863 adhuc
1597 3811 1738 3864 velut

143 3895 374 3950 videntes
407 3895 473 3949 de
521 3895 615 3949 hoc
646 3894 836 3950 mundo
877 3895 1177 3951 decernitis?
1206 3897 1291 3952 Ne
1336 3900 1626 3971 tetigeritis,
1676 3918 1738 3956 ne

141 3988 590 4054 attaminaveritis,
646 4004 708 4042 ne
755 3989 1085 4059 gustaveritis
1131 4005 1247 4058 qua:
1275 3999 1396 4044 sunt
1444 3993 1618 4045 omnia
1668 3993 1738 4047 ad

141 4082 489 4152 corruptelam
516 4082 628 4152 ipso
656 4098 756 4136 usu
785 4080 1022 4153 (Coloss.
1050 4097 1110 4148 ιι,
1158 4081 1229 4138 20
1271 4092 1320 4137 et
1360 4083 1525 4158 seq.).
1571 4085 1735 4141 Vole-

141 4175 234 4231 bat
259 4175 405 4231 enim
439 4182 539 4228 nos
569 4183 593 4210 ιι
623 4176 676 4228 in
711 4174 878 4246 figura
925 4189 1048 4230 esse
1073 4174 1232 4228 istius
1263 4175 1473 4243 mundi,
1527 4191 1632 4233 non
1681 4178 1734 4233 in

140 4267 489 4339 possessione
533 4276 696 4338 atque
725 4281 860 4333 usu;
895 4277 954 4322 ut
1007 4268 1078 4321 ita
1123 4276 1338 4322 utamur
1381 4268 1486 4325 hoc
1530 4271 1736 4327 mundo

144 4372 415 4433 tamquam
447 4375 552 4416 non
583 4371 818 4427 utamur,
858 4369 1134 4432 tamquam
1169 4370 1588 4432 praetereuntes,
1622 4379 1732 4420 non

143 4465 415 4526 tamquam
443 4453 747 4510 residentes
781 4470 794 4506 :
823 4453 1166 4510 ambulantes
1207 4462 1480 4526 tamquam
1513 4455 1566 4510 in
1598 4457 1736 4511 inta-

1841 1844 2029 1898 Anima
2056 1863 2168 1901 mea
2189 1849 2243 1902 in
2272 1849 2505 1906 manibus
2528 1853 2628 1908 tuis
2654 1869 2852 1926 semper
2871 1855 2889 1926 (
2906 1855 3055 1912 Psal.
3075 1873 3266 1926 cxvttt,
3286 1860 3434 1931 109).

1841 1935 1958 1990 Erit
1985 1947 2190 2006 autem,
2220 1940 2264 1995 si
2291 1956 2397 1996 non
2427 1942 2480 1997 in
2508 1957 2673 2000 carne
2699 1945 2791 2013 sit,
2819 1946 2915 2003 sed
2945 1948 3000 2002 in
3035 1949 3243 2020 Spiritu
3277 1953 3442 2021 :erit,

1839 2027 1887 2082 si
1935 2045 1994 2085 se
2026 2035 2258 2088 terrenis
2291 2048 2397 2089 non
2447 2036 2694 2093 misceat.
2747 2037 2886 2094 Cum
2917 2041 3062 2096 enim
3107 2041 3174 2097 ad
3199 2045 3440 2102 carnalia

1839 2119 2154 2187 reﬂectitur,
2190 2132 2316 2180 tunc
2341 2126 2392 2182 ei
2425 2127 2682 2184 illecebra
2713 2130 2928 2201 obrepit
2983 2135 3255 2203 corporis,
3311 2145 3442 2192 tunc

1839 2214 1915 2270 ira
1941 2225 1992 2270 et
2023 2217 2389 2288 indignatione
2410 2230 2694 2288 exaestuat,
2724 2231 2850 2279 tunc
2879 2226 3135 2282 maestitia
3174 2227 3438 2298 afficitur,

1838 2319 1963 2366 tunc
1991 2318 2017 2358 d
2043 2313 2326 2383 supinatur
2357 2329 2450 2386 per
2477 2319 2863 2388 arrogantiam,
2897 2329 3025 2377 tunc
3050 2321 3244 2378 dolore
3291 2323 3437 2380 affli-

1837 2403 2004 2474 gitur.

1915 2495 2001 2550 16.
2047 2495 2140 2552 llae
2180 2505 2308 2553 sunt
2354 2499 2702 2570 :egritudines
2743 2501 2939 2558 animae
2978 2519 3194 2575 graves,
3232 2505 3436 2578 quibus

1839 2589 2157 2662 plerumque
2186 2591 2253 2647 ad
2277 2601 2506 2650 mortem
2545 2595 2787 2666 cogitur;
2819 2596 2948 2652 dum
2980 2598 3120 2654 oculi
3162 2602 3281 2670 ejus
3313 2617 3434 2658 ca:-

1838 2691 2050 2751 cantur,
2071 2691 2131 2738 ut
2153 2699 2262 2740 non
2284 2684 2511 2742 videant
2534 2702 2678 2743 vera:
2700 2688 2878 2746 lumen
2896 2690 3105 2762 gloriae,
3132 2701 3189 2748 et
3212 2693 3439 2750 divitias

1839 2786 2060 2834 aeterna:
2106 2778 2461 2836 ltmreditatis.
2511 2781 2666 2851 Quod
2718 2785 2762 2840 si
2817 2799 2913 2841 eos
2939 2786 3006 2842 ad
3050 2787 3222 2844 Deum
3271 2804 3422 2846 sem-

1841 2885 1936 2940 per
1970 2871 2237 2940 intendat,
2268 2873 2498 2944 accipiet
2520 2889 2550 2929 a
2579 2874 2799 2931 Christo
2821 2876 3088 2948 fulgorem
3118 2880 3436 2952 sapientire;

1856 2977 1913 3020 ut
1939 2967 2299 3024 illuminatum
2327 2970 2380 3026 in
2409 2970 2683 3041 agnitione
2706 2971 2802 3027 Dei
2839 2971 3036 3029 habeat
3063 2975 3333 3042 obtutum,
3361 2977 3445 3032 vi-

1838 3061 1960 3116 deat
1981 3062 2125 3117 illam
2149 3077 2298 3135 spem
2323 3074 2520 3121 nostra:
2544 3067 2866 3133 vocationis,
2884 3069 3114 3140 aspiciat
3135 3069 3269 3126 illud
3284 3071 3432 3142 quod

1843 3163 1928 3209 est
1956 3154 2178 3222 bonum,
2220 3168 2274 3212 et
2311 3157 2590 3228 placitum,
2628 3171 2685 3216 et
2732 3161 3054 3232 perfectum.
3086 3163 3242 3231 Quod
3291 3163 3442 3222 enim

1843 3246 2066 3316 bonum,
2097 3250 2484 3320 complacitum
2510 3251 2693 3308 Patri:
2717 3253 2862 3325 quod
2883 3254 3290 3326 complacitum,
3317 3272 3448 3328 per-

1842 3338 2080 3406 fectum;
2105 3342 2244 3397 sicut
2267 3343 2436 3399 habes
2462 3343 2514 3398 in
2539 3345 2856 3416 Evangelio,
2886 3346 2976 3402 ubi
2999 3347 3134 3402 dicit
3154 3347 3438 3406 Dominus:

1841 3428 2062 3505 Diligite
2106 3433 2343 3489 inimicos
2393 3445 2611 3504 vestros,
2661 3447 2718 3492 ut
2745 3439 3018 3494 imitemini
3068 3438 3307 3510 Patrem,
3349 3443 3442 3514 qui

1842 3522 1974 3592 pluit
2020 3540 2172 3596 super
2190 3528 2366 3598 justas
2396 3536 2446 3582 et
2492 3529 2713 3600 injustas
2741 3528 3040 3600 (Matt/Mt,
3072 3531 3142 3586 44
3160 3541 3208 3586 et
3250 3532 3397 3605 seq.)
3417 3551 3442 3600 ,°

1842 3613 1986 3683 quod
2017 3624 2102 3670 est
2154 3618 2339 3686 utique
2369 3618 2643 3674 bonitatis.
2676 3619 2746 3674 Et
2798 3630 2983 3691 postea
3015 3623 3312 3689 concludit,
3353 3624 3446 3680 di-

1841 3722 1970 3763 cens
2007 3727 2020 3762 :
2054 3707 2236 3764 Estote
2261 3712 2476 3780 perfecti
2520 3713 2652 3767 sicut
2681 3713 2839 3767 Pater
2865 3723 3045 3777 vester,
3089 3716 3178 3784 qui
3219 3717 3272 3770 in
3299 3715 3440 3772 caelis

1841 3809 1937 3867 est,
1960 3802 2220 3872 perfectus
2242 3812 2314 3856 est
2341 3801 2528 3872 (Rom.
2556 3820 2674 3870 χιιι,
2703 3804 2824 3877 10).
2849 3806 3104 3862 Charitas
3131 3809 3277 3864 enim
3308 3824 3440 3880 per-

1842 3893 1983 3949 fecta
2017 3904 2102 3948 est
2134 3912 2148 3949 :
2176 3893 2412 3966 denique
2440 3897 2719 3966 plenitudo
2742 3898 2902 3970 Legis
2945 3909 3050 3956 est.
3082 3900 3222 3969 Quid
3249 3912 3438 3962 autem

1843 3996 1949 4042 tam
1981 3987 2182 4042 bonum
2215 4004 2375 4057 quam
2403 3989 2664 4058 cltaritas,
2693 4007 2816 4062 qua:
2847 3993 3046 4048 malum
3079 4009 3184 4050 non
3212 3999 3440 4068 cogitat?

1918 4078 2004 4134 17.
2050 4081 2072 4107 θ
2104 4077 2172 4133 Ει.
2196 4078 2319 4134 ideo
2351 4087 2524 4136 terras
2556 4082 2748 4151 fugito,
2784 4083 2838 4138 in
2865 4083 3064 4154 quibus
3096 4086 3296 4143 invidia
3321 4099 3430 4158 est,

1842 4170 1932 4226 ubi
1956 4169 2202 4235 ambitio,
2225 4171 2318 4227 ubi
2349 4174 2652 4230 contentio.
2680 4174 2816 4231 Boni
2845 4191 2979 4247 ergo
3001 4176 3146 4232 illius
3176 4194 3437 4250 capacem

1840 4279 1900 4321 se
1938 4263 2120 4321 anima
2169 4275 2260 4322 tua
2293 4268 2565 4338 praebeat;
2599 4279 2658 4324 ut
2687 4284 2852 4341 supra
2886 4270 3058 4332 nubes
3085 4271 3255 4337 volet.
3297 4275 3441 4334 sicut

1841 4359 2019 4430 aquila
2065 4369 2375 4428 renovetur,
2411 4362 2554 4418 sicut
2595 4364 2773 4436 aquila
2825 4379 3031 4436 pennas
3074 4367 3323 4432 emittat;
3375 4379 3437 4426 ut

1842 4452 2115 4508 renovatis
2144 4455 2164 4492 τ
2194 4453 2405 4510 alarum
2436 4456 2698 4528 remigiis,
2731 4457 2837 4513 alta
2880 4468 3066 4530 petere
3110 4474 3220 4537 non
3258 4461 3433 4517 refor-

141 4546 266 4618 gine
293 4545 508 4611 εποιειὶ,
541 4561 648 4602 non
678 4547 731 4600 in
775 4543 1093 4616 cupiditate,
1119 4545 1145 4584 δ
1169 4556 1227 4601 ιιι
1253 4547 1590 4604 velocissima
1619 4549 1731 4605 dis-
1755 4532 1810 4593 Ῑ)
1837 4544 2027 4612 midet,
2063 4545 2205 4602 hanc
2227 4544 2617 4606 habitationem
2645 4549 2956 4622 relinquat:
2987 4533 3260 4608 terrenum
3281 4553 3429 4610 enim

143 4638 424 4710 putatione
464 4637 634 4708 ipsam
659 4637 949 4708 imaginem
974 4635 1135 4707 hujus
1157 4637 1343 4694 mundi
1368 4647 1730 4696 transeamus.

142 4735 388 4805 Denique
419 4733 533 4804 ipse
558 4731 662 4788 fide
700 4731 1008 4800 ambulans,
1039 4747 1147 4786 non
1180 4733 1385 4802 specie,
1424 4733 1735 4804 peregrina-

220 4910 245 4937 ⁸
283 4897 918 4977 Subobscur_uS_s_ermo,
964 4892 1408 4977 inquitlfiannius
1460 4912 1487 4977 ε.
1520 4909 1740 4977 sensum

141 4973 293 5028 hunc
323 4971 522 5049 opinor
551 4968 826 5049 :_Volebat
853 4980 953 5022 nos
983 4966 1192 5049 versari
1215 4967 1276 5049 in
1319 4965 1548 5049 mundo,
1583 4965 1742 5049 quasi

144 5046 202 5100 in
227 5057 287 5098 re
310 5035 652 5119 imaginaria,
684 5049 740 5119 et
761 5055 882 5119 qua:
911 5038 1072 5119 nulla
1091 5035 1368 5119 soliditate
1394 5037 1738 5119 subsisteret.

140 5115 280 5171 Puto
302 5105 446 5168 enim
473 5105 904 5166 illnm'allusisse
925 5109 991 5164 ad
1017 5107 1150 5163 illud
1177 5107 1371 5171 prima:
1394 5106 1460 5161 ad
1491 5105 1739 5162 Corinth.

140 5123 280 5171 Puto
302 5127 446 5168 enim
475 5123 627 5166 tttnm
647 5123 904 5166 attustsse
925 5123 991 5164 aa
1017 5123 1150 5163 tttuu
1217 5123 1371 5161 1'1me
1394 5123 1460 5161 aa
1491 5123 1739 5162 Lortntn.

140 5200 262 5256 cap.
323 5180 898 5262 vn_:_-Pra:_terit.enim
939 5181 1111 5252 figura
1161 5123 1318 5262 fujus’
1356 5178 1569 5260 mundi;
1621 5193 1744 5262 nam

143 5251 330 5328 postea
353 5254 502 5310 addit
527 5272 542 5322 ;
567 5254 899 5309 Ambulantes
926 5251 1190 5322 tamquam
1215 5251 1268 5304 in
1298 5251 1523 5324 imagine
1546 5251 1744 5304 swculi.

145 5327 380 5404 Ialm}:
478 5397 517 5404 _
1112 5395 1128 5404 .
1207 5393 1220 5404 .
1596 5393 1606 5404 .
1679 5393 1692 5404 .

213 5398 244 5438 ι’
286 5398 429 5453 Edit.
478 5397 632 5454 Eras.
662 5406 716 5454 et
757 5396 887 5452 ϐίη.
919 5410 1044 5452 cum
1095 5393 1306 5450 duobus
1337 5409 1495 5457 mss.,
1529 5393 1746 5448 velocis-

146 5472 278 5525 sima
319 5469 694 5539 dispositione;
736 5467 922 5534 Rom.,
977 5465 1304 5539 velocissima
1358 5466 1746 5539 prateritione;

146 5541 370 5597 Amerb.
405 5536 705 5621 ἐι-επιειιὶ
748 5554 981 5621 mss._,...
1025 5536 1394 5621 digputattone.
1443 5536 1746 5621 Qommodo

148 5628 342 5679 sensu;
384 5611 516 5668 nihil
545 5612 690 5667 enim
745 5608 1578 5692 aliud_expri_mit_Ambrositts,
1642 5608 1747 5692 nisi

146 5684 285 5741 velle
312 5700 373 5739 se
418 5698 579 5755 quam
610 5681 951 5753 paucissimis
990 5679 1172 5755 verbis
1202 5679 1270 5735 de
1301 5680 1530 5749 imagine
1561 5679 1748 5755 mundi

150 5750 450 5828 disputare.
500 5750 700 5810 lterum
737 5763 916 5809 autem
961 5761 1083 5824 post
1112 5750 1247 5806 duos
1286 5764 1496 5816 versus,
1530 5751 1622 5806 ubi
1651 5763 1750 5806 nos

1845 4637 2214 4694 habitaculum
2262 4651 2450 4711 gravat
2495 4642 2931 4716 animam(Sap.
2963 4660 3039 4712 ix,
3093 4643 3211 4717 15).
3259 4645 3439 4703 Esuat

1842 4740 2052 4797 vetera,
2081 4732 2300 4813 abjiciat
2319 4735 2527 4791 erroris
2545 4735 2840 4805 desideria,
2865 4736 3050 4794 abluat
3075 4740 3262 4796 oculos
3283 4753 3435 4810 suos;

1845 4908 1967 4968 cum
2016 4891 2262 4968 pluribus
2285 4907 2419 4968 mss.
2445 4900 2496 4949 et
2527 4893 2685 4963 edit.,
2725 4893 3209 4968 aderathomino;
3254 4897 3436 4968 Rom.,

1845 4966 1934 5020 sed
1977 4964 2157 5019 aderat
2200 4963 2455 5028 Domino;
2490 4979 2634 5022 unus
2662 4981 2793 5023 mss.-
2846 4967 3098 5034 exhibet,
3147 4963 3442 5030 adiuuerat

1849 5036 2112 5099 Domino;
2134 5035 2296 5102 alter,
2338 5035 2636 5090 adhterebat
2661 5037 2789 5094 Deo.

1927 5117 1950 5147 ο
1993 5107 2152 5160 Rom.
2178 5106 2336 5172 edit.,
2357 5108 2446 5175 qui
2477 5107 2531 5161 in
2556 5107 2698 5185 vobis
2727 5117 2825 5174 est,
2858 5126 2962 5165 non
3007 5113 3351 5185 fuit,7inquit,
3385 5117 3441 5171 in

1852 5193 1945 5258 eo;
1973 5187 2084 5258 vet.
2110 5185 2293 5232 autem
2311 5192 2388 5258 ac
2418 5189 2632 5258 mastut
2657 5178 2710 5258 i_n
2738 5178 3152 5258 con_textu_,_nisi
3174 5178 3317 5256 quod
3339 5178 3444 5258 pro

1850 5251 1905 5303 in
1933 5247 2093 5310 vobis,
2125 5259 2232 5303 vet.
2262 5247 2394 5303 edit.
2429 5247 2807 5318 praeferebant,
2837 5252 2893 5304 in
2914 5253 3080 5309 nobis.

1923 5322 1950 5360 ιι
1992 5319 2255 5375 Describit
2279 5319 2488 5374 vultum
2510 5321 2753 5387 superbi,
2785 5323 2875 5391 qui
2905 5337 2968 5379 os
2983 5325 3219 5383 sublime
3248 5329 3302 5384 in
3330 5344 3444 5389 ca:-

1850 5392 1962 5447 lum
1995 5391 2194 5468 erigit;
2225 5391 2531 5468 contrarius
2573 5401 2660 5468 est
2687 5391 2982 5462 demissus,
3009 5398 3102 5468 qui
3142 5398 3348 5456 vultum
3391 5405 3446 5461 in

1852 5472 2056 5534 terram
2080 5461 2284 5534 dejicit.
2320 5463 2402 5534 Ita
2426 5461 2689 5519 Nannius.

1929 5537 1952 5609 ξ
1991 5532 2128 5609 God.
2149 5532 2330 5609 Βεμ-
2357 5532 2426 5588 Et
2449 5534 2566 5609 ideo
2593 5547 2795 5609 terrena
2825 5537 3011 5609 fugito.

1929 5604 1950 5642 ¹
1993 5607 2128 5686 cum
2152 5607 2204 5663 id
2226 5605 2419 5662 avibus
2443 5607 2547 5686 ala;
2569 5608 2698 5672 sint,
2725 5604 2868 5686 quod
2885 5604 3448 5686 remigiumnavibug;

1855 5679 1984 5734 hinc
2025 5680 2186 5754 ducta
2220 5689 2303 5732 est
2327 5693 2366 5754 _a
2397 5679 2596 5754 poetis,
2629 5689 2685 5734 et
2725 5681 2960 5754 maxime
2984 5679 3294 5754 a'Virgilio,
3349 5679 3454 5752 ista

1860 5751 2200 5820 ltlclapllom,
2233 5750 2375 5806 unde
2395 5750 2541 5806 illam
2568 5751 2846 5810 transtulit
2871 5750 3215 5818 Ambrosius.
