4040 6166
600 260 738 329 ίοδθ

1939 242 2190 323 saltm
2229 242 2552 322 Asianosu

3764 248 3901 321 ioco

597 401 657 446 ut
688 390 866 446 videat
915 388 1066 444 illum
1111 387 1319 444 fontem
1359 401 1501 443 verae
1529 384 1832 457 sapientiae,
1879 382 2035 440 illum
2078 383 2201 439 l'on-
2231 384 2276 447 Α
2307 398 2414 440 non
2439 388 2748 439 revertatur
2777 389 2945 437 retro.
2975 376 3144 437 Retro
3172 381 3405 447 lusuria,
3439 391 3587 437 retro
3610 381 3901 452 impuritas

595 493 706 542 tem
740 480 863 540 vitae
900 493 1143 546 reternzc,
1178 482 1272 553 qui
1321 478 1499 536 afﬂuit
1541 491 1705 548 atque
1752 477 1992 533 exundat
2019 479 2196 532 omni-

597 578 719 643 bus,
775 576 976 632 nullius
1018 575 1291 645 indigens.
1321 574 1455 642 Quis
1498 573 1643 628 enim
1674 570 1827 626 dedit
1857 570 1959 636 illi,
1990 583 2113 625 cum
2141 584 2205 623 ea;

597 672 735 741 ipso,
762 679 808 724 et
835 687 927 740 per
950 670 1144 740 ipsum,
1166 677 1211 721 et
1237 668 1291 721 in
1313 666 1427 739 ipso
1445 666 1626 720 omnia
1651 664 1757 718 sint
1776 661 1953 736 (Rom.
1973 658 2065 726 XI,
2083 659 2204 728 '55)?

672 764 760 818 l8.
805 760 940 816 Vitae
965 763 1133 830 igitur
1165 757 1286 814 fons
1318 769 1401 813 est
1423 766 1693 812 summum
1726 753 1856 809 illud
1881 752 2111 817 bonum,
2134 767 2201 808 ex

595 869 707 925 quo
738 853 954 907 vivendi
987 850 1293 907 substantia
1322 850 1667 904 ministratur
1695 846 1953 902 omnibus
1979 862 1993 898 :
2019 842 2199 913 ipsum

595 953 775 1003 autem
806 944 859 999 in
892 960 951 999 se
996 943 1163 997 habet
1192 944 1360 997 vitam
1390 952 1731 995 manentem.
1777 934 1823 992 A
1865 936 2017 992 nullo
2047 934 2203 1007 quasi

603 1038 762 1109 inops
794 1037 991 1108 accipit
1016 1053 1029 1091 :
1052 1035 1277 1106 largitur
1304 1035 1444 1089 bOna
1467 1033 1609 1100 aliis,
1642 1046 1751 1087 non
1788 1022 2010 1085 aliunde
2042 1043 2203 1084 assu-

602 1133 704 1187 tnit
750 1131 884 1196 sibi;
917 1144 1093 1200 neque
1119 1129 1264 1185 enim
1297 1126 1468 1183 nostri
1501 1126 1727 1198 indiget.
1768 1123 1922 1181 Unde
1951 1134 2006 1178 et
2034 1122 2109 1176 ait
2136 1130 2204 1174 ex

603 1232 844 1298 persona
873 1224 1119 1281 hominis
1143 1241 1156 1275 :
1190 1223 1451 1288 Quoniam
1481 1221 1728 1275 bonorum
1757 1204 1990 1273 meorum
2009 1224 2113 1269 non
2137 1210 2208 1267 in-

603 1319 747 1391 diges
776 1317 961 1391 (Paul.
995 1326 1083 1380 xv,
1114 1315 1205 1387 2).
1253 1313 1392 1382 Quid
1441 1328 1574 1383 ergo
1616 1310 1913 1383 pulchrius,
1967 1314 2127 1379 quam
2156 1304 2205 1360 ei

604 1412 1068 1483 appropinquare,
1115 1410 1166 1465 ei
1195 1407 1506 1463 adhaerere?
1540 1416 1566 1444 ι
1593 1420 1714 1477 qua:
1753 1404 1927 1474 major
1956 1400 2205 1471 voluptas

604 1509 712 1565 est?
739 1507 893 1575 Quod
924 1506 970 1562 is
992 1507 1083 1576 qui
1111 1504 1332 1569 viderit,
1356 1512 1410 1559 et
1438 1503 1505 1557 de
1535 1502 1681 1555 fonte
1700 1514 1854 1568 aqua:
1876 1497 2013 1551 vivae
2040 1494 2208 1566 gratis

609 1602 930 1673 gustaverit,
962 1598 1092 1670 quid
1122 1605 1299 1668 potest
1320 1596 1463 1649 aliud
1498 1588 1842 1649 desiderare?
1861 1602 1983 1659 quae
2014 1584 2208 1658 regna?

608 1707 746 1763 quas
771 1688 1093 1761 potestates?
1115 1703 1275 1758 quam
1300 1680 1609 1756 pecuniami
1627 1696 1751 1738 cum
1774 1679 2024 1735 advertat
2043 1692 2205 1749 qttam

2306 485 2409 531 est.
2444 474 2689 545 Denique
2726 472 3031 530 ascendens
3061 471 3127 529 ad
3157 480 3396 529 montem
3426 470 3589 539 Leth,
3633 481 3788 529 retro
3816 488 3899 528 re-

2306 564 2460 641 liquit
2487 562 2826 625 sodomitana
2851 560 3053 639 llagitia
3076 586 3087 621 :
3112 570 3233 638 qum
3255 576 3435 622 autem
3462 568 3716 640 respexit
3732 577 3899 634 retro,

2305 676 2412 716 non
2446 661 2618 731 potuit
2643 661 2708 716 ad
2735 660 3021 730 superiora
3049 657 3468 731 evaderewe'n.
3497 672 3611 725 xix,
3639 660 3769 729 30).
3791 656 3901 714 Non

2306 762 2439 821 ergo
2484 751 2650 821 pedes
2700 751 2775 805 tul
2805 752 2977 815 retro,
3025 746 3121 805 sed
3168 758 3351 805 mores
3392 756 3501 805 non
3532 744 3902 805 revertantur.

2306 842 2422 898 Non
2479 842 2607 897 [iant
2636 852 2829 897 manus
2879 850 2986 897 tuae
3035 843 3303 907 remissae,
3353 848 3409 897 et
3436 841 3751 897 devotionis
3802 848 3903 896 tum

2306 948 2371 994 ac
2422 934 2546 993 tldei
2597 942 2771 1008 genua
2821 935 3110 993 dissoluta.
3156 934 3275 991 Non
3334 928 3431 991 ﬂat
3459 934 3760 991 voluntatis
3798 944 3901 991 tua:

2307 1028 2541 1087 recidiva
2578 1026 2887 1097 inﬁrmitas,
2914 1042 3023 1084 non
3054 1028 3198 1083 ullus
3225 1027 3566 1084 intercursus
3590 1027 3901 1083 criminum.

2308 1110 2416 1181 Sed
2465 1118 2749 1194 ingressus
2792 1136 2874 1185 es.
2907 1128 3068 1179 mane
3101 1139 3113 1175 :
3140 1120 3459 1192 pervenisti,
3490 1119 3740 1177 consiste
3764 1139 3777 1175 :
3799 1122 3906 1176 sal.-

2307 1226 2433 1274 vana
2460 1217 2603 1271 salva
2640 1216 2869 1271 animum
2901 1224 3045 1270 tuam
3074 1215 3236 1285 (Gen.
3268 1220 3385 1279 xix,
3421 1214 3543 1283 l7).

2378 1306 2470 1365 ἢ.
2515 1308 2830 1366 Ascendens
2879 1304 3144 1365 directum
3190 1300 3378 1363 attolle
3425 1302 3684 1377 gradum,
3731 1305 3902 1359 nullus

2310 1407 2434 1463 inde
2461 1416 2576 1462 uno
2616 1405 2774 1461 redit.
2807 1400 2947 1461 llinc
2977 1404 3086 1471 via,
3122 1404 3250 1459 inde
3280 1403 3434 1458 ruina
3486 1406 3593 1457 est.
3654 1398 3787 1455 Ilinc
3818 1413 3902 1454 as—

2308 1514 2525 1565 census,
2582 1496 2707 1554 inde
2758 1497 3137 1569 praecipitium.
3188 1478 3534 1552 Ascendendi
3584 1493 3800 1565 quidem
3829 1491 3903 1547 la-

2309 1594 2431 1655 hor,
2474 1593 2568 1648 sed
2620 1589 2984 1648 descendendi
3028 1590 3331 1661 periculum
3377 1607 3391 1644 :
3440 1586 3538 1643 sed
3587 1596 3779 1658 potens
3823 1598 3900 1642 εει

2312 1684 2599 1751 Dominus,
2632 1685 2723 1754 qni
2772 1686 2827 1740 te
2872 1680 3154 1739 fundatum
3204 1681 3317 1737 illic
3362 1679 3644 1736 ‘custodiat
3699 1687 3899 1750 septum

609 1785 827 1841 miserae
853 1783 1015 1839 etiam
1046 1781 1131 1835 hic
1162 1792 1349 1851 regum
1375 1778 1715 1834 conditiones
1746 1775 1873 1841 sint,
1906 1788 2066 1845 quam
2092 1782 2209 1826 mu-
2241 1770 2286 1842 Β
2315 1774 2647 1848 propheticis
2675 1775 2848 1830 muris
2875 1787 2928 1829 et
2957 1772 3273 1845 apostolicis
3317 1770 3584 1827 turribus.
3608 1796 3615 1802 ς
3636 1766 3760 1826 Ideo
3810 1769 3899 1823 tibi

606 1877 803 1933 labiles
832 1874 1050 1945 imperii
1080 1882 1272 1937 status,
1312 1880 1473 1941 quam
1510 1870 1703 1940 exigua
1737 1868 1861 1922 vitae
1891 1865 2049 1937 hujus
2081 1878 2207 1933 Spa-

607 1972 701 2034 tia,
730 1976 927 2037 quanta
952 1969 1003 2021 in
1028 1966 1147 2037 ipso
1168 1964 1397 2034 imperio
1418 1963 1673 2028 servitia;
1707 1977 1831 2017 cum
1858 1958 1924 2016 ad
1948 1961 2209 2025 aliorum,

607 2076 716 2117 non
744 2059 811 2115 ad
842 2074 999 2114 suum
1028 2059 1214 2113 vivant
1242 2054 1555 2112 arbitrium.

675 2151 844 2225 909
875 2152 959 2207 l9.
1003 2150 1137 2219 Quis
1167 2159 1347 2205 autem
1386 2148 1689 2219 peculiatus
1732 2144 1797 2203 ad
1846 2147 2010 2202 vitam
2055 2152 2215 2200 teter-

608 2260 732 2304 nam
766 2246 987 2314 transit,
1022 2246 1124 2300 nisi
1154 2247 1412 2300 virtutum
1454 2242 1626 2299 fultus
1667 2240 1903 2313 peculio,
1950 2238 2093 2312 quod
2126 2256 2214 2295 re-

605 2350 824 2410 cvptum
857 2339 1130 2404 omnibus,
1156 2334 1290 2392 solis
1318 2332 1579 2391 divitibus
1600 2330 1939 2405 impossibile
1968 2344 2214 2403 pronun-

608 2435 777 2495 tiatur
822 2431 1047 2505 (Matth.
1082 2430 1357 2502 “1.26)?
1402 2429 1521 2485 Non
1564 2444 1696 2500 ergo
1730 2428 1817 2483 his
1866 2428 1940 2483 uti
1994 2426 2216 2482 beatum

612 2539 716 2595 est,
746 2528 842 2583 sed
892 2527 1021 2583 illud
1061 2525 1273 2592 videre,
1317 2538 1423 2595 quo
1466 2525 1568 2579 ista
1602 2522 1895 2595 despicias,
1928 2519 1957 2560 δ
1986 2526 2041 2576 et
2078 2522 2217 2576 Vana

562 2640 567 2645 ι
610 2623 725 2675 veri
783 2620 1027 2685 refellas,
1060 2628 1223 2688 atque
1258 2619 1437 2672 inania
1486 2628 1541 2672 et
1587 2626 1743 2670 cassa
1782 2612 2014 2687 judices,
2066 2612 2216 2668 illam

616 2710 779 2766 nudre
806 2711 1050 2765 veritatis
1082 2708 1545 2779 pulchritudinem
1576 2706 1793 2777 diligas,
1822 2718 1945 2777 quae
1979 2702 2080 2759 has
2105 2718 2212 2760 sm-

614 2804 720 2859 culi
748 2803 1125 2859 fucosissimas
1156 2804 1426 2858 vanitates
1457 2801 1769 2874 rcdarguat.

686 2896 779 2951 20.
826 2896 988 2967 Erige
1015 2897 1181 2968 igitur
1204 2894 1415 2962 oculos,
1441 2896 1644 2963 anima,
1668 2906 1823 2960 tuos;
1856 2890 1982 2949 illos
2002 2893 2214 2958 oculos,

614 2990 683 3043 dc
707 2988 901 3057 quibus
930 2988 1026 3043 tibi
1057 2988 1293 3043 Verbum
1326 2989 1420 3044 Dei
1455 2989 1586 3044 dicit
1618 3004 1635 3042 :
1660 2986 1866 3042 cCorde
1885 3000 1979 3042 nos
2008 2986 2215 3058 cepisti,

607 3096 755 3138 soror
792 3096 907 3134 mea
934 3096 1147 3150 sponsa,
1173 3081 1333 3136 corde
1352 3098 1450 3136 nos
1478 3082 1660 3154 cepisti
1682 3098 1787 3135 uno
1814 3080 1878 3136 ab
1914 3082 2078 3136 oculis
2116 3081 2218 3135 tuis

2316 1866 2447 1923 dicit
2494 1866 2794 1923 Dominus:
2817 1865 3042 1930 intrate,
3070 1864 3299 1932 calcate,
3330 1863 3457 1933 quia
3490 1862 3701 1918 assistit
3725 1858 3901 1917 vinde-

2315 1960 2422 2017 lilii
2452 1959 2608 2031 (lae!
2653 1955 3101 2031 m.13).lntus,
3157 1968 3267 2012 n'on
3318 1954 3455 2012 fut-is
3502 1957 3699 2011 simus.
3747 1950 3814 2010 Et
3850 1952 3900 2009 in

2318 2054 2620 2126 Evangelio
2648 2052 2747 2111 Dei
2777 2050 2948 2109 Filius
2974 2052 3106 2109 dicit
3136 2068 3154 2107 :
3179 2046 3287 2120 Qui
3313 2060 3387 2105 est
3413 2052 3469 2105 in
3497 2058 3651 2116 tecto,
3686 2060 3791 2103 non
3818 2047 3905 2103 de-

2317 2146 2528 2203 scendat
2556 2156 2680 2203 vasa
2707 2152 2804 2202 sita
2830 2145 3011 2201 tollere
3038 2142 3202 2216 (Luc.
3238 2148 3376 2208 kvn,
3400 2138 3527 2214 δίη.
3582 2138 3699 2197 Non
3721 2141 3906 2213 utique

2318 2241 2386 2298 de
2417 2243 2520 2298 hoc
2552 2251 2694 2297 tecto
2723 2238 2874 2304 dicit,
2907 2238 3003 2296 sed
3032 2238 3102 2295 de
3137 2232 3232 2294 illo
3264 2256 3281 2295 :
3317 2236 3565 2293 Extendi
3592 2239 3767 2291 coetum
3812 2235 3908 2289 sic—

2319 2346 2378 2392 at
2405 2344 2659 2391 cameram
2686 2333 2797 2409 (IV
2827 2331 2987 2388 Esdr.
3016 2336 3134 2401 'xvt,
3162 2330 3292 2403 ϐο).

2390 2432 2482 2489 23.
2526 2428 2675 2486 Intus
2700 2440 2835 2501 ergo
2856 2428 2997 2496 esto,
3031 2426 3171 2484 intra
3194 2418 3563 2494 Hierusalem,
3587 2426 3726 2482 intra
3752 2418 3908 2498 910

2321 2528 2558 2581 animam
2591 2526 2738 2580 tuam
2769 2523 3071 2595 pacillcam.
3105 2524 3293 2579 mitem
3346 2532 3510 2592 atque
3542 2516 3904 2592 tranquillam.

2321 2620 2438 2677 Non
2468 2632 2633 2676 exeas
2662 2618 2729 2674 de
2750 2632 2842 2688 ea,
2894 2634 3067 2688 neque
3098 2614 3399 2674 descendas
3432 2624 3529 2673 vas
3560 2614 3712 2672 tuum
3752 2610 3904 2675 istud,

2321 2725 2412 2771 aut
2442 2710 2763 2781 honoribus,
2796 2721 2888 2769 aut
2915 2710 3143 2777 divitiis,
3176 2723 3266 2767 aut
3310 2706 3625 2781 arrogantia
3648 2708 3901 2764 attollere.

2322 2804 2469 2865 Intus
2499 2817 2641 2876 esto,
2676 2806 2732 2862 tit
2764 2818 2859 2878 per
2890 2814 2944 2862 te
2970 2800 3292 2876 alienigenae
3316 2804 3430 2858 bon
3461 2802 3768 2866 transeant,
3792 2811 3905 2869 pec-

2320 2904 2441 2957 cata
2465 2901 2703 2955 animam
2727 2908 2873 2966 tuam
2907 2912 3013 2954 non
3044 2898 3346 2964 tranSeant,
3384 2900 3542 2950 vanae
3573 2892 3903 2966 operationes

2321 3000 2375 3049 et
2406 2992 2423 3030 τ
2473 2992 2833 3064 cogitatimtes
2885 2992 3114 3048 inanes:
3144 2998 3251 3046 non
3282 2988 3603 3044 transibunt
3644 2990 3835 3049 autem,
3861 2980 3903 3035 si

2322 3084 2745 3142 sanctificaveris
2774 3083 2975 3141 bellum
3026 3094 3125 3155 pro
3156 3076 3469 3139 demtionis
3496 3086 3561 3136 et
3588 3068 3712 3136 ﬁdei
3740 3080 3898 3133 certa-

627 3172 809 3233 (Cmu.
840 3182 919 3239 tv,
952 3171 1042 3243 9).
1091 3173 1338 3229 Ascende
1361 3176 1412 3228 in
1448 3175 1701 3243 palmam,
1734 3174 1891 3228 vince
1929 3173 2213 3241 smculum,
2241 3171 2288 3235 C
2322 3180 2490 3247 mine,
2526 3192 2624 3248 pro
2659 3176 2907 3233 veritatis
2933 3176 3114 3232 studio
3143 3173 3410 3231 adversus
3436 3174 3755 3244 passionum
3793 3166 3903 3222 illib-

616 3274 677 3319 ut
706 3274 894 3320 teneas
926 3266 1085 3321 Verbi
1115 3266 1484 3322 altitudinem.
1518 3264 1809 3338 imaginem
1841 3267 1997 3322 istam
2028 3267 2216 3323 mundi

620 3356 756 3411 foris
788 3358 1058 3428 relinque,
1092 3359 1224 3413 l’oris
1252 3359 1511 3412 malitiam
1542 3358 1828 3414 :introduc
1858 3368 2036 3413 autem
2063 3359 2220 3415 boni-

624 3460 790 3507 tatem
825 3451 1043 3515 mentis,
1078 3464 1198 3519 quae
1225 3448 1392 3504 habet
1442 3450 1668 3519 gratiam
1710 3450 1764 3505 in
1797 3451 1943 3523 ligno
1976 3453 2131 3517 vitae;
2171 3450 2219 3507 sl

618 3544 820 3601 laverit
843 3543 1038 3598 stolam
1066 3557 1243 3611 suam,
1268 3552 1323 3598 et
1350 3542 1686 3615 ingrediatur
1708 3544 1759 3599 in
1779 3545 2074 3611 civitatem,
2100 3560 2220 3616 qute

615 3653 747 3694 vera
779 3646 861 3694 est
888 3636 1063 3709 gratia
1093 3644 1425 3703 sanctorum,
1459 3636 1515 3691 in
1566 3651 1668 3708 qua
1700 3647 1785 3693 est
1824 3637 1921 3693 Dei
1965 3636 2218 3694 taberna-

613 3733 824 3798 culum,
865 3733 1011 3787 circa
1042 3729 1185 3801 quod
1207 3730 1413 3787 Scrihae
1436 3731 1652 3787 Domini
1676 3728 1703 3769 τι
1731 3732 2098 3803 ιιι-αξῑεηάῐιηι,
2128 3731 2219 3787 ubi

615 3841 726 3884 non
759 3826 899 3893 dies,
932 3832 1025 3880 aut
1064 3824 1172 3891 sol,
1206 3835 1299 3878 ant
1340 3823 1463 3878 luna
1510 3824 1693 3880 lumen
1744 3825 2051 3880 ministrant
2085 3842 2097 3877 :
2127 3821 2221 3878 sed

613 3918 733 3988 ipse
767 3919 1026 3972 Dominus
1059 3916 1245 3972 lumen
1272 3924 1377 3976 εει.
1409 3924 1579 3971 totam
1606 3915 1757 3972 illam
1784 3918 2059 3972 civitatem
2091 3914 2217 3970 illu-

616 4010 835 4065 minans
886 4009 1079 4082 (Apoc.
1151 4026 1265 4075 xxi,
1320 4010 1458 4079 23);
1512 4018 1598 4065 est
1657 4010 1802 4065 enim
1872 4011 1962 4065 lux
2034 4006 2222 4064 mundi

620 4101 812 4173 (Joan.
840 4114 957 4163 vm.
987 4098 1120 4171 12):
1141 4116 1248 4156 non
1277 4102 1463 4171 utique
1482 4101 1571 4156 lux
1601 4101 1852 4165 visibilis,
1878 4100 1973 4156 sed
2011 4101 2225 4155 anima-

621 4206 766 4260 rum,
790 4206 915 4263 qua:
938 4194 990 4247 in
1015 4191 1119 4246 hoe
1142 4192 1343 4246 mundo
1366 4199 1512 4259 sunt,
1540 4191 1901 4263 intelligihilis
1932 4190 2221 4255 claritudo,

2320 3273 2532 3338 cebras,
2560 3280 2615 3328 et
2639 3272 2938 3341 sumpseris
2982 3282 3131 3325 arma
3162 3268 3259 3325 Dei
3307 3268 3605 3323 adversum
3645 3259 3901 3337 spiritales

2320 3366 2614 3435 nequitias,
2649 3373 2705 3419 et
2740 3364 2997 3419 astutiam
3026 3356 3249 3429 diaboli,
3272 3362 3364 3433 qui
3404 3356 3681 3431 pertentat
3725 3364 3903 3412 sensus

2320 3462 2541 3513 nostros
2572 3456 2763 3512 fraude
2789 3471 2852 3510 ac
2894 3454 3059 3522 dolo;
3094 3464 3120 3503 κ
3147 3464 3308 3527 quem
3338 3460 3667 3509 mansuetos
3694 3447 3903 3505 bellator

2322 3549 2482 3606 facile
2512 3550 2764 3621 proterit,
2796 3548 2886 3619 qui
2917 3563 3023 3603 non
3055 3560 3201 3605 serat
3226 3548 3425 3619 jurgia,
3464 3546 3566 3603 sed
3596 3547 3732 3602 sicut
3762 3534 3902 3598 decet

2321 3658 2541 3701 servum
2575 3642 2941 3709 Domini,cum
2974 3641 3241 3697 modestia
3268 3640 3427 3695 ﬁdem
3478 3624 3699 3704 doceat,
3726 3646 3775 3692 et
3814 3642 3897 3688 eos

2323 3736 2413 3808 qni
2447 3732 2826 3798 adversantur,
2859 3732 3171 3803 redarguat.
3209 3732 3283 3787 De
3310 3731 3414 3787 hoc
3453 3729 3591 3787 dicit
3616 3729 3894 3797 Scriptura:

2328 3829 2430 3896 Qui
2458 3836 2759 3882 mansuetus
2790 3834 2865 3881 eat
2897 3869 2913 3896 ,
2940 3824 3162 3881 bellator
3187 3832 3430 3896 exsurgat
3456 3818 3625 3894 (doct
3650 3826 3731 3887 in,
3748 3817 3825 3889 9),
3852 3822 3899 3869 εἰ

2325 3922 2579 3979 inﬁrmus
2599 3919 2746 3976 dicat
2776 3937 2791 3973 :
2816 3918 3007 3974 Omitto
3033 3930 3242 3991 possunt
3262 3919 3319 3972 in
3345 3930 3425 3983 eo,
3452 3917 3546 3987 qui
3566 3931 3646 3971 me
3662 3915 3902 3983 conferta?

2330 4010 2774 4089 (prhu.rv,ts).

2397 4105 2492 4163 25.
2536 4104 2651 4162 liae
2679 4105 2782 4161 ﬁde
2811 4104 2982 4161 t'retus
3023 4104 3188 4161 etiam
3224 4104 3313 4175 qui
3356 4102 3608 4158 infirmus
3649 4109 3749 4177 est,
3778 4104 3899 4167 pra:-

2329 4198 2553 4267 valebit,
2582 4204 2637 4254 et
2677 4198 2787 4254 erit
2831 4207 3019 4253 sancta
3069 4197 3250 4253 anima
3292 4197 3435 4267 'ejus,
3480 4204 3537 4251 et
3567 4184 3901 4250 stillabuhtri

621 4289 819 4358 quibus
868 4300 927 4343 sc
967 4287 1272 4358 splendenti
1318 4287 1539 4342 'luminc
1597 4282 1942 4342 rationabilis
1993 4284 2227 4342 inlimdit
2328 4298 2543 4349 montes
2573 4288 2878 4363 prephetici
2910 4289 3059 4364 (Joel
3083 4306 3177 4359 ιιι,
3206 4286 3329 4361 18),
3369 4282 3455 4345 vel
3488 4278 3769 4360 apostolici
3796 4278 3900 4337 dol-

623 4381 951 4451 prudentite,
974 4389 997 4416 ε
1017 4379 1339 4449 prmdicatur
1358 4379 1412 4434 in
1437 4379 1731 4450 Evangelio
1750 4378 1905 4448 (Luc.
1923 4395 2072 4445 xxiv,
2098 4378 2223 4451 32),

620 4474 965 4542 incorporei:
997 4470 1213 4530 virtutis
1235 4470 1579 4526 inflammatis
1604 4484 1805 4541 vapore
1836 4479 2045 4527 secreta
2073 4486 2226 4528 men-

625 4572 757 4627 tium
791 4568 1208 4638 animorumque
1240 4566 1571 4637 penetralia.

692 4662 787 4718 2|.
830 4660 887 4717 Si
917 4660 1037 4733 quis
1068 4658 1232 4731 igitur
1256 4658 1438 4715 incola
1480 4672 1603 4715 esse
1648 4659 1880 4731 emperit
1907 4660 2052 4717 illius
2094 4662 2225 4719 civi;-

623 4757 755 4811 tatis
792 4767 1064 4824 supernae,
1099 4752 1275 4807 incola
1308 4748 1563 4807 videlicet
1583 4751 1997 4809 conversatione
2020 4766 2083 4809 ac
2103 4768 2222 4811 mo-

627 4850 804 4916 ribus,
834 4862 942 4902 non
973 4845 1219 4901 discedat
1255 4846 1323 4902 ab
1353 4862 1440 4915 ea,
1476 4864 1583 4903 non
1614 4855 1806 4913 exeat;
1840 4864 1947 4904 non
1978 4848 2223 4905 reﬂectat

629 4942 939 5014 vestigium,
971 4955 1081 4997 non
1112 4940 1363 5012 corporis
1382 4936 1531 5008 ‘dico,
1558 4941 1657 4999 sed
1684 4942 1888 4999 mentis
1908 4943 2219 5016 vestigium,

704 5092 729 5119 ι
772 5080 916 5157 Edit.
953 5090 1102 5157 _vet.,
1143 5081 1273 5150 Quw
1296 5082 1738 5157 majqrpoluptat
1782 5094 1878 5149 est,
1905 5099 2060 5157 quam
2086 5083 2225 5157 quod

630 5153 678 5211 is
697 5156 781 5226 qui
802 5152 1056 5226 viderit...
1074 5144 1546 5226 gusiaverit?'0uid
1562 5144 1748 5226 potest,
1777 5144 1886 5212 etc'.
1915 5144 2036 5211 illis
2064 5144 2228 5226 eiiam

635 5222 868 5283 accedit.
897 5224 1057 5279 Rom.
1078 5222 1193 5279 'nisi
1211 5226 1357 5295 quod
1385 5222 1572 5352 habes,
1602 5243 1758 5297 quam
1793 5243 1907 5280 cum
1931 5226 2049 5296 quia
2074 5222 2129 5279 id
2154 5225 2230 5280 ui-

639 5299 771 5352 derit
797 5297 1030 5352 :tnelius
1060 5311 1190 5351 vero
1213 5297 1422 5351 eXarati
1455 5311 1518 5351 co
1564 5337 1578 5350 .
1608 5308 1744 5352 onus
1774 5306 1831 5352 et
1854 5300 2152 5352 sequimur.

639 5299 771 5367 derit
797 5297 1030 5353 :tnelius
1060 5311 1190 5351 vero
1213 5297 1422 5351 exarati
1455 5297 1578 5352 cod.
1608 5308 1744 5367 quos
1774 5306 1831 5353 et
1854 5300 2152 5367 sequimur.

710 5366 741 5407 b
782 5366 911 5423 Mss.
943 5370 1168 5440 aliquot,
1201 5377 1251 5423 et
1283 5371 1415 5440 uelut
1446 5385 1576 5440 uana
1626 5366 1871 5440 refellas;
1912 5366 2153 5440 quidam,
2185 5378 2234 5424 et

638 5458 771 5496 vano
796 5441 926 5493 veris
949 5434 1139 5510 (uritis,
1165 5434 1308 5508 vere)
1333 5438 1573 5510 refellas;
1598 5434 1798 5494 rectius
1820 5434 2015 5504 alii.'et
2043 5454 2235 5494 omnes

641 5513 799 5572 edit.,
830 5522 873 5563 et
886 5525 1016 5563 uana
1038 5512 1167 5578 veri,
1195 5510 1408 5577 etc.,de
1435 5526 1535 5580 qua
1561 5512 1829 5565 locutione
1844 5512 1955 5580 jq‘nt
1981 5511 2235 5566 diximus.

1929 5579 1979 5635 ie
2008 5585 2240 5636 vertitur

648 5656 716 5709 ah
740 5651 1047 5724 Ambrosio,
1093 5654 1355 5724 majorem
1387 5650 1676 5722 quamdam
1708 5650 1995 5719 emphasin
2040 5650 2241 5711 habere

653 5727 901 5776 utist'rvat
925 5718 1197 5787 Nannius;
1230 5739 1352 5778 cum
1396 5718 1534 5777 idem
1558 5732 1715 5776 sonet
1755 5718 1917 5789 atoue
1955 5724 2242 5779 excordia-

653 5791 928 5856 sti:quod
967 5804 1121 5846 vetus
1168 5794 1438 5863 interpres
1492 5791 1746 5857 reddidit,
1808 5791 2105 5849 Vulneraui
2155 5810 2243 5849 cor

724 5593 760 5658 0_
788 5582 1036 5658 Graecum
1068 5583 1290 5658 verbum
1318 5580 1681 5658 ἐκταρδίωςας,
1706 5581 1848 5658 quod

2328 4387 2599 4456 cediuem,
2654 4398 2709 4443 et
2764 4385 2931 4442 colles
2986 4384 3160 4442 ﬂuent
3209 4385 3292 4440 lac
3322 4401 3337 4441 :
3368 4383 3545 4455 qualis
3594 4383 3686 4439 ille
3736 4376 3898 4439 ‘collis.

2329 4484 2419 4552 qui
2450 4480 2607 4536 lactis
2629 4490 2813 4550 potum
2840 4476 3144 4534 Corinthiis
3184 4474 3344 4534 dabat
3377 4472 3576 4550 (lCor.
3623 4482 3707 4543 ιη,
3728 4466 3822 4544 2);
3850 4474 3898 4523 εί

2253 4540 2305 4619 Ϊ)
2333 4540 2501 4629 liuent
2526 4572 2582 4629 ei
2612 4540 2767 4642 aqua:
2793 4571 2863 4628 de
2889 4573 3003 4627 suis
3031 4570 3197 4639 vasis,
3217 4580 3273 4627 et
3295 4570 3364 4626 de
3386 4540 3901 4641 ‘puteorum'suorum

2334 4665 2573 4722 fontibus
2606 4682 2618 4718 :
2647 4663 2732 4720 vel
2756 4662 2824 4719 de
2854 4666 3045 4721 Ventre
3078 4664 3204 4735 ‘ejtis
3247 4664 3401 4734 aquae
3441 4663 3600 4729 vivae,
3653 4656 3902 4730 spiritales

2332 4754 2586 4813 videlicet
2616 4762 2751 4829 quas
2778 4752 3032 4812 ﬁdelibus
3071 4756 3188 4811 suis
3210 4752 3448 4826 Spiritus
3474 4748 3695 4809 sanctus
3725 4743 3901 4803 minis-

2336 4859 2461 4931 trat,
2510 4849 2600 4921 qui
2632 4851 2795 4931 etiam
2842 4850 3080 4905 animam
3128 4859 3270 4904 tuam
3319 4848 3571 4920 dignetur
3621 4845 3811 4915 rigare.
3855 4844 3902 4889 υῑ

2327 4927 2570 4999 υἱιύηὰει
2593 4941 2648 4998 in
2669 4952 2727 4999 te
2750 4930 2878 4997 lous
2905 4946 3061 5013 aqua:
3089 4940 3332 4997 salientis
3358 4941 3413 4995 in
3442 4932 3607 4994 vitam
3636 4927 3896 4992 εἰει-ηοω.

2330 5098 2522 5138 meum.
2548 5091 2659 5138 εις.
2916 5134 2921 5138 Α
3670 5126 3673 5131 .

2404 5122 2837 5219 ῖᾚνὲἷῶιᾱαηε,
2881 5134 2934 5209 id
2979 5160 3090 5218 est,
3138 5152 3263 5207 ante
3307 5148 3445 5225 alios
3486 5126 3715 5225 tentoria
3737 5133 3896 5225 δαίς]-

2334 5238 2489 5298 guut,
2522 5237 2579 5281 et
2623 5241 2721 5282 eos
2745 5215 3147 5298 custodiissuis
3176 5216 3423 5298 cingunt,
3448 5215 3507 5298 ut
3528 5217 3669 5298 scite
3692 5215 3894 5298 annois:

2338 5289 2420 5352 itit
2448 5292 2708 5361 Nannius,
2741 5308 2797 5353 et
2818 5298 2930 5367 jam
2956 5294 3153 5351 alicubi
3184 5310 3212 5348 a
3239 5289 3397 5349 nobis
3425 5289 3763 5346 obaer'vatttm
3789 5289 3893 5334 0556

2342 5370 2711 5425 meminimus.
3460 5422 3465 5429 ,

2421 5444 2443 5510 (ξ
2482 5436 2659 5510 Edit.,
2678 5450 2724 5493 et
2751 5449 2805 5493 ut
2834 5438 3150 5510 pradicatur
3169 5436 3222 5491 in
3248 5431 3547 5510 Quongelt'o.
3722 5494 3754 5505 Ι.

2425 5507 2442 5545 τ
2480 5484 2730 5577 Plerique
2753 5484 2911 5575 mss,
2934 5508 3272 5581 cogitationes
3288 5484 3464 5581 inuitae}
3486 5502 3585 5581 non
3603 5484 3887 5581 traniibtttt‘l;

2350 5597 2511 5647 unus,
2551 5573 2654 5636 non
2671 5573 2955 5650 transeant,
2983 5573 3026 5636 ii
3050 5578 3222 5637 aufem
3247 5573 3641 5650 sanctiﬁcaveris
3663 5586 3679 5622 :
3699 5574 3885 5650 coglol‘If'

2350 5653 2472 5724 nius
2495 5628 2631 5724 itero
3508 5643 3611 5724 nisi
3637 5628 3767 5709 qunti
3795 5636 3881 5683 vel.

2349 5723 2478 5780 edit.
2513 5722 2733 5790 habent,
2760 5724 3106 5790 suscitaverit,
3130 5724 3226 5793 pro
3252 5718 3656 5793 sancti/icaveris.

2426 5804 2449 5843 Β
2492 5780 2743 5851 Nonnulli
2774 5809 2927 5861 mss.,
2958 5780 3108 5864 queui
3132 5780 3342 5848 inanem
3370 5780 3504 5845 tvéttts
3528 5780 3751 5839 bellatoi.
