4040 6166
197 317 335 375 ’061

1416 321 1906 381 EPISTULARUM
1947 321 2228 383 CLASSIS
2269 327 2308 380 Ι.

3376 334 3514 388 100i!

187 430 395 501 (Joan.
431 445 508 498 tv,
536 431 602 485 Η
627 430 667 503 ).
713 431 867 500 Vale,
902 443 958 489 et
989 450 1084 489 u0s
1113 444 1138 472 ⁸
1162 445 1220 490 ιιι
1274 436 1416 494 lilius
1449 439 1645 511 dilige;
1679 442 1802 513 quia
1832 449 1880 505 Α
1910 443 2083 497 sancti
2110 443 2162 496 in
2194 443 2492 510 montibus,
2524 443 2804 500 critniuosi
2831 445 2882 499 in
2914 446 3182 512 vallibus;
3210 448 3350 504 Deus
3380 453 3515 505 enim

184 539 296 580 nos
318 533 371 580 te
402 533 461 579 ut
495 533 750 595 parentes
795 525 1091 598 diligimus.

687 639 716 680 ι)
761 631 1100 699 EPlSTOLA
1142 635 1314 700 XXX.

187 756 356 812 Docet
380 774 483 811 non
507 751 848 812 habitandum
877 759 931 812 in
959 761 1083 814 locis
1111 761 1368 830 depressis
1391 779 1533 818 more
1565 764 1802 818 ἱκέται-ἑο-

261 867 460 914 sorum,
493 853 588 904 sed
616 860 918 904 sanctorum
946 852 1116 906 instar
1136 854 1192 907 in
1218 853 1545 922 editioribus,
1573 854 1658 909 ubi
1677 857 1804 910 tedi-

265 945 534 1014 ﬁcandum
567 956 640 1000 est
687 935 932 1015 templum
978 946 1220 1010 Domino,
1268 947 1462 1002 scilicet
1491 950 1542 1001 in
1574 951 1802 1020 propriis

263 1039 539 1092 mentibus.
573 1041 619 1092 A
646 1039 930 1093 luxuriosis
963 1057 1063 1094 non
1116 1042 1371 1112 (ediﬁcari
1403 1045 1498 1096 Itoc
1530 1044 1796 1114 templum,

260 1135 412 1204 cujus
435 1134 700 1206 fastigium
749 1135 1006 1201 wquitatis
1035 1151 1130 1203 ope
1158 1137 1412 1188 metimur.
1463 1135 1690 1202 Quinam
1715 1151 1794 1190 se-

264 1227 450 1294 pulcra
479 1235 730 1295 negantur
751 1226 850 1279 sibi
875 1225 1116 1291 condere,
1136 1236 1182 1280 et
1202 1228 1479 1281 ascendere
1505 1228 1560 1281 in
1585 1227 1798 1281 domum

261 1319 395 1383 Dei;
426 1336 586 1390 quove
613 1328 764 1388 pacto
791 1321 860 1373 ad
885 1320 1188 1374 struendam
1215 1336 1350 1386 eam,
1369 1337 1472 1390 qua
1498 1321 1675 1387 minis,
1698 1337 1798 1389 qua

271 1415 539 1483 promissis
563 1413 904 1468 excitantur?

580 1541 874 1582 AIBBOSIUS
905 1541 1118 1582 meum
1155 1527 1408 1582 salutem.

268 1642 318 1696 i.
361 1639 464 1696 Ubi
487 1639 827 1707 superiorem
850 1639 1062 1695 absolvi
1087 1639 1394 1710 epistolam,
1421 1644 1475 1695 et
1514 1641 1796 1710 perferen-

187 1732 318 1786 dam
364 1731 463 1785 tibi
515 1730 736 1794 tradidi,
771 1731 921 1786 venit
944 1732 1000 1786 in
1041 1743 1279 1786 mentem
1328 1731 1460 1785 illud
1513 1731 1656 1802 quod
1691 1731 1796 1785 Do-

1912 535 2164 588 montium
2197 547 2270 589 est
2292 578 2305 598 ,
2337 546 2384 590 et
2409 535 2551 590 nonf
2584 533 2725 592 Deus
2749 535 2965 592 vallium
3000 541 3088 611 (ΙΙΙ
3114 540 3242 611 Reg.
3277 559 3366 607 xx,
3393 544 3508 615 ‘20).

1980 623 2034 680 5.
2083 626 2182 693 Qui
2216 643 2346 697 ergo
2393 627 2521 693 illic,
2556 629 2604 682 id
2637 641 2741 693 est,
2774 631 2824 683 in
2874 630 3128 686 domibus
3190 634 3510 690 habitabant

1909 719 2288 787 vallestribus,
2340 722 2394 776 in
2432 721 2628 790 quibus
2669 739 2776 777 nou
2826 721 3034 779 habitat
3077 716 3253 791 Deus;
3288 727 3508 781 domum

1913 807 2012 866 Dei
2047 813 2096 866 in
2121 827 2180 866 se
2229 813 2428 870 habere
2461 831 2564 870 non
2600 826 2872 886 poti-rant;
2902 818 3042 872 hanc
3081 820 3223 872 enim
3247 819 3510 874 Dominus

1907 905 2184 972 quaerebat
2221 907 2289 959 ab
2335 906 2442 961 illis
2493 907 2738 976 domum,
2773 920 2829 962 ut
2869 923 3041 966 semet
3093 912 3242 981 ipsos
3272 910 3507 966 mdiﬁca-

1907 1007 2062 1063 rent,
2096 1009 2257 1069 atque
2287 1001 2425 1055 intra
2457 1017 2517 1057 se
2567 991 2662 1057 Dei
2705 1004 2964 1074 templqu
2996 1005 3130 1059 vivis
3160 1006 3287 1060 lidei
3319 1005 3511 1075 lapidi-

1905 1090 2005 1145 bus
2035 1091 2367 1148 attollerent.
2408 1089 2594 1165 Neque
2642 1097 2786 1151 enim
2845 1108 3182 1152 terrenarum
3243 1101 3508 1167 parietum

1903 1179 2372 1249 Constructioues,
2407 1198 2462 1241 et
2492 1187 2824 1243 silvestrium
2861 1199 2884 1236 8
2915 1189 3056 1260 ligna
3085 1191 3386 1245 culminum
3414 1194 3509 1247 de-

1903 1275 2197 1341 siderabat,
2219 1296 2336 1348 quae
2360 1294 2480 1332 cum
2517 1281 2763 1348 fuissent,
2789 1297 2982 1337 manus
3003 1284 3505 1339 dirueretbostilis:

1902 1367 1997 1422 sed
2019 1367 2152 1425 illud
2184 1371 2442 1440 templum
2472 1373 2773 1442 quaerebat,
2805 1375 2949 1442 quod
2981 1376 3033 1429 in
3067 1375 3345 1431 hominum
3375 1391 3508 1431 con-

1902 1463 2128 1521 deretur
2159 1453 2451 1532 mentibus,
2485 1469 2682 1537 quibus
2715 1469 3005 1524 dicendum
3031 1468 3170 1525 foret
3199 1489 3211 1522 :
3257 1470 3354 1525 Vos
3385 1473 3506 1525 estis

1903 1557 2152 1625 templum
2186 1555 2283 1612 Dei
2307 1556 2346 1629 (l
2372 1556 2490 1612 Cor.
2523 1567 2599 1622 ιιι,
2638 1559 2746 1630 l6);
2781 1549 2833 1613 iu
2879 1576 2986 1630 quo
3016 1561 3289 1616 habitaret
3319 1562 3504 1616 Domi-

1901 1663 2003 1702 nus
2028 1647 2206 1717 Jesus,
2242 1659 2295 1703 et
2345 1649 2487 1704 unde
2526 1651 2592 1705 ad
2650 1651 3081 1721 redemptionem
3126 1654 3502 1710 universnrum

1901 1745 2245 1809 procederet,
2281 1750 2340 1796 ut
2389 1744 2440 1796 in
2485 1754 2640 1798 utero
2683 1744 2922 1816 Virginis
2958 1760 3111 1800 sacra
3169 1749 3507 1817 reperiretur

187 1825 378 1880 minus
409 1825 464 1878 in
489 1831 655 1878 manu
685 1815 865 1894 Απωῖ
899 1824 1180 1894 propheta)
1210 1825 1421 1880 loculus
1449 1835 1534 1880 05!.
1565 1825 1753 1880 dicens
1780 1844 1794 1877 :
1829 1841 1873 1905 Β
1900 1822 2044 1899 aula,
2089 1827 2142 1889 in
2180 1852 2282 1904 qua
2327 1823 2439 1890 Rex
2499 1815 2798 1892 habitaret)
2827 1839 3182 1906 C(Blesliuln,~
3213 1815 3269 1896 et
3308 1857 3509 1913 corpus

190 1917 257 1974 Si
285 1927 483 1986 tempus
519 1916 663 1971 vobis
693 1926 768 1971 est
808 1927 864 1970 ut
910 1916 1152 1972 habitetis
1187 1929 1209 1956 ο
1242 1919 1295 1972 in
1332 1918 1570 1972 domibus
1595 1919 1795 1972 'ca’latis

189 2009 410 2082 (Aggte.
437 2027 479 2075 ι,
501 2015 536 2063 4
551 2009 597 2080 )?
613 2009 753 2076 Quid
776 2023 905 2080 ergo
925 2010 1071 2065 istud
1096 2019 1200 2077 est,
1224 2009 1323 2066 nisi
1353 2013 1403 2064 in
1423 2010 1797 2081 superioribus

190 2105 573 2170 habitandum,
607 2119 716 2159 non
745 2104 798 2158 in
831 2104 1182 2160 vallestribus
1213 2117 1264 2160 et
1295 2106 1668 2161 subterraneis
1697 2103 1792 2158 lia-

191 2197 479 2254 bitaculis?
515 2200 616 2264 Qui
647 2195 792 2253 enim
817 2197 954 2252 infra
987 2206 1183 2253 terram
1219 2199 1487 2265 habitant,
1520 2215 1623 2252 nou
1674 2213 1795 2268 pos-

190 2300 323 2346 sunt
367 2290 635 2347 tediﬁcare
681 2292 946 2362 templum
1005 2291 1124 2357 Dei,
1156 2301 1211 2346 et
1252 2291 1477 2347 dicunt:
1513 2291 1632 2346 Non
1664 2295 1798 2347 venit

192 2391 393 2454 tentpus
413 2395 469 2436 ut
496 2383 777 2452 ludiﬁcetur
799 2383 979 2438 domus
1013 2381 1222 2438 Domini
1256 2382 1455 2456 (Μήτι,
1483 2382 1588 2454 2);
1637 2377 1798 2438 simul

192 2477 320 2546 quia
353 2474 382 2511 ἀ
409 2476 811 2531 luxuriosorum
845 2489 925 2530 εει
954 2476 1213 2548 hypogzea
1253 2481 1527 2546 'quai‘rere,
1576 2477 1800 2545 'captan-

191 2570 330 2625 tium
366 2569 537 2640 frigus
566 2570 839 2638 asstivum,
870 2584 936 2625 eo
959 2571 1104 2638 quod
1139 2569 1362 2625 resOluti
1392 2568 1607 2625 deliciis
1633 2576 1801 2624 aestus

193 2659 356 2716 aliter
381 2661 524 2716 terre
551 2675 613 2716 ac
645 2660 880 2716 tolerare
908 2675 1015 2716 non
1044 2671 1267 2731 queant,
1293 2669 1347 2716 et
1366 2659 1491 2716 ideo
1517 2662 1801 2731 requirant

191 2753 452 2808 umbrosa
469 2753 802 2823 penetralia:
824 2757 904 2809 vel
925 2756 1068 2825 quod
1088 2755 1348 2811 desidiOsi
1373 2757 1560 2826 ignava
1577 2756 1677 2812 sub
1699 2759 1804 2811 te'r-

191 2849 274 2904 ris
301 2859 462 2919 agant
487 2849 596 2903 otia
621 2867 633 2902 :
660 2849 856 2904 deinde
883 2848 1025 2920 quod
1053 2852 1342 2905 tenebrosa
1377 2841 1499 2905 illos
1525 2861 1578 2906 et
1632 2855 1797 2922 opaca

195 2940 470 2996 delectent
525 2941 716 3012 magis,
759 2943 953 3012 quibus
991 2939 1154 3015 911
1199 2943 1400 3013 Operiri
1448 2941 1650 3014 ﬂagitia
1703 2959 1799 2997 sua

193 3033 446 3099 credant,
474 3033 767 3088 secundum
796 3033 930 3088 illud
969 3055 979 3087 :
1009 3031 1259 3090 Tenebrw
1289 3038 1614 3090 circumdant
1641 3043 1720 3089 me
1752 3048 1803 3090 ut

197 3126 438 3197 parietes,
469 3141 618 3194 quem
648 3141 823 3181 vereor
852 3128 870 3198 (
896 3123 1042 3182 Eccl.
1089 3145 1243 3195 χχιιι,
1268 3126 1404 3200 9.6)?
1451 3130 1558 3184 Sed
1601 3120 1800 3184 l‘rustra

1903 1925 2202 1981 humanum
2230 1929 2319 1981 Dei
2348 1929 2605 1998 templum
2637 1929 2812 1997 lieret;
2839 1932 2982 2002 quod
3008 1933 3199 2001 etiam,
3219 1949 3341 1990 cum
3363 1937 3512 1991 solu-

1905 2031 2016 2076 tum
2048 2031 2215 2086 esset,
2248 2021 2301 2076 in
2329 2023 2509 2078 triduo
2537 2026 2976 2081 resuscitaretur.

1973 2103 2026 2167 4.
2085 2113 2188 2168 Sed
2224 2115 2361 2168 hanc
2389 2114 2610 2169 domum
2648 2117 2918 2172 luxuriosi
2952 2134 3057 2173 non
3090 2121 3384 2189 aediﬁcant,
3419 2123 3508 2192 qui

1903 2206 2125 2262 (ablatas
2147 2206 2453 2261 inhabitant
2477 2208 2669 2282 domos
2699 2210 2904 2282 (Aggee.
2936 2227 2977 2276 ι,
3002 2209 3083 2281 4),
3116 2225 3168 2267 et
3197 2215 3389 2270 cauato
3416 2231 3509 2271 ar-

1903 2309 2066 2369 gento
2090 2299 2459 2367 delectantur;
2488 2301 2675 2356 sordet
2698 2303 2841 2357 enirn
2862 2304 2972 2359 illis
2991 2321 3183 2374 purqu
3200 2319 3506 2376 argentum,

1905 2393 1977 2446 ita
2002 2403 2055 2446 et
2081 2393 2201 2473 istis
2223 2393 2412 2449 sordet
2457 2393 2722 2464 simplicis
2774 2395 3127 2453 habitationis
3159 2401 3309 2455 locus
3334 2401 3507 2473 (Es-ai.

1905 2500 1959 2549 v,
1987 2483 2063 2555 8).
2097 2471 2327 2540 Sinuant
2373 2487 2546 2556 spatia
2578 2488 2866 2544 domorum
2890 2530 2908 2557 ,
2953 2502 3002 2546 et
3037 2471 3350 2563 adiiciendo
3374 2495 3511 2565 adji-

1905 2577 2071 2641 ciunt,
2097 2578 2487 2647 conjungentes
2515 2581 2738 2635 domum
2763 2582 2828 2637 ad
2857 2584 3103 2648 domum,
3135 2594 3190 2640 et
3216 2586 3400 2642 villam
3437 2589 3504 2643 ad

1907 2669 2086 2723 \‘illatn
2120 2710 2134 2735 ,
2183 2669 2446 2726 ell'odiunt
2504 2682 2740 2739 terram;
2793 2685 2848 2730 ut
2901 2676 3236 2732 elementum
3292 2695 3512 2750 quoque

1907 2775 2097 2816 eorum
2121 2761 2277 2816 cedat
2314 2753 2682 2830 habitaculis,
2738 2777 2792 2821 et
2819 2768 2971 2836 quasi
3021 2779 3182 2823 terrae
3227 2770 3319 2824 ﬁlii
3373 2773 3512 2826 intra

1907 2853 2025 2922 ejus
2056 2855 2424 2910 recondantur
2456 2869 2692 2924 uterum,
2728 2870 2782 2913 et
2810 2860 3217 2918 abscondantur
3238 2865 3383 2918 alvo.
3421 2865 3511 2919 lsti

1909 2949 2071 3018 plane
2092 2955 2238 3016 sunt,
2263 2950 2331 3006 de
2367 2953 2565 3021 quibus
2616 2953 2747 3008 dicit
2783 2953 3121 3011 Hieremias:
3159 2957 3203 3011 0
3233 2961 3320 3029 qui
3346 2959 3515 3029 wdiﬁ-

1910 3053 2027 3098 cant
2056 3044 2265 3099 domum
2297 3062 2442 3099 suam
2475 3063 2578 3101 non
2605 3063 2718 3100 cum
2740 3049 2950 3119 justitia
2975 3047 3189 3118 (Jerem.
3220 3067 3355 3118 χχιι,
3384 3051 3470 3123 15)
3496 3055 3508 3106 !

1910 3135 2014 3204 Qui
2043 3139 2188 3193 enim
2220 3155 2342 3196 cum
2369 3142 2576 3210 justitia
2602 3141 2866 3211 aediﬁcat,
2901 3159 3005 3198 non
3036 3144 3089 3198 iu
3125 3149 3355 3201 terrenis
3381 3147 3512 3202 tudi-

193 3219 304 3276 hoc
328 3227 571 3292 sperant,
600 3237 719 3277 cum
748 3224 1010 3294 profunda
1035 3225 1215 3296 abyssi
1240 3237 1293 3279 ct
1315 3226 1631 3280 abscondita
1656 3223 1800 3280 Deus
1831 3235 1876 3297 ρ
1909 3231 2056 3296 fleat,
2082 3234 2176 3287 sed
2207 3233 2260 3288 in
2284 3235 2620 3292 caelestibus.

195 3325 414 3381 cernat,
469 3325 524 3371 et
575 3320 756 3372 omnia
824 3317 1223 3388 deprehendat,

191 3409 371 3483 (Sep.
397 3427 514 3478 vm,
549 3411 638 3481 8).

273 3506 328 3559 ‘2.
371 3503 441 3561 At
472 3523 576 3561 non
611 3507 756 3563 Elias
787 3510 837 3562 in
873 3505 1170 3580 hypOgaris,
1211 3524 1315 3563 non
1339 3505 1566 3565 Elisazus
1595 3501 1806 3563 habita-

197 3601 354 3655 bant.
411 3599 650 3670 Denique
700 3602 836 3656 alter
867 3611 1140 3656 mortuum
1172 3602 1346 3656 vidum
1381 3601 1548 3656 lilium
1581 3597 1701 3654 tulit
1735 3602 1804 3653 ad

202 3693 507 3761 superiora,
543 3694 594 3747 in
624 3694 822 3762 quibus
873 3705 1231 3750 consueverat
1253 3696 1474 3762 sedere,
1505 3705 1558 3749 et
1583 3694 1655 3748 ibi
1679 3709 1802 3748 eum

199 3787 546 3841 resuscitavit
576 3787 678 3855 (Ill
712 3787 840 3856 Reg.
872 3803 1004 3855 xvtt,
1028 3785 1122 3857 ‘22)
1149 3806 1161 3841 :
1193 3787 1346 3840 alteri
1382 3803 1595 3856 quoque
1634 3786 1803 3841 Suna-

202 3878 350 3934 mitis
399 3878 491 3933 illa
543 3889 732 3948 magna
787 3879 1016 3945 mulier,
1061 3889 1117 3932 ut
1172 3877 1450 3948 Scriptura
1486 3880 1805 3932 testilicatur

205 3970 297 4040 (IV
327 3969 458 4043 Reg.
487 3986 561 4035 tv,
593 3969 659 4023 16
696 3978 742 4021 et
787 3973 941 4040 seq.),
973 3971 1026 4024 in
1085 3969 1460 4038 superioribus
1508 3967 1802 4038 hospitium

201 4064 432 4133 paravit,
468 4071 523 4116 et
554 4061 624 4114 ibi
658 4060 1028 4129 concipieudw
1059 4062 1298 4127 sobolis,
1339 4059 1461 4130 quia
1499 4075 1605 4113 non
1640 4058 1806 4115 habe-

195 4157 324 4219 bat,
370 4154 570 4210 merui't
602 4155 1049 4224 praerogativam,
1107 4153 1463 4223 ejusdemque
1499 4153 1803 4207 resuscitati

197 4249 443 4319 pignoris
477 4247 610 4302 vidit
647 4247 932 4301 miracula.
964 4245 1104 4314 Quid
1159 4237 1226 4300 de
1257 4243 1416 4300 Petro
1462 4245 1659 4309 dicam,
1713 4245 1801 4316 qui

203 4353 228 4381 ε
259 4343 324 4398 ad
353 4343 544 4397 horam
597 4350 804 4398 sextam
836 4340 1136 4396 ascendens
1183 4339 1234 4394 in
1284 4338 1596 4409 superiora,
1631 4338 1807 4408 bapti-

199 4436 498 4490 zandarum
548 4435 790 4504 gentium
845 4434 1099 4505 cognovit
1155 4432 1414 4504 mysteria
1461 4432 1620 4502 (Act.
1668 4447 1731 4497 κ,
1771 4431 1805 4486 9

202 4539 250 4583 et
281 4544 385 4599 seq.
415 4525 455 4598 ).
487 4527 555 4581 At
586 4541 714 4582 vero
746 4527 1014 4597 parricida
1043 4525 1344 4582 Abessalon
1388 4526 1439 4579 iu
1471 4524 1610 4580 valle
1637 4523 1803 4594 Regis

1302 3315 1592 3390 antequam
1673 3317 1806 3373 ﬁant

1984 3326 2038 3380 5.
2085 3311 2426 3397 Ediﬁcasti,
2485 3330 2695 3400 inquit,
2756 3332 2990 3398 domum,
3024 3335 3205 3388 metire
3246 3336 3517 3408 superiora

1912 3422 2046 3490 ejus,
2076 3420 2358 3489 per/latitia
2388 3422 2626 3476 distincta
2655 3423 2920 3490 fenestris,
2954 3434 3001 3478 et
3036 3426 3333 3498 contignata
3365 3427 3519 3481 cedro

1913 3520 1959 3562 et
1986 3509 2119 3564 illita
2148 3514 2304 3566 minio
2338 3513 2535 3582 (lbid.,
2573 3513 2692 3585 14).
2723 3501 2939 3570 Metitur
2969 3528 3149 3573 autem
3199 3522 3515 3590 superiora,

1911 3603 2001 3670 qui
2031 3605 2708 3673 contemplatusjudicium
2745 3605 2862 3669 Dei,
2889 3606 3095 3674 judicat
3127 3608 3393 3674 judicium
3421 3609 3520 3664 ltu-

1913 3691 2077 3758 milis,
2109 3689 2165 3745 et
2189 3693 2448 3761 judicium
2475 3694 2750 3762 pauperis.
2781 3695 2882 3760 Qui
2905 3703 3083 3748 autem
3111 3695 3275 3766 912
3310 3699 3361 3751 in
3392 3711 3521 3752 ava-

1913 3783 2093 3837 ritiam
2140 3783 2406 3848 intendit,
2458 3794 2512 3839 et
2561 3787 2612 3838 in
2658 3789 2978 3856 sanguinem
3017 3789 3360 3856 innocentis,
3409 3797 3518 3847 "non

1913 3871 2145 3927 aediﬁcat
2169 3876 2452 3943 superiora
2473 3889 2596 3928 cum
2621 3875 2850 3944 judicio,
2881 3894 2978 3933 nec
3006 3895 3314 3936 mensuram
3350 3891 3518 3949 tcuet;

1913 3968 2036 4039 quia
2068 3984 2174 4022 non
2206 3965 2368 4022 habet
2399 3968 2710 4023 Christum:
2744 3986 2844 4024 nec
2874 3959 3121 4041 aspirare
3168 3975 3270 4029 sibi
3321 3977 3519 4034 divina:

1911 4057 2071 4114 ﬂatus
2094 4055 2345 4130 explorat
2365 4059 2574 4129 gratim,
2609 4075 2708 4115 nec
2735 4062 2880 4130 pleni
2910 4061 3137 4118 luminis
3167 4068 3517 4136 Splendetem

1912 4155 2177 4224 requirit:
2216 4165 2316 4207 nec
2346 4151 2481 4206 illita
2515 4151 2684 4208 minio
2717 4139 2881 4208 habet
2929 4160 3233 4224 etenacula,
3278 4165 3362 4215 cui
3408 4177 3515 4218 non

1914 4254 2095 4318 potest
2136 4245 2243 4300 dici
2271 4264 2284 4298 :
2318 4244 2468 4302 Sicut
2508 4245 2754 4301 resticula
2790 4247 3030 4301 coccinea
3061 4249 3199 4304 labia
3225 4247 3313 4305 tua
3337 4252 3515 4324 (Cant.

1912 4355 1984 4406 IV,
2017 4337 2094 4409 5).

1987 4427 2038 4486 6.
2095 4428 2220 4484 Non
2250 4430 2548 4502 sepelietur,
2584 4429 2781 4500 inquit,
2807 4425 3109 4504 hujusmodi
3137 4431 3351 4504 (Jerem.
3382 4452 3511 4502 xm,

1916 4526 2054 4596 19);
2087 4511 2177 4597 qui
2196 4523 2339 4580 enim
2373 4524 2556 4579 vivum
2588 4540 2648 4581 se
2675 4525 2776 4580 sub
2805 4533 3005 4581 terram
3049 4513 3262 4596 inludit,
3295 4540 3349 4584 et
3377 4540 3514 4584 tam-

198 4621 304 4678 sibi
333 4621 548 4675 titulum
581 4621 800 4686 statuit,
835 4627 889 4675 et
919 4620 970 4673 in
1003 4619 1203 4673 fossam
1242 4617 1517 4688 proiectus
1543 4627 1649 4684 est,
1679 4619 1804 4672 cum
1834 4623 1891 4684 Ι)
1916 4633 2073 4687 quam
2117 4617 2169 4670 in
2202 4616 2455 4685 sepulcro
2492 4617 2774 4687 sepelivit,
2809 4618 3005 4688 eripuit
3037 4618 3138 4674 sibi
3184 4633 3400 4679 mortuo
3429 4639 3516 4680 re-

199 4724 348 4771 esset
417 4725 728 4783 peremptus
781 4710 865 4784 (ιι
895 4709 1025 4783 Reg.
1061 4710 1377 4781 kvm,'l7).
1433 4711 1577 4780 Ergo
1630 4709 1804 4764 sancti

199 4806 584 4864 ascenduntad
610 4805 920 4872 Dominum,
940 4804 1194 4876 'ﬂagitios‘i
1214 4797 1281 4859 ad
1301 4806 1428 4860 vitia
1451 4801 1807 4869 descendunt;

278 5003 300 5031 ⁸
342 4991 540 5049 Ultima
572 4989 701 5046 edit.
739 4990 936 5054 Paris,
984 4998 1041 5044 ut
1070 4989 1204 5058 ﬁlios
1249 4987 1499 5061 dilige....
1535 4999 1587 5042 ut
1615 5005 1803 5061 paren-

232 5082 309 5120 em
343 5064 605 5134 diligiﬁms
640 5079 656 5116 :
687 5075 849 5117 sensu
875 5071 1226 5134 prmpostcro.

276 5141 306 5181 δ
345 5133 557 5202 Scripta
582 5137 726 5188 circa
758 5149 886 5186 ann.
920 5133 1045 5188 587.

279 5217 322 5286 ε-
342 5201 563 5286 Legitur
587 5207 638 5258 in
669 5205 882 5286 (ξιξερο,
912 5203 1136 5286 ἐνρῖκρξς·
1157 5204 1561 5286 macerat-mon,
1686 5211 1801 5286 est,

201 5280 259 5334 in
291 5271 542 5333 domibus
590 5277 828 5341 cavatis;
873 5276 1014 5330 unde
1060 5271 1298 5329 Nannius
1345 5271 1628 5329 existimat
1672 5272 1802 5326 Am-

199 5349 448 5405 brosium
481 5351 579 5419 p'e‘r
620 5348 865 5419 voce‘s‘in
906 5345 1140 5400 domibus
1194 5348 1412 5419 «elatis
1439 5345 1801 5419 significatum

200 5425 448 5475 voluisse
465 5415 521 5473 iit
544 5418 649 5474 illis
671 5417 880 5472 aedibus
901 5420 1286 5472 subterraneas
1312 5415 1480 5473 cellas
1502 5416 1804 5478 exstitisse.

201 5491 572 5549 Nihilominus
617 5500 796 5544 tamen
830 5489 971 5544 idem
1005 5491 1249 5559 agnoscit
1297 5487 1435 5543 infra
1482 5489 1686 5542 dictum
1736 5486 1807 5540 ab

204 5563 519 5632 Ambrosio,
554 5561 734 5614 datnos
758 5561 987 5632 eiulatus,
1022 5570 1066 5614 et
1098 5571 1366 5631 argentum
1397 5560 1657 5632 (celatum.

279 5635 305 5706 ε)
347 5631 642 5706 Ηγροεωιι,
691 5635 866 5702 inquit
907 5631 1169 5706 Nannius,
1217 5633 1333 5706 loca
1394 5631 1803 5706 subterrc‘stria_,

206 5701 297 5759 ubi
329 5699 603 5773 caupones
630 5713 681 5756 et
708 5699 1023 5756 meretrices
1053 5699 1312 5773 Stabulari
1346 5705 1545 5773 Solgut,
1581 5715 1702 5770 quae
1737 5699 1809 5753 ob

204 5757 617 5831 similitudinem
648 5775 905 5826 cubiliuu'i
947 5772 1182 5826 lci-arum
1211 5771 1378 5825 lustra
1419 5757 1683 5824 “(minuitis
1715 5784 1810 5839 ap-

209 5846 505 5918 pellantur.
561 5845 816 5900 Meretrix
863 5853 1011 5899 certe
1056 5844 1359 5915 χαμαιτύση
1400 5845 1460 5898 ‘ct
1498 5844 1809 5916 χάμιτάίρις

1918 4710 2098 4780 quiem
2124 4707 2437 4777 sepultura).
2473 4707 2762 4776 Depositus
2793 4707 2973 4779 itaque
3007 4710 3057 4762 iu
3083 4697 3227 4766 valle
3259 4727 3518 4784 corpora-

1913 4801 2049 4857 lium
2078 4799 2526 4868 delectationum,
2562 4816 2668 4856 non
2693 4801 2902 4857 invenit
2929 4799 3265 4873 sepulcrum,
3299 4806 3365 4862 de
3412 4824 3518 4878 quo

1911 4983 2250 5040 nominatur.

1988 5067 2010 5093 ο
2052 5055 2276 5112 Amerb.
2324 5072 2445 5113 cum
2480 5072 2614 5112 mss.
2667 5056 2914 5126 aliquot,
2964 5057 3032 5112 ad
3062 5059 3245 5114 horam
3299 5079 3510 5118 nonam.

1911 5128 2068 5194 Quod
2118 5140 2301 5184 autem
2354 5127 2608 5204 subditur
2656 5129 2946 5204 ascendens
2972 5132 3023 5184 in
3075 5136 3381 5204 superiora,
3444 5137 3516 5191 ibi

1910 5209 2070 5274 vetus
2115 5201 2455 5254 consuetudo
2484 5199 2797 5274 Judzeorum
2839 5199 3149 5268 indicatur;
3178 5199 3514 5274 superiorem

1913 5272 2110 5325 mdium
2139 5281 2380 5339 partem,
2411 5287 2536 5324 ettm
2570 5268 2776 5324 oraturi
2807 5268 3513 5335 erant,conscendentium.

1992 5340 2009 5377 ί
2056 5341 2197 5416 Deus
2225 5344 2452 5416 vallium
2479 5342 2561 5396 his
2606 5343 2830 5416 vocibus
2862 5343 3139 5414 subjuugit
3167 5347 3325 5402 Rom.
3357 5343 3514 5416 edit.,

1915 5411 2250 5488 Inqui‘tuerg‘o
2276 5429 2293 5466 :
2325 5411 2508 5466 Ponite
2527 5409 2822 5488 jam‘co‘rda
2854 5409 3019 5488 uestra
3053 5409 3105 5488 in
3146 5420 3253 5488 eius
3302 5409 3516 5488 vestras,

1916 5484 2179 5537 ascendite
2209 5484 2260 5535 in
2285 5483 2538 5538 montem;
2558 5484 2662 5539 Sed
2686 5483 2806 5537 sine
2835 5483 2944 5537 ullo
2973 5487 3159 5553 scripti
3188 5488 3396 5544 editit'e
3422 5483 3514 5545 co;

1919 5555 2056 5610 dicis
2076 5553 2357 5622 suffragio.
3091 5619 3114 5624 γ’

1994 5637 2018 5673 e
2062 5612 2314 5680 Nonuuili
2339 5641 2495 5699 tttss.,
2525 5626 2786 5699 lignorum
2816 5625 3063 5679 culmina.
3090 5612 3195 5699 Sed
3232 5627 3514 5686 retinenda

1921 5709 2272 5770 cancrorum,
2304 5707 2358 5750 et
2392 5698 2536 5770 edit.
2560 5698 2744 5760 lectio,
2770 5713 2891 5750 cum
2925 5699 3065 5770 ligna
3095 5698 3380 5756 culminum
3429 5703 3520 5761 hic

1917 5767 2066 5823 idem
2096 5766 2384 5837 signiﬁcet,
2411 5784 2470 5822 ac
2503 5767 2642 5837 ligni
2677 5770 2962 5822 montium.
