4040 6166
567 274 706 332 1065

1921 265 2164 325 SANCTI
2201 267 2294 323 AM
2304 268 2521 327 BROSII

3719 261 3870 318 ιθοι

567 387 745 460 possit
773 398 1074 456 resurgere.
1106 382 1428 455 Hujusmodi
1472 396 1604 455 ergo
1629 383 1731 449 vir,
1759 396 1860 438 nec
1897 382 2157 452 templum
2186 387 2238 446 Α
2265 383 2537 439 inlusione
2564 383 2922 456 resplenduit,
2955 397 3049 454 per
3077 384 3220 456 quod
3251 383 3475 440 evanuit
3498 383 3637 440 illud
3670 385 3880 452 prollu-

569 481 683 538 Deo
715 481 975 542 aediﬁcat;
1019 480 1144 550 quia
1187 493 1295 535 non
1345 477 1498 534 novit
1544 488 1756 548 tempus
1806 475 2165 532 correctionis

569 587 703 628 suae.
734 569 1020 637 Quomodo
1043 569 1189 625 enim
1215 577 1444 640 possunt
1466 568 1604 624 tales
1632 567 1881 626 homines
1904 567 2165 636 templum

570 664 863 729 :cdilicare,
889 663 982 735 qui
1014 663 1170 735 quasi
1198 661 1328 720 ferte
1361 678 1423 718 ac
1457 662 1649 718 bestia:
1691 660 1744 716 in
1775 659 1974 730 spelaea
2022 659 2167 715 fera-

2272 477 2417 531 vium
2455 477 2711 532 vanitatis
2739 476 2793 532 in
2825 476 3078 543 Iesabel,
3117 493 3237 549 qua:
3272 477 3492 532 inimica
3534 477 3780 542 veritati,
3817 487 3884 532 et

2272 571 2589 626 adversaria
2619 571 3007 642 prophetarum
3050 572 3302 642 eloquiis,
3329 573 3400 627 ita
3441 571 3748 642 dilacerata
3791 579 3887 627 est

2271 677 2468 718 canum
2508 665 2808 729 morsibus;
2849 674 2908 720 ut
2937 665 3145 720 nullum
3195 665 3316 736 ejus
3358 675 3676 737 superesset
3706 667 3888 721 vesti-

572 773 691 813 rum
743 767 798 814 et
828 757 1124 815 bestiarum
1164 756 1387 814 latibula
1421 771 1543 812 sese
1572 763 1888 825 receptant,
1926 761 2086 823 atque
2114 751 2168 806 in
2272 757 2438 827 gium,
2460 757 2556 812 sed
2589 766 2702 812 toto
2731 772 2962 828 corpore
2984 773 3086 814 suo
3111 773 3232 813 cum
3261 759 3516 814 omnibus
3538 757 3891 829 posteritatis

573 850 757 908 foveas
796 867 856 908 se
892 853 1235 925 serpentium
1274 868 1429 909 more
1459 853 1806 923 demergunt,
1836 860 1890 905 et
1931 862 2168 904 consue-

572 943 759 1000 tudine
789 943 1149 1000 fraudulentae
1188 944 1368 1015 volpis
1399 941 1708 998 infodiunt?

645 1036 697 1088 7.
741 1034 848 1090 Sed
880 1050 980 1091 nec
1010 1035 1322 1104 sepulcrum
1353 1034 1457 1090 sibi
1487 1033 1703 1098 condit,
1729 1031 1820 1103 qui
1861 1040 1986 1086 ante
2033 1038 2170 1086 tem-

572 1141 675 1200 pus
697 1127 948 1193 moritur;
973 1126 1162 1183 vivens
1187 1126 1352 1192 enim,
1385 1133 1638 1181 mortuus
1666 1132 1749 1180 est
1772 1122 1817 1194 (l
1840 1121 1977 1175 Tim.
2012 1135 2064 1185 v,
2091 1117 2169 1187 6):

575 1234 675 1276 nec
701 1219 850 1274 audit
877 1233 1066 1274 vocem
1106 1218 1326 1290 Aggzei,
1367 1216 1422 1272 id
1456 1225 1572 1282 est,
1607 1224 1631 1252 δ
1661 1213 1964 1285 epulantis,
2006 1220 2064 1265 ut
2095 1211 2174 1264 in-

574 1310 894 1382 terpretatio
939 1308 1214 1372 declarat;
1246 1307 1502 1380 quoniam
1529 1322 1635 1362 non
1668 1304 1971 1376 ingreditur
1996 1301 2174 1357 taber-

574 1403 826 1459 naculum
878 1401 1019 1467 Dei,
1062 1403 1115 1455 in
1163 1417 1283 1456 voce
1311 1399 1673 1456 exsultationis
1723 1408 1770 1453 et
1816 1396 2174 1466 confessionis,

575 1511 730 1551 sonus
759 1493 1017 1566 epulantis
1045 1491 1222 1566 (Psal.
1257 1508 1368 1557 xu,
1401 1492 1478 1563 5).
1505 1489 1791 1559 Quomodo
1817 1487 1963 1544 enim
1985 1500 2174 1542 vocem

577 1587 696 1657 ejus
719 1586 890 1652 audit,
931 1585 1021 1657 qui
1049 1599 1215 1655 opera
1239 1585 1358 1655 ejus
1381 1598 1489 1639 non
1521 1581 1696 1637 videt?
1722 1581 1855 1636 Nam
1879 1579 1926 1634 si
1945 1578 2172 1646 videret,

578 1679 790 1736 audiret
814 1678 1064 1743 verbum,
1089 1676 1234 1747 quod
1280 1677 1333 1731 in
1361 1675 1478 1744 ejus
1505 1687 1668 1728 manu
1701 1674 1899 1728 factum
1946 1679 2048 1736 est,
2079 1670 2177 1726 de—

2275 863 2388 903 sum
2436 849 2740 918 insignibus
2789 849 3227 922 cxstingueretur
3283 849 3377 921 (IV
3417 849 3550 921 Reg.
3583 865 3657 915 lx,
3706 848 3779 904 55
3832 857 3893 904 et

2275 943 2434 1012 seq.).
2463 940 2581 1013 Ipse
2613 944 2776 1012 igitur
2805 943 3110 998 Zorobabel
3132 957 3197 998 ex
3221 941 3537 1006 trihuJuda,
3571 943 3687 1012 ipse
3713 941 3893 996 Iesus

2275 1050 2503 1108 magnus
2557 1037 2836 1104 sacerdos,
2880 1046 2938 1093 et
2977 1037 3120 1092 tribu
3150 1037 3464 1108 designatus
3513 1044 3570 1092 et
3621 1036 3888 1092 nomine:

2276 1128 2386 1184 duo
2434 1127 2722 1200 signiﬁcari
2770 1128 3048 1196 videntur,
3089 1137 3146 1184 et
3177 1143 3317 1184 unus
3361 1128 3714 1199 exprimitur;
3757 1129 3892 1200 quia

2279 1219 2420 1276 idem
2451 1221 2603 1290 quasi
2634 1229 2828 1292 potens
2859 1233 3020 1276 natus
3059 1237 3125 1277 ex
3147 1230 3391 1292 potente,
3421 1223 3573 1292 quasi
3617 1222 3891 1292 redemp—

2278 1323 2364 1368 tor
2393 1326 2547 1370 ortus
2578 1331 2643 1369 ex
2659 1315 2886 1386 virgine,
2914 1315 2968 1369 iu
2993 1315 3275 1386 utriusque
3298 1313 3442 1370 idem
3474 1323 3684 1370 natura:
3705 1314 3897 1371 diver-

2280 1408 2440 1462 sitate
2461 1407 2726 1472 dividuze,
2759 1407 2918 1464 unius
2957 1407 3081 1462 Filii
3111 1407 3204 1462 Dei
3237 1405 3527 1463 veritatem
3553 1405 3704 1478 gigas
3736 1408 3894 1464 salu-

2283 1505 2415 1559 taris
2445 1503 2708 1574 implevit.

2356 1599 2443 1653 tl.
2488 1598 2832 1654 Excitaturus
2891 1610 2914 1643 κ
2969 1598 3149 1668 itaque
3199 1613 3230 1652 a
3289 1597 3526 1653 mortuis
3575 1595 3891 1651 Zorobabel

2282 1701 2550 1758 sanctum,
2585 1691 2689 1746 ait:
2711 1689 2896 1745 Adhuc
2923 1691 3076 1744 semel
3097 1706 3192 1760 ego
3216 1691 3424 1744 movebo
3450 1689 3673 1753 cazlum,
3707 1699 3753 1743 et
3776 1698 3890 1743 ter-

578 1771 808 1826 lectatus
851 1768 970 1838 ejus
1000 1768 1214 1822 actibus
1238 1807 1252 1833 ,
1296 1767 1494 1837 quibus
1518 1765 1782 1836 pulsavit,
1829 1773 1886 1819 et
1924 1770 2176 1833 apertum

2293 1797 2392 1836 tam
2412 1823 2428 1846 ,
2462 1792 2508 1836 et
2537 1783 2704 1836 maria
2730 1823 2744 1846 ,
2777 1791 2823 1835 et
2874 1781 3130 1835 desertum
3159 1779 3361 1851 (Aggaz.
3385 1795 3448 1846 tt,
3479 1777 3599 1851 22).
3647 1777 3893 1833 Moverat

578 1869 664 1917 est
688 1861 761 1924 ei,
796 1868 852 1915 et
877 1857 1163 1915 descendit
1194 1857 1246 1911 in
1290 1857 1408 1927 ejus
1439 1857 1706 1921 animam;
1741 1863 1798 1910 ut
1839 1855 2090 1925 epuletur
2121 1854 2173 1908 in

573 1968 640 2010 eo
666 1951 996 2009 sinceritatis
1022 1959 1077 2006 et
1097 1949 1125 1988 ι’
1155 1949 1403 2006 veritatis
1429 1948 1602 2004 cibos.

645 2046 700 2102 8.
741 2045 886 2117 Ergo
924 2045 1053 2115 quia
1098 2059 1205 2099 non
1261 2040 1502 2109 audivit,
1552 2040 1611 2095 ﬁt
1646 2041 1852 2098 iterum
1906 2039 1958 2094 in
2012 2053 2175 2094 manu

573 2139 758 2212 Aggmi
782 2137 1029 2205 verbum,
1064 2150 1085 2176 ο
1128 2147 1181 2193 et
1211 2136 1345 2192 dicit
1369 2153 1382 2190 :
1415 2135 1634 2206 Surgite
1659 2135 1730 2192 de
1756 2135 1968 2190 caelatis
1997 2143 2052 2189 et
2081 2133 2177 2188 de-

574 2233 780 2305 pressis
808 2232 1012 2287 malitia
1056 2230 1332 2294 domibus,
1376 2237 1432 2284 et
1481 2227 1766 2284 ascendite
1824 2227 1878 2282 in
1936 2233 2176 2283 montem

573 2324 979 2397 Scripturarum
1017 2322 1352 2389 caelestium,
1387 2329 1442 2377 et
1469 2319 1664 2376 caedite
1713 2319 1912 2391 lignum
1963 2319 2178 2388 sapien-

575 2419 687 2486 tius,
717 2418 923 2490 lignum
953 2418 1100 2485 vitae,
1125 2416 1328 2488 lignum
1353 2415 1710 2485 cognitionis:
1738 2422 1794 2469 et
1818 2413 2036 2484 dirigite
2063 2413 2179 2468 vias

573 2519 786 2567 vestras
808 2551 823 2577 ,
847 2508 1099 2566 ordinate
1123 2517 1279 2565 actus
1305 2517 1550 2571 vestros;
1575 2515 1634 2561 ut
1673 2505 1906 2561 habeant
1932 2504 2176 2560 ordinem

575 2619 734 2662 suum
763 2603 1040 2670 debitum,
1063 2602 1155 2673 qui
1185 2601 1528 2659 necessarius
1559 2609 1615 2656 et
1654 2599 1807 2655 utilis
1835 2608 1922 2655 est
1951 2599 2018 2654 ad
2049 2597 2180 2653 tedi-

578 2699 845 2756 ﬁcandam
874 2697 1090 2753 Domini
1115 2697 1335 2754 domum
1363 2696 1564 2770 (AggtB.
1596 2712 1636 2762 ι,
1660 2695 1735 2764 8).

649 2794 705 2848 9.
745 2791 881 2847 Nam
927 2793 974 2847 si
1020 2807 1131 2846 non
1153 2791 1432 2861 :feceritis,
1461 2806 1550 2844 nec
1591 2790 1775 2843 caelum
1822 2788 1962 2842 dabit
2011 2804 2180 2843 rorem

575 2901 727 2941 suum
755 2883 947 2954 (lbid.,
979 2882 1094 2954 10),
1128 2883 1182 2938 id
1211 2892 1316 2950 est,
1361 2896 1544 2938 sermo
1589 2880 1852 2945 caelestis,
1898 2880 1989 2950 qui
2039 2880 2179 2934 sicut

576 2992 670 3034 ros
690 2975 981 3032 descendit
1005 2990 1172 3046 super
1208 2975 1414 3041 fenum,
1443 2989 1554 3029 non
1585 2973 1910 3044 temperabit
1939 2971 2179 3029 fervidos

2280 1880 2406 1927 ante
2439 1871 2554 1926 haec
2578 1913 2592 1938 ,
2621 1887 2744 1926 cum
2775 1870 2843 1927 de
2878 1869 3112 1942 Egypto
3144 1870 3404 1925 liberaret
3425 1869 3693 1940 populum
3727 1884 3892 1924 suum

2281 1963 2480 2034 (Exod.
2527 1979 2642 2031 xiv,
2676 1964 2746 2018 22
2774 1973 2825 2019 et
2866 1969 3026 2033 seq.),
3076 1963 3295 2034 quando
3351 1964 3404 2016 in
3445 1963 3588 2017 ctelo
3629 1962 3894 2017 columna

2280 2065 2396 2109 erat
2428 2054 2568 2125 ignis
2597 2052 2796 2126 (Exod.
2821 2069 2938 2121 xttt,
2961 2053 3077 2125 ει),
3101 2063 3242 2108 terra
3269 2053 3410 2108 inter
3429 2053 3620 2107 fluctus
3642 2094 3658 2119 ,
3687 2069 3897 2108 murus

2282 2145 2333 2198 in
2361 2145 2496 2198 mari
2521 2185 2536 2211 ,
2564 2145 2650 2198 via
2679 2145 2733 2199 in
2757 2160 2894 2215 aqua
2915 2185 2930 2210 ,
2962 2145 3016 2199 in
3046 2144 3266 2199 deserto
3316 2145 3508 2200 messis
3554 2143 3895 2213 quotidiana

2281 2238 2494 2310 frugum
2520 2239 2824 2296 caelestium
2855 2239 3340 2310 multiplicabatur,
3372 2239 3900 2309 petra‘solvehatur

2281 2329 2334 2385 in
2358 2329 2536 2387 fontes
2556 2347 2817 2402 aquarum
2845 2352 2858 2386 :
2893 2332 2988 2387 sed
3019 2333 3188 2387 movit
3217 2342 3272 2387 et
3301 2342 3490 2403 postea
3532 2331 3586 2386 in
3629 2334 3899 2402 passione

2282 2423 2497 2479 Domini
2524 2424 2652 2481 Iesu
2678 2424 2850 2497 (Luc.
2883 2442 3052 2493 χχιιι,
3080 2425 3197 2496 44);
3230 2425 3456 2496 quando
3472 2425 3674 2482 coelum
3718 2434 3892 2499 tene-

2280 2516 2394 2572 bris
2433 2517 2765 2584 obductum,
2796 2519 2880 2574 sol
2936 2517 3158 2589 refugit,
3207 2530 3376 2590 petra:
3421 2519 3638 2583 scissae,
3694 2520 3899 2575 tumuli

2278 2607 2478 2678 aperti,
2505 2608 2704 2664 mortui
2733 2609 3043 2665 resuscitati
3064 2651 3078 2676 ,
3101 2609 3267 2665 draco
3316 2610 3488 2665 victus
3521 2611 3574 2665 in
3627 2610 3901 2667 ﬂuctibus

2281 2702 2398 2756 suis
2444 2701 2575 2756 vidit
2625 2703 2928 2772 piscatores
2979 2703 3293 2767 hominum,
3341 2718 3449 2758 non
3500 2702 3684 2758 solum
3736 2704 3902 2759 navi-

2279 2800 2472 2863 gantes
2492 2794 2544 2847 in
2573 2793 2734 2858 mari,
2764 2794 2860 2849 sed
2896 2794 3059 2849 etiam
3095 2793 3439 2849 ambulantes
3464 2794 3584 2848 sine
3620 2795 3897 2861 periculo.

2355 2886 2442 2940 12.
2494 2886 2778 2942 Desertum
2807 2903 3024 2959 quoqtte
3058 2897 3264 2942 motum
3291 2929 3305 2952 ,
3335 2887 3556 2959 quando
3581 2888 3902 2945 infructuo-

2281 2991 2372 3032 sus
2418 2977 2698 3032 nationum
2754 2980 2985 3050 populus
3035 2995 3212 3035 messe
3249 2981 3418 3050 coepit
3467 2979 3785 3036 devotionis
3840 2991 3901 3037 et

577 3068 947 3141 corporalium
977 3077 1158 3123 motus
1180 3068 1517 3138 passionum;
1553 3082 1654 3122 uec
1679 3066 1850 3136 ignita
1876 3065 2177 3136 restinguet
2282 3070 2405 3126 fidei
2439 3070 2836 3136 ﬁaveséere;et
2863 3073 3344 3144 eousquedeserti,
3374 3075 3702 3143 et'gcutium
3735 3090 3901 3132 coru-

575 3165 912 3221 diversarum
956 3162 1163 3234 spicula
1213 3161 1605 3232 cupiditatum:
1639 3175 1731 3214 nec
1761 3169 1898 3214 terra
1949 3164 2060 3232 ejus
2079 3201 2095 3225 ,
2125 3158 2175 3213 id
2206 3145 2251 3206 C
2283 3161 2450 3216 motio
2475 3161 2612 3218 facta
2635 3171 2719 3217 est
2748 3171 2806 3217 ut
2827 3165 3202 3234 apostolorum
3228 3179 3365 3235 quos
3387 3164 3673 3221 direxitad
3697 3177 3899 3236 gentes

579 3266 696 3324 est,
723 3253 751 3293 δ
782 3256 1001 3321 anima,
1034 3255 1236 3324 fructus
1273 3253 1446 3318 dabit;
1479 3266 1544 3308 eo
1591 3251 1734 3321 quod
1780 3259 2029 3316 arescat,
2075 3250 2176 3306 nisi

577 3351 857 3422 repleatur
907 3349 1112 3420 irriguo
1163 3347 1314 3403 verbi
1369 3346 1466 3402 Dei
1495 3387 1510 3410 ,
1562 3354 1619 3402 et
1654 3343 2012 3416 perfundatur
2053 3359 2178 3400 rore

579 3445 828 3513 caelesti,
859 3441 1125 3514 spiritalis
1156 3441 1402 3496 ubertate
1429 3440 1636 3511 gratias.

651 3539 742 3596 10.
791 3537 858 3593 Ει
887 3535 1014 3608 quia
1056 3534 1266 3592 sciebat
1314 3532 1531 3590 desides
1581 3547 1705 3589 esse
1758 3532 2067 3588 habitantes
2124 3533 2176 3586 iu

580 3633 900 3709 hypogaeis,
948 3639 1004 3688 et
1048 3631 1386 3702 voluptatum
1435 3628 1764 3701 gurgustiis:
1820 3640 1844 3668 ε
1900 3625 2175 3692 Excitabo,

579 3729 790 3801 inquit,
839 3727 948 3782 illis
993 3726 1234 3798 spiritum
1281 3723 1564 3780 Zorobabel
1615 3723 1679 3777 de
1726 3722 1860 3776 tribu
1905 3719 2077 3786 Iuda,
2132 3730 2180 3774 et

579 3822 760 3878 Iesum
794 3819 1052 3876 Iosedech
1099 3818 1418 3874 sacerdote»:
1471 3833 1718 3890 magnum
1744 3813 1940 3886 (Ibid.,
1965 3813 2098 3884 2-1);
2123 3822 2182 3868 ut

579 3915 874 3972 incitentur
895 3913 962 3969 ad
986 3911 1400 3968 aediﬁcationem
1427 3909 1624 3966 divinae
1649 3908 1866 3964 domus.
1893 3907 2013 3961 Nisi
2035 3906 2178 3961 enim

581 4005 840 4060 Dominus
866 4005 1199 4074 aediﬁcaverit
1229 4005 1326 4059 sibi
1355 4005 1598 4069 domum,
1630 4003 1683 4056 in
1709 4019 1897 4056 vanum
1919 3999 2177 4055 laborave-

581 4105 701 4151 runt
731 4097 818 4167 qui
842 4095 1103 4166 aediﬁcant
1128 4113 1239 4152 eam
1267 4095 1442 4165 (Psal.
1471 4109 1657 4159 cxxw,
1691 4095 1766 4165 1).
1817 4094 1938 4165 Ipse
1963 4101 2049 4148 est
2078 4092 2181 4147 Zo-

579 4189 808 4246 robabel
831 4190 980 4262 jugis
1001 4188 1382 4255 redundantia,
1413 4199 1470 4242 ut
1499 4196 1625 4258 pote
1655 4186 1777 4243 fons
1797 4186 1942 4253 vitae,
1972 4196 2026 4242 et
2049 4185 2182 4241 Ver-

578 4283 706 4341 bum
737 4285 902 4358 913
926 4284 1044 4350 Dei,
1090 4300 1180 4354 per
1204 4282 1342 4354 quod
1370 4284 1574 4348 omnia,
1604 4290 1650 4334 et
1691 4296 1754 4335 ea:
1779 4296 1879 4350 quo
1917 4279 2108 4342 onmia,
2135 4289 2182 4331 ct

579 4377 754 4432 omnia
790 4378 844 4430 in
887 4376 1002 4448 ipso
1030 4373 1258 4443 (Coloss.
1293 4373 1454 4441 1,16,
1484 4373 1600 4441 17).
1631 4371 1758 4427 Haec
1805 4371 1940 4425 dicit
1981 4371 2180 4427 redun-

577 4469 792 4526 dantia:
825 4467 888 4524 Si
908 4468 1022 4538 quis
1043 4466 1174 4532 sitit,
1201 4465 1375 4519 veniat
1405 4464 1476 4518 ad
1503 4479 1602 4528 me,
1630 4472 1675 4516 et
1698 4462 1835 4516 bibat
1865 4461 2059 4533 (Ioan.
2084 4478 2177 4529 vn,

2287 3255 2584 3323 vocandas,
2617 3265 2762 3311 tanta
2805 3267 2952 3313 esset
2980 3269 3034 3313 et
3063 3268 3170 3312 tam
3198 3260 3498 3314 vehemens
3546 3259 3893 3329 praedicatio;

2283 3360 2340 3405 ut
2364 3351 2418 3405 in
2459 3367 2660 3405 omnem
2691 3361 2882 3405 terram
2924 3352 3102 3406 exiret
3147 3367 3305 3406 sonus
3343 3368 3552 3417 eorum,
3585 3362 3633 3406 et
3675 3352 3731 3406 in
3761 3354 3898 3421 ﬁnes

2283 3442 2418 3496 orbis
2437 3452 2589 3497 terra:
2609 3441 2760 3495 verba
2786 3457 2967 3496 eorum
2991 3440 3113 3513 (Ps.
3137 3457 3294 3506 xvm,
3311 3440 3391 3512 5).
3418 3442 3617 3507 Tanta,
3641 3442 3894 3512 inquam,

2281 3531 2578 3587 commotio
2617 3531 2856 3596 deserti,
2899 3541 2957 3586 ut
2997 3532 3182 3602 plures
3226 3532 3318 3586 lilii
3381 3532 3574 3588 ﬁerent
3628 3533 3892 3601 desertm,

2281 3637 2440 3693 quam
2464 3622 2584 3692 ejus
2613 3637 2734 3692 quae
2765 3621 3004 3678 habebat
3031 3624 3205 3677 virum
3237 3621 3415 3690 (Esai.
3450 3640 3556 3690 uv,
3586 3625 3676 3695 l);
3705 3635 3764 3680 et
3793 3625 3892 3681 llo-

2284 3727 2430 3773 reret
2457 3716 2756 3781 desertum,
2786 3725 2845 3770 ut
2872 3716 3043 3771 lilium
3073 3716 3246 3786 (Esai.
3267 3733 3432 3784 xxxv,
3465 3717 3520 3786 I)
3545 3734 3559 3770 :
3594 3718 3894 3773 introirent

2284 3812 2452 3866 electa
2493 3811 2733 3880 gentium
2787 3808 2854 3864 ad
2905 3810 3152 3865 residuos
3211 3809 3431 3880 populi;
3489 3825 3596 3880 quo
3637 3811 3892 3882 reliquis:

2283 3906 2445 3960 salvae
2474 3906 2669 3960 fierent
2700 3920 2795 3975 per
2815 3903 3144 3960 electionem
3165 3906 3356 3974 gratiae
3383 3904 3560 3975 (Rom.
3596 3921 3670 3970 ιι,
3703 3904 3789 3976 ϐ).

2359 4001 2446 4055 l5.
2481 3999 2549 4053 Et
2575 3998 2800 4070 replebo,
2828 3999 3022 4070 inquit,
3056 3996 3082 4035 ιι
3111 3999 3324 4052 domum
3355 3999 3491 4054 hanc
3513 4011 3745 4071 argento
3771 4017 3893 4057 meo

2286 4101 2343 4149 et
2368 4108 2501 4149 auro
2525 4093 2727 4164 (Aggaz.
2760 4109 2818 4159 ιι,
2846 4093 2926 4166 8);
2956 4094 3185 4163 eloquiis
3213 4095 3558 4160 cmlestibus,
3607 4113 3734 4166 qua:
3765 4106 3896 4152 sunt

2284 4186 2424 4240 sicut
2464 4193 2750 4256 argentum
2805 4186 2930 4256 igne
2971 4187 3341 4242 examinatum
3393 4185 3566 4259 (Psal.
3599 4203 3676 4255 st,
3705 4188 3792 4257 7),
3845 4197 3900 4244 ct

2286 4279 2399 4334 veri
2424 4279 2668 4335 claritate
2699 4279 2940 4344 luminis,
2974 4279 3117 4334 sicut
3145 4295 3278 4334 auro
3315 4279 3550 4350 spiritali
3573 4281 3627 4334 in
3657 4292 3890 4338 sancto-

2287 4391 2404 4430 rum
2435 4375 2662 4432 occultis
2683 4372 2954 4430 mentibus
2977 4371 3300 4445 refulgente.
3341 4375 3448 4430 Has
3493 4374 3717 4430 divitias
3764 4393 3900 4433 con-

2286 4468 2393 4525 fert
2419 4469 2672 4524 Ecclesia:
2705 4483 2839 4534 sum,
2888 4468 3085 4539 quibus
3116 4468 3483 4540 intelligibiles
3517 4467 3770 4524 thesauri
3817 4487 3900 4524 rc-

575 4564 695 4636 37),
717 4562 822 4618 hoc
839 4527 946 4626 esi,
973 4527 1677 4630 proﬂuviumindeﬁcientis
1704 4527 1934 4613 meatus.
1966 4527 2176 4614 Protin;
2203 4527 2258 4588 Β
2286 4565 2518 4635 plentur,
2545 4573 2598 4620 et
2648 4527 2870 4633 gloria.i
2906 4527 3152 4635 'augetur
3203 4527 3398 4619 domus
3452 4578 3618 4634 super
3646 4565 3896 4635 priorem

576 4658 724 4714 vium
749 4668 971 4726 quoque
1023 4661 1354 4709 nocturnum
1392 4650 1410 4688 τ
1457 4651 1686 4722 legimus
1715 4649 1964 4706 Zabulon
1985 4693 2000 4720 ,
2031 4653 2174 4724 quod

574 4759 661 4808 est
707 4747 1132 4821 propheticum:
1181 4745 1277 4802 sed
1299 4745 1412 4816 jam
1453 4754 1509 4800 et
1561 4746 1735 4816 ipsum
1785 4744 1948 4816 hujus
1988 4745 2173 4804 fluenti

650 4877 678 4906 ι
717 4868 977 4938 Aggaeum
1003 4864 1164 4936 vulgo
1193 4863 1622 4938 interpretantur
1653 4862 1901 4938 festivum
1923 4905 1936 4931 ,
1981 4863 2180 4938 solem-

576 4953 702 4998 nem
745 4933 1145 5009 e't'gyrantem':
1175 4935 1271 4992 sed
1304 4933 1445 4993 forte
1487 4933 1620 4989 illud
1653 4934 2181 5009 vocabulumreddi-

575 5012 657 5068 dit
679 5007 1004 5066 Ambitisius
1031 5023 1127 5076 per
1156 5010 1215 5064 τὸ
1241 5009 1555 5077 epulantem,
1581 5007 1725 5077 quod
1772 5008 2178 5062 solemnitatum

579 5098 690 5140 non
720 5081 940 5136 minima
966 5094 1092 5150 pars
1116 5081 1171 5135 in
1200 5080 1379 5150 epulis
1403 5079 1578 5133 soleat
1605 5093 1730 5133 esse
1763 5078 1960 5150 posita.

646 5153 676 5193 ι’
717 5151 839 5209 Vet.
870 5148 1092 5222 edit.get
1115 5148 1251 5206 mss;
1280 5165 1388 5204 non
1415 5149 1592 5222 pauci,
1617 5150 1843 5204 veritatis
1877 5149 2037 5204 cibus.
2061 5148 2179 5206 Non

577 5225 712 5281 satis
754 5233 938 5287 recte,
974 5221 1076 5277 nisi
1117 5225 1240 5293 quis
1269 5223 1328 5278 τὸ
1383 5221 1617 5292 epuletur
1646 5222 1862 5290 passive
1916 5223 2174 5292 accipiat,

582 5309 684 5368 pro
714 5295 1092 5350 manducctur.

657 5377 679 5404 α
722 5365 882 5421 Rom.
913 5367 1044 5421 edit.
1093 5363 1242 5427 sola,
1271 5373 1318 5418 et
1346 5363 1470 5418 dicit
1499 5379 1517 5418 :
1544 5365 1804 5418 ascendite
1848 5365 1901 5419 in
1929 5375 2172 5429 montem,

579 5438 761 5497 caedite
787 5439 953 5510 ligna,
981 5444 1029 5491 et
1049 5435 1306 5506 a'diﬁcate
1336 5435 1572 5500 domum;
1602 5439 1748 5506 quasi
1777 5437 1956 5491 dicat:
1989 5436 2178 5506 Surgi-

579 5520 868 5637 ἐ’ἀεὲξιίι.
897 5577 1080 5650 Rom.,
1098 5578 1274 5633 anima
1298 5578 1528 5650 germina
1554 5595 1648 5631 sua
1669 5579 1830 5650 dabit.

666 5661 692 5690 ε
722 5650 802 5706 lta
841 5659 955 5706 vet.
979 5649 1111 5704 edit.
1147 5664 1212 5706 ac
1261 5647 1395 5704 mss.
1437 5648 1540 5704 nisi
1585 5648 1726 5706 quod
1769 5651 1875 5703 illa:
1925 5647 2184 5704 omittunt

577 5723 762 5777 Iesum
789 5729 916 5777 ante
945 5719 1241 5774 Iosedech:
1267 5727 1324 5773 at
1353 5719 1512 5774 Rom.
1545 5718 1678 5775 edit.
1712 5719 1792 5774 sic
1829 5718 2177 5775 emendavit:

580 5792 861 5858 Excitavit,
890 5791 1081 5860 inquit,
1105 5790 1210 5845 illis
1242 5789 1500 5845 Dominus
1529 5791 1771 5861 spiritum
1799 5788 2177 5847 Zorobabel....

2282 4658 2535 4730 gloriam,
2560 4671 2722 4726 quam
2749 4655 2980 4726 populus
3011 4656 3196 4711 habuit
3227 4657 3240 4706 ι
3273 4656 3501 4712 electus.

2360 4751 2444 4806 14.
2489 4751 2598 4804 Pax
2629 4749 2774 4806 enim
2791 4759 2848 4806 et
2870 4751 3232 4820 tranquillitas
3254 4751 3450 4806 anima:
3474 4764 3641 4820 super
3668 4765 3897 4809 omnem

2288 4877 2334 4920 et
2365 4864 2605 4934 spiritunt
2633 4861 2764 4917 Iesu
2790 4864 2890 4933 ﬁlii
2918 4863 3174 4919 Iosedech
3203 4865 3484 4919 sacerdotis
3504 4864 3704 4934 magni.

2366 4936 2384 4973 ί
2416 4935 2538 4991 Vel.
2586 4934 2744 4997 edit.,
2793 4936 3010 5007 legimus
3039 4977 3054 5000 ,
3110 4935 3247 5005 quod
3267 4947 3340 4990 est
3369 4935 3630 5001 Zabulon,
3688 4936 3747 4989 id
3801 4946 3892 5007 est,

2288 5007 2779 5078 propheticum;sed
2809 5006 2960 5061 etiam
2979 5018 3026 5061 et
3054 5008 3254 5078 ipsum;
3286 5007 3472 5072 R0tu.,
3505 5007 3726 5078 legimus
3753 5006 3896 5079 quod

2289 5091 2362 5134 est
2388 5079 2770 5152 propheticum,
2797 5089 2846 5132 et
2885 5081 3057 5150 ipsum
3082 5095 3100 5132 ,ο
3131 5088 3186 5132 at
3217 5093 3346 5132 mss.
3384 5092 3579 5147 magno
3609 5092 3891 5135 consensu

2292 5149 2450 5206 nobis
2470 5149 2853 5218 suﬂ'ragantur.

2366 5233 2390 5269 ε
2422 5223 2578 5277 Rom.
2613 5221 2744 5277 edit.
2779 5221 2894 5276 sola
2919 5235 2950 5276 e
2982 5229 3129 5276 textu
3161 5220 3350 5276 eximit
3375 5223 3434 5276 τὸ
3461 5236 3493 5274 a
3516 5221 3764 5273 mortuis.

2363 5292 2387 5328 δ
2417 5293 2577 5347 Rom.
2609 5294 2742 5363 edit.
2763 5333 2778 5358 ,
2810 5293 3018 5346 domum
3065 5293 3197 5345 hanc
3235 5292 3436 5363 gloria,
3468 5291 3595 5346 dicit
3631 5290 3886 5346 Dominus

2284 5365 2623 5420 exercituum.
2652 5362 2829 5416 Meum
2855 5375 2926 5417 est
2952 5362 3260 5432 argentum,
3288 5373 3337 5417 et
3357 5378 3524 5416 meum
3553 5372 3628 5418 est
3659 5373 3881 5426 aurum,

2287 5434 2499 5502 Replevi
2524 5451 2647 5506 ergo
2673 5443 2910 5506 argento,
2935 5443 3041 5490 etc.

2367 5509 2380 5577 ε
2408 5505 2637 5577 Quidam
2659 5521 2818 5577 mss,
2849 5515 3066 5577 augetur
3092 5505 3270 5561 domus
3299 5505 3563 5577 superiore
3585 5507 3778 5577 gloria.

2363 5576 2377 5627 i
2429 5575 2634 5630 Eadem
2695 5575 2852 5643 edit.,
2901 5575 3019 5630 Hoc
3078 5579 3213 5631 enim
3282 5575 3371 5630 est
3404 5575 3542 5645 quod
3587 5575 3879 5643 nequitur:

2290 5647 2484 5719 Magna
2513 5647 2608 5700 erit
2637 5647 2804 5719 gloria
2841 5649 3022 5702 domus
3063 5649 3210 5702 istius
3253 5648 3544 5701 novissima:
3570 5663 3729 5717 super
3776 5646 3874 5719 pri-

2287 5715 2424 5773 mam
2449 5761 2464 5784 ,
2497 5719 2621 5772 dicit
2639 5715 2902 5775 Dominus
2926 5721 3239 5775 exercituum
3262 5734 3280 5771 :
3307 5725 3358 5772 et
3394 5719 3450 5772 in
3480 5719 3596 5772 loco
3619 5715 3724 5774 isto
3753 5715 3874 5771 dabo

2285 5807 2485 5864 pacem.
2511 5789 2629 5846 Pax
2649 5793 2806 5859 enim,
2833 5799 2938 5847 etc.
