4042 6174
181 230 333 287 1065

1383 227 1719 287 EPISTUL.\
1733 230 1872 288 RUM
1913 233 2197 290 CLASSIS
2237 234 2272 288 l.

3338 239 3479 295 1066

175 342 382 397 domus
408 332 634 413 gloriam
677 348 791 407 est;
823 341 948 412 quia
984 357 1086 410 pax
1127 352 1348 411 superat
1393 359 1608 398 omnem
1663 359 1785 399 sen-
1814 347 1864 405 Α
1890 344 1915 381 ί¹
1948 347 2014 401 de
2037 347 2190 401 bouis
2223 347 2430 401 meritis
2461 347 2788 408 decidisset;
2822 349 2892 403 ita
2931 349 3316 406 olfendiculnm
3347 354 3483 409 inei-

174 449 303 488 sum
338 434 538 505 (Agga-i
567 449 628 498 ιι,
652 432 765 504 10).
793 434 918 488 Hmc
943 444 1025 488 est
1057 450 1156 502 pax
1193 433 1420 506 (Philip.
1446 451 1520 501 iv,
1540 436 1596 505 7)
1620 450 1784 505 super

172 538 529 595 pacem,qu;e
558 524 777 579 dabitur
809 534 931 594 post
956 524 1167 578 tertiam
1181 527 1606 580 commotionem
1634 527 1780 590 coeli,

170 615 372 682 maris,
403 625 579 680 terrzc,
607 615 837 680 deserti;
868 613 1087 686 quando
1116 615 1361 670 destruet
1407 632 1597 672 omnes
1626 618 1780 672 Pote-

173 713 355 759 stales
381 715 433 758 et
462 704 830 765 Principatus.
866 703 1060 759 Caium
1084 707 1226 759 enim
1253 716 1298 760 et
1330 716 1469 759 terra
1491 708 1784 762 transibunt

171 793 398 864 (.Hauli.
433 810 582 861 xxiv,
617 795 735 865 35),
767 805 824 849 et
854 796 1031 850 omnis
1060 796 1218 851 istius
1261 797 1448 851 mundi
1481 796 1682 867 ﬁgura:
1729 809 1784 854 et

167 887 554 956 unusquisque
586 888 638 942 in
662 887 940 958 rompbma
975 888 1222 959 insurget
1246 890 1311 943 ad
1343 890 1568 945 fratrem
1596 907 1779 958 suum,

167 978 223 1034 id
246 987 360 1041 est,
381 977 550 1050 915
573 979 741 1034 verbo
761 989 1080 1049 penetrante
1111 981 1377 1037 medullas
1399 984 1593 1038 animm
1617 983 1775 1055 (Heb.

167 1084 243 1134 tv,
279 1069 378 1138 1‘2)
400 1085 415 1131 ;
441 1080 500 1122 ut
530 1069 846 1124 destruatur
864 1069 1126 1140 quidquid
1149 1080 1233 1125 est
1259 1073 1592 1126 contrarium
1615 1114 1629 1132 .
1657 1088 1782 1128 cur-

170 1176 270 1215 rus
317 1175 380 1214 ex
409 1158 684 1228 Ephrmm,
709 1169 764 1215 et
801 1176 972 1229 equus
1003 1177 1067 1215 ex
1119 1162 1477 1228 Hierusalem,
1504 1175 1557 1217 ut
1579 1164 1782 1218 Zacha-

164 1256 282 1310 rias
326 1253 467 1307 dixit
493 1252 679 1322 (Zach.
712 1269 784 1318 tx,
813 1253 924 1325 10).
961 1255 1027 1307 Et
1055 1255 1134 1308 sic
1160 1256 1267 1309 erit
1307 1271 1411 1324 pax
1449 1272 1545 1326 per
1575 1257 1776 1320 omnia,

165 1346 341 1402 nullis
367 1344 760 1401 obsistentibus
795 1347 1042 1416 corporis
1072 1349 1418 1416 passionibus
1438 1390 1452 1414 ,
1479 1360 1570 1403 aut
1601 1355 1780 1405 incre'

161 1436 314 1492 dula:
342 1437 542 1491 mentis
573 1437 1000 1506 impedimentis;
1027 1447 1086 1491 ut
1116 1437 1208 1491 ﬁat
1231 1439 1282 1492 in
1306 1441 1559 1494 omnibus
1589 1442 1775 1495 omnia

167 1528 431 1584 Christus
450 1570 465 1594 ,
494 1529 715 1584 subdita
739 1530 882 1585 Patri
918 1531 1188 1586 exhibens
1213 1533 1377 1586 corda
1403 1534 1777 1590 universorum

172 1622 218 1694 (Ι
246 1621 376 1675 Cor.
407 1638 496 1686 xv,
525 1622 640 1692 28).

1885 437 2034 492 disse
2074 431 2420 505 peceatorum
2469 439 2683 510 ﬂagitiis
2707 481 2721 505 ,
2752 451 2811 493 ut
2865 441 2988 494 odia
3021 444 3393 510 contraheret,
3428 457 3482 500 et

1885 527 2294 598 inquinamento
2325 531 2644 600 impietatis,
2670 547 2732 586 ac
2757 533 3001 598 perﬁdia:
3028 535 3277 590 obsoleta
3303 538 3483 592 sordi—

1885 621 2020 686 bus,
2057 623 2351 678 miserabili
2394 633 2539 679 esset
2583 625 2908 694 despectui,
2957 627 3119 697 longe
3163 638 3366 684 mutata
3415 631 3484 684 ab

1884 713 2030 767 illius
2069 713 2298 783 Sponsa:
2343 716 2540 785 gratia,
2584 732 2704 786 qua:
2757 728 2884 773 ante
2934 731 3210 775 meruerat
3254 722 3480 778 audire:

1885 803 2157 871 Sponsabo
2189 818 2236 859 te
2270 806 2398 860 milii
2435 808 2490 860 in
2539 808 2642 876 [ide
2673 819 2719 862 et
2766 812 2978 882 justitia
3027 821 3078 866 et
3125 814 3480 868 misericordia

1887 895 2034 965 (Ose.
2064 913 2122 960 ιι,
2158 897 2269 969 19).

1953 989 2008 1042 9..
2051 989 2160 1045 Nec
2194 991 2468 1046 immerito
2503 993 2872 1049 lamentabilis
2923 998 3334 1066 pronuntiatur,
3361 1015 3482 1071 quae

1883 1088 2161 1134 tantorum
2203 1097 2490 1137 munerum
2523 1086 2785 1140 amiserat
2828 1088 3064 1154 pretium
3091 1130 3103 1148 .
3135 1101 3189 1143 et
3219 1092 3478 1145 virtutum

1883 1171 2145 1226 dotalium
2186 1183 2290 1227 tam
2342 1190 2508 1244 grave
2539 1177 2783 1231 subierat
2809 1179 3174 1245 dispendium,
3205 1191 3265 1235 ut
3293 1183 3340 1236 ei
3374 1183 3482 1236 vir-

1881 1265 2080 1333 ginalis
2123 1265 2368 1334 Sponsus
2416 1268 2741 1335 eriperetur.
2800 1268 3014 1325 Nostris
3083 1274 3226 1326 enim
3275 1275 3484 1328 meritis

1884 1356 2120 1411 Verbum
2171 1358 2266 1413 Dei
2301 1359 2460 1414 nobis
2504 1370 2598 1414 aut
2643 1362 2796 1425 vivit,
2826 1373 2918 1416 aut
2965 1366 3218 1431 moritur;
3271 1384 3390 1420 nam
3442 1375 3487 1424 si

1885 1450 2025 1506 bona
2049 1452 2225 1506 studia
2254 1463 2416 1523 atque
2449 1469 2612 1520 opera
2640 1466 2829 1510 nostra
2855 1457 3133 1522 sint,vivit
3161 1471 3322 1529 atque
3353 1476 3485 1530 ope-

1882 1555 2032 1599 ratur
2061 1547 2111 1600 in
2139 1547 2294 1600 nobis
2328 1549 2419 1602 Dei
2445 1547 2681 1603 Verbum
2712 1568 2723 1602 :
2753 1553 2796 1602 si
2841 1553 3151 1607 tenebrosae
3195 1555 3485 1624 cogitatio-

1885 1654 1982 1693 nes
2022 1629 2480 1709 nperationesiue
2529 1652 2732 1696 nostra:
2759 1644 2900 1709 sint,
2949 1645 3156 1700 occidit
3193 1649 3350 1701 nobis
3401 1649 3487 1702 sol

240 1713 338 1768 15·
381 1711 630 1808 Unde_et
677 1715 743 1808 ad
800 1715 975 1808 ipsum
1029 1715 1206 1770 solum
1265 1719 1493 1788 mystice
1540 1719 1776 1774 dicitur:
1811 1727 1858 1786 B
1879 1733 2340 1804 justitiaz(Mnlac.
2377 1751 2452 1800 ιν,
2493 1736 2575 1798 ei.
2605 1736 2772 1808 915
2803 1735 2869 1789 Et
2911 1737 3037 1792 ideo
3079 1738 3486 1795 lamentandum

168 1806 400 1861 Sumam
433 1816 501 1868 te,
528 1804 834 1873 Zorobabel,
859 1817 907 1860 et
951 1823 1141 1875 ponam
1164 1817 1211 1861 te
1237 1809 1368 1862 sicut
1417 1811 1783 1882 signaculum;

166 1900 294 1968 quia
339 1907 388 1951 te
408 1898 541 1968 elegi
562 1899 766 1969 (Λειρωὶ
794 1915 852 1964 ιι,
878 1898 996 1970 24).
1024 1900 1237 1955 Etenim
1270 1917 1390 1956 cum
1417 1903 1580 1958 fuerit
1607 1905 1785 1957 anima

168 2005 362 2048 nostra
405 1991 652 2060 paciﬁca,
683 2000 740 2046 ut
768 1992 980 2046 dicatur
1000 1992 1091 2048 ei:
1126 1993 1450 2059 Convertere,
1493 2005 1786 2049 convertere

171 2084 472 2139 Sunamitis
522 2081 710 2154 (Cant.
739 2099 813 2148 vt,
848 2082 972 2153 12):
1007 2084 1150 2152 quod
1183 2085 1460 2153 paeiﬁeam
1493 2088 1781 2156 signiﬁcat,

170 2184 225 2230 et
256 2184 319 2229 ut
345 2184 439 2229 tuo
470 2173 690 2228 nomine
733 2184 856 2228 utar
885 2177 1164 2250 sipnutxriv;
1199 2187 1325 2230 tunc
1351 2178 1579 2246 accipiet
1625 2179 1676 2231 in
1725 2193 1784 2232 se

169 2267 320 2320 sicut
352 2265 695 2336 signaculum
720 2263 1029 2330 Christum;
1059 2266 1110 2321 id
1166 2276 1271 2333 est,
1325 2268 1619 2338 imaginem
1662 2268 1781 2334 Dei,

169 2374 227 2420 ut
249 2365 330 2418 sit
361 2363 429 2418 ad
455 2364 745 2434 imaginem
773 2379 787 2428 ;
822 2364 1078 2433 qu0niam
1106 2365 1279 2434 qualis
1309 2365 1552 2428 caelestis,
1585 2365 1711 2418 tales
1738 2374 1785 2418 et

169 2460 404 2514 calestes
429 2457 472 2526 (Ι
493 2456 614 2511 Cor.
644 2473 733 2518 xv.
767 2457 881 2526 48).
918 2456 987 2510 Ει
1015 2464 1234 2526 oportet
1265 2471 1366 2511 nos
1397 2466 1625 2525 portare
1653 2458 1784 2511 ima-

168 2555 357 2624 ginem
389 2551 655 2616 cmlestis,
677 2551 729 2606 id
757 2560 865 2618 est,
894 2566 1104 2621 pacem.

242 2645 344 2702 16.
383 2644 564 2716 Atque
591 2652 650 2699 ut
678 2645 914 2698 sciamus
937 2659 1125 2699 verum
1151 2657 1295 2706 esse,
1318 2641 1488 2698 habes
1515 2641 1569 2695 in
1602 2641 1785 2695 Canti-

171 2737 276 2804 cis,
303 2737 360 2791 in
378 2736 578 2790 ultimo
602 2736 712 2805 jam
745 2735 1004 2805 perfectae
1029 2737 1227 2790 anima:
1253 2734 1382 2800 dici,
1411 2733 1558 2804 quod
1594 2742 1650 2789 et
1691 2733 1784 2787 tibi

171 2827 329 2884 dicat
355 2827 620 2882 Dominus
648 2827 834 2896 Jesus:
867 2825 1014 2881 Pone
1035 2843 1115 2880 me
1142 2836 1198 2880 ut
1219 2826 1546 2896 signaculum
1576 2826 1631 2878 in
1670 2824 1786 2877 bra-

173 2919 360 2973 chium
406 2928 550 2972 tuum
576 2916 754 2989 (Cant.
783 2933 899 2983 vm,
936 2919 1017 2988 6);
1052 2928 1109 2972 ut
1137 2917 1314 2973 luceat
1357 2932 1461 2987 pax
1511 2916 1566 2970 in
1616 2915 1786 2971 corde

189 3022 312 3080 tuo,
340 3022 397 3068 et
422 3012 475 3066 in
503 3012 758 3081 operibus
782 3011 890 3066 tuis
913 3010 1186 3076 Christus,
1217 3020 1272 3065 et
1312 3011 1581 3066 formetur
1630 3009 1685 3063 in
1733 3017 1785 3063 te

1890 1829 2144 1896 prarcepit
2169 1843 2268 1897 pro
2297 1843 2356 1882 ea
2385 1828 2586 1882 anima.
2617 1829 2748 1882 Nam
2785 1830 2926 1883 sicut
2964 1829 3073 1884 illis
3103 1833 3485 1901 gratulandum

1889 1928 1944 1971 et
1973 1919 2302 1987 epulandum
2337 1927 2451 1984 est,
2494 1934 2616 1973 eum
2647 1919 2845 1989 quibus
2880 1921 3127 1989 Sponsus
3155 1933 3274 1989 est;
3313 1925 3382 1977 ita
3410 1923 3486 1978 illi

1887 2009 2081 2063 anima:
2105 2011 2421 2080 lugendum,
2457 2011 2544 2064 cui
2577 2011 2828 2078 Sponsus
2859 2011 3022 2066 fuerit
3059 2022 3315 2082 ereptus,
3347 2016 3492 2069 sicut

1886 2099 1954 2153 de
1974 2101 2235 2168 apostolis
2259 2102 2520 2170 scriptum
2549 2111 2634 2154 est
2654 2101 2706 2154 in
2734 2101 3058 2171 Evangelia:
3089 2106 3343 2171 quoniam
3373 2122 3489 2159 cum

1887 2194 2152 2260 auferetur
2175 2192 2238 2243 ab
2267 2192 2338 2244 eis
2383 2192 2637 2260 Sponsus,
2674 2203 2791 2245 tunc
2812 2195 3130 2265 jejunabunt
3161 2197 3212 2248 in
3239 2197 3345 2250 illis
3379 2199 3488 2252 die-

1889 2282 1980 2335 bus
2004 2282 2217 2354 (Matth.
2250 2299 2326 2344 ts,
2357 2282 2470 2349 15).

1957 2375 2011 2428 5.
2055 2373 2200 2442 Ergo
2230 2384 2282 2426 et
2328 2375 2444 2429 lure
2491 2374 2670 2428 anima
2707 2375 2940 2430 habebat
2970 2387 3096 2432 ante
3143 2379 3388 2433 lmtitiam
3437 2391 3492 2435 et

1886 2466 2332 2528 exsultationem,
2365 2480 2486 2518 cum
2515 2466 2742 2521 haberet
2767 2470 3063 2544 παρθενικὸν
3087 2469 3250 2544 λόγον.
3279 2472 3345 2525 Ει
3367 2471 3490 2528 ideo

1887 2571 1994 2612 non
2019 2557 2322 2626 jejunabat,
2351 2558 2475 2628 quia
2506 2558 2624 2613 dies
2651 2570 2808 2614 erant
2835 2562 3118 2631 epularum
3149 2574 3203 2618 et
3236 2563 3490 2621 refectio-

1886 2649 2006 2715 nis;
2043 2664 2163 2702 cum
2191 2649 2410 2703 adesset
2441 2648 2708 2718 Sponsus,
2747 2653 3008 2706 invehens
3049 2656 3247 2722 quibus
3278 2657 3486 2724 aderat,

1891 2751 1913 2778 θ
1944 2741 2209 2796 ubertatis
2230 2741 2562 2805 alﬁuentias,
2589 2744 2832 2798 caelestis
2859 2745 3100 2800 alimenti
3142 2749 3348 2816 copias.
3376 2751 3486 2805 viui

1887 2834 2130 2904 rigatus,
2191 2850 2299 2903 quo
2360 2834 2522 2888 corda
2591 2833 2871 2889 hominum
2933 2837 3280 2892 la-tiﬁcantur
3326 2858 3338 2893 :
3393 2843 3487 2912 sed

1889 2934 2242 2996 posteaquam
2285 2925 2555 2994 Sponsum
2599 2925 2756 2980 factis
2797 2927 2912 2982 suis
2954 2929 3160 2993 amisit,
3188 2929 3409 3000 jubetur
3437 2935 3490 2988 in

1889 3017 2070 3071 cilicio
2120 3031 2280 3086 agerc
2325 3017 2703 3085 paenitentiam
2752 3027 3099 3086 peccatorum
3138 3035 3384 3088 suorum,
3436 3038 3490 3080 et

176 3107 478 3174 sapientia,
520 3113 575 3159 et
597 3103 834 3173 iustitia,
891 3112 946 3159 et
993 3103 1320 3174 redemptio.
1361 3102 1514 3167 Vale,
1568 3101 1665 3166 ﬁli,
1724 3109 1781 3155 et
1807 3105 1853 3168 C
1887 3108 2092 3164 deﬂere
2122 3108 2508 3178 semetipsam;
2535 3110 2660 3180 quia
2692 3119 2939 3164 mortuus
2978 3121 3063 3167 est
3094 3124 3147 3168 et
3197 3117 3491 3173 cruciﬁxus

178 3216 281 3258 nos
308 3199 502 3270 dilige;
525 3198 649 3269 quia
677 3211 778 3254 nos
801 3207 854 3252 te
876 3195 1176 3266 diligimus.

670 3343 695 3371 ⁸
729 3331 1070 3422 βΡΙδΤΟΙλΑ
1110 3330 1306 3386 XXXI.

183 3449 450 3518 Quaerenti
476 3446 690 3502 Insano
716 3463 842 3501 num
868 3462 952 3500 eos
976 3445 1063 3512 qui
1092 3445 1266 3497 statim
1296 3459 1327 3495 a
1350 3442 1570 3512 pueritia
1591 3482 1606 3506 ,
1637 3450 1685 3495 et
1705 3456 1788 3495 eos

250 3545 342 3614 qui
357 3544 475 3613 jam
502 3550 648 3596 aetate
676 3540 1020 3611 provectiores
1047 3536 1386 3598 crediderint,
1416 3535 1620 3588 diversa
1661 3533 1786 3587 cha-

267 3635 432 3688 ritate
475 3631 618 3686 Deus
649 3631 871 3701 diligat;
921 3627 1196 3699 respondet
1241 3637 1449 3681 sanctus
1492 3625 1696 3680 Prwsul
1737 3625 1791 3678 in

255 3725 548 3792 Scriptura
564 3719 733 3774 Deum
755 3720 1072 3791 Sgnagogaz,
1096 3734 1211 3789 qua:
1235 3717 1380 3787 prius
1397 3717 1568 3783 ﬁdelis
1595 3717 1788 3782 fuerat,

259 3819 471 3886 lapsum
527 3813 790 3878 doluisse;
849 3820 1024 3881 postea
1074 3819 1245 3863 tamen
1295 3808 1598 3861 charitatem
1641 3819 1790 3857 suam

258 3908 588 3964 transtulisse
615 3907 685 3960 ad
715 3903 1006 3958 Ecclesium
1028 3942 1044 3967 ,
1094 3911 1149 3954 ut
1184 3917 1274 3968 per
1302 3899 1434 3951 duas
1463 3912 1649 3950 uxores
1675 3893 1786 3947 Da-

256 4003 364 4067 vid,
399 4017 492 4055 nec
519 4015 621 4054 non
650 3996 848 4068 Moysis
875 3997 939 4049 de
960 3994 1176 4048 muliere
1197 3989 1398 4061 captiva
1429 3990 1602 4048 locum
1632 3985 1792 4058 signi-

299 4103 471 4148 catur.

299 4103 471 4148 catur.

259 4095 295 4163 ﬁ
575 4185 880 4239 Annosws
916 4179 1135 4235 lanugo
1164 4175 1419 4232 salutem.

195 4302 206 4317 ’
264 4321 317 4375 l.
361 4317 677 4374 Diﬁ'erenlia
728 4315 1014 4370 charitatis
1065 4320 1244 4367 utrum
1291 4308 1364 4362 sit
1419 4304 1600 4375 aliqua
1647 4301 1790 4372 apud

190 4417 396 4478 Deum,
440 4427 630 4469 eorum
655 4411 746 4480 qui
793 4425 824 4464 a
851 4407 1090 4478 pueritia
1133 4402 1491 4466 crediderint,
1519 4408 1574 4456 et
1601 4415 1792 4454 eorum

1894 3215 1995 3270 pro
2043 3215 2105 3253 ea
2159 3199 2443 3266 Christus,
2490 3202 2580 3270 qui
2633 3209 2716 3256 est
2765 3205 3059 3276 παρθενικὰς
3102 3206 3248 3279 λόγος
3305 3209 3489 3279 (Psal.

1895 3306 2011 3358 cm,
2055 3292 2168 3359 15).

1963 3383 2019 3436 4.
2061 3382 2116 3436 Si
2149 3397 2178 3435 a
2222 3383 2396 3453 prima
2425 3389 2586 3436 aetate
2615 3385 2890 3446 convenit,
2927 3400 3028 3441 nec
3058 3388 3286 3444 alterius
3316 3393 3493 3447 anima

1895 3474 2010 3528 haec
2040 3473 2260 3527 videtur
2289 3483 2515 3542 experta
2555 3474 2843 3542 copulam;
2884 3476 2979 3529 sed
3012 3492 3040 3528 a
3083 3478 3349 3550 principio
3388 3485 3494 3538 vir—

1891 3565 2126 3635 ginalem
2159 3564 2280 3618 ﬁdei
2314 3580 2425 3619 sua:
2455 3565 2647 3619 ﬂorem
2689 3563 2910 3618 Christo
2941 3566 3163 3624 dicavit,
3199 3581 3361 3641 atque
3389 3575 3490 3644 ipsi

1894 3657 2085 3726 primis
2126 3656 2389 3710 ftederata
2415 3657 2634 3724 pietatis
2664 3656 2944 3725 mysteriis
2975 3672 3162 3713 sacros
3199 3661 3489 3727 juvencula

1891 3752 2070 3806 cultus
2109 3744 2356 3818 recepit;
2411 3749 2523 3815 ipsa
2574 3758 2656 3801 est
2701 3747 2997 3802 Israelitica
3039 3754 3218 3803 anima
3247 3752 3266 3790 τ
3292 3759 3493 3809 veteris

1893 3842 2161 3912 prosapiae
2195 3855 2260 3892 ex
2301 3853 2502 3908 genere
2541 3839 3000 3907 patriarcharum,
3026 3856 3146 3910 quae
3173 3845 3218 3897 si
3258 3845 3487 3900 inoﬁcn-

1891 3948 2008 3988 sum
2043 3932 2166 3985 ﬁdei
2197 3939 2472 3985 servasset
2500 3929 2830 3982 curriculum
2853 3971 2866 3994 ,
2902 3933 3080 4000 magni
3123 3936 3302 3989 meriti
3351 3939 3492 3995 foret

1893 4026 2104 4095 Sponsa
2149 4021 2313 4077 Verbi
2353 4019 2664 4090 virginalis,
2707 4029 2979 4091 tamquam
3015 4021 3105 4078 illa
3148 4042 3265 4095 qua:
3291 4045 3489 4100 appre-

1892 4117 2085 4173 hendit
2106 4113 2393 4185 justitiam.
2417 4123 2470 4167 et
2493 4111 2736 4166 obviabit
2755 4112 2832 4165 illi
2854 4113 3013 4181 quasi
3038 4125 3233 4182 mater,
3259 4131 3311 4173 et
3333 4128 3488 4192 quasi

1893 4207 2089 4263 mulier
2118 4222 2146 4259 a
2174 4204 2486 4274 virginitate
2513 4201 2777 4272 suscipiet
2806 4203 2951 4256 illam
2985 4203 3156 4274 (Eccl.
3181 4223 3272 4272 xv,
3301 4211 3379 4279 2).

1964 4301 2016 4357 5.
2060 4302 2241 4355 Altera
2287 4312 2502 4368 quoque
2551 4305 2634 4352 est
2681 4297 2942 4366 acquisita
2990 4313 3057 4353 ex
3097 4301 3386 4370 gentibus,
3435 4317 3489 4361 et

1895 4403 2134 4462 utraque.
2173 4391 2379 4461 Sponsa
2435 4389 2598 4443 ttnius
2646 4387 2849 4455 Verbi,
2904 4390 3049 4458 quod
3099 4401 3181 4446 est
3230 4410 3485 4464 maguum

189 4509 280 4580 qui
303 4505 607 4576 juventutis
627 4502 654 4540 ι)
678 4479 776 4556 aut
800 4499 1118 4570 posterioris
1147 4496 1329 4552 :ntatis
1355 4509 1634 4566 processu,
1659 4507 1784 4562 pru-
1817 4480 1872 4540 D
1896 4484 2234 4580 ηιὶΙέῑίξΪῙΨη·
2263 4480 2549 4580 ιάιιιιθ
2575 4479 2980 4580 άίξῖηθῐξξιτδίιξτ
3009 4481 3228 4580 ίξιείίῖπο
3269 4482 3484 4555 ⁸⁸8ηο-

191 4598 386 4655 denter
412 4592 802 4664 requirendum
836 4590 1065 4661 putasti;
1092 4603 1214 4643 nam
1248 4588 1352 4642 hoc
1377 4599 1590 4656 quoque
1611 4583 1795 4653 Scrip-

192 4700 313 4746 tura
341 4689 530 4742 divina
557 4701 662 4740 non
699 4683 1083 4754 prmtermisit,
1124 4695 1300 4749 neque
1349 4679 1610 4733 intactum
1667 4675 1795 4730 reli-

192 4783 332 4854 quit.
357 4778 640 4849 Siquidem
664 4776 929 4831 Dominus
951 4774 1095 4828 Deus
1125 4780 1312 4826 noster
1333 4770 1399 4823 ad
1421 4769 1538 4823 Joel
1557 4765 1795 4837 pronhe-

194 4883 304 4930 tam
335 4888 444 4929 non
469 4872 646 4926 otiose
675 4869 784 4923 ait:
815 4867 1124 4921 Lamentare
1148 4863 1218 4916 ad
1246 4879 1325 4915 me
1349 4876 1507 4928 super
1534 4859 1794 4930 Sponsam

200 4975 226 5005 ε
258 4965 590 5035 prwcinctam
619 4976 766 5014 sacco
794 4960 848 5011 in
893 4959 1060 5013 virum
1086 4959 1202 5027 ejus
1233 4951 1535 5024 virginalem
1588 4947 1732 5014 (Joel
1752 4965 1791 5015 I,

195 5055 278 5127 9),
333 5055 529 5110 dolens
574 5051 952 5122 Synagngam,
987 5063 1107 5116 qua:
1151 5053 1315 5098 antea
1345 5039 1656 5110 virginitate
1695 5053 1791 5092 sua

199 5147 530 5218 desponsata
561 5145 656 5199 Dei
680 5142 860 5199 Verbo
889 5141 1064 5206 foret,
1096 5137 1182 5194 vel
1223 5135 1462 5190 animam
1497 5142 1648 5187 certe
1673 5146 1796 5202 qua:

275 5292 300 5356 ιι
327 5283 540 5356 ξρτῑριιι
569 5282 711 5356 circa
741 5295 866 5334 ann.
890 5277 1016 5334 587.
1041 5349 1052 5356 _
1121 5348 1132 5356 _
1244 5354 1252 5356 Α
1317 5345 1327 5356 ,

277 5353 304 5393 ὶ)
333 5348 493 5406 Rom.
526 5352 684 5415 edit.,
711 5363 801 5404 aut
829 5348 1159 5422 provectioris
1189 5348 1375 5400 (etatis.
1444 5413 1455 5422 .
1699 5410 1731 5422 υ

282 5436 302 5463 ι’
339 5424 467 5501 lllss.
498 5410 738 5492 aliquot.
773 5410 1103 5501 pr'a’cinctam
1131 5433 1191 5469 ac
1235 5432 1386 5488 super
1407 5413 1609 5479 virum;
1648 5410 1805 5477 edit.,

207 5505 544 5567 prwcinctam
565 5508 716 5546 sacco
744 5508 901 5558 super
925 5505 1110 5543 virum.
1205 5559 1216 5570 ι

280 5562 307 5602 ἀ
336 5564 466 5619 Mss.
497 5563 767 5626 nonnulli,
792 5561 857 5616 de
885 5561 1029 5614 bonis
1058 5567 1265 5612 mentis.

286 5645 308 5673 ο
339 5635 541 5690 Omnes
570 5634 701 5690 edit.
727 5644 782 5688 et
807 5646 940 5685 mss.
970 5629 1198 5698 aliquot,
1229 5628 1479 5698 ubertatis
1503 5626 1809 5697 afﬂuentiam

215 5706 434 5763 caelestis
461 5705 719 5769 alimenti,
746 5703 895 5774 copia
928 5701 1032 5755 vini
1060 5697 1296 5770 rigatus;
1326 5697 1419 5754 alii
1444 5713 1577 5753 mss.
1611 5707 1671 5752 ut
1711 5709 1812 5752 nos

383 5799 662 5863 Panos.
744 5793 921 5857 XVI.

1895 4570 2014 4632 rum
2045 4576 2089 4648 (l
2122 4575 2250 4645 Reg.
2287 4589 2412 4638 xxv,
2438 4570 2568 4642 39);
2598 4571 2643 4626 si
2673 4571 2890 4640 quidem
2922 4571 3092 4626 David
3121 4572 3255 4628 duas
3285 4591 3489 4633 uxores

1895 4669 2082 4724 habuit
2125 4665 2426 4722 Ai-liinaam
2464 4662 2870 4728 Jezrabelitem,
2903 4671 2959 4718 et
2991 4663 3270 4733 Abigzeam
3301 4668 3488 4737 aequi-

1893 4763 2053 4816 sitam
2081 4758 2184 4814 sibi
2209 4765 2395 4825 postea
2421 4774 2433 4810 :
2460 4756 2606 4810 illam
2636 4755 2970 4825 rigidiorem,
2998 4755 3154 4810 istam
3181 4758 3490 4815 misericor-

1894 4855 1998 4911 diae
2029 4854 2242 4923 plenam
2274 4862 2329 4904 et
2355 4849 2563 4918 gratia),
2602 4847 2928 4916 hospitalem
2960 4862 3026 4903 ac
3065 4848 3344 4905 liberalem
3375 4853 3492 4906 ani-

1899 4959 2078 5009 mam,
2122 4957 2240 5011 qua:
2284 4940 2522 4994 revelata
2574 4937 2713 4992 facie
2758 4937 2976 4992 Patrem
3026 4939 3182 5002 vidit,
3217 4943 3494 5011 speculata

1901 5038 2018 5106 ejus
2056 5035 2313 5106 gloriam;
2362 5045 2484 5100 qua:
2531 5029 2771 5099 suSCepit
2799 5029 3042 5084 divinum
3074 5030 3224 5084 illum
3255 5044 3495 5102 paterna:

1901 5129 2088 5201 gratia:
2126 5140 2329 5190 rorem,
2359 5130 2420 5177 ut
2448 5121 2614 5176 habet
2654 5121 2890 5176 nominis
2925 5123 3321 5193 interpretatio.
3357 5126 3500 5194 Quid

1914 5267 1966 5321 in
2001 5274 2168 5323 textu.
2201 5262 2390 5335 paucis
2412 5259 2684 5335 exceptis,
2710 5259 2775 5335 in
2807 5258 3002 5335 quibus
3038 5259 3222 5335 habes,
3255 5263 3504 5318 ubertatis
3553 5256 3602 5280 ”

1914 5331 2447 5407 aﬂluentia,'caelestis
2492 5331 2913 5407 alimertt_i_copia
2952 5331 3061 5383 vini
3094 5332 3328 5400 rigatus;
3374 5336 3496 5389 cod.

1914 5401 2109 5472 L'oug.,
2139 5407 2253 5458 vino
2275 5405 2491 5474 rigatus.
2524 5402 2633 5454 lloe
2656 5401 2900 5474 ultimum
2928 5416 3034 5474 non
3055 5412 3185 5455 satis
3205 5415 3346 5473 apte,
3376 5421 3497 5460 cum

1913 5471 2110 5548 rigatus
2139 5477 2211 5530 sit
2239 5475 2290 5528 in
2319 5471 2510 5548 quarto
2537 5485 2663 5548 casu
2691 5487 2817 5548 pro,
2843 5471 3155 5548 rigatioiies.

1992 5547 2011 5586 ί
2047 5550 2160 5601 Duo
2181 5542 2589 5608 mss.,’veritatis
2609 5543 2896 5612 prosapiae;
2921 5542 3112 5596 melius
3137 5543 3225 5596 alii
3259 5544 3503 5611 totidem,

1916 5619 2142 5674 veritatis
2169 5618 2450 5689 prosapia;
2478 5627 2636 5681 unus,
2670 5613 2874 5684 pietatis
2897 5613 3174 5684 prosapia.
3203 5613 3377 5670 Minus
3398 5617 3509 5672 ele-

1914 5700 2127 5760 ganter.

2880 5771 2959 5835 31s
