  <div class='ocr_page' id='page_1' title='image "/cluster/home/n/w/nwhite01/storage/ocr_20150623/16/uva.x000826550/541.png"; bbox 0 0 4042 6174; ppageno 0'>
   <div class='ocr_carea' id='block_1_1' title="bbox 536 208 675 264">
    <p class='ocr_par' dir='ltr' id='par_1_1' title="bbox 536 208 675 264">
     <span class='ocr_line' id='line_1_1' title="bbox 536 208 675 264; baseline -0.029 0"><span class='ocrx_word' id='word_1_1' title='bbox 536 208 675 264; x_wconf 70' lang='grc'><strong>1067</strong></span> 
     </span>
    </p>
   </div>
   <div class='ocr_carea' id='block_1_2' title="bbox 1863 191 2469 252">
    <p class='ocr_par' dir='ltr' id='par_1_2' title="bbox 1863 191 2469 252">
     <span class='ocr_line' id='line_1_2' title="bbox 1863 191 2469 252; baseline -0.005 -3"><span class='ocrx_word' id='word_1_2' title='bbox 1863 191 2110 249; x_wconf 79' lang='lat' dir='ltr'><strong>SANCTI</strong></span> <span class='ocrx_word' id='word_1_3' title='bbox 2146 191 2469 252; x_wconf 76' lang='lat' dir='ltr'><strong>AMBROSII</strong></span> 
     </span>
    </p>
   </div>
   <div class='ocr_carea' id='block_1_3' title="bbox 3707 192 3856 248">
    <p class='ocr_par' dir='ltr' id='par_1_3' title="bbox 3707 192 3856 248">
     <span class='ocr_line' id='line_1_3' title="bbox 3707 192 3856 248; baseline -0.007 -2"><span class='ocrx_word' id='word_1_4' title='bbox 3707 192 3856 248; x_wconf 67' lang='lat'><strong>1068</strong></span> 
     </span>
    </p>
   </div>
   <div class='ocr_carea' id='block_1_4' title="bbox 532 299 3853 382">
    <p class='ocr_par' dir='ltr' id='par_1_4' title="bbox 532 299 3853 382">
     <span class='ocr_line' id='line_1_4' title="bbox 532 299 3853 382; baseline -0.007 -5"><span class='ocrx_word' id='word_1_5' title='bbox 532 332 713 377; x_wconf 86' lang='lat' dir='ltr'><strong>autem</strong></span> <span class='ocrx_word' id='word_1_6' title='bbox 743 334 835 375; x_wconf 88' lang='lat' dir='ltr'><strong>ros</strong></span> <span class='ocrx_word' id='word_1_7' title='bbox 862 318 1068 382; x_wconf 81' lang='lat' dir='ltr'><strong>Patris,</strong></span> <span class='ocrx_word' id='word_1_8' title='bbox 1106 314 1213 368; x_wconf 84' lang='lat' dir='ltr'><strong>nisi</strong></span> <span class='ocrx_word' id='word_1_9' title='bbox 1251 313 1346 366; x_wconf 86' lang='lat' dir='ltr'><strong>Dei</strong></span> <span class='ocrx_word' id='word_1_10' title='bbox 1386 310 1646 376; x_wconf 84' lang='lat' dir='ltr'><strong>Verbum,</strong></span> <span class='ocrx_word' id='word_1_11' title='bbox 1681 317 1706 344; x_wconf 71' lang='grc' dir='ltr'><strong>δ</strong></span> <span class='ocrx_word' id='word_1_12' title='bbox 1729 306 1873 377; x_wconf 89' lang='lat' dir='ltr'><strong>quod</strong></span> <span class='ocrx_word' id='word_1_13' title='bbox 1903 307 2128 361; x_wconf 90' lang='lat' dir='ltr'><strong>humore</strong></span> <span class='ocrx_word' id='word_1_14' title='bbox 2157 317 2211 377; x_wconf 70' lang='grc' dir='ltr'><strong>Α</strong></span> <span class='ocrx_word' id='word_1_15' title='bbox 2234 307 2318 361; x_wconf 91' lang='lat' dir='ltr'><strong>nis</strong></span> <span class='ocrx_word' id='word_1_16' title='bbox 2347 306 2466 374; x_wconf 84' lang='lat' dir='ltr'><strong>ejus</strong></span> <span class='ocrx_word' id='word_1_17' title='bbox 2502 302 2928 374; x_wconf 77' lang='lat' dir='ltr'><strong>impedimentis,</strong></span> <span class='ocrx_word' id='word_1_18' title='bbox 2961 309 3017 357; x_wconf 88' lang='lat' dir='ltr'><strong>et</strong></span> <span class='ocrx_word' id='word_1_19' title='bbox 3052 299 3278 359; x_wconf 59' lang='lat' dir='ltr'><strong>exuetts’</strong></span> <span class='ocrx_word' id='word_1_20' title='bbox 3292 301 3642 359; x_wconf 87' lang='lat' dir='ltr'><strong>vestimentis</strong></span> <span class='ocrx_word' id='word_1_21' title='bbox 3671 303 3853 371; x_wconf 86' lang='lat' dir='ltr'><strong>capti-</strong></span> 
     </span>
    </p>
   </div>
   <div class='ocr_carea' id='block_1_5' title="bbox 539 400 1964 483">
    <p class='ocr_par' dir='ltr' id='par_1_5' title="bbox 539 400 1964 483">
     <span class='ocr_line' id='line_1_5' title="bbox 539 400 1964 483; baseline -0.013 -12"><span class='ocrx_word' id='word_1_22' title='bbox 539 415 667 471; x_wconf 90' lang='lat' dir='ltr'><strong>fldei</strong></span> <span class='ocrx_word' id='word_1_23' title='bbox 694 424 855 483; x_wconf 89' lang='lat' dir='ltr'><strong>atque</strong></span> <span class='ocrx_word' id='word_1_24' title='bbox 881 409 1107 479; x_wconf 77' lang='lat' dir='ltr'><strong>justitize</strong></span> <span class='ocrx_word' id='word_1_25' title='bbox 1136 406 1329 460; x_wconf 88' lang='lat' dir='ltr'><strong>infudit</strong></span> <span class='ocrx_word' id='word_1_26' title='bbox 1354 404 1519 459; x_wconf 79' lang='lat' dir='ltr'><strong>corda</strong></span> <span class='ocrx_word' id='word_1_27' title='bbox 1550 400 1964 457; x_wconf 79' lang='lat' dir='ltr'><strong>universorum?</strong></span> 
     </span>
    </p>
   </div>
   <div class='ocr_carea' id='block_1_6' title="bbox 606 489 2140 568">
    <p class='ocr_par' dir='ltr' id='par_1_6' title="bbox 606 489 2140 568">
     <span class='ocr_line' id='line_1_6' title="bbox 606 489 2140 568; baseline -0.012 -8"><span class='ocrx_word' id='word_1_28' title='bbox 606 508 661 560; x_wconf 75' lang='grc' dir='ltr'><strong>(Ξ.</strong></span> <span class='ocrx_word' id='word_1_29' title='bbox 706 503 937 559; x_wconf 78' lang='lat' dir='ltr'><strong>Pulchre</strong></span> <span class='ocrx_word' id='word_1_30' title='bbox 978 500 1145 568; x_wconf 82' lang='lat' dir='ltr'><strong>igitur</strong></span> <span class='ocrx_word' id='word_1_31' title='bbox 1186 496 1312 551; x_wconf 88' lang='lat' dir='ltr'><strong>buic</strong></span> <span class='ocrx_word' id='word_1_32' title='bbox 1344 496 1540 550; x_wconf 66' lang='lat' dir='ltr'><strong>anima:</strong></span> <span class='ocrx_word' id='word_1_33' title='bbox 1589 508 1748 547; x_wconf 86' lang='lat' dir='ltr'><strong>verus</strong></span> <span class='ocrx_word' id='word_1_34' title='bbox 1787 491 1918 546; x_wconf 88' lang='lat' dir='ltr'><strong>dicit</strong></span> <span class='ocrx_word' id='word_1_35' title='bbox 1951 489 2140 554; x_wconf 78' lang='lat' dir='ltr'><strong>David,</strong></span> 
     </span>
    </p>
   </div>
   <div class='ocr_carea' id='block_1_7' title="bbox 534 580 2141 669">
    <p class='ocr_par' dir='ltr' id='par_1_7' title="bbox 534 580 2141 669">
     <span class='ocr_line' id='line_1_7' title="bbox 534 580 2141 669; baseline -0.012 -17"><span class='ocrx_word' id='word_1_36' title='bbox 534 597 675 669; x_wconf 88' lang='lat' dir='ltr'><strong>quod</strong></span> <span class='ocrx_word' id='word_1_37' title='bbox 732 596 809 649; x_wconf 84' lang='lat' dir='ltr'><strong>illi</strong></span> <span class='ocrx_word' id='word_1_38' title='bbox 860 593 1096 661; x_wconf 60' lang='lat' dir='ltr'><strong>Abigam:</strong></span> <span class='ocrx_word' id='word_1_39' title='bbox 1144 589 1349 643; x_wconf 87' lang='lat' dir='ltr'><strong>dictum</strong></span> <span class='ocrx_word' id='word_1_40' title='bbox 1398 584 1855 641; x_wconf 83' lang='lat' dir='ltr'><strong>est:Benedictus</strong></span> <span class='ocrx_word' id='word_1_41' title='bbox 1886 580 2141 635; x_wconf 87' lang='lat' dir='ltr'><strong>Dominus</strong></span> 
     </span>
    </p>
   </div>
   <div class='ocr_carea' id='block_1_8' title="bbox 538 672 2141 750">
    <p class='ocr_par' dir='ltr' id='par_1_8' title="bbox 538 672 2141 750">
     <span class='ocr_line' id='line_1_8' title="bbox 538 672 2141 750; baseline -0.012 -8"><span class='ocrx_word' id='word_1_42' title='bbox 538 689 677 742; x_wconf 87' lang='lat' dir='ltr'><strong>Deus</strong></span> <span class='ocrx_word' id='word_1_43' title='bbox 718 683 909 749; x_wconf 55' lang='lat' dir='ltr'><strong>Israel,</strong></span> <span class='ocrx_word' id='word_1_44' title='bbox 945 682 1031 750; x_wconf 87' lang='lat' dir='ltr'><strong>qui</strong></span> <span class='ocrx_word' id='word_1_45' title='bbox 1071 680 1211 733; x_wconf 82' lang='lat' dir='ltr'><strong>misit</strong></span> <span class='ocrx_word' id='word_1_46' title='bbox 1249 690 1297 732; x_wconf 88' lang='lat' dir='ltr'><strong>te</strong></span> <span class='ocrx_word' id='word_1_47' title='bbox 1337 677 1491 730; x_wconf 80' lang='lat' dir='ltr'><strong>hodie</strong></span> <span class='ocrx_word' id='word_1_48' title='bbox 1532 677 1633 729; x_wconf 88' lang='lat' dir='ltr'><strong>ltuc</strong></span> <span class='ocrx_word' id='word_1_49' title='bbox 1671 676 1873 728; x_wconf 80' lang='lat' dir='ltr'><strong>obviam</strong></span> <span class='ocrx_word' id='word_1_50' title='bbox 1912 672 2063 734; x_wconf 78' lang='lat' dir='ltr'><strong>milii,</strong></span> <span class='ocrx_word' id='word_1_51' title='bbox 2096 680 2141 723; x_wconf 88' lang='lat' dir='ltr'><strong>et</strong></span> 
     </span>
    </p>
   </div>
   <div class='ocr_carea' id='block_1_9' title="bbox 533 761 2143 839">
    <p class='ocr_par' dir='ltr' id='par_1_9' title="bbox 533 761 2143 839">
     <span class='ocr_line' id='line_1_9' title="bbox 533 761 2143 839; baseline -0.012 -7"><span class='ocrx_word' id='word_1_52' title='bbox 533 774 784 831; x_wconf 77' lang='lat' dir='ltr'><strong>benedicti</strong></span> <span class='ocrx_word' id='word_1_53' title='bbox 815 788 979 827; x_wconf 89' lang='lat' dir='ltr'><strong>mores</strong></span> <span class='ocrx_word' id='word_1_54' title='bbox 1008 772 1083 824; x_wconf 88' lang='lat' dir='ltr'><strong>tui</strong></span> <span class='ocrx_word' id='word_1_55' title='bbox 1112 769 1306 839; x_wconf 85' lang='lat' dir='ltr'><strong>(Ibid.,</strong></span> <span class='ocrx_word' id='word_1_56' title='bbox 1338 768 1407 822; x_wconf 71' lang='lat'><strong>3&#39;2</strong></span> <span class='ocrx_word' id='word_1_57' title='bbox 1437 779 1485 821; x_wconf 84' lang='lat' dir='ltr'><strong>et</strong></span> <span class='ocrx_word' id='word_1_58' title='bbox 1507 766 1661 836; x_wconf 89' lang='lat' dir='ltr'><strong>seq.).</strong></span> <span class='ocrx_word' id='word_1_59' title='bbox 1690 765 1760 819; x_wconf 86' lang='lat' dir='ltr'><strong>Et.</strong></span> <span class='ocrx_word' id='word_1_60' title='bbox 1791 766 1984 818; x_wconf 87' lang='lat' dir='ltr'><strong>iterum</strong></span> <span class='ocrx_word' id='word_1_61' title='bbox 2010 761 2143 815; x_wconf 87' lang='lat' dir='ltr'><strong>dicit</strong></span> 
     </span>
    </p>
   </div>
   <div class='ocr_carea' id='block_1_10' title="bbox 531 856 2136 933">
    <p class='ocr_par' dir='ltr' id='par_1_10' title="bbox 531 856 2136 933">
     <span class='ocr_line' id='line_1_10' title="bbox 531 856 2136 933; baseline -0.012 -7"><span class='ocrx_word' id='word_1_62' title='bbox 531 871 582 926; x_wconf 86' lang='lat' dir='ltr'><strong>ei</strong></span> <span class='ocrx_word' id='word_1_63' title='bbox 600 888 622 923; x_wconf 63' lang='lat'><strong>‘:</strong></span> <span class='ocrx_word' id='word_1_64' title='bbox 654 868 887 921; x_wconf 82' lang='lat' dir='ltr'><strong>Ascende</strong></span> <span class='ocrx_word' id='word_1_65' title='bbox 915 867 969 919; x_wconf 88' lang='lat' dir='ltr'><strong>in</strong></span> <span class='ocrx_word' id='word_1_66' title='bbox 1001 880 1125 933; x_wconf 86' lang='lat' dir='ltr'><strong>pace</strong></span> <span class='ocrx_word' id='word_1_67' title='bbox 1166 864 1220 916; x_wconf 89' lang='lat' dir='ltr'><strong>in</strong></span> <span class='ocrx_word' id='word_1_68' title='bbox 1264 862 1471 914; x_wconf 85' lang='lat' dir='ltr'><strong>domum</strong></span> <span class='ocrx_word' id='word_1_69' title='bbox 1511 871 1675 913; x_wconf 85' lang='lat' dir='ltr'><strong>tuam.</strong></span> <span class='ocrx_word' id='word_1_70' title='bbox 1712 857 1863 921; x_wconf 78' lang='lat' dir='ltr'><strong>Vide,</strong></span> <span class='ocrx_word' id='word_1_71' title='bbox 1885 856 2001 925; x_wconf 88' lang='lat' dir='ltr'><strong>jam</strong></span> <span class='ocrx_word' id='word_1_72' title='bbox 2040 870 2136 907; x_wconf 84' lang='lat' dir='ltr'><strong>au-</strong></span> 
     </span>
    </p>
   </div>
   <div class='ocr_carea' id='block_1_11' title="bbox 532 943 2137 1019">
    <p class='ocr_par' dir='ltr' id='par_1_11' title="bbox 532 943 2137 1019">
     <span class='ocr_line' id='line_1_11' title="bbox 532 943 2137 1019; baseline -0.013 -3"><span class='ocrx_word' id='word_1_73' title='bbox 532 962 637 1016; x_wconf 85' lang='lat' dir='ltr'><strong>divi</strong></span> <span class='ocrx_word' id='word_1_74' title='bbox 665 975 839 1014; x_wconf 82' lang='lat' dir='ltr'><strong>vocem</strong></span> <span class='ocrx_word' id='word_1_75' title='bbox 867 967 1030 1019; x_wconf 86' lang='lat' dir='ltr'><strong>tuam,</strong></span> <span class='ocrx_word' id='word_1_76' title='bbox 1056 966 1104 1010; x_wconf 87' lang='lat' dir='ltr'><strong>et</strong></span> <span class='ocrx_word' id='word_1_77' title='bbox 1131 955 1377 1009; x_wconf 82' lang='lat' dir='ltr'><strong>reveritus</strong></span> <span class='ocrx_word' id='word_1_78' title='bbox 1407 969 1520 1005; x_wconf 86' lang='lat' dir='ltr'><strong>sum</strong></span> <span class='ocrx_word' id='word_1_79' title='bbox 1548 952 1731 1019; x_wconf 76' lang='lat' dir='ltr'><strong>faciem</strong></span> <span class='ocrx_word' id='word_1_80' title='bbox 1755 959 1896 1001; x_wconf 89' lang='lat' dir='ltr'><strong>tuam</strong></span> <span class='ocrx_word' id='word_1_81' title='bbox 1924 943 2137 1016; x_wconf 88' lang='lat' dir='ltr'><strong>(Ibid.).</strong></span> 
     </span>
    </p>
   </div>
   <div class='ocr_carea' id='block_1_12' title="bbox 533 1034 2141 1122">
    <p class='ocr_par' dir='ltr' id='par_1_12' title="bbox 533 1034 2141 1122">
     <span class='ocr_line' id='line_1_12' title="bbox 533 1034 2141 1122; baseline -0.011 -16"><span class='ocrx_word' id='word_1_82' title='bbox 533 1052 775 1122; x_wconf 85' lang='lat' dir='ltr'><strong>Denique</strong></span> <span class='ocrx_word' id='word_1_83' title='bbox 805 1051 858 1104; x_wconf 92' lang='lat' dir='ltr'><strong>in</strong></span> <span class='ocrx_word' id='word_1_84' title='bbox 890 1047 1134 1103; x_wconf 80' lang='lat' dir='ltr'><strong>Canticis</strong></span> <span class='ocrx_word' id='word_1_85' title='bbox 1161 1046 1325 1101; x_wconf 85' lang='lat' dir='ltr'><strong>etiam</strong></span> <span class='ocrx_word' id='word_1_86' title='bbox 1358 1042 1476 1097; x_wconf 66' lang='lat' dir='ltr'><strong>hcce</strong></span> <span class='ocrx_word' id='word_1_87' title='bbox 1507 1042 1672 1097; x_wconf 81' lang='lat' dir='ltr'><strong>verba</strong></span> <span class='ocrx_word' id='word_1_88' title='bbox 1704 1050 1829 1095; x_wconf 90' lang='lat' dir='ltr'><strong>sunt</strong></span> <span class='ocrx_word' id='word_1_89' title='bbox 1852 1038 2048 1107; x_wconf 89' lang='lat' dir='ltr'><strong>Sponsi</strong></span> <span class='ocrx_word' id='word_1_90' title='bbox 2074 1034 2141 1089; x_wconf 90' lang='lat' dir='ltr'><strong>ad</strong></span> 
     </span>
    </p>
   </div>
   <div class='ocr_carea' id='block_1_13' title="bbox 533 1126 2141 1216">
    <p class='ocr_par' dir='ltr' id='par_1_13' title="bbox 533 1126 2141 1216">
     <span class='ocr_line' id='line_1_13' title="bbox 533 1126 2141 1216; baseline -0.014 -16"><span class='ocrx_word' id='word_1_91' title='bbox 533 1147 801 1216; x_wconf 87' lang='lat' dir='ltr'><strong>Sponsam</strong></span> <span class='ocrx_word' id='word_1_92' title='bbox 830 1160 843 1197; x_wconf 90' lang='lat'><strong>:</strong></span> <span class='ocrx_word' id='word_1_93' title='bbox 880 1140 1106 1195; x_wconf 85' lang='lat' dir='ltr'><strong>Ostende</strong></span> <span class='ocrx_word' id='word_1_94' title='bbox 1136 1138 1264 1192; x_wconf 82' lang='lat' dir='ltr'><strong>mihi</strong></span> <span class='ocrx_word' id='word_1_95' title='bbox 1296 1137 1481 1210; x_wconf 78' lang='lat' dir='ltr'><strong>[aciem</strong></span> <span class='ocrx_word' id='word_1_96' title='bbox 1512 1145 1676 1200; x_wconf 79' lang='lat' dir='ltr'><strong>tuam,</strong></span> <span class='ocrx_word' id='word_1_97' title='bbox 1701 1143 1746 1186; x_wconf 86' lang='lat' dir='ltr'><strong>et</strong></span> <span class='ocrx_word' id='word_1_98' title='bbox 1777 1131 1986 1185; x_wconf 82' lang='lat' dir='ltr'><strong>insinua</strong></span> <span class='ocrx_word' id='word_1_99' title='bbox 2010 1126 2141 1180; x_wconf 83' lang='lat' dir='ltr'><strong>mihi</strong></span> 
     </span>
    </p>
   </div>
   <div class='ocr_carea' id='block_1_14' title="bbox 532 1230 1331 1310">
    <p class='ocr_par' dir='ltr' id='par_1_14' title="bbox 532 1230 1331 1310">
     <span class='ocr_line' id='line_1_14' title="bbox 532 1230 1331 1310; baseline -0.011 -17"><span class='ocrx_word' id='word_1_100' title='bbox 532 1254 703 1293; x_wconf 78' lang='lat' dir='ltr'><strong>vocem</strong></span> <span class='ocrx_word' id='word_1_101' title='bbox 737 1246 878 1291; x_wconf 87' lang='lat' dir='ltr'><strong>tuam</strong></span> <span class='ocrx_word' id='word_1_102' title='bbox 912 1233 1091 1310; x_wconf 86' lang='lat' dir='ltr'><strong>(Cant.</strong></span> <span class='ocrx_word' id='word_1_103' title='bbox 1126 1248 1182 1297; x_wconf 89' lang='lat' dir='ltr'><strong>tt,</strong></span> <span class='ocrx_word' id='word_1_104' title='bbox 1217 1230 1331 1301; x_wconf 73' lang='grc'><strong>14).</strong></span> 
     </span>
    </p>
   </div>
   <div class='ocr_carea' id='block_1_15' title="bbox 606 1315 2138 1397">
    <p class='ocr_par' dir='ltr' id='par_1_15' title="bbox 606 1315 2138 1397">
     <span class='ocr_line' id='line_1_15' title="bbox 606 1315 2138 1397; baseline -0.01 -15"><span class='ocrx_word' id='word_1_105' title='bbox 606 1329 658 1382; x_wconf 86' lang='lat'><strong>7.</strong></span> <span class='ocrx_word' id='word_1_106' title='bbox 703 1328 769 1383; x_wconf 87' lang='lat' dir='ltr'><strong>Et</strong></span> <span class='ocrx_word' id='word_1_107' title='bbox 797 1337 926 1382; x_wconf 89' lang='lat' dir='ltr'><strong>tunc</strong></span> <span class='ocrx_word' id='word_1_108' title='bbox 951 1325 1175 1397; x_wconf 85' lang='lat' dir='ltr'><strong>quidem</strong></span> <span class='ocrx_word' id='word_1_109' title='bbox 1209 1322 1429 1376; x_wconf 88' lang='lat' dir='ltr'><strong>dimissa</strong></span> <span class='ocrx_word' id='word_1_110' title='bbox 1466 1330 1574 1383; x_wconf 89' lang='lat' dir='ltr'><strong>est,</strong></span> <span class='ocrx_word' id='word_1_111' title='bbox 1609 1317 1863 1387; x_wconf 87' lang='lat' dir='ltr'><strong>quoniam</strong></span> <span class='ocrx_word' id='word_1_112' title='bbox 1906 1315 2138 1368; x_wconf 89' lang='lat' dir='ltr'><strong>alterum</strong></span> 
     </span>
    </p>
   </div>
   <div class='ocr_carea' id='block_1_16' title="bbox 532 1405 2137 1486">
    <p class='ocr_par' dir='ltr' id='par_1_16' title="bbox 532 1405 2137 1486">
     <span class='ocr_line' id='line_1_16' title="bbox 532 1405 2137 1486; baseline -0.012 -9"><span class='ocrx_word' id='word_1_113' title='bbox 532 1421 771 1476; x_wconf 87' lang='lat' dir='ltr'><strong>habebat</strong></span> <span class='ocrx_word' id='word_1_114' title='bbox 800 1421 1002 1484; x_wconf 87' lang='lat' dir='ltr'><strong>virum,</strong></span> <span class='ocrx_word' id='word_1_115' title='bbox 1028 1417 1120 1486; x_wconf 90' lang='lat' dir='ltr'><strong>qtti</strong></span> <span class='ocrx_word' id='word_1_116' title='bbox 1144 1415 1422 1469; x_wconf 81' lang='lat' dir='ltr'><strong>dicebatur</strong></span> <span class='ocrx_word' id='word_1_117' title='bbox 1461 1411 1729 1465; x_wconf 82' lang='lat' dir='ltr'><strong>Hebraiee</strong></span> <span class='ocrx_word' id='word_1_118' title='bbox 1756 1408 1944 1471; x_wconf 82' lang='lat' dir='ltr'><strong>Nabal,</strong></span> <span class='ocrx_word' id='word_1_119' title='bbox 1974 1406 2003 1443; x_wconf 72' lang='grc' dir='ltr'>ι)</span> <span class='ocrx_word' id='word_1_120' title='bbox 2033 1405 2137 1459; x_wconf 89' lang='lat' dir='ltr'><strong>La-</strong></span> 
     </span>
    </p>
   </div>
   <div class='ocr_carea' id='block_1_17' title="bbox 534 1496 2136 1581">
    <p class='ocr_par' dir='ltr' id='par_1_17' title="bbox 534 1496 2136 1581">
     <span class='ocr_line' id='line_1_17' title="bbox 534 1496 2136 1581; baseline -0.013 -12"><span class='ocrx_word' id='word_1_121' title='bbox 534 1514 645 1569; x_wconf 85' lang='lat' dir='ltr'><strong>tine</strong></span> <span class='ocrx_word' id='word_1_122' title='bbox 692 1512 988 1581; x_wconf 91' lang='lat' dir='ltr'><strong>insipiens,</strong></span> <span class='ocrx_word' id='word_1_123' title='bbox 1016 1509 1217 1572; x_wconf 90' lang='lat' dir='ltr'><strong>durus,</strong></span> <span class='ocrx_word' id='word_1_124' title='bbox 1248 1503 1623 1573; x_wconf 67' lang='lat' dir='ltr'><strong>inhospitalis,</strong></span> <span class='ocrx_word' id='word_1_125' title='bbox 1660 1501 2018 1561; x_wconf 88' lang='lat' dir='ltr'><strong>inhumanus,</strong></span> <span class='ocrx_word' id='word_1_126' title='bbox 2054 1496 2136 1549; x_wconf 87' lang='lat' dir='ltr'><strong>itt-</strong></span> 
     </span>
    </p>
   </div>
   <div class='ocr_carea' id='block_1_18' title="bbox 532 1592 2137 1678">
    <p class='ocr_par' dir='ltr' id='par_1_18' title="bbox 532 1592 2137 1678">
     <span class='ocr_line' id='line_1_18' title="bbox 532 1592 2137 1678; baseline -0.015 -15"><span class='ocrx_word' id='word_1_127' title='bbox 532 1621 719 1678; x_wconf 83' lang='lat' dir='ltr'><strong>gratus</strong></span> <span class='ocrx_word' id='word_1_128' title='bbox 766 1606 859 1675; x_wconf 87' lang='lat' dir='ltr'><strong>qui</strong></span> <span class='ocrx_word' id='word_1_129' title='bbox 898 1601 1079 1655; x_wconf 82' lang='lat' dir='ltr'><strong>officia</strong></span> <span class='ocrx_word' id='word_1_130' title='bbox 1118 1597 1357 1653; x_wconf 75' lang='lat' dir='ltr'><strong>nesciret</strong></span> <span class='ocrx_word' id='word_1_131' title='bbox 1388 1594 1633 1650; x_wconf 81' lang='lat' dir='ltr'><strong>referre:</strong></span> <span class='ocrx_word' id='word_1_132' title='bbox 1662 1592 1757 1647; x_wconf 87' lang='lat' dir='ltr'><strong>sed</strong></span> <span class='ocrx_word' id='word_1_133' title='bbox 1785 1601 2137 1660; x_wconf 82' lang='lat' dir='ltr'><strong>posteaquam</strong></span> 
     </span>
    </p>
   </div>
   <div class='ocr_carea' id='block_1_19' title="bbox 2246 393 3853 465">
    <p class='ocr_par' dir='ltr' id='par_1_19' title="bbox 2246 393 3853 465">
     <span class='ocr_line' id='line_1_19' title="bbox 2246 393 3853 465; baseline -0.001 -16"><span class='ocrx_word' id='word_1_134' title='bbox 2246 399 2460 461; x_wconf 80' lang='lat' dir='ltr'><strong>vitatis;</strong></span> <span class='ocrx_word' id='word_1_135' title='bbox 2504 404 2563 450; x_wconf 85' lang='lat' dir='ltr'><strong>ut</strong></span> <span class='ocrx_word' id='word_1_136' title='bbox 2599 395 2863 463; x_wconf 71' lang='lat' dir='ltr'><strong>depositis</strong></span> <span class='ocrx_word' id='word_1_137' title='bbox 2905 394 3158 449; x_wconf 89' lang='lat' dir='ltr'><strong>omnibus</strong></span> <span class='ocrx_word' id='word_1_138' title='bbox 3189 395 3386 461; x_wconf 83' lang='lat' dir='ltr'><strong>capitis</strong></span> <span class='ocrx_word' id='word_1_139' title='bbox 3410 394 3495 448; x_wconf 90' lang='lat' dir='ltr'><strong>sui</strong></span> <span class='ocrx_word' id='word_1_140' title='bbox 3523 393 3766 465; x_wconf 83' lang='lat' dir='ltr'><strong>capillis,</strong></span> <span class='ocrx_word' id='word_1_141' title='bbox 3796 394 3853 449; x_wconf 89' lang='lat' dir='ltr'><strong>id</strong></span> 
     </span>
    </p>
   </div>
   <div class='ocr_carea' id='block_1_20' title="bbox 2241 484 3855 558">
    <p class='ocr_par' dir='ltr' id='par_1_20' title="bbox 2241 484 3855 558">
     <span class='ocr_line' id='line_1_20' title="bbox 2241 484 3855 558; baseline -0.002 -15"><span class='ocrx_word' id='word_1_142' title='bbox 2241 498 2345 555; x_wconf 88' lang='lat' dir='ltr'><strong>est,</strong></span> <span class='ocrx_word' id='word_1_143' title='bbox 2378 496 2726 558; x_wconf 71' lang='lat' dir='ltr'><strong>peccatorum</strong></span> <span class='ocrx_word' id='word_1_144' title='bbox 2748 484 3053 551; x_wconf 87' lang='lat' dir='ltr'><strong>criniculis,</strong></span> <span class='ocrx_word' id='word_1_145' title='bbox 3074 489 3162 556; x_wconf 90' lang='lat' dir='ltr'><strong>qui</strong></span> <span class='ocrx_word' id='word_1_146' title='bbox 3185 487 3337 556; x_wconf 85' lang='lat' dir='ltr'><strong>quasi</strong></span> <span class='ocrx_word' id='word_1_147' title='bbox 3365 485 3632 554; x_wconf 68' lang='lat' dir='ltr'><strong>snperliui</strong></span> <span class='ocrx_word' id='word_1_148' title='bbox 3661 494 3855 539; x_wconf 89' lang='lat' dir='ltr'><strong>nostro</strong></span> 
     </span>
    </p>
   </div>
   <div class='ocr_carea' id='block_1_21' title="bbox 2241 578 3854 649">
    <p class='ocr_par' dir='ltr' id='par_1_21' title="bbox 2241 578 3854 649">
     <span class='ocr_line' id='line_1_21' title="bbox 2241 578 3854 649; baseline -0.002 -15"><span class='ocrx_word' id='word_1_149' title='bbox 2241 580 2296 634; x_wconf 92' lang='lat' dir='ltr'><strong>in</strong></span> <span class='ocrx_word' id='word_1_150' title='bbox 2341 595 2575 649; x_wconf 85' lang='lat' dir='ltr'><strong>corpore</strong></span> <span class='ocrx_word' id='word_1_151' title='bbox 2606 580 2891 633; x_wconf 79' lang='lat' dir='ltr'><strong>videntur:</strong></span> <span class='ocrx_word' id='word_1_152' title='bbox 2924 578 3179 642; x_wconf 82' lang='lat' dir='ltr'><strong>Quoniam</strong></span> <span class='ocrx_word' id='word_1_153' title='bbox 3209 580 3253 631; x_wconf 92' lang='lat' dir='ltr'><strong>si</strong></span> <span class='ocrx_word' id='word_1_154' title='bbox 3278 580 3356 632; x_wconf 80' lang='lat' dir='ltr'><strong>uir</strong></span> <span class='ocrx_word' id='word_1_155' title='bbox 3387 595 3588 632; x_wconf 83' lang='lat' dir='ltr'><strong>comam</strong></span> <span class='ocrx_word' id='word_1_156' title='bbox 3628 580 3854 645; x_wconf 78' lang='lat' dir='ltr'><strong>nutriat,</strong></span> 
     </span>
    </p>
   </div>
   <div class='ocr_carea' id='block_1_22' title="bbox 2240 668 3856 743">
    <p class='ocr_par' dir='ltr' id='par_1_22' title="bbox 2240 668 3856 743">
     <span class='ocr_line' id='line_1_22' title="bbox 2240 668 3856 743; baseline -0.001 -17"><span class='ocrx_word' id='word_1_157' title='bbox 2240 673 2525 743; x_wconf 81' lang='lat' dir='ltr'><strong>ignominia</strong></span> <span class='ocrx_word' id='word_1_158' title='bbox 2554 682 2629 725; x_wconf 87' lang='lat' dir='ltr'><strong>est</strong></span> <span class='ocrx_word' id='word_1_159' title='bbox 2672 672 2752 725; x_wconf 83' lang='lat' dir='ltr'><strong>illi</strong></span> <span class='ocrx_word' id='word_1_160' title='bbox 2784 670 2829 740; x_wconf 75' lang='grc' dir='ltr'><strong>(Ι</strong></span> <span class='ocrx_word' id='word_1_161' title='bbox 2859 668 2981 725; x_wconf 87' lang='lat' dir='ltr'><strong>Cor.</strong></span> <span class='ocrx_word' id='word_1_162' title='bbox 3014 686 3091 734; x_wconf 74' lang='grc' dir='ltr'><strong>ιι,</strong></span> <span class='ocrx_word' id='word_1_163' title='bbox 3123 669 3253 741; x_wconf 77' lang='grc'>54);</span> <span class='ocrx_word' id='word_1_164' title='bbox 3285 673 3337 724; x_wconf 89' lang='lat' dir='ltr'><strong>in</strong></span> <span class='ocrx_word' id='word_1_165' title='bbox 3371 671 3586 725; x_wconf 81' lang='lat' dir='ltr'><strong>unitate</strong></span> <span class='ocrx_word' id='word_1_166' title='bbox 3614 670 3766 736; x_wconf 84' lang='lat' dir='ltr'><strong>fidei,</strong></span> <span class='ocrx_word' id='word_1_167' title='bbox 3801 671 3856 724; x_wconf 85' lang='lat' dir='ltr'><strong>in</strong></span> 
     </span>
    </p>
   </div>
   <div class='ocr_carea' id='block_1_23' title="bbox 2240 753 3858 833">
    <p class='ocr_par' dir='ltr' id='par_1_23' title="bbox 2240 753 3858 833">
     <span class='ocr_line' id='line_1_23' title="bbox 2240 753 3858 833; baseline -0.002 -14"><span class='ocrx_word' id='word_1_168' title='bbox 2240 766 2413 819; x_wconf 87' lang='lat' dir='ltr'><strong>virum</strong></span> <span class='ocrx_word' id='word_1_169' title='bbox 2456 764 2793 833; x_wconf 87' lang='lat' dir='ltr'><strong>perfectum,</strong></span> <span class='ocrx_word' id='word_1_170' title='bbox 2843 764 2895 818; x_wconf 91' lang='lat' dir='ltr'><strong>in</strong></span> <span class='ocrx_word' id='word_1_171' title='bbox 2938 778 3249 817; x_wconf 90' lang='lat' dir='ltr'><strong>mensuram</strong></span> <span class='ocrx_word' id='word_1_172' title='bbox 3280 764 3461 817; x_wconf 67' lang='lat' dir='ltr'><strong>aetatis</strong></span> <span class='ocrx_word' id='word_1_173' title='bbox 3486 753 3858 833; x_wconf 72' lang='lat' dir='ltr'><strong>plenitudinis</strong></span> 
     </span>
    </p>
   </div>
   <div class='ocr_carea' id='block_1_24' title="bbox 2239 852 3853 925">
    <p class='ocr_par' dir='ltr' id='par_1_24' title="bbox 2239 852 3853 925">
     <span class='ocr_line' id='line_1_24' title="bbox 2239 852 3853 925; baseline -0.002 -14"><span class='ocrx_word' id='word_1_174' title='bbox 2239 856 2439 911; x_wconf 87' lang='lat' dir='ltr'><strong>Christi</strong></span> <span class='ocrx_word' id='word_1_175' title='bbox 2471 856 2686 909; x_wconf 85' lang='lat' dir='ltr'><strong>studeat</strong></span> <span class='ocrx_word' id='word_1_176' title='bbox 2712 870 3006 909; x_wconf 86' lang='lat' dir='ltr'><strong>occurrere</strong></span> <span class='ocrx_word' id='word_1_177' title='bbox 3032 853 3252 925; x_wconf 81' lang='lat' dir='ltr'><strong>(Ephes.</strong></span> <span class='ocrx_word' id='word_1_178' title='bbox 3287 870 3358 920; x_wconf 94' lang='lat' dir='ltr'><strong>tv,</strong></span> <span class='ocrx_word' id='word_1_179' title='bbox 3394 852 3514 918; x_wconf 75' lang='lat' dir='ltr'><strong>t3);</strong></span> <span class='ocrx_word' id='word_1_180' title='bbox 3543 862 3604 907; x_wconf 86' lang='lat' dir='ltr'><strong>ut</strong></span> <span class='ocrx_word' id='word_1_181' title='bbox 3622 869 3853 909; x_wconf 79' lang='lat' dir='ltr'><strong>omnem</strong></span> 
     </span>
    </p>
   </div>
   <div class='ocr_carea' id='block_1_25' title="bbox 2241 945 3853 1018">
    <p class='ocr_par' dir='ltr' id='par_1_25' title="bbox 2241 945 3853 1018">
     <span class='ocr_line' id='line_1_25' title="bbox 2241 945 3853 1018; baseline 0 -16"><span class='ocrx_word' id='word_1_182' title='bbox 2241 948 2476 1018; x_wconf 87' lang='lat' dir='ltr'><strong>deponat</strong></span> <span class='ocrx_word' id='word_1_183' title='bbox 2519 948 2684 1000; x_wconf 90' lang='lat' dir='ltr'><strong>animi</strong></span> <span class='ocrx_word' id='word_1_184' title='bbox 2729 947 3214 1015; x_wconf 68' lang='lat' dir='ltr'><strong>perturbationem,</strong></span> <span class='ocrx_word' id='word_1_185' title='bbox 3247 953 3304 1002; x_wconf 79' lang='lat' dir='ltr'><strong>et</strong></span> <span class='ocrx_word' id='word_1_186' title='bbox 3329 945 3595 1002; x_wconf 75' lang='lat' dir='ltr'><strong>cbaritate</strong></span> <span class='ocrx_word' id='word_1_187' title='bbox 3623 945 3853 1002; x_wconf 70' lang='lat' dir='ltr'><strong>fundata</strong></span> 
     </span>
    </p>
   </div>
   <div class='ocr_carea' id='block_1_26' title="bbox 2241 1038 3856 1109">
    <p class='ocr_par' dir='ltr' id='par_1_26' title="bbox 2241 1038 3856 1109">
     <span class='ocr_line' id='line_1_26' title="bbox 2241 1038 3856 1109; baseline 0.002 -18"><span class='ocrx_word' id='word_1_188' title='bbox 2241 1050 2503 1109; x_wconf 75' lang='lat' dir='ltr'><strong>augeatur</strong></span> <span class='ocrx_word' id='word_1_189' title='bbox 2535 1039 2587 1091; x_wconf 93' lang='lat' dir='ltr'><strong>in</strong></span> <span class='ocrx_word' id='word_1_190' title='bbox 2622 1038 2855 1092; x_wconf 89' lang='lat' dir='ltr'><strong>Domino</strong></span> <span class='ocrx_word' id='word_1_191' title='bbox 2884 1038 3036 1103; x_wconf 83' lang='lat' dir='ltr'><strong>Jesu,</strong></span> <span class='ocrx_word' id='word_1_192' title='bbox 3071 1048 3093 1075; x_wconf 71' lang='grc' dir='ltr'>θ</span> <span class='ocrx_word' id='word_1_193' title='bbox 3122 1049 3179 1094; x_wconf 85' lang='lat' dir='ltr'><strong>et</strong></span> <span class='ocrx_word' id='word_1_194' title='bbox 3207 1038 3468 1093; x_wconf 84' lang='lat' dir='ltr'><strong>universo</strong></span> <span class='ocrx_word' id='word_1_195' title='bbox 3493 1041 3740 1109; x_wconf 76' lang='lat' dir='ltr'><strong>acquirat</strong></span> <span class='ocrx_word' id='word_1_196' title='bbox 3764 1040 3856 1094; x_wconf 89' lang='lat' dir='ltr'><strong>itt-</strong></span> 
     </span>
    </p>
   </div>
   <div class='ocr_carea' id='block_1_27' title="bbox 2242 1129 2851 1199">
    <p class='ocr_par' dir='ltr' id='par_1_27' title="bbox 2242 1129 2851 1199">
     <span class='ocr_line' id='line_1_27' title="bbox 2242 1129 2851 1199; baseline 0 -17"><span class='ocrx_word' id='word_1_197' title='bbox 2242 1139 2582 1183; x_wconf 86' lang='lat' dir='ltr'><strong>crementum</strong></span> <span class='ocrx_word' id='word_1_198' title='bbox 2611 1129 2851 1199; x_wconf 89' lang='lat' dir='ltr'><strong>corpori.</strong></span> 
     </span>
    </p>
   </div>
   <div class='ocr_carea' id='block_1_28' title="bbox 2317 1222 3855 1293">
    <p class='ocr_par' dir='ltr' id='par_1_28' title="bbox 2317 1222 3855 1293">
     <span class='ocr_line' id='line_1_28' title="bbox 2317 1222 3855 1293; baseline 0.002 -18"><span class='ocrx_word' id='word_1_199' title='bbox 2317 1222 2404 1276; x_wconf 76' lang='lat' dir='ltr'><strong>lt.</strong></span> <span class='ocrx_word' id='word_1_200' title='bbox 2450 1222 2577 1277; x_wconf 75' lang='lat' dir='ltr'><strong>llaec</strong></span> <span class='ocrx_word' id='word_1_201' title='bbox 2623 1231 2706 1277; x_wconf 86' lang='lat' dir='ltr'><strong>est</strong></span> <span class='ocrx_word' id='word_1_202' title='bbox 2755 1224 2934 1277; x_wconf 88' lang='lat' dir='ltr'><strong>anima</strong></span> <span class='ocrx_word' id='word_1_203' title='bbox 2982 1223 3104 1286; x_wconf 90' lang='lat' dir='ltr'><strong>illa,</strong></span> <span class='ocrx_word' id='word_1_204' title='bbox 3149 1238 3311 1293; x_wconf 80' lang='lat' dir='ltr'><strong>quam</strong></span> <span class='ocrx_word' id='word_1_205' title='bbox 3353 1224 3463 1280; x_wconf 77' lang='lat' dir='ltr'><strong>Lex</strong></span> <span class='ocrx_word' id='word_1_206' title='bbox 3504 1224 3855 1281; x_wconf 78' lang='lat' dir='ltr'><strong>demonstrat</strong></span> 
     </span>
    </p>
   </div>
   <div class='ocr_carea' id='block_1_29' title="bbox 2244 1313 3849 1386">
    <p class='ocr_par' dir='ltr' id='par_1_29' title="bbox 2244 1313 3849 1386">
     <span class='ocr_line' id='line_1_29' title="bbox 2244 1313 3849 1386; baseline 0.004 -21"><span class='ocrx_word' id='word_1_207' title='bbox 2244 1313 2338 1367; x_wconf 92' lang='lat' dir='ltr'><strong>tibi</strong></span> <span class='ocrx_word' id='word_1_208' title='bbox 2384 1313 2440 1367; x_wconf 89' lang='lat' dir='ltr'><strong>in</strong></span> <span class='ocrx_word' id='word_1_209' title='bbox 2488 1314 2670 1382; x_wconf 84' lang='lat' dir='ltr'><strong>specie</strong></span> <span class='ocrx_word' id='word_1_210' title='bbox 2714 1315 2962 1369; x_wconf 80' lang='lat' dir='ltr'><strong>mulieris</strong></span> <span class='ocrx_word' id='word_1_211' title='bbox 3006 1316 3192 1380; x_wconf 77' lang='lat' dir='ltr'><strong>bonzc,</strong></span> <span class='ocrx_word' id='word_1_212' title='bbox 3240 1332 3406 1386; x_wconf 74' lang='lat' dir='ltr'><strong>quam</strong></span> <span class='ocrx_word' id='word_1_213' title='bbox 3446 1318 3494 1371; x_wconf 92' lang='lat' dir='ltr'><strong>si</strong></span> <span class='ocrx_word' id='word_1_214' title='bbox 3544 1318 3751 1373; x_wconf 85' lang='lat' dir='ltr'><strong>videris</strong></span> <span class='ocrx_word' id='word_1_215' title='bbox 3795 1319 3849 1372; x_wconf 90' lang='lat' dir='ltr'><strong>in</strong></span> 
     </span>
    </p>
   </div>
   <div class='ocr_carea' id='block_1_30' title="bbox 2244 1404 3849 1477">
    <p class='ocr_par' dir='ltr' id='par_1_30' title="bbox 2244 1404 3849 1477">
     <span class='ocr_line' id='line_1_30' title="bbox 2244 1404 3849 1477; baseline 0.005 -19"><span class='ocrx_word' id='word_1_216' title='bbox 2244 1404 2457 1474; x_wconf 64' lang='lat' dir='ltr'><strong>prceda,</strong></span> <span class='ocrx_word' id='word_1_217' title='bbox 2510 1415 2565 1460; x_wconf 89' lang='lat' dir='ltr'><strong>et</strong></span> <span class='ocrx_word' id='word_1_218' title='bbox 2614 1408 2961 1475; x_wconf 89' lang='lat' dir='ltr'><strong>concupieris</strong></span> <span class='ocrx_word' id='word_1_219' title='bbox 3005 1411 3259 1477; x_wconf 84' lang='lat' dir='ltr'><strong>accipere</strong></span> <span class='ocrx_word' id='word_1_220' title='bbox 3307 1410 3362 1463; x_wconf 86' lang='lat' dir='ltr'><strong>in</strong></span> <span class='ocrx_word' id='word_1_221' title='bbox 3418 1424 3646 1467; x_wconf 65' lang='lat' dir='ltr'><strong>uxorem</strong></span> <span class='ocrx_word' id='word_1_222' title='bbox 3696 1411 3849 1466; x_wconf 86' lang='lat' dir='ltr'><strong>tibi:</strong></span> 
     </span>
    </p>
   </div>
   <div class='ocr_carea' id='block_1_31' title="bbox 2245 1494 3845 1573">
    <p class='ocr_par' dir='ltr' id='par_1_31' title="bbox 2245 1494 3845 1573">
     <span class='ocr_line' id='line_1_31' title="bbox 2245 1494 3845 1573; baseline 0.006 -25"><span class='ocrx_word' id='word_1_223' title='bbox 2245 1494 2489 1561; x_wconf 85' lang='lat' dir='ltr'><strong>Induces,</strong></span> <span class='ocrx_word' id='word_1_224' title='bbox 2523 1498 2714 1566; x_wconf 89' lang='lat' dir='ltr'><strong>inquit,</strong></span> <span class='ocrx_word' id='word_1_225' title='bbox 2747 1516 2861 1552; x_wconf 83' lang='lat' dir='ltr'><strong>eam</strong></span> <span class='ocrx_word' id='word_1_226' title='bbox 2890 1500 2945 1552; x_wconf 86' lang='lat' dir='ltr'><strong>in</strong></span> <span class='ocrx_word' id='word_1_227' title='bbox 2975 1502 3186 1553; x_wconf 85' lang='lat' dir='ltr'><strong>domum</strong></span> <span class='ocrx_word' id='word_1_228' title='bbox 3222 1512 3364 1554; x_wconf 79' lang='lat' dir='ltr'><strong>tuam</strong></span> <span class='ocrx_word' id='word_1_229' title='bbox 3401 1500 3584 1573; x_wconf 79' lang='lat' dir='ltr'><strong>(Deut.</strong></span> <span class='ocrx_word' id='word_1_230' title='bbox 3630 1518 3746 1568; x_wconf 74' lang='lat' dir='ltr'><strong>ut,</strong></span> <span class='ocrx_word' id='word_1_231' title='bbox 3784 1504 3845 1558; x_wconf 76' lang='grc' dir='ltr'>Η</span> 
     </span>
    </p>
   </div>
   <div class='ocr_carea' id='block_1_32' title="bbox 2245 1590 3849 1659">
    <p class='ocr_par' dir='ltr' id='par_1_32' title="bbox 2245 1590 3849 1659">
     <span class='ocr_line' id='line_1_32' title="bbox 2245 1590 3849 1659; baseline 0.006 -19"><span class='ocrx_word' id='word_1_232' title='bbox 2245 1597 2289 1640; x_wconf 87' lang='lat' dir='ltr'><strong>et</strong></span> <span class='ocrx_word' id='word_1_233' title='bbox 2312 1590 2475 1657; x_wconf 80' lang='lat' dir='ltr'><strong>seq.);</strong></span> <span class='ocrx_word' id='word_1_234' title='bbox 2514 1599 2571 1642; x_wconf 94' lang='lat' dir='ltr'><strong>ut</strong></span> <span class='ocrx_word' id='word_1_235' title='bbox 2611 1600 2722 1644; x_wconf 87' lang='lat' dir='ltr'><strong>tota</strong></span> <span class='ocrx_word' id='word_1_236' title='bbox 2753 1592 2801 1643; x_wconf 89' lang='lat' dir='ltr'><strong>ei</strong></span> <span class='ocrx_word' id='word_1_237' title='bbox 2846 1593 3155 1645; x_wconf 85' lang='lat' dir='ltr'><strong>committas</strong></span> <span class='ocrx_word' id='word_1_238' title='bbox 3194 1591 3456 1646; x_wconf 87' lang='lat' dir='ltr'><strong>interiora</strong></span> <span class='ocrx_word' id='word_1_239' title='bbox 3484 1594 3685 1648; x_wconf 72' lang='lat' dir='ltr'><strong>domus</strong></span> <span class='ocrx_word' id='word_1_240' title='bbox 3717 1602 3849 1659; x_wconf 58' lang='lat' dir='ltr'><strong>tua,</strong></span> 
     </span>
    </p>
   </div>
   <div class='ocr_carea' id='block_1_33' title="bbox 530 1677 3849 1759">
    <p class='ocr_par' dir='ltr' id='par_1_33' title="bbox 530 1677 3849 1759">
     <span class='ocr_line' id='line_1_33' title="bbox 530 1677 3849 1759; baseline -0.004 -5"><span class='ocrx_word' id='word_1_241' title='bbox 530 1677 821 1754; x_wconf 84' lang='lat' dir='ltr'><strong>defunctus</strong></span> <span class='ocrx_word' id='word_1_242' title='bbox 863 1703 946 1748; x_wconf 89' lang='lat' dir='ltr'><strong>est</strong></span> <span class='ocrx_word' id='word_1_243' title='bbox 983 1691 1066 1745; x_wconf 85' lang='lat' dir='ltr'><strong>vir</strong></span> <span class='ocrx_word' id='word_1_244' title='bbox 1107 1688 1246 1759; x_wconf 88' lang='lat' dir='ltr'><strong>ejus,</strong></span> <span class='ocrx_word' id='word_1_245' title='bbox 1283 1689 1516 1741; x_wconf 80' lang='lat' dir='ltr'><strong>solutam</strong></span> <span class='ocrx_word' id='word_1_246' title='bbox 1558 1700 1588 1738; x_wconf 93' lang='lat' dir='ltr'><strong>a</strong></span> <span class='ocrx_word' id='word_1_247' title='bbox 1633 1685 1752 1753; x_wconf 86' lang='lat' dir='ltr'><strong>lege</strong></span> <span class='ocrx_word' id='word_1_248' title='bbox 1791 1681 1891 1736; x_wconf 90' lang='lat' dir='ltr'><strong>viri</strong></span> <span class='ocrx_word' id='word_1_249' title='bbox 1930 1677 2141 1746; x_wconf 87' lang='lat' dir='ltr'><strong>accepit</strong></span> <span class='ocrx_word' id='word_1_250' title='bbox 2170 1684 2218 1743; x_wconf 83' lang='grc' dir='ltr'><strong>Β</strong></span> <span class='ocrx_word' id='word_1_251' title='bbox 2243 1680 2486 1733; x_wconf 88' lang='lat' dir='ltr'><strong>omnium</strong></span> <span class='ocrx_word' id='word_1_252' title='bbox 2513 1682 3018 1736; x_wconf 89' lang='lat' dir='ltr'><strong>tuoruutviscerutn</strong></span> <span class='ocrx_word' id='word_1_253' title='bbox 3049 1685 3471 1751; x_wconf 81' lang='lat' dir='ltr'><strong>possessionem,</strong></span> <span class='ocrx_word' id='word_1_254' title='bbox 3492 1685 3710 1743; x_wconf 72' lang='lat' dir='ltr'><strong>auferas</strong></span> <span class='ocrx_word' id='word_1_255' title='bbox 3731 1686 3849 1753; x_wconf 74' lang='lat' dir='ltr'><strong>ejus</strong></span> 
     </span>
    </p>
   </div>
   <div class='ocr_carea' id='block_1_34' title="bbox 533 1768 2146 1851">
    <p class='ocr_par' dir='ltr' id='par_1_34' title="bbox 533 1768 2146 1851">
     <span class='ocr_line' id='line_1_34' title="bbox 533 1768 2146 1851; baseline -0.015 -4"><span class='ocrx_word' id='word_1_256' title='bbox 533 1805 652 1847; x_wconf 83' lang='lat' dir='ltr'><strong>eam</strong></span> <span class='ocrx_word' id='word_1_257' title='bbox 683 1788 785 1842; x_wconf 87' lang='lat' dir='ltr'><strong>sibi</strong></span> <span class='ocrx_word' id='word_1_258' title='bbox 822 1788 876 1841; x_wconf 93' lang='lat' dir='ltr'><strong>in</strong></span> <span class='ocrx_word' id='word_1_259' title='bbox 909 1798 1143 1839; x_wconf 77' lang='lat' dir='ltr'><strong>uxorem</strong></span> <span class='ocrx_word' id='word_1_260' title='bbox 1176 1776 1454 1851; x_wconf 74' lang='lat' dir='ltr'><strong>propheta</strong></span> <span class='ocrx_word' id='word_1_261' title='bbox 1486 1768 1678 1832; x_wconf 77' lang='lat' dir='ltr'><strong>David.</strong></span> <span class='ocrx_word' id='word_1_262' title='bbox 1726 1778 1828 1829; x_wconf 81' lang='lat' dir='ltr'><strong>l‘er</strong></span> <span class='ocrx_word' id='word_1_263' title='bbox 1867 1777 2024 1842; x_wconf 81' lang='lat' dir='ltr'><strong>cujus</strong></span> <span class='ocrx_word' id='word_1_264' title='bbox 2053 1788 2146 1824; x_wconf 90' lang='lat' dir='ltr'><strong>co—</strong></span> 
     </span>
    </p>
   </div>
   <div class='ocr_carea' id='block_1_35' title="bbox 536 1866 2146 1954">
    <p class='ocr_par' dir='ltr' id='par_1_35' title="bbox 536 1866 2146 1954">
     <span class='ocr_line' id='line_1_35' title="bbox 536 1866 2146 1954; baseline -0.014 -15"><span class='ocrx_word' id='word_1_265' title='bbox 536 1883 715 1954; x_wconf 87' lang='lat' dir='ltr'><strong>pulam</strong></span> <span class='ocrx_word' id='word_1_266' title='bbox 746 1891 766 1918; x_wconf 71' lang='grc' dir='ltr'>ε</span> <span class='ocrx_word' id='word_1_267' title='bbox 796 1877 1059 1934; x_wconf 66' lang='lat' dir='ltr'><strong>Ecclesiae</strong></span> <span class='ocrx_word' id='word_1_268' title='bbox 1086 1874 1376 1931; x_wconf 68' lang='lat' dir='ltr'><strong>crediturae</strong></span> <span class='ocrx_word' id='word_1_269' title='bbox 1400 1888 1465 1927; x_wconf 83' lang='lat' dir='ltr'><strong>ex</strong></span> <span class='ocrx_word' id='word_1_270' title='bbox 1494 1868 1749 1939; x_wconf 80' lang='lat' dir='ltr'><strong>gentibus</strong></span> <span class='ocrx_word' id='word_1_271' title='bbox 1772 1866 2146 1936; x_wconf 81' lang='lat' dir='ltr'><strong>significantur</strong></span> 
     </span>
    </p>
   </div>
   <div class='ocr_carea' id='block_1_36' title="bbox 535 1956 2141 2046">
    <p class='ocr_par' dir='ltr' id='par_1_36' title="bbox 535 1956 2141 2046">
     <span class='ocr_line' id='line_1_36' title="bbox 535 1956 2141 2046; baseline -0.015 -15"><span class='ocrx_word' id='word_1_272' title='bbox 535 1972 824 2046; x_wconf 86' lang='lat' dir='ltr'><strong>mysteria,</strong></span> <span class='ocrx_word' id='word_1_273' title='bbox 851 1986 974 2039; x_wconf 77' lang='lat' dir='ltr'><strong>quae</strong></span> <span class='ocrx_word' id='word_1_274' title='bbox 1008 1968 1211 2021; x_wconf 86' lang='lat' dir='ltr'><strong>amisso</strong></span> <span class='ocrx_word' id='word_1_275' title='bbox 1252 1966 1401 2030; x_wconf 80' lang='lat' dir='ltr'><strong>viro,</strong></span> <span class='ocrx_word' id='word_1_276' title='bbox 1431 1966 1517 2016; x_wconf 85' lang='lat' dir='ltr'><strong>cui</strong></span> <span class='ocrx_word' id='word_1_277' title='bbox 1554 1972 1679 2015; x_wconf 88' lang='lat' dir='ltr'><strong>ante</strong></span> <span class='ocrx_word' id='word_1_278' title='bbox 1714 1963 1900 2028; x_wconf 89' lang='lat' dir='ltr'><strong>juncta</strong></span> <span class='ocrx_word' id='word_1_279' title='bbox 1942 1956 2141 2019; x_wconf 81' lang='lat' dir='ltr'><strong>fuerat,</strong></span> 
     </span>
    </p>
   </div>
   <div class='ocr_carea' id='block_1_37' title="bbox 536 2049 2143 2132">
    <p class='ocr_par' dir='ltr' id='par_1_37' title="bbox 536 2049 2143 2132">
     <span class='ocr_line' id='line_1_37' title="bbox 536 2049 2143 2132; baseline -0.011 -14"><span class='ocrx_word' id='word_1_280' title='bbox 536 2064 788 2120; x_wconf 88' lang='lat' dir='ltr'><strong>transivit</strong></span> <span class='ocrx_word' id='word_1_281' title='bbox 812 2061 979 2132; x_wconf 76' lang='lat'><strong>916</strong></span> <span class='ocrx_word' id='word_1_282' title='bbox 1007 2059 1072 2113; x_wconf 88' lang='lat' dir='ltr'><strong>ad</strong></span> <span class='ocrx_word' id='word_1_283' title='bbox 1112 2057 1412 2120; x_wconf 67' lang='lat' dir='ltr'><strong>Christum,</strong></span> <span class='ocrx_word' id='word_1_284' title='bbox 1445 2070 1612 2108; x_wconf 82' lang='lat' dir='ltr'><strong>censu</strong></span> <span class='ocrx_word' id='word_1_285' title='bbox 1646 2053 1733 2121; x_wconf 87' lang='lat' dir='ltr'><strong>pio</strong></span> <span class='ocrx_word' id='word_1_286' title='bbox 1765 2050 1935 2115; x_wconf 85' lang='lat' dir='ltr'><strong>dives,</strong></span> <span class='ocrx_word' id='word_1_287' title='bbox 1968 2049 2143 2101; x_wconf 91' lang='lat' dir='ltr'><strong>humi-</strong></span> 
     </span>
    </p>
   </div>
   <div class='ocr_carea' id='block_1_38' title="bbox 532 2140 2143 2217">
    <p class='ocr_par' dir='ltr' id='par_1_38' title="bbox 532 2140 2143 2217">
     <span class='ocr_line' id='line_1_38' title="bbox 532 2140 2143 2217; baseline -0.012 -5"><span class='ocrx_word' id='word_1_288' title='bbox 532 2157 701 2213; x_wconf 88' lang='lat' dir='ltr'><strong>litatis</strong></span> <span class='ocrx_word' id='word_1_289' title='bbox 744 2166 802 2210; x_wconf 90' lang='lat' dir='ltr'><strong>et</strong></span> <span class='ocrx_word' id='word_1_290' title='bbox 832 2153 992 2216; x_wconf 82' lang='lat' dir='ltr'><strong>fidei,</strong></span> <span class='ocrx_word' id='word_1_291' title='bbox 1043 2140 1439 2206; x_wconf 70' lang='lat' dir='ltr'><strong>misericordiae</strong></span> <span class='ocrx_word' id='word_1_292' title='bbox 1477 2160 1693 2217; x_wconf 88' lang='lat' dir='ltr'><strong>quoque</strong></span> <span class='ocrx_word' id='word_1_293' title='bbox 1742 2144 1923 2197; x_wconf 86' lang='lat' dir='ltr'><strong>dotata</strong></span> <span class='ocrx_word' id='word_1_294' title='bbox 1974 2140 2143 2211; x_wconf 88' lang='lat' dir='ltr'><strong>patri-</strong></span> 
     </span>
    </p>
   </div>
   <div class='ocr_carea' id='block_1_39' title="bbox 536 2248 744 2304">
    <p class='ocr_par' dir='ltr' id='par_1_39' title="bbox 536 2248 744 2304">
     <span class='ocr_line' id='line_1_39' title="bbox 536 2248 744 2304; baseline -0.01 0"><span class='ocrx_word' id='word_1_295' title='bbox 536 2248 744 2304; x_wconf 89' lang='lat' dir='ltr'><strong>monio.</strong></span> 
     </span>
    </p>
   </div>
   <div class='ocr_carea' id='block_1_40' title="bbox 616 2323 2139 2397">
    <p class='ocr_par' dir='ltr' id='par_1_40' title="bbox 616 2323 2139 2397">
     <span class='ocr_line' id='line_1_40' title="bbox 616 2323 2139 2397; baseline -0.011 -3"><span class='ocrx_word' id='word_1_296' title='bbox 616 2339 670 2395; x_wconf 92' lang='lat'><strong>8.</strong></span> <span class='ocrx_word' id='word_1_297' title='bbox 713 2335 818 2393; x_wconf 89' lang='lat' dir='ltr'><strong>Sed</strong></span> <span class='ocrx_word' id='word_1_298' title='bbox 843 2334 945 2389; x_wconf 89' lang='lat' dir='ltr'><strong>hoc</strong></span> <span class='ocrx_word' id='word_1_299' title='bbox 970 2334 1092 2388; x_wconf 88' lang='lat' dir='ltr'><strong>loco</strong></span> <span class='ocrx_word' id='word_1_300' title='bbox 1115 2347 1221 2386; x_wconf 92' lang='lat' dir='ltr'><strong>non</strong></span> <span class='ocrx_word' id='word_1_301' title='bbox 1247 2332 1345 2385; x_wconf 86' lang='lat' dir='ltr'><strong>ista</strong></span> <span class='ocrx_word' id='word_1_302' title='bbox 1372 2329 1708 2397; x_wconf 77' lang='lat' dir='ltr'><strong>deploratur,</strong></span> <span class='ocrx_word' id='word_1_303' title='bbox 1738 2325 1833 2381; x_wconf 88' lang='lat' dir='ltr'><strong>sed</strong></span> <span class='ocrx_word' id='word_1_304' title='bbox 1860 2325 1950 2379; x_wconf 88' lang='lat' dir='ltr'><strong>illa</strong></span> <span class='ocrx_word' id='word_1_305' title='bbox 1978 2323 2139 2377; x_wconf 86' lang='lat' dir='ltr'><strong>Achi-</strong></span> 
     </span>
    </p>
   </div>
   <div class='ocr_carea' id='block_1_41' title="bbox 533 2408 2137 2500">
    <p class='ocr_par' dir='ltr' id='par_1_41' title="bbox 533 2408 2137 2500">
     <span class='ocr_line' id='line_1_41' title="bbox 533 2408 2137 2500; baseline -0.011 -13"><span class='ocrx_word' id='word_1_306' title='bbox 533 2446 716 2493; x_wconf 82' lang='lat' dir='ltr'><strong>naam,</strong></span> <span class='ocrx_word' id='word_1_307' title='bbox 746 2446 868 2500; x_wconf 75' lang='lat' dir='ltr'><strong>qua:</strong></span> <span class='ocrx_word' id='word_1_308' title='bbox 902 2416 1002 2481; x_wconf 80' lang='lat' dir='ltr'><strong>fuit</strong></span> <span class='ocrx_word' id='word_1_309' title='bbox 1044 2424 1184 2479; x_wconf 89' lang='lat' dir='ltr'><strong>male</strong></span> <span class='ocrx_word' id='word_1_310' title='bbox 1216 2423 1372 2477; x_wconf 89' lang='lat' dir='ltr'><strong>fortis</strong></span> <span class='ocrx_word' id='word_1_311' title='bbox 1410 2423 1464 2476; x_wconf 87' lang='lat' dir='ltr'><strong>in</strong></span> <span class='ocrx_word' id='word_1_312' title='bbox 1510 2419 1766 2483; x_wconf 86' lang='lat' dir='ltr'><strong>fratrem;</strong></span> <span class='ocrx_word' id='word_1_313' title='bbox 1810 2428 1863 2471; x_wconf 84' lang='lat' dir='ltr'><strong>et</strong></span> <span class='ocrx_word' id='word_1_314' title='bbox 1903 2416 2025 2471; x_wconf 86' lang='lat' dir='ltr'><strong>ideo</strong></span> <span class='ocrx_word' id='word_1_315' title='bbox 2061 2408 2137 2469; x_wconf 87' lang='lat' dir='ltr'><strong>illi</strong></span> 
     </span>
    </p>
   </div>
   <div class='ocr_carea' id='block_1_42' title="bbox 535 2510 2139 2579">
    <p class='ocr_par' dir='ltr' id='par_1_42' title="bbox 535 2510 2139 2579">
     <span class='ocr_line' id='line_1_42' title="bbox 535 2510 2139 2579; baseline -0.009 -1"><span class='ocrx_word' id='word_1_316' title='bbox 535 2524 704 2578; x_wconf 80' lang='lat' dir='ltr'><strong>frater</strong></span> <span class='ocrx_word' id='word_1_317' title='bbox 734 2520 907 2575; x_wconf 88' lang='lat' dir='ltr'><strong>factus</strong></span> <span class='ocrx_word' id='word_1_318' title='bbox 936 2528 1020 2574; x_wconf 87' lang='lat' dir='ltr'><strong>est</strong></span> <span class='ocrx_word' id='word_1_319' title='bbox 1046 2518 1101 2572; x_wconf 92' lang='lat' dir='ltr'><strong>in</strong></span> <span class='ocrx_word' id='word_1_320' title='bbox 1132 2515 1577 2570; x_wconf 83' lang='lat' dir='ltr'><strong>commotionem.</strong></span> <span class='ocrx_word' id='word_1_321' title='bbox 1614 2510 1773 2566; x_wconf 84' lang='lat' dir='ltr'><strong>Unde</strong></span> <span class='ocrx_word' id='word_1_322' title='bbox 1803 2525 1864 2563; x_wconf 75' lang='lat' dir='ltr'><strong>ex</strong></span> <span class='ocrx_word' id='word_1_323' title='bbox 1906 2524 2139 2579; x_wconf 87' lang='lat' dir='ltr'><strong>persona</strong></span> 
     </span>
    </p>
   </div>
   <div class='ocr_carea' id='block_1_43' title="bbox 533 2603 2138 2674">
    <p class='ocr_par' dir='ltr' id='par_1_43' title="bbox 533 2603 2138 2674">
     <span class='ocr_line' id='line_1_43' title="bbox 533 2603 2138 2674; baseline -0.011 -3"><span class='ocrx_word' id='word_1_324' title='bbox 533 2630 722 2671; x_wconf 89' lang='lat' dir='ltr'><strong>eorum</strong></span> <span class='ocrx_word' id='word_1_325' title='bbox 750 2614 952 2667; x_wconf 88' lang='lat' dir='ltr'><strong>dictum</strong></span> <span class='ocrx_word' id='word_1_326' title='bbox 985 2620 1070 2664; x_wconf 90' lang='lat' dir='ltr'><strong>est</strong></span> <span class='ocrx_word' id='word_1_327' title='bbox 1095 2627 1107 2662; x_wconf 90' lang='lat'><strong>:</strong></span> <span class='ocrx_word' id='word_1_328' title='bbox 1144 2607 1374 2661; x_wconf 75' lang='lat' dir='ltr'><strong>Posuisti</strong></span> <span class='ocrx_word' id='word_1_329' title='bbox 1397 2622 1489 2659; x_wconf 90' lang='lat' dir='ltr'><strong>nos</strong></span> <span class='ocrx_word' id='word_1_330' title='bbox 1518 2609 1570 2658; x_wconf 89' lang='lat' dir='ltr'><strong>in</strong></span> <span class='ocrx_word' id='word_1_331' title='bbox 1606 2604 1910 2674; x_wconf 84' lang='lat' dir='ltr'><strong>parabolam</strong></span> <span class='ocrx_word' id='word_1_332' title='bbox 1935 2603 1988 2655; x_wconf 88' lang='lat' dir='ltr'><strong>in</strong></span> <span class='ocrx_word' id='word_1_333' title='bbox 2012 2617 2138 2672; x_wconf 84' lang='lat' dir='ltr'><strong>gen-</strong></span> 
     </span>
    </p>
   </div>
   <div class='ocr_carea' id='block_1_44' title="bbox 535 2688 2133 2767">
    <p class='ocr_par' dir='ltr' id='par_1_44' title="bbox 535 2688 2133 2767">
     <span class='ocr_line' id='line_1_44' title="bbox 535 2688 2133 2767; baseline -0.01 -10"><span class='ocrx_word' id='word_1_334' title='bbox 535 2705 688 2767; x_wconf 85' lang='lat' dir='ltr'><strong>tibus,</strong></span> <span class='ocrx_word' id='word_1_335' title='bbox 714 2701 1109 2755; x_wconf 80' lang='lat' dir='ltr'><strong>commotionem</strong></span> <span class='ocrx_word' id='word_1_336' title='bbox 1129 2697 1315 2766; x_wconf 80' lang='lat' dir='ltr'><strong>capitis</strong></span> <span class='ocrx_word' id='word_1_337' title='bbox 1336 2697 1390 2749; x_wconf 89' lang='lat' dir='ltr'><strong>in</strong></span> <span class='ocrx_word' id='word_1_338' title='bbox 1413 2695 1621 2765; x_wconf 77' lang='lat' dir='ltr'><strong>pupulis</strong></span> <span class='ocrx_word' id='word_1_339' title='bbox 1644 2691 1819 2764; x_wconf 88' lang='lat' dir='ltr'><strong>(Psal.</strong></span> <span class='ocrx_word' id='word_1_340' title='bbox 1844 2707 1998 2757; x_wconf 81' lang='lat' dir='ltr'><strong>xutt,</strong></span> <span class='ocrx_word' id='word_1_341' title='bbox 2024 2688 2133 2761; x_wconf 71' lang='lat' dir='ltr'><strong>is).</strong></span> 
     </span>
    </p>
   </div>
   <div class='ocr_carea' id='block_1_45' title="bbox 535 2783 2130 2857">
    <p class='ocr_par' dir='ltr' id='par_1_45' title="bbox 535 2783 2130 2857">
     <span class='ocr_line' id='line_1_45' title="bbox 535 2783 2130 2857; baseline -0.008 -10"><span class='ocrx_word' id='word_1_342' title='bbox 535 2795 709 2857; x_wconf 84' lang='lat' dir='ltr'><strong>Quam</strong></span> <span class='ocrx_word' id='word_1_343' title='bbox 740 2803 1021 2845; x_wconf 90' lang='lat' dir='ltr'><strong>nutantem</strong></span> <span class='ocrx_word' id='word_1_344' title='bbox 1047 2789 1332 2842; x_wconf 84' lang='lat' dir='ltr'><strong>inveniens</strong></span> <span class='ocrx_word' id='word_1_345' title='bbox 1363 2787 1634 2851; x_wconf 87' lang='lat' dir='ltr'><strong>diabolus,</strong></span> <span class='ocrx_word' id='word_1_346' title='bbox 1667 2787 1807 2840; x_wconf 90' lang='lat' dir='ltr'><strong>sicut</strong></span> <span class='ocrx_word' id='word_1_347' title='bbox 1836 2784 1923 2838; x_wconf 82' lang='lat' dir='ltr'><strong>leo</strong></span> <span class='ocrx_word' id='word_1_348' title='bbox 1945 2783 2130 2849; x_wconf 89' lang='lat' dir='ltr'><strong>diruit,</strong></span> 
     </span>
    </p>
   </div>
   <div class='ocr_carea' id='block_1_46' title="bbox 534 2877 2133 2955">
    <p class='ocr_par' dir='ltr' id='par_1_46' title="bbox 534 2877 2133 2955">
     <span class='ocr_line' id='line_1_46' title="bbox 534 2877 2133 2955; baseline -0.01 -12"><span class='ocrx_word' id='word_1_349' title='bbox 534 2896 590 2943; x_wconf 91' lang='lat' dir='ltr'><strong>ct</strong></span> <span class='ocrx_word' id='word_1_350' title='bbox 626 2886 1019 2955; x_wconf 84' lang='lat' dir='ltr'><strong>jucunditatem</strong></span> <span class='ocrx_word' id='word_1_351' title='bbox 1052 2881 1172 2951; x_wconf 87' lang='lat' dir='ltr'><strong>ejus</strong></span> <span class='ocrx_word' id='word_1_352' title='bbox 1208 2881 1435 2936; x_wconf 88' lang='lat' dir='ltr'><strong>abstulit</strong></span> <span class='ocrx_word' id='word_1_353' title='bbox 1473 2877 1762 2951; x_wconf 59' lang='lat' dir='ltr'><strong>(ilic/1.1V,</strong></span> <span class='ocrx_word' id='word_1_354' title='bbox 1792 2878 1885 2947; x_wconf 66' lang='lat'><strong>4):</strong></span> <span class='ocrx_word' id='word_1_355' title='bbox 1920 2878 2133 2929; x_wconf 87' lang='lat' dir='ltr'><strong>vineam</strong></span> 
     </span>
    </p>
   </div>
   <div class='ocr_carea' id='block_1_47' title="bbox 539 2970 2135 3050">
    <p class='ocr_par' dir='ltr' id='par_1_47' title="bbox 539 2970 2135 3050">
     <span class='ocr_line' id='line_1_47' title="bbox 539 2970 2135 3050; baseline -0.007 -16"><span class='ocrx_word' id='word_1_356' title='bbox 539 2979 658 3050; x_wconf 89' lang='lat' dir='ltr'><strong>ejus</strong></span> <span class='ocrx_word' id='word_1_357' title='bbox 693 2987 749 3032; x_wconf 89' lang='lat' dir='ltr'><strong>et</strong></span> <span class='ocrx_word' id='word_1_358' title='bbox 785 2980 945 3031; x_wconf 89' lang='lat' dir='ltr'><strong>ticum</strong></span> <span class='ocrx_word' id='word_1_359' title='bbox 975 2975 1204 3039; x_wconf 85' lang='lat' dir='ltr'><strong>evertit,</strong></span> <span class='ocrx_word' id='word_1_360' title='bbox 1247 2974 1349 3029; x_wconf 91' lang='lat' dir='ltr'><strong>sub</strong></span> <span class='ocrx_word' id='word_1_361' title='bbox 1386 2974 1588 3042; x_wconf 86' lang='lat' dir='ltr'><strong>quibus</strong></span> <span class='ocrx_word' id='word_1_362' title='bbox 1625 2970 1837 3025; x_wconf 85' lang='lat' dir='ltr'><strong>solebat</strong></span> <span class='ocrx_word' id='word_1_363' title='bbox 1875 2977 2001 3022; x_wconf 88' lang='lat' dir='ltr'><strong>ante</strong></span> <span class='ocrx_word' id='word_1_364' title='bbox 2047 2983 2135 3023; x_wconf 88' lang='lat' dir='ltr'><strong>re-</strong></span> 
     </span>
    </p>
   </div>
   <div class='ocr_carea' id='block_1_48' title="bbox 537 3065 1769 3142">
    <p class='ocr_par' dir='ltr' id='par_1_48' title="bbox 537 3065 1769 3142">
     <span class='ocr_line' id='line_1_48' title="bbox 537 3065 1769 3142; baseline -0.009 -16"><span class='ocrx_word' id='word_1_365' title='bbox 537 3073 841 3142; x_wconf 84' lang='lat' dir='ltr'><strong>quiescere,</strong></span> <span class='ocrx_word' id='word_1_366' title='bbox 873 3077 927 3121; x_wconf 90' lang='lat' dir='ltr'><strong>et</strong></span> <span class='ocrx_word' id='word_1_367' title='bbox 958 3082 1211 3120; x_wconf 82' lang='lat' dir='ltr'><strong>arescere</strong></span> <span class='ocrx_word' id='word_1_368' title='bbox 1237 3065 1369 3120; x_wconf 88' lang='lat' dir='ltr'><strong>fecit</strong></span> <span class='ocrx_word' id='word_1_369' title='bbox 1399 3067 1602 3120; x_wconf 82' lang='lat' dir='ltr'><strong>fructus</strong></span> <span class='ocrx_word' id='word_1_370' title='bbox 1631 3065 1769 3133; x_wconf 87' lang='lat' dir='ltr'><strong>ejus.</strong></span> 
     </span>
    </p>
   </div>
   <div class='ocr_carea' id='block_1_49' title="bbox 612 3155 2134 3228">
    <p class='ocr_par' dir='ltr' id='par_1_49' title="bbox 612 3155 2134 3228">
     <span class='ocr_line' id='line_1_49' title="bbox 612 3155 2134 3228; baseline -0.007 -11"><span class='ocrx_word' id='word_1_371' title='bbox 612 3164 667 3217; x_wconf 88' lang='lat'><strong>9.</strong></span> <span class='ocrx_word' id='word_1_372' title='bbox 706 3164 853 3228; x_wconf 81' lang='lat' dir='ltr'><strong>Quos</strong></span> <span class='ocrx_word' id='word_1_373' title='bbox 881 3159 1062 3213; x_wconf 86' lang='lat' dir='ltr'><strong>aridos</strong></span> <span class='ocrx_word' id='word_1_374' title='bbox 1094 3159 1406 3222; x_wconf 82' lang='lat' dir='ltr'><strong>miseratus,</strong></span> <span class='ocrx_word' id='word_1_375' title='bbox 1434 3168 1593 3226; x_wconf 88' lang='lat' dir='ltr'><strong>atque</strong></span> <span class='ocrx_word' id='word_1_376' title='bbox 1622 3157 1865 3208; x_wconf 82' lang='lat' dir='ltr'><strong>albentes</strong></span> <span class='ocrx_word' id='word_1_377' title='bbox 1892 3155 2134 3208; x_wconf 89' lang='lat' dir='ltr'><strong>siccitate</strong></span> 
     </span>
    </p>
   </div>
   <div class='ocr_carea' id='block_1_50' title="bbox 542 3245 2138 3317">
    <p class='ocr_par' dir='ltr' id='par_1_50' title="bbox 542 3245 2138 3317">
     <span class='ocr_line' id='line_1_50' title="bbox 542 3245 2138 3317; baseline -0.007 -9"><span class='ocrx_word' id='word_1_378' title='bbox 542 3254 709 3309; x_wconf 89' lang='lat' dir='ltr'><strong>nimia</strong></span> <span class='ocrx_word' id='word_1_379' title='bbox 731 3292 746 3317; x_wconf 90' lang='lat'><strong>,</strong></span> <span class='ocrx_word' id='word_1_380' title='bbox 774 3249 911 3304; x_wconf 90' lang='lat' dir='ltr'><strong>dicit</strong></span> <span class='ocrx_word' id='word_1_381' title='bbox 941 3247 1007 3302; x_wconf 88' lang='lat' dir='ltr'><strong>ad</strong></span> <span class='ocrx_word' id='word_1_382' title='bbox 1049 3247 1364 3317; x_wconf 88' lang='lat' dir='ltr'><strong>prophetam</strong></span> <span class='ocrx_word' id='word_1_383' title='bbox 1402 3246 1579 3300; x_wconf 89' lang='lat' dir='ltr'><strong>Deus:</strong></span> <span class='ocrx_word' id='word_1_384' title='bbox 1615 3245 1913 3298; x_wconf 83' lang='lat' dir='ltr'><strong>Latnenlare</strong></span> <span class='ocrx_word' id='word_1_385' title='bbox 1946 3245 2015 3296; x_wconf 87' lang='lat' dir='ltr'><strong>ad</strong></span> <span class='ocrx_word' id='word_1_386' title='bbox 2058 3259 2138 3297; x_wconf 87' lang='lat' dir='ltr'><strong>me</strong></span> 
     </span>
    </p>
   </div>
   <div class='ocr_carea' id='block_1_51' title="bbox 542 3336 2139 3415">
    <p class='ocr_par' dir='ltr' id='par_1_51' title="bbox 542 3336 2139 3415">
     <span class='ocr_line' id='line_1_51' title="bbox 542 3336 2139 3415; baseline -0.008 -14"><span class='ocrx_word' id='word_1_387' title='bbox 542 3360 697 3415; x_wconf 86' lang='lat' dir='ltr'><strong>super</strong></span> <span class='ocrx_word' id='word_1_388' title='bbox 729 3343 988 3411; x_wconf 81' lang='lat' dir='ltr'><strong>Sponsam</strong></span> <span class='ocrx_word' id='word_1_389' title='bbox 1016 3341 1346 3411; x_wconf 76' lang='lat' dir='ltr'><strong>prwcinctam</strong></span> <span class='ocrx_word' id='word_1_390' title='bbox 1372 3339 1563 3403; x_wconf 85' lang='lat' dir='ltr'><strong>cilicio,</strong></span> <span class='ocrx_word' id='word_1_391' title='bbox 1587 3347 1633 3390; x_wconf 89' lang='lat' dir='ltr'><strong>et</strong></span> <span class='ocrx_word' id='word_1_392' title='bbox 1659 3352 1815 3405; x_wconf 86' lang='lat' dir='ltr'><strong>super</strong></span> <span class='ocrx_word' id='word_1_393' title='bbox 1842 3336 2005 3389; x_wconf 87' lang='lat' dir='ltr'><strong>virum</strong></span> <span class='ocrx_word' id='word_1_394' title='bbox 2029 3338 2139 3407; x_wconf 82' lang='lat' dir='ltr'><strong>ejus</strong></span> 
     </span>
    </p>
   </div>
   <div class='ocr_carea' id='block_1_52' title="bbox 544 3427 2141 3510">
    <p class='ocr_par' dir='ltr' id='par_1_52' title="bbox 544 3427 2141 3510">
     <span class='ocr_line' id='line_1_52' title="bbox 544 3427 2141 3510; baseline -0.007 -18"><span class='ocrx_word' id='word_1_395' title='bbox 544 3436 846 3510; x_wconf 78' lang='lat' dir='ltr'><strong>virginalem</strong></span> <span class='ocrx_word' id='word_1_396' title='bbox 878 3431 1017 3504; x_wconf 79' lang='lat' dir='ltr'><strong>(Joel</strong></span> <span class='ocrx_word' id='word_1_397' title='bbox 1046 3447 1085 3498; x_wconf 91' lang='lat' dir='ltr'><strong>t,</strong></span> <span class='ocrx_word' id='word_1_398' title='bbox 1113 3433 1194 3501; x_wconf 85' lang='lat'><strong>9),</strong></span> <span class='ocrx_word' id='word_1_399' title='bbox 1221 3431 1272 3484; x_wconf 91' lang='lat' dir='ltr'><strong>id</strong></span> <span class='ocrx_word' id='word_1_400' title='bbox 1299 3439 1406 3496; x_wconf 87' lang='lat' dir='ltr'><strong>cst,</strong></span> <span class='ocrx_word' id='word_1_401' title='bbox 1428 3445 1594 3500; x_wconf 91' lang='lat' dir='ltr'><strong>super</strong></span> <span class='ocrx_word' id='word_1_402' title='bbox 1618 3429 1810 3483; x_wconf 76' lang='lat' dir='ltr'><strong>anima:</strong></span> <span class='ocrx_word' id='word_1_403' title='bbox 1832 3427 2141 3496; x_wconf 90' lang='lat' dir='ltr'><strong>hujusmodi</strong></span> 
     </span>
    </p>
   </div>
   <div class='ocr_carea' id='block_1_53' title="bbox 543 3521 2141 3598">
    <p class='ocr_par' dir='ltr' id='par_1_53' title="bbox 543 3521 2141 3598">
     <span class='ocr_line' id='line_1_53' title="bbox 543 3521 2141 3598; baseline -0.009 -11"><span class='ocrx_word' id='word_1_404' title='bbox 543 3532 628 3586; x_wconf 90' lang='lat' dir='ltr'><strong>vel</strong></span> <span class='ocrx_word' id='word_1_405' title='bbox 652 3531 954 3598; x_wconf 72' lang='lat' dir='ltr'><strong>Syuagogte</strong></span> <span class='ocrx_word' id='word_1_406' title='bbox 979 3524 1153 3579; x_wconf 82' lang='lat' dir='ltr'><strong>virum</strong></span> <span class='ocrx_word' id='word_1_407' title='bbox 1174 3534 1468 3578; x_wconf 88' lang='lat' dir='ltr'><strong>mortuum.</strong></span> <span class='ocrx_word' id='word_1_408' title='bbox 1493 3521 1595 3576; x_wconf 82' lang='lat' dir='ltr'><strong>Cui</strong></span> <span class='ocrx_word' id='word_1_409' title='bbox 1618 3522 1738 3575; x_wconf 90' lang='lat' dir='ltr'><strong>loco</strong></span> <span class='ocrx_word' id='word_1_410' title='bbox 1758 3521 1868 3575; x_wconf 82' lang='lat' dir='ltr'><strong>alio</strong></span> <span class='ocrx_word' id='word_1_411' title='bbox 1887 3529 2141 3590; x_wconf 67' lang='lat' dir='ltr'><strong>expostu-</strong></span> 
     </span>
    </p>
   </div>
   <div class='ocr_carea' id='block_1_54' title="bbox 545 3612 2140 3690">
    <p class='ocr_par' dir='ltr' id='par_1_54' title="bbox 545 3612 2140 3690">
     <span class='ocr_line' id='line_1_54' title="bbox 545 3612 2140 3690; baseline -0.009 -11"><span class='ocrx_word' id='word_1_412' title='bbox 545 3625 662 3679; x_wconf 78' lang='lat' dir='ltr'><strong>lans</strong></span> <span class='ocrx_word' id='word_1_413' title='bbox 691 3622 824 3676; x_wconf 89' lang='lat' dir='ltr'><strong>dicit</strong></span> <span class='ocrx_word' id='word_1_414' title='bbox 853 3618 1001 3690; x_wconf 75' lang='grc' dir='ltr'><strong>(οδε.</strong></span> <span class='ocrx_word' id='word_1_415' title='bbox 1033 3633 1110 3677; x_wconf 89' lang='lat' dir='ltr'><strong>tv,</strong></span> <span class='ocrx_word' id='word_1_416' title='bbox 1147 3614 1224 3685; x_wconf 87' lang='lat'><strong>6),</strong></span> <span class='ocrx_word' id='word_1_417' title='bbox 1257 3629 1324 3670; x_wconf 82' lang='lat' dir='ltr'><strong>eo</strong></span> <span class='ocrx_word' id='word_1_418' title='bbox 1358 3613 1500 3684; x_wconf 89' lang='lat' dir='ltr'><strong>quod</strong></span> <span class='ocrx_word' id='word_1_419' title='bbox 1538 3614 1704 3683; x_wconf 86' lang='lat' dir='ltr'><strong>oblita</strong></span> <span class='ocrx_word' id='word_1_420' title='bbox 1738 3612 2005 3684; x_wconf 86' lang='lat' dir='ltr'><strong>propositi</strong></span> <span class='ocrx_word' id='word_1_421' title='bbox 2034 3612 2140 3679; x_wconf 90' lang='lat' dir='ltr'><strong>sui,</strong></span> 
     </span>
    </p>
   </div>
   <div class='ocr_carea' id='block_1_55' title="bbox 544 3703 2141 3774">
    <p class='ocr_par' dir='ltr' id='par_1_55' title="bbox 544 3703 2141 3774">
     <span class='ocr_line' id='line_1_55' title="bbox 544 3703 2141 3774; baseline -0.008 -5"><span class='ocrx_word' id='word_1_422' title='bbox 544 3716 713 3770; x_wconf 87' lang='lat' dir='ltr'><strong>oblita</strong></span> <span class='ocrx_word' id='word_1_423' title='bbox 752 3708 1059 3771; x_wconf 89' lang='lat' dir='ltr'><strong>charitatis,</strong></span> <span class='ocrx_word' id='word_1_424' title='bbox 1083 3708 1369 3762; x_wconf 88' lang='lat' dir='ltr'><strong>immemor</strong></span> <span class='ocrx_word' id='word_1_425' title='bbox 1390 3704 1600 3774; x_wconf 65' lang='lat' dir='ltr'><strong>gratim,</strong></span> <span class='ocrx_word' id='word_1_426' title='bbox 1633 3704 1787 3758; x_wconf 90' lang='lat' dir='ltr'><strong>devia</strong></span> <span class='ocrx_word' id='word_1_427' title='bbox 1818 3703 2141 3773; x_wconf 70' lang='lat' dir='ltr'><strong>disciplinae,</strong></span> 
     </span>
    </p>
   </div>
   <div class='ocr_carea' id='block_1_56' title="bbox 546 3796 2147 3877">
    <p class='ocr_par' dir='ltr' id='par_1_56' title="bbox 546 3796 2147 3877">
     <span class='ocr_line' id='line_1_56' title="bbox 546 3796 2147 3877; baseline -0.007 -15"><span class='ocrx_word' id='word_1_428' title='bbox 546 3804 889 3877; x_wconf 82' lang='lat' dir='ltr'><strong>superiorem</strong></span> <span class='ocrx_word' id='word_1_429' title='bbox 920 3801 1107 3855; x_wconf 78' lang='lat' dir='ltr'><strong>uxoris</strong></span> <span class='ocrx_word' id='word_1_430' title='bbox 1135 3797 1389 3853; x_wconf 74' lang='lat' dir='ltr'><strong>all‘ectum</strong></span> <span class='ocrx_word' id='word_1_431' title='bbox 1425 3796 1686 3850; x_wconf 80' lang='lat' dir='ltr'><strong>amiserit.</strong></span> <span class='ocrx_word' id='word_1_432' title='bbox 1715 3796 2012 3866; x_wconf 82' lang='lat' dir='ltr'><strong>Meritoque</strong></span> <span class='ocrx_word' id='word_1_433' title='bbox 2034 3797 2147 3850; x_wconf 91' lang='lat' dir='ltr'><strong>suis</strong></span> 
     </span>
    </p>
   </div>
   <div class='ocr_carea' id='block_1_57' title="bbox 546 3890 2149 3962">
    <p class='ocr_par' dir='ltr' id='par_1_57' title="bbox 546 3890 2149 3962">
     <span class='ocr_line' id='line_1_57' title="bbox 546 3890 2149 3962; baseline -0.009 -6"><span class='ocrx_word' id='word_1_434' title='bbox 546 3916 666 3957; x_wconf 87' lang='lat' dir='ltr'><strong>eam</strong></span> <span class='ocrx_word' id='word_1_435' title='bbox 711 3894 1061 3953; x_wconf 88' lang='lat' dir='ltr'><strong>sermonibus</strong></span> <span class='ocrx_word' id='word_1_436' title='bbox 1107 3890 1414 3962; x_wconf 82' lang='lat' dir='ltr'><strong>redarguit,</strong></span> <span class='ocrx_word' id='word_1_437' title='bbox 1455 3905 1765 3944; x_wconf 87' lang='lat' dir='ltr'><strong>memorans</strong></span> <span class='ocrx_word' id='word_1_438' title='bbox 1802 3901 1857 3945; x_wconf 88' lang='lat' dir='ltr'><strong>et</strong></span> <span class='ocrx_word' id='word_1_439' title='bbox 1896 3898 2149 3943; x_wconf 80' lang='lat' dir='ltr'><strong>retexens</strong></span> 
     </span>
    </p>
   </div>
   <div class='ocr_carea' id='block_1_58' title="bbox 549 3980 2151 4062">
    <p class='ocr_par' dir='ltr' id='par_1_58' title="bbox 549 3980 2151 4062">
     <span class='ocr_line' id='line_1_58' title="bbox 549 3980 2151 4062; baseline -0.007 -17"><span class='ocrx_word' id='word_1_440' title='bbox 549 3989 797 4062; x_wconf 87' lang='lat' dir='ltr'><strong>ejusdem</strong></span> <span class='ocrx_word' id='word_1_441' title='bbox 835 3985 1154 4051; x_wconf 84' lang='lat' dir='ltr'><strong>blanditias,</strong></span> <span class='ocrx_word' id='word_1_442' title='bbox 1193 3992 1247 4037; x_wconf 91' lang='lat' dir='ltr'><strong>et</strong></span> <span class='ocrx_word' id='word_1_443' title='bbox 1286 3981 1499 4052; x_wconf 80' lang='lat' dir='ltr'><strong>pictatis</strong></span> <span class='ocrx_word' id='word_1_444' title='bbox 1529 3980 1790 4035; x_wconf 80' lang='lat' dir='ltr'><strong>vocabula</strong></span> <span class='ocrx_word' id='word_1_445' title='bbox 1817 3998 1830 4035; x_wconf 93' lang='lat'>:</span> <span class='ocrx_word' id='word_1_446' title='bbox 1858 3980 1975 4034; x_wconf 78' lang='lat' dir='ltr'><strong>Non</strong></span> <span class='ocrx_word' id='word_1_447' title='bbox 2009 3982 2151 4033; x_wconf 86' lang='lat' dir='ltr'><strong>sicut</strong></span> 
     </span>
    </p>
   </div>
   <div class='ocr_carea' id='block_1_59' title="bbox 548 4073 2147 4147">
    <p class='ocr_par' dir='ltr' id='par_1_59' title="bbox 548 4073 2147 4147">
     <span class='ocr_line' id='line_1_59' title="bbox 548 4073 2147 4147; baseline -0.009 -6"><span class='ocrx_word' id='word_1_448' title='bbox 548 4084 907 4141; x_wconf 82' lang='lat' dir='ltr'><strong>domesticum</strong></span> <span class='ocrx_word' id='word_1_449' title='bbox 952 4096 1040 4136; x_wconf 87' lang='lat' dir='ltr'><strong>me</strong></span> <span class='ocrx_word' id='word_1_450' title='bbox 1078 4077 1341 4143; x_wconf 82' lang='lat' dir='ltr'><strong>vocabas,</strong></span> <span class='ocrx_word' id='word_1_451' title='bbox 1372 4085 1427 4132; x_wconf 85' lang='lat' dir='ltr'><strong>et</strong></span> <span class='ocrx_word' id='word_1_452' title='bbox 1467 4085 1677 4147; x_wconf 86' lang='lat' dir='ltr'><strong>patrem</strong></span> <span class='ocrx_word' id='word_1_453' title='bbox 1722 4086 1775 4130; x_wconf 90' lang='lat' dir='ltr'><strong>et</strong></span> <span class='ocrx_word' id='word_1_454' title='bbox 1816 4073 2147 4128; x_wconf 86' lang='lat' dir='ltr'><strong>initiatorem</strong></span> 
     </span>
    </p>
   </div>
   <div class='ocr_carea' id='block_1_60' title="bbox 551 4173 1033 4246">
    <p class='ocr_par' dir='ltr' id='par_1_60' title="bbox 551 4173 1033 4246">
     <span class='ocr_line' id='line_1_60' title="bbox 551 4173 1033 4246; baseline -0.012 -15"><span class='ocrx_word' id='word_1_455' title='bbox 551 4173 878 4246; x_wconf 75' lang='lat' dir='ltr'><strong>virginitatis</strong></span> <span class='ocrx_word' id='word_1_456' title='bbox 907 4183 1033 4227; x_wconf 68' lang='lat' dir='ltr'><strong>tum.</strong></span> 
     </span>
    </p>
   </div>
   <div class='ocr_carea' id='block_1_61' title="bbox 624 4257 2153 4336">
    <p class='ocr_par' dir='ltr' id='par_1_61' title="bbox 624 4257 2153 4336">
     <span class='ocr_line' id='line_1_61' title="bbox 624 4257 2153 4336; baseline -0.008 -14"><span class='ocrx_word' id='word_1_457' title='bbox 624 4268 710 4322; x_wconf 85' lang='grc'><strong>10.</strong></span> <span class='ocrx_word' id='word_1_458' title='bbox 756 4267 897 4336; x_wconf 79' lang='lat' dir='ltr'><strong>Ergo</strong></span> <span class='ocrx_word' id='word_1_459' title='bbox 923 4264 1047 4319; x_wconf 92' lang='lat' dir='ltr'><strong>huic</strong></span> <span class='ocrx_word' id='word_1_460' title='bbox 1074 4262 1271 4316; x_wconf 70' lang='lat' dir='ltr'><strong>anima:</strong></span> <span class='ocrx_word' id='word_1_461' title='bbox 1296 4261 1385 4316; x_wconf 90' lang='lat' dir='ltr'><strong>cui</strong></span> <span class='ocrx_word' id='word_1_462' title='bbox 1418 4275 1515 4329; x_wconf 89' lang='lat' dir='ltr'><strong>per</strong></span> <span class='ocrx_word' id='word_1_463' title='bbox 1542 4259 2011 4329; x_wconf 83' lang='lat' dir='ltr'><strong>intemperantiam</strong></span> <span class='ocrx_word' id='word_1_464' title='bbox 2036 4257 2153 4329; x_wconf 88' lang='lat' dir='ltr'><strong>ejus</strong></span> 
     </span>
    </p>
   </div>
   <div class='ocr_carea' id='block_1_62' title="bbox 550 4346 2156 4427">
    <p class='ocr_par' dir='ltr' id='par_1_62' title="bbox 550 4346 2156 4427">
     <span class='ocr_line' id='line_1_62' title="bbox 550 4346 2156 4427; baseline -0.008 -9"><span class='ocrx_word' id='word_1_465' title='bbox 550 4371 827 4418; x_wconf 87' lang='lat' dir='ltr'><strong>mortuum</strong></span> <span class='ocrx_word' id='word_1_466' title='bbox 848 4368 933 4413; x_wconf 90' lang='lat' dir='ltr'><strong>est</strong></span> <span class='ocrx_word' id='word_1_467' title='bbox 958 4346 1053 4412; x_wconf 79' lang='lat' dir='ltr'><strong>Dei</strong></span> <span class='ocrx_word' id='word_1_468' title='bbox 1082 4356 1350 4420; x_wconf 82' lang='lat' dir='ltr'><strong>Verbum,</strong></span> <span class='ocrx_word' id='word_1_469' title='bbox 1374 4364 1429 4408; x_wconf 87' lang='lat' dir='ltr'><strong>et</strong></span> <span class='ocrx_word' id='word_1_470' title='bbox 1461 4353 1552 4407; x_wconf 88' lang='lat' dir='ltr'><strong>ille</strong></span> <span class='ocrx_word' id='word_1_471' title='bbox 1576 4353 1874 4427; x_wconf 66' lang='grc' dir='ltr'><strong>παρθωικός</strong></span> <span class='ocrx_word' id='word_1_472' title='bbox 1899 4354 2041 4427; x_wconf 72' lang='grc' dir='ltr'><strong>λόγος</strong></span> <span class='ocrx_word' id='word_1_473' title='bbox 2062 4367 2156 4405; x_wconf 91' lang='lat' dir='ltr'><strong>oc—</strong></span> 
     </span>
    </p>
   </div>
   <div class='ocr_carea' id='block_1_63' title="bbox 2248 1770 3851 1843">
    <p class='ocr_par' dir='ltr' id='par_1_63' title="bbox 2248 1770 3851 1843">
     <span class='ocr_line' id='line_1_63' title="bbox 2248 1770 3851 1843; baseline 0.005 -20"><span class='ocrx_word' id='word_1_474' title='bbox 2248 1770 2554 1840; x_wconf 84' lang='lat' dir='ltr'><strong>supertlua,</strong></span> <span class='ocrx_word' id='word_1_475' title='bbox 2603 1772 2830 1826; x_wconf 89' lang='lat' dir='ltr'><strong>tondeas</strong></span> <span class='ocrx_word' id='word_1_476' title='bbox 2880 1773 3096 1843; x_wconf 87' lang='lat' dir='ltr'><strong>lapsus;</strong></span> <span class='ocrx_word' id='word_1_477' title='bbox 3140 1784 3195 1830; x_wconf 85' lang='lat' dir='ltr'><strong>et</strong></span> <span class='ocrx_word' id='word_1_478' title='bbox 3242 1776 3511 1829; x_wconf 80' lang='lat' dir='ltr'><strong>novacula</strong></span> <span class='ocrx_word' id='word_1_479' title='bbox 3560 1792 3667 1831; x_wconf 86' lang='lat' dir='ltr'><strong>non</strong></span> <span class='ocrx_word' id='word_1_480' title='bbox 3718 1777 3851 1831; x_wconf 86' lang='lat' dir='ltr'><strong>satis</strong></span> 
     </span>
    </p>
   </div>
   <div class='ocr_carea' id='block_1_64' title="bbox 2246 1862 3847 1936">
    <p class='ocr_par' dir='ltr' id='par_1_64' title="bbox 2246 1862 3847 1936">
     <span class='ocr_line' id='line_1_64' title="bbox 2246 1862 3847 1936; baseline 0.004 -21"><span class='ocrx_word' id='word_1_481' title='bbox 2246 1873 2423 1927; x_wconf 82' lang='lat' dir='ltr'><strong>acuta,</strong></span> <span class='ocrx_word' id='word_1_482' title='bbox 2462 1880 2528 1918; x_wconf 90' lang='lat' dir='ltr'><strong>ne</strong></span> <span class='ocrx_word' id='word_1_483' title='bbox 2573 1862 2738 1918; x_wconf 80' lang='lat' dir='ltr'><strong>faciat</strong></span> <span class='ocrx_word' id='word_1_484' title='bbox 2772 1864 2979 1931; x_wconf 88' lang='lat' dir='ltr'><strong>dolum,</strong></span> <span class='ocrx_word' id='word_1_485' title='bbox 3009 1877 3222 1919; x_wconf 87' lang='lat' dir='ltr'><strong>tuarum</strong></span> <span class='ocrx_word' id='word_1_486' title='bbox 3254 1868 3477 1922; x_wconf 82' lang='lat' dir='ltr'><strong>exuvias</strong></span> <span class='ocrx_word' id='word_1_487' title='bbox 3508 1870 3847 1936; x_wconf 79' lang='lat' dir='ltr'><strong>passionum,</strong></span> 
     </span>
    </p>
   </div>
   <div class='ocr_carea' id='block_1_65' title="bbox 2244 1954 3855 2033">
    <p class='ocr_par' dir='ltr' id='par_1_65' title="bbox 2244 1954 3855 2033">
     <span class='ocr_line' id='line_1_65' title="bbox 2244 1954 3855 2033; baseline 0.006 -27"><span class='ocrx_word' id='word_1_488' title='bbox 2244 1963 2406 2023; x_wconf 88' lang='lat' dir='ltr'><strong>atque</strong></span> <span class='ocrx_word' id='word_1_489' title='bbox 2452 1954 2646 2010; x_wconf 88' lang='lat' dir='ltr'><strong>inanes</strong></span> <span class='ocrx_word' id='word_1_490' title='bbox 2688 1971 2883 2010; x_wconf 88' lang='lat' dir='ltr'><strong>sensus</strong></span> <span class='ocrx_word' id='word_1_491' title='bbox 2926 1958 3161 2013; x_wconf 83' lang='lat' dir='ltr'><strong>recidas.</strong></span> <span class='ocrx_word' id='word_1_492' title='bbox 3208 1957 3339 2015; x_wconf 85' lang='lat' dir='ltr'><strong>Ideo</strong></span> <span class='ocrx_word' id='word_1_493' title='bbox 3380 1960 3697 2015; x_wconf 68' lang='lat' dir='ltr'><strong>aitztﬂadcs</strong></span> <span class='ocrx_word' id='word_1_494' title='bbox 3739 1965 3855 2033; x_wconf 83' lang='lat' dir='ltr'><strong>ejus</strong></span> 
     </span>
    </p>
   </div>
   <div class='ocr_carea' id='block_1_66' title="bbox 2245 2048 3850 2123">
    <p class='ocr_par' dir='ltr' id='par_1_66' title="bbox 2245 2048 3850 2123">
     <span class='ocr_line' id='line_1_66' title="bbox 2245 2048 3850 2123; baseline 0.007 -26"><span class='ocrx_word' id='word_1_495' title='bbox 2245 2055 2431 2123; x_wconf 71' lang='lat' dir='ltr'><strong>caput;</strong></span> <span class='ocrx_word' id='word_1_496' title='bbox 2462 2063 2569 2116; x_wconf 88' lang='lat' dir='ltr'><strong>quo</strong></span> <span class='ocrx_word' id='word_1_497' title='bbox 2601 2048 2743 2101; x_wconf 89' lang='lat' dir='ltr'><strong>nulla</strong></span> <span class='ocrx_word' id='word_1_498' title='bbox 2775 2049 3054 2104; x_wconf 86' lang='lat' dir='ltr'><strong>obstacula</strong></span> <span class='ocrx_word' id='word_1_499' title='bbox 3086 2052 3359 2118; x_wconf 80' lang='lat' dir='ltr'><strong>patiantur</strong></span> <span class='ocrx_word' id='word_1_500' title='bbox 3382 2053 3527 2107; x_wconf 81' lang='lat' dir='ltr'><strong>oculi</strong></span> <span class='ocrx_word' id='word_1_501' title='bbox 3557 2055 3850 2123; x_wconf 76' lang='lat' dir='ltr'><strong>sapientis,</strong></span> 
     </span>
    </p>
   </div>
   <div class='ocr_carea' id='block_1_67' title="bbox 2242 2138 3853 2214">
    <p class='ocr_par' dir='ltr' id='par_1_67' title="bbox 2242 2138 3853 2214">
     <span class='ocr_line' id='line_1_67' title="bbox 2242 2138 3853 2214; baseline 0.007 -24"><span class='ocrx_word' id='word_1_502' title='bbox 2242 2138 2335 2205; x_wconf 89' lang='lat' dir='ltr'><strong>qui</strong></span> <span class='ocrx_word' id='word_1_503' title='bbox 2379 2149 2505 2192; x_wconf 89' lang='lat' dir='ltr'><strong>sunt</strong></span> <span class='ocrx_word' id='word_1_504' title='bbox 2535 2139 2589 2192; x_wconf 93' lang='lat' dir='ltr'><strong>in</strong></span> <span class='ocrx_word' id='word_1_505' title='bbox 2630 2141 2808 2209; x_wconf 80' lang='lat' dir='ltr'><strong>capite</strong></span> <span class='ocrx_word' id='word_1_506' title='bbox 2842 2142 2983 2210; x_wconf 89' lang='lat' dir='ltr'><strong>ejus.</strong></span> <span class='ocrx_word' id='word_1_507' title='bbox 3036 2141 3103 2194; x_wconf 87' lang='lat' dir='ltr'><strong>Et</strong></span> <span class='ocrx_word' id='word_1_508' title='bbox 3142 2143 3359 2208; x_wconf 79' lang='lat' dir='ltr'><strong>sedebit,</strong></span> <span class='ocrx_word' id='word_1_509' title='bbox 3400 2144 3591 2214; x_wconf 74' lang='lat' dir='ltr'><strong>inquit,</strong></span> <span class='ocrx_word' id='word_1_510' title='bbox 3629 2148 3853 2209; x_wconf 74' lang='lat' dir='ltr'><strong>triginta</strong></span> 
     </span>
    </p>
   </div>
   <div class='ocr_carea' id='block_1_68' title="bbox 2246 2224 3855 2308">
    <p class='ocr_par' dir='ltr' id='par_1_68' title="bbox 2246 2224 3855 2308">
     <span class='ocr_line' id='line_1_68' title="bbox 2246 2224 3855 2308; baseline 0.009 -27"><span class='ocrx_word' id='word_1_511' title='bbox 2246 2230 2427 2284; x_wconf 87' lang='lat' dir='ltr'><strong>diebus</strong></span> <span class='ocrx_word' id='word_1_512' title='bbox 2458 2232 2512 2285; x_wconf 87' lang='lat' dir='ltr'><strong>in</strong></span> <span class='ocrx_word' id='word_1_513' title='bbox 2554 2232 2706 2286; x_wconf 88' lang='lat' dir='ltr'><strong>domo</strong></span> <span class='ocrx_word' id='word_1_514' title='bbox 2747 2243 2834 2287; x_wconf 82' lang='lat' dir='ltr'><strong>tua</strong></span> <span class='ocrx_word' id='word_1_515' title='bbox 2878 2234 3103 2306; x_wconf 82' lang='lat' dir='ltr'><strong>(Eccles.</strong></span> <span class='ocrx_word' id='word_1_516' title='bbox 3138 2251 3199 2298; x_wconf 87' lang='lat' dir='ltr'><strong>tt,</strong></span> <span class='ocrx_word' id='word_1_517' title='bbox 3227 2236 3342 2308; x_wconf 70' lang='grc'>14),</span> <span class='ocrx_word' id='word_1_518' title='bbox 3374 2224 3590 2306; x_wconf 75' lang='lat' dir='ltr'><strong>peccata</strong></span> <span class='ocrx_word' id='word_1_519' title='bbox 3608 2241 3855 2308; x_wconf 63' lang='lat' dir='ltr'><strong>propria</strong></span> 
     </span>
    </p>
   </div>
   <div class='ocr_carea' id='block_1_69' title="bbox 2249 2323 3852 2403">
    <p class='ocr_par' dir='ltr' id='par_1_69' title="bbox 2249 2323 3852 2403">
     <span class='ocr_line' id='line_1_69' title="bbox 2249 2323 3852 2403; baseline 0.007 -27"><span class='ocrx_word' id='word_1_520' title='bbox 2249 2323 2544 2393; x_wconf 86' lang='lat' dir='ltr'><strong>deplorans</strong></span> <span class='ocrx_word' id='word_1_521' title='bbox 2570 2328 2891 2394; x_wconf 82' lang='lat' dir='ltr'><strong>nativitatis,</strong></span> <span class='ocrx_word' id='word_1_522' title='bbox 2924 2339 2977 2383; x_wconf 85' lang='lat' dir='ltr'><strong>et</strong></span> <span class='ocrx_word' id='word_1_523' title='bbox 3003 2338 3306 2385; x_wconf 84' lang='lat' dir='ltr'><strong>commenta</strong></span> <span class='ocrx_word' id='word_1_524' title='bbox 3334 2332 3498 2403; x_wconf 75' lang='lat'><strong>917</strong></span> <span class='ocrx_word' id='word_1_525' title='bbox 3529 2335 3852 2403; x_wconf 86' lang='lat' dir='ltr'><strong>nequissimi</strong></span> 
     </span>
    </p>
   </div>
   <div class='ocr_carea' id='block_1_70' title="bbox 2249 2418 3859 2496">
    <p class='ocr_par' dir='ltr' id='par_1_70' title="bbox 2249 2418 3859 2496">
     <span class='ocr_line' id='line_1_70' title="bbox 2249 2418 3859 2496; baseline 0.006 -26"><span class='ocrx_word' id='word_1_526' title='bbox 2249 2418 2421 2488; x_wconf 87' lang='lat' dir='ltr'><strong>patris</strong></span> <span class='ocrx_word' id='word_1_527' title='bbox 2452 2419 2693 2484; x_wconf 81' lang='lat' dir='ltr'><strong>diaboli,</strong></span> <span class='ocrx_word' id='word_1_528' title='bbox 2738 2421 2827 2488; x_wconf 91' lang='lat' dir='ltr'><strong>qui</strong></span> <span class='ocrx_word' id='word_1_529' title='bbox 2870 2422 2987 2474; x_wconf 89' lang='lat' dir='ltr'><strong>vult</strong></span> <span class='ocrx_word' id='word_1_530' title='bbox 3017 2437 3373 2492; x_wconf 72' lang='lat' dir='ltr'><strong>congregare,</strong></span> <span class='ocrx_word' id='word_1_531' title='bbox 3403 2441 3521 2493; x_wconf 69' lang='lat' dir='ltr'><strong>qua:</strong></span> <span class='ocrx_word' id='word_1_532' title='bbox 3549 2441 3662 2478; x_wconf 90' lang='lat' dir='ltr'><strong>non</strong></span> <span class='ocrx_word' id='word_1_533' title='bbox 3686 2441 3859 2496; x_wconf 79' lang='lat' dir='ltr'><strong>gene-</strong></span> 
     </span>
    </p>
   </div>
   <div class='ocr_carea' id='block_1_71' title="bbox 2242 2510 3853 2587">
    <p class='ocr_par' dir='ltr' id='par_1_71' title="bbox 2242 2510 3853 2587">
     <span class='ocr_line' id='line_1_71' title="bbox 2242 2510 3853 2587; baseline 0.006 -24"><span class='ocrx_word' id='word_1_534' title='bbox 2242 2512 2383 2563; x_wconf 90' lang='lat' dir='ltr'><strong>ravit</strong></span> <span class='ocrx_word' id='word_1_535' title='bbox 2415 2510 2631 2579; x_wconf 86' lang='lat' dir='ltr'><strong>(Jerem.</strong></span> <span class='ocrx_word' id='word_1_536' title='bbox 2665 2527 2803 2573; x_wconf 78' lang='lat' dir='ltr'><strong>xvn,</strong></span> <span class='ocrx_word' id='word_1_537' title='bbox 2837 2512 2959 2580; x_wconf 79' lang='lat' dir='ltr'><strong>ll);</strong></span> <span class='ocrx_word' id='word_1_538' title='bbox 2995 2520 3053 2566; x_wconf 91' lang='lat' dir='ltr'><strong>ut</strong></span> <span class='ocrx_word' id='word_1_539' title='bbox 3073 2514 3232 2582; x_wconf 89' lang='lat' dir='ltr'><strong>hujus</strong></span> <span class='ocrx_word' id='word_1_540' title='bbox 3260 2516 3473 2584; x_wconf 75' lang='lat' dir='ltr'><strong>ntysuci</strong></span> <span class='ocrx_word' id='word_1_541' title='bbox 3500 2519 3718 2571; x_wconf 82' lang='lat' dir='ltr'><strong>numeri</strong></span> <span class='ocrx_word' id='word_1_542' title='bbox 3750 2534 3853 2587; x_wconf 88' lang='lat' dir='ltr'><strong>ptt-</strong></span> 
     </span>
    </p>
   </div>
   <div class='ocr_carea' id='block_1_72' title="bbox 2242 2600 3719 2676">
    <p class='ocr_par' dir='ltr' id='par_1_72' title="bbox 2242 2600 3719 2676">
     <span class='ocr_line' id='line_1_72' title="bbox 2242 2600 3719 2676; baseline 0.006 -22"><span class='ocrx_word' id='word_1_543' title='bbox 2242 2600 2547 2656; x_wconf 82' lang='lat' dir='ltr'><strong>rilicatioue</strong></span> <span class='ocrx_word' id='word_1_544' title='bbox 2578 2603 2855 2668; x_wconf 88' lang='lat' dir='ltr'><strong>mundata,</strong></span> <span class='ocrx_word' id='word_1_545' title='bbox 2881 2604 3117 2674; x_wconf 83' lang='lat' dir='ltr'><strong>conjugii</strong></span> <span class='ocrx_word' id='word_1_546' title='bbox 3148 2607 3333 2661; x_wconf 76' lang='lat' dir='ltr'><strong>claves</strong></span> <span class='ocrx_word' id='word_1_547' title='bbox 3363 2606 3719 2676; x_wconf 82' lang='lat' dir='ltr'><strong>adipiscatur.</strong></span> 
     </span>
    </p>
   </div>
   <div class='ocr_carea' id='block_1_73' title="bbox 2316 2692 3860 2769">
    <p class='ocr_par' dir='ltr' id='par_1_73' title="bbox 2316 2692 3860 2769">
     <span class='ocr_line' id='line_1_73' title="bbox 2316 2692 3860 2769; baseline 0.01 -24"><span class='ocrx_word' id='word_1_548' title='bbox 2316 2692 2401 2746; x_wconf 69' lang='grc' dir='ltr'><strong><em>η.</em></strong></span> <span class='ocrx_word' id='word_1_549' title='bbox 2447 2692 2515 2746; x_wconf 85' lang='lat' dir='ltr'><strong>Et</strong></span> <span class='ocrx_word' id='word_1_550' title='bbox 2562 2694 2791 2761; x_wconf 79' lang='lat' dir='ltr'><strong>pulchre</strong></span> <span class='ocrx_word' id='word_1_551' title='bbox 2830 2696 2944 2748; x_wconf 87' lang='lat' dir='ltr'><strong>ait:</strong></span> <span class='ocrx_word' id='word_1_552' title='bbox 2980 2695 3169 2751; x_wconf 76' lang='lat' dir='ltr'><strong>Postea</strong></span> <span class='ocrx_word' id='word_1_553' title='bbox 3218 2698 3439 2752; x_wconf 82' lang='lat' dir='ltr'><strong>intrabis</strong></span> <span class='ocrx_word' id='word_1_554' title='bbox 3489 2702 3559 2753; x_wconf 88' lang='lat' dir='ltr'><strong>ad</strong></span> <span class='ocrx_word' id='word_1_555' title='bbox 3602 2718 3754 2769; x_wconf 86' lang='lat' dir='ltr'><strong>eam;</strong></span> <span class='ocrx_word' id='word_1_556' title='bbox 3798 2713 3860 2760; x_wconf 79' lang='lat' dir='ltr'><strong>ut.</strong></span> 
     </span>
    </p>
   </div>
   <div class='ocr_carea' id='block_1_74' title="bbox 2240 2787 3851 2866">
    <p class='ocr_par' dir='ltr' id='par_1_74' title="bbox 2240 2787 3851 2866">
     <span class='ocr_line' id='line_1_74' title="bbox 2240 2787 3851 2866; baseline 0.007 -26"><span class='ocrx_word' id='word_1_557' title='bbox 2240 2795 2384 2840; x_wconf 90' lang='lat' dir='ltr'><strong>totus</strong></span> <span class='ocrx_word' id='word_1_558' title='bbox 2414 2787 2743 2856; x_wconf 75' lang='lat' dir='ltr'><strong>ingrediaris</strong></span> <span class='ocrx_word' id='word_1_559' title='bbox 2765 2790 2816 2842; x_wconf 90' lang='lat' dir='ltr'><strong>in</strong></span> <span class='ocrx_word' id='word_1_560' title='bbox 2842 2791 3077 2843; x_wconf 89' lang='lat' dir='ltr'><strong>animam</strong></span> <span class='ocrx_word' id='word_1_561' title='bbox 3110 2800 3281 2858; x_wconf 85' lang='lat' dir='ltr'><strong>tuam,</strong></span> <span class='ocrx_word' id='word_1_562' title='bbox 3311 2800 3478 2862; x_wconf 88' lang='lat' dir='ltr'><strong>atque</strong></span> <span class='ocrx_word' id='word_1_563' title='bbox 3498 2794 3641 2849; x_wconf 90' lang='lat' dir='ltr'><strong>intra</strong></span> <span class='ocrx_word' id='word_1_564' title='bbox 3676 2798 3851 2866; x_wconf 83' lang='lat' dir='ltr'><strong>ipsam</strong></span> 
     </span>
    </p>
   </div>
   <div class='ocr_carea' id='block_1_75' title="bbox 2241 2877 3855 2954">
    <p class='ocr_par' dir='ltr' id='par_1_75' title="bbox 2241 2877 3855 2954">
     <span class='ocr_line' id='line_1_75' title="bbox 2241 2877 3855 2954; baseline 0.01 -26"><span class='ocrx_word' id='word_1_565' title='bbox 2241 2885 2292 2931; x_wconf 90' lang='lat' dir='ltr'><strong>te</strong></span> <span class='ocrx_word' id='word_1_566' title='bbox 2320 2877 2569 2947; x_wconf 74' lang='lat' dir='ltr'><strong>colligas,</strong></span> <span class='ocrx_word' id='word_1_567' title='bbox 2599 2888 2655 2933; x_wconf 89' lang='lat' dir='ltr'><strong>et</strong></span> <span class='ocrx_word' id='word_1_568' title='bbox 2681 2880 2735 2932; x_wconf 91' lang='lat' dir='ltr'><strong>in</strong></span> <span class='ocrx_word' id='word_1_569' title='bbox 2758 2895 2822 2934; x_wconf 89' lang='lat' dir='ltr'><strong>ea</strong></span> <span class='ocrx_word' id='word_1_570' title='bbox 2853 2879 3086 2947; x_wconf 84' lang='lat' dir='ltr'><strong>habites,</strong></span> <span class='ocrx_word' id='word_1_571' title='bbox 3116 2884 3266 2954; x_wconf 80' lang='lat' dir='ltr'><strong>apud</strong></span> <span class='ocrx_word' id='word_1_572' title='bbox 3306 2900 3425 2939; x_wconf 84' lang='lat' dir='ltr'><strong>eam</strong></span> <span class='ocrx_word' id='word_1_573' title='bbox 3465 2890 3855 2953; x_wconf 71' lang='lat' dir='ltr'><strong>commoraris,</strong></span> 
     </span>
    </p>
   </div>
   <div class='ocr_carea' id='block_1_76' title="bbox 2238 2968 3861 3042">
    <p class='ocr_par' dir='ltr' id='par_1_76' title="bbox 2238 2968 3861 3042">
     <span class='ocr_line' id='line_1_76' title="bbox 2238 2968 3861 3042; baseline 0.008 -19"><span class='ocrx_word' id='word_1_574' title='bbox 2238 2968 2291 3023; x_wconf 92' lang='lat' dir='ltr'><strong>in</strong></span> <span class='ocrx_word' id='word_1_575' title='bbox 2339 2969 2456 3038; x_wconf 82' lang='lat' dir='ltr'><strong>ipsa</strong></span> <span class='ocrx_word' id='word_1_576' title='bbox 2484 2969 2598 3024; x_wconf 84' lang='lat' dir='ltr'><strong>tibi</strong></span> <span class='ocrx_word' id='word_1_577' title='bbox 2645 2972 2717 3024; x_wconf 89' lang='lat' dir='ltr'><strong>sit</strong></span> <span class='ocrx_word' id='word_1_578' title='bbox 2756 2974 2934 3027; x_wconf 91' lang='lat' dir='ltr'><strong>omnis</strong></span> <span class='ocrx_word' id='word_1_579' title='bbox 2980 2977 3362 3042; x_wconf 79' lang='lat' dir='ltr'><strong>conversatio;</strong></span> <span class='ocrx_word' id='word_1_580' title='bbox 3410 2987 3470 3031; x_wconf 86' lang='lat' dir='ltr'><strong>ut</strong></span> <span class='ocrx_word' id='word_1_581' title='bbox 3515 2980 3595 3031; x_wconf 88' lang='lat' dir='ltr'><strong>sis</strong></span> <span class='ocrx_word' id='word_1_582' title='bbox 3652 2996 3761 3033; x_wconf 88' lang='lat' dir='ltr'><strong>non</strong></span> <span class='ocrx_word' id='word_1_583' title='bbox 3803 2982 3861 3036; x_wconf 88' lang='lat' dir='ltr'><strong>in</strong></span> 
     </span>
    </p>
   </div>
   <div class='ocr_carea' id='block_1_77' title="bbox 2156 3062 3847 3139">
    <p class='ocr_par' dir='ltr' id='par_1_77' title="bbox 2156 3062 3847 3139">
     <span class='ocr_line' id='line_1_77' title="bbox 2156 3062 3847 3139; baseline 0.007 -26"><span class='ocrx_word' id='word_1_584' title='bbox 2156 3070 2201 3130; x_wconf 67' lang='grc' dir='ltr'>(ζ</span> <span class='ocrx_word' id='word_1_585' title='bbox 2235 3075 2423 3125; x_wconf 91' lang='lat' dir='ltr'><strong>carne,</strong></span> <span class='ocrx_word' id='word_1_586' title='bbox 2464 3062 2559 3116; x_wconf 79' lang='lat' dir='ltr'><strong>sed</strong></span> <span class='ocrx_word' id='word_1_587' title='bbox 2605 3064 2658 3116; x_wconf 92' lang='lat' dir='ltr'><strong>in</strong></span> <span class='ocrx_word' id='word_1_588' title='bbox 2701 3063 2918 3131; x_wconf 90' lang='lat' dir='ltr'><strong>spiritu,</strong></span> <span class='ocrx_word' id='word_1_589' title='bbox 2963 3074 3017 3120; x_wconf 87' lang='lat' dir='ltr'><strong>et</strong></span> <span class='ocrx_word' id='word_1_590' title='bbox 3050 3081 3329 3137; x_wconf 84' lang='lat' dir='ltr'><strong>proponas</strong></span> <span class='ocrx_word' id='word_1_591' title='bbox 3376 3068 3686 3139; x_wconf 74' lang='lat' dir='ltr'><strong>adjutzgere</strong></span> <span class='ocrx_word' id='word_1_592' title='bbox 3728 3086 3847 3127; x_wconf 79' lang='lat' dir='ltr'><strong>eam</strong></span> 
     </span>
    </p>
   </div>
   <div class='ocr_carea' id='block_1_78' title="bbox 2240 3150 3851 3228">
    <p class='ocr_par' dir='ltr' id='par_1_78' title="bbox 2240 3150 3851 3228">
     <span class='ocr_line' id='line_1_78' title="bbox 2240 3150 3851 3228; baseline 0.01 -25"><span class='ocrx_word' id='word_1_593' title='bbox 2240 3150 2336 3204; x_wconf 90' lang='lat' dir='ltr'><strong>tibi</strong></span> <span class='ocrx_word' id='word_1_594' title='bbox 2376 3152 2441 3205; x_wconf 86' lang='lat' dir='ltr'><strong>ad</strong></span> <span class='ocrx_word' id='word_1_595' title='bbox 2484 3156 2814 3208; x_wconf 81' lang='lat' dir='ltr'><strong>consortium</strong></span> <span class='ocrx_word' id='word_1_596' title='bbox 2848 3156 2995 3220; x_wconf 66' lang='lat' dir='ltr'><strong>vitm,</strong></span> <span class='ocrx_word' id='word_1_597' title='bbox 3024 3158 3204 3212; x_wconf 79' lang='lat' dir='ltr'><strong>sciens</strong></span> <span class='ocrx_word' id='word_1_598' title='bbox 3235 3161 3495 3228; x_wconf 86' lang='lat' dir='ltr'><strong>quoniam</strong></span> <span class='ocrx_word' id='word_1_599' title='bbox 3540 3164 3851 3218; x_wconf 76' lang='lat' dir='ltr'><strong>eottnnuni-</strong></span> 
     </span>
    </p>
   </div>
   <div class='ocr_carea' id='block_1_79' title="bbox 2239 3244 3843 3324">
    <p class='ocr_par' dir='ltr' id='par_1_79' title="bbox 2239 3244 3843 3324">
     <span class='ocr_line' id='line_1_79' title="bbox 2239 3244 3843 3324; baseline 0.009 -29"><span class='ocrx_word' id='word_1_600' title='bbox 2239 3244 2383 3296; x_wconf 87' lang='lat' dir='ltr'><strong>cabit</strong></span> <span class='ocrx_word' id='word_1_601' title='bbox 2441 3253 2619 3298; x_wconf 89' lang='lat' dir='ltr'><strong>tecum</strong></span> <span class='ocrx_word' id='word_1_602' title='bbox 2668 3246 2736 3300; x_wconf 90' lang='lat' dir='ltr'><strong>de</strong></span> <span class='ocrx_word' id='word_1_603' title='bbox 2785 3246 2977 3312; x_wconf 90' lang='lat' dir='ltr'><strong>bonis;</strong></span> <span class='ocrx_word' id='word_1_604' title='bbox 3027 3258 3081 3302; x_wconf 90' lang='lat' dir='ltr'><strong>et</strong></span> <span class='ocrx_word' id='word_1_605' title='bbox 3130 3249 3446 3317; x_wconf 90' lang='lat' dir='ltr'><strong>perfunctus</strong></span> <span class='ocrx_word' id='word_1_606' title='bbox 3500 3252 3619 3321; x_wconf 90' lang='lat' dir='ltr'><strong>cjus</strong></span> <span class='ocrx_word' id='word_1_607' title='bbox 3673 3256 3843 3324; x_wconf 85' lang='lat' dir='ltr'><strong>gratia</strong></span> 
     </span>
    </p>
   </div>
   <div class='ocr_carea' id='block_1_80' title="bbox 2240 3336 3859 3411">
    <p class='ocr_par' dir='ltr' id='par_1_80' title="bbox 2240 3336 3859 3411">
     <span class='ocr_line' id='line_1_80' title="bbox 2240 3336 3859 3411; baseline 0.006 -21"><span class='ocrx_word' id='word_1_608' title='bbox 2240 3336 2425 3390; x_wconf 82' lang='lat' dir='ltr'><strong>dicas:</strong></span> <span class='ocrx_word' id='word_1_609' title='bbox 2459 3336 2603 3392; x_wconf 87' lang='lat' dir='ltr'><strong>Puer</strong></span> <span class='ocrx_word' id='word_1_610' title='bbox 2645 3350 2813 3393; x_wconf 85' lang='lat' dir='ltr'><strong>autem</strong></span> <span class='ocrx_word' id='word_1_611' title='bbox 2845 3356 2986 3393; x_wconf 64' lang='lat' dir='ltr'><strong>nam</strong></span> <span class='ocrx_word' id='word_1_612' title='bbox 3012 3343 3337 3411; x_wconf 75' lang='lat' dir='ltr'><strong>ingeniosus,</strong></span> <span class='ocrx_word' id='word_1_613' title='bbox 3388 3355 3437 3398; x_wconf 91' lang='lat' dir='ltr'><strong>et</strong></span> <span class='ocrx_word' id='word_1_614' title='bbox 3476 3348 3695 3401; x_wconf 84' lang='lat' dir='ltr'><strong>sortitus</strong></span> <span class='ocrx_word' id='word_1_615' title='bbox 3738 3364 3859 3401; x_wconf 79' lang='lat' dir='ltr'><strong>sunt</strong></span> 
     </span>
    </p>
   </div>
   <div class='ocr_carea' id='block_1_81' title="bbox 2244 3429 3857 3509">
    <p class='ocr_par' dir='ltr' id='par_1_81' title="bbox 2244 3429 3857 3509">
     <span class='ocr_line' id='line_1_81' title="bbox 2244 3429 3857 3509; baseline 0.009 -29"><span class='ocrx_word' id='word_1_616' title='bbox 2244 3429 2470 3482; x_wconf 75' lang='lat' dir='ltr'><strong>animum</strong></span> <span class='ocrx_word' id='word_1_617' title='bbox 2512 3430 2697 3484; x_wconf 77' lang='lat' dir='ltr'><strong>bonum</strong></span> <span class='ocrx_word' id='word_1_618' title='bbox 2727 3432 2885 3501; x_wconf 84' lang='lat' dir='ltr'><strong>(Sap.</strong></span> <span class='ocrx_word' id='word_1_619' title='bbox 2919 3448 3034 3497; x_wconf 78' lang='lat' dir='ltr'><strong>VIII,</strong></span> <span class='ocrx_word' id='word_1_620' title='bbox 3066 3432 3179 3503; x_wconf 77' lang='grc'><strong>19).</strong></span> <span class='ocrx_word' id='word_1_621' title='bbox 3228 3435 3299 3502; x_wconf 72' lang='lat' dir='ltr'><strong>Et</strong></span> <span class='ocrx_word' id='word_1_622' title='bbox 3334 3436 3435 3489; x_wconf 77' lang='lat' dir='ltr'><strong>ilda</strong></span> <span class='ocrx_word' id='word_1_623' title='bbox 3482 3437 3579 3491; x_wconf 62' lang='lat' dir='ltr'><strong>ibi</strong></span> <span class='ocrx_word' id='word_1_624' title='bbox 3617 3452 3857 3509; x_wconf 60' lang='lat' dir='ltr'><strong>mons</strong></span> 
     </span>
    </p>
   </div>
   <div class='ocr_carea' id='block_1_82' title="bbox 2245 3519 3860 3588">
    <p class='ocr_par' dir='ltr' id='par_1_82' title="bbox 2245 3519 3860 3588">
     <span class='ocr_line' id='line_1_82' title="bbox 2245 3519 3860 3588; baseline 0.006 -14"><span class='ocrx_word' id='word_1_625' title='bbox 2245 3520 2409 3574; x_wconf 86' lang='lat' dir='ltr'><strong>deat:</strong></span> <span class='ocrx_word' id='word_1_626' title='bbox 2441 3519 2713 3575; x_wconf 83' lang='lat' dir='ltr'><strong>Assumam</strong></span> <span class='ocrx_word' id='word_1_627' title='bbox 2758 3534 2834 3588; x_wconf 88' lang='lat' dir='ltr'><strong>te,</strong></span> <span class='ocrx_word' id='word_1_628' title='bbox 2877 3534 2924 3577; x_wconf 85' lang='lat' dir='ltr'><strong>et</strong></span> <span class='ocrx_word' id='word_1_629' title='bbox 2960 3524 3213 3578; x_wconf 79' lang='lat' dir='ltr'><strong>inducam</strong></span> <span class='ocrx_word' id='word_1_630' title='bbox 3250 3535 3302 3579; x_wconf 81' lang='lat' dir='ltr'><strong>te</strong></span> <span class='ocrx_word' id='word_1_631' title='bbox 3338 3526 3392 3580; x_wconf 74' lang='lat' dir='ltr'><strong>in</strong></span> <span class='ocrx_word' id='word_1_632' title='bbox 3428 3527 3652 3581; x_wconf 66' lang='lat' dir='ltr'><strong>dmin</strong></span> <span class='ocrx_word' id='word_1_633' title='bbox 3682 3531 3860 3584; x_wconf 71' lang='lat' dir='ltr'><strong>nmis</strong></span> 
     </span>
    </p>
   </div>
   <div class='ocr_carea' id='block_1_83' title="bbox 2247 3616 3857 3694">
    <p class='ocr_par' dir='ltr' id='par_1_83' title="bbox 2247 3616 3857 3694">
     <span class='ocr_line' id='line_1_83' title="bbox 2247 3616 3857 3694; baseline 0.007 -28"><span class='ocrx_word' id='word_1_634' title='bbox 2247 3630 2393 3678; x_wconf 70' lang='lat' dir='ltr'><strong>metu,</strong></span> <span class='ocrx_word' id='word_1_635' title='bbox 2408 3624 2463 3667; x_wconf 76' lang='lat' dir='ltr'><strong>et</strong></span> <span class='ocrx_word' id='word_1_636' title='bbox 2480 3616 2538 3668; x_wconf 81' lang='lat' dir='ltr'><strong>in</strong></span> <span class='ocrx_word' id='word_1_637' title='bbox 2555 3627 2803 3670; x_wconf 65' lang='lat' dir='ltr'><strong>secretum</strong></span> <span class='ocrx_word' id='word_1_638' title='bbox 2825 3620 2962 3689; x_wconf 65' lang='lat' dir='ltr'><strong>ejus,</strong></span> <span class='ocrx_word' id='word_1_639' title='bbox 2974 3633 3104 3686; x_wconf 45' lang='lat' dir='ltr'><strong>aqua:</strong></span> <span class='ocrx_word' id='word_1_640' title='bbox 3122 3635 3203 3672; x_wconf 88' lang='lat' dir='ltr'><strong>me</strong></span> <span class='ocrx_word' id='word_1_641' title='bbox 3223 3622 3450 3688; x_wconf 77' lang='lat' dir='ltr'><strong>concepit</strong></span> <span class='ocrx_word' id='word_1_642' title='bbox 3466 3620 3626 3692; x_wconf 62' lang='lat' dir='ltr'><strong>(Cum</strong></span> <span class='ocrx_word' id='word_1_643' title='bbox 3640 3664 3655 3677; x_wconf 87' lang='lat'><strong>.</strong></span> <span class='ocrx_word' id='word_1_644' title='bbox 3673 3632 3756 3684; x_wconf 70' lang='lat' dir='ltr'><strong>ru,</strong></span> <span class='ocrx_word' id='word_1_645' title='bbox 3780 3622 3857 3694; x_wconf 67' lang='grc' dir='ltr'><strong>ι).</strong></span> 
     </span>
    </p>
   </div>
   <div class='ocr_carea' id='block_1_84' title="bbox 2251 3707 3858 3785">
    <p class='ocr_par' dir='ltr' id='par_1_84' title="bbox 2251 3707 3858 3785">
     <span class='ocr_line' id='line_1_84' title="bbox 2251 3707 3858 3785; baseline 0.005 -24"><span class='ocrx_word' id='word_1_646' title='bbox 2251 3707 2395 3763; x_wconf 76' lang='lat' dir='ltr'><strong>Bona</strong></span> <span class='ocrx_word' id='word_1_647' title='bbox 2418 3718 2602 3764; x_wconf 69' lang='lat' dir='ltr'><strong>mater</strong></span> <span class='ocrx_word' id='word_1_648' title='bbox 2630 3710 2933 3765; x_wconf 59' lang='lat' dir='ltr'><strong>statuarum</strong></span> <span class='ocrx_word' id='word_1_649' title='bbox 2958 3711 3306 3768; x_wconf 65' lang='lat' dir='ltr'><strong>Hieremiae</strong></span> <span class='ocrx_word' id='word_1_650' title='bbox 3334 3714 3446 3779; x_wconf 64' lang='lat' dir='ltr'><strong>itis,</strong></span> <span class='ocrx_word' id='word_1_651' title='bbox 3462 3724 3593 3785; x_wconf 61' lang='lat' dir='ltr'><strong>qua</strong></span> <span class='ocrx_word' id='word_1_652' title='bbox 3626 3717 3689 3771; x_wconf 68' lang='lat' dir='ltr'><strong>in</strong></span> <span class='ocrx_word' id='word_1_653' title='bbox 3714 3717 3858 3772; x_wconf 61' lang='lat' dir='ltr'><strong>mdo</strong></span> 
     </span>
    </p>
   </div>
   <div class='ocr_carea' id='block_1_85' title="bbox 2249 3812 2352 3858">
    <p class='ocr_par' dir='ltr' id='par_1_85' title="bbox 2249 3812 2352 3858">
     <span class='ocr_line' id='line_1_85' title="bbox 2249 3812 2352 3858; baseline -0.019 0"><span class='ocrx_word' id='word_1_654' title='bbox 2249 3812 2352 3858; x_wconf 87' lang='lat' dir='ltr'><strong>est.</strong></span> 
     </span>
    </p>
   </div>
   <div class='ocr_carea' id='block_1_86' title="bbox 2323 3892 3858 3967">
    <p class='ocr_par' dir='ltr' id='par_1_86' title="bbox 2323 3892 3858 3967">
     <span class='ocr_line' id='line_1_86' title="bbox 2323 3892 3858 3967; baseline 0.003 -18"><span class='ocrx_word' id='word_1_655' title='bbox 2323 3892 2410 3949; x_wconf 58' lang='grc' dir='ltr'><strong>(ὅ.</strong></span> <span class='ocrx_word' id='word_1_656' title='bbox 2450 3895 2570 3949; x_wconf 82' lang='lat' dir='ltr'><strong>Erit</strong></span> <span class='ocrx_word' id='word_1_657' title='bbox 2594 3910 2736 3967; x_wconf 79' lang='lat' dir='ltr'><strong>ergo</strong></span> <span class='ocrx_word' id='word_1_658' title='bbox 2774 3908 2912 3951; x_wconf 56' lang='grc' dir='ltr'><strong>υκαι·</strong></span> <span class='ocrx_word' id='word_1_659' title='bbox 2941 3906 3059 3963; x_wconf 78' lang='lat' dir='ltr'><strong>tua,</strong></span> <span class='ocrx_word' id='word_1_660' title='bbox 3082 3906 3144 3952; x_wconf 74' lang='lat' dir='ltr'><strong>et</strong></span> <span class='ocrx_word' id='word_1_661' title='bbox 3176 3898 3464 3953; x_wconf 66' lang='lat' dir='ltr'><strong>inveniens</strong></span> <span class='ocrx_word' id='word_1_662' title='bbox 3490 3906 3553 3952; x_wconf 63' lang='lat' dir='ltr'><strong>te</strong></span> <span class='ocrx_word' id='word_1_663' title='bbox 3574 3901 3858 3954; x_wconf 59' lang='lat' dir='ltr'><strong>Matii-</strong></span> 
     </span>
    </p>
   </div>
   <div class='ocr_carea' id='block_1_87' title="bbox 2252 3985 3854 4061">
    <p class='ocr_par' dir='ltr' id='par_1_87' title="bbox 2252 3985 3854 4061">
     <span class='ocr_line' id='line_1_87' title="bbox 2252 3985 3854 4061; baseline 0.003 -22"><span class='ocrx_word' id='word_1_664' title='bbox 2252 3994 2339 4039; x_wconf 82' lang='lat' dir='ltr'><strong>tur</strong></span> <span class='ocrx_word' id='word_1_665' title='bbox 2372 3996 2447 4040; x_wconf 83' lang='lat' dir='ltr'><strong>te.</strong></span> <span class='ocrx_word' id='word_1_666' title='bbox 2486 3985 2562 4039; x_wconf 77' lang='lat' dir='ltr'><strong>Et</strong></span> <span class='ocrx_word' id='word_1_667' title='bbox 2594 3989 2643 4042; x_wconf 84' lang='lat' dir='ltr'><strong>s&#39;i</strong></span> <span class='ocrx_word' id='word_1_668' title='bbox 2686 3997 2866 4056; x_wconf 76' lang='lat' dir='ltr'><strong>postea</strong></span> <span class='ocrx_word' id='word_1_669' title='bbox 2898 3988 3223 4058; x_wconf 75' lang='lat' dir='ltr'><strong>displicth</strong></span> <span class='ocrx_word' id='word_1_670' title='bbox 3580 4005 3701 4057; x_wconf 63' lang='grc' dir='ltr'><strong>ιη,</strong></span> <span class='ocrx_word' id='word_1_671' title='bbox 3728 3990 3854 4059; x_wconf 70' lang='lat' dir='ltr'><strong>ﬂ);</strong></span> 
     </span>
    </p>
   </div>
   <div class='ocr_carea' id='block_1_88' title="bbox 2253 4080 3857 4153">
    <p class='ocr_par' dir='ltr' id='par_1_88' title="bbox 2253 4080 3857 4153">
     <span class='ocr_line' id='line_1_88' title="bbox 2253 4080 3857 4153; baseline 0.001 -19"><span class='ocrx_word' id='word_1_672' title='bbox 2253 4080 2395 4153; x_wconf 87' lang='lat' dir='ltr'><strong>quod</strong></span> <span class='ocrx_word' id='word_1_673' title='bbox 2423 4082 2649 4150; x_wconf 80' lang='lat' dir='ltr'><strong>castiget</strong></span> <span class='ocrx_word' id='word_1_674' title='bbox 2676 4096 2877 4151; x_wconf 85' lang='lat' dir='ltr'><strong>corpus</strong></span> <span class='ocrx_word' id='word_1_675' title='bbox 2900 4098 3080 4143; x_wconf 89' lang='lat' dir='ltr'><strong>suum.</strong></span> <span class='ocrx_word' id='word_1_676' title='bbox 3119 4092 3173 4136; x_wconf 89' lang='lat' dir='ltr'><strong>et</strong></span> <span class='ocrx_word' id='word_1_677' title='bbox 3199 4084 3453 4137; x_wconf 90' lang='lat' dir='ltr'><strong>servituti</strong></span> <span class='ocrx_word' id='word_1_678' title='bbox 3486 4083 3718 4152; x_wconf 57' lang='lat' dir='ltr'><strong>redigat,</strong></span> <span class='ocrx_word' id='word_1_679' title='bbox 3746 4098 3857 4137; x_wconf 84' lang='lat' dir='ltr'><strong>non</strong></span> 
     </span>
    </p>
   </div>
   <div class='ocr_carea' id='block_1_89' title="bbox 2255 4173 3852 4244">
    <p class='ocr_par' dir='ltr' id='par_1_89' title="bbox 2255 4173 3852 4244">
     <span class='ocr_line' id='line_1_89' title="bbox 2255 4173 3852 4244; baseline 0 -17"><span class='ocrx_word' id='word_1_680' title='bbox 2255 4173 2480 4243; x_wconf 85' lang='lat' dir='ltr'><strong>patieris</strong></span> <span class='ocrx_word' id='word_1_681' title='bbox 2518 4190 2636 4230; x_wconf 85' lang='lat' dir='ltr'><strong>eam</strong></span> <span class='ocrx_word' id='word_1_682' title='bbox 2682 4176 2913 4243; x_wconf 76' lang='lat' dir='ltr'><strong>servire,</strong></span> <span class='ocrx_word' id='word_1_683' title='bbox 2936 4175 2997 4229; x_wconf 77' lang='lat' dir='ltr'><strong>id</strong></span> <span class='ocrx_word' id='word_1_684' title='bbox 3026 4184 3149 4241; x_wconf 75' lang='lat' dir='ltr'><strong>est,</strong></span> <span class='ocrx_word' id='word_1_685' title='bbox 3184 4176 3549 4244; x_wconf 60' lang='lat' dir='ltr'><strong>voluptatibus</strong></span> <span class='ocrx_word' id='word_1_686' title='bbox 3586 4176 3852 4244; x_wconf 86' lang='lat' dir='ltr'><strong>corporis,</strong></span> 
     </span>
    </p>
   </div>
   <div class='ocr_carea' id='block_1_90' title="bbox 2255 4266 3856 4335">
    <p class='ocr_par' dir='ltr' id='par_1_90' title="bbox 2255 4266 3856 4335">
     <span class='ocr_line' id='line_1_90' title="bbox 2255 4266 3856 4335; baseline 0.001 -16"><span class='ocrx_word' id='word_1_687' title='bbox 2255 4281 2358 4320; x_wconf 89' lang='lat' dir='ltr'><strong>nec</strong></span> <span class='ocrx_word' id='word_1_688' title='bbox 2382 4266 2638 4335; x_wconf 85' lang='lat' dir='ltr'><strong>subjicies</strong></span> <span class='ocrx_word' id='word_1_689' title='bbox 2667 4282 2787 4321; x_wconf 86' lang='lat' dir='ltr'><strong>eam</strong></span> <span class='ocrx_word' id='word_1_690' title='bbox 2817 4268 2991 4331; x_wconf 89' lang='lat' dir='ltr'><strong>carni,</strong></span> <span class='ocrx_word' id='word_1_691' title='bbox 3014 4268 3109 4322; x_wconf 90' lang='lat' dir='ltr'><strong>sed</strong></span> <span class='ocrx_word' id='word_1_692' title='bbox 3142 4267 3367 4322; x_wconf 84' lang='lat' dir='ltr'><strong>liberam</strong></span> <span class='ocrx_word' id='word_1_693' title='bbox 3410 4282 3735 4333; x_wconf 83' lang='lat' dir='ltr'><strong>permanere</strong></span> <span class='ocrx_word' id='word_1_694' title='bbox 3766 4280 3856 4335; x_wconf 86' lang='lat' dir='ltr'><strong>pa-</strong></span> 
     </span>
    </p>
   </div>
   <div class='ocr_carea' id='block_1_91' title="bbox 2258 4355 3852 4423">
    <p class='ocr_par' dir='ltr' id='par_1_91' title="bbox 2258 4355 3852 4423">
     <span class='ocr_line' id='line_1_91' title="bbox 2258 4355 3852 4423; baseline 0.001 -12"><span class='ocrx_word' id='word_1_695' title='bbox 2258 4355 2409 4412; x_wconf 90' lang='lat' dir='ltr'><strong>tieris</strong></span> <span class='ocrx_word' id='word_1_696' title='bbox 2436 4376 2447 4411; x_wconf 91' lang='lat'><strong>:</strong></span> <span class='ocrx_word' id='word_1_697' title='bbox 2476 4373 2574 4413; x_wconf 87' lang='lat' dir='ltr'><strong>nec</strong></span> <span class='ocrx_word' id='word_1_698' title='bbox 2620 4358 2884 4413; x_wconf 87' lang='lat' dir='ltr'><strong>alienabis</strong></span> <span class='ocrx_word' id='word_1_699' title='bbox 2927 4373 3078 4423; x_wconf 86' lang='lat' dir='ltr'><strong>eam,</strong></span> <span class='ocrx_word' id='word_1_700' title='bbox 3119 4358 3221 4412; x_wconf 87' lang='lat' dir='ltr'><strong>ltoc</strong></span> <span class='ocrx_word' id='word_1_701' title='bbox 3260 4368 3348 4414; x_wconf 88' lang='lat' dir='ltr'><strong>cst</strong></span> <span class='ocrx_word' id='word_1_702' title='bbox 3382 4360 3527 4413; x_wconf 91' lang='lat' dir='ltr'><strong>enim</strong></span> <span class='ocrx_word' id='word_1_703' title='bbox 3573 4357 3852 4414; x_wconf 84' lang='lat' dir='ltr'><strong>vendere:</strong></span> 
     </span>
    </p>
   </div>
   <div class='ocr_carea' id='block_1_92' title="bbox 551 4434 2142 4519">
    <p class='ocr_par' dir='ltr' id='par_1_92' title="bbox 551 4434 2142 4517">
     <span class='ocr_line' id='line_1_92' title="bbox 551 4434 2142 4517; baseline -0.009 -8"><span class='ocrx_word' id='word_1_704' title='bbox 551 4453 713 4517; x_wconf 85' lang='lat' dir='ltr'><strong>cidit,</strong></span> <span class='ocrx_word' id='word_1_705' title='bbox 746 4450 774 4488; x_wconf 69' lang='grc' dir='ltr'><strong>τι</strong></span> <span class='ocrx_word' id='word_1_706' title='bbox 803 4451 1011 4504; x_wconf 87' lang='lat' dir='ltr'><strong>luctum</strong></span> <span class='ocrx_word' id='word_1_707' title='bbox 1062 4446 1290 4511; x_wconf 80' lang='lat' dir='ltr'><strong>incidit,</strong></span> <span class='ocrx_word' id='word_1_708' title='bbox 1330 4445 1749 4509; x_wconf 59' lang='lat' dir='ltr'><strong>interceswrcm</strong></span> <span class='ocrx_word' id='word_1_709' title='bbox 1788 4434 2049 4507; x_wconf 80' lang='lat' dir='ltr'><strong>adhibet;</strong></span> <span class='ocrx_word' id='word_1_710' title='bbox 2096 4449 2142 4495; x_wconf 88' lang='lat' dir='ltr'><strong>ut</strong></span> 
     </span>
    </p>
   </div>
   <div class='ocr_carea' id='block_1_93' title="bbox 2257 4434 3854 4519">
    <p class='ocr_par' dir='ltr' id='par_1_93' title="bbox 2259 4450 3854 4519">
     <span class='ocr_line' id='line_1_93' title="bbox 2259 4450 3854 4519; baseline 0.001 -16"><span class='ocrx_word' id='word_1_711' title='bbox 2259 4464 2359 4505; x_wconf 92' lang='lat' dir='ltr'><strong>nec</strong></span> <span class='ocrx_word' id='word_1_712' title='bbox 2387 4458 2702 4505; x_wconf 81' lang='lat' dir='ltr'><strong>Contemnes</strong></span> <span class='ocrx_word' id='word_1_713' title='bbox 2740 4466 2883 4516; x_wconf 89' lang='lat' dir='ltr'><strong>eam,</strong></span> <span class='ocrx_word' id='word_1_714' title='bbox 2914 4451 3007 4505; x_wconf 76' lang='lat' dir='ltr'><strong>sed</strong></span> <span class='ocrx_word' id='word_1_715' title='bbox 3042 4452 3325 4519; x_wconf 83' lang='lat' dir='ltr'><strong>permittes</strong></span> <span class='ocrx_word' id='word_1_716' title='bbox 3354 4452 3560 4506; x_wconf 86' lang='lat' dir='ltr'><strong>servire</strong></span> <span class='ocrx_word' id='word_1_717' title='bbox 3592 4468 3711 4505; x_wconf 80' lang='lat' dir='ltr'><strong>eant</strong></span> <span class='ocrx_word' id='word_1_718' title='bbox 3744 4450 3854 4504; x_wconf 84' lang='lat' dir='ltr'><strong>Deo</strong></span> 
     </span>
    </p>
   </div>
   <div class='ocr_carea' id='block_1_94' title="bbox 551 4536 2148 4611">
    <p class='ocr_par' dir='ltr' id='par_1_94' title="bbox 551 4536 2148 4611">
     <span class='ocr_line' id='line_1_94' title="bbox 551 4536 2148 4611; baseline -0.009 -9"><span class='ocrx_word' id='word_1_719' title='bbox 551 4558 773 4602; x_wconf 88' lang='lat' dir='ltr'><strong>vocetur</strong></span> <span class='ocrx_word' id='word_1_720' title='bbox 812 4544 881 4597; x_wconf 91' lang='lat' dir='ltr'><strong>ad</strong></span> <span class='ocrx_word' id='word_1_721' title='bbox 916 4540 1332 4611; x_wconf 65' lang='lat' dir='ltr'><strong>penitentiam,</strong></span> <span class='ocrx_word' id='word_1_722' title='bbox 1374 4553 1481 4608; x_wconf 91' lang='lat' dir='ltr'><strong>quo</strong></span> <span class='ocrx_word' id='word_1_723' title='bbox 1506 4537 1679 4606; x_wconf 81' lang='lat' dir='ltr'><strong>possit</strong></span> <span class='ocrx_word' id='word_1_724' title='bbox 1710 4540 1905 4593; x_wconf 90' lang='lat' dir='ltr'><strong>mereri</strong></span> <span class='ocrx_word' id='word_1_725' title='bbox 1932 4536 2148 4592; x_wconf 86' lang='lat' dir='ltr'><strong>miscri-</strong></span> 
     </span>
    </p>
   </div>
   <div class='ocr_carea' id='block_1_95' title="bbox 553 4630 2149 4702">
    <p class='ocr_par' dir='ltr' id='par_1_95' title="bbox 553 4630 2149 4702">
     <span class='ocr_line' id='line_1_95' title="bbox 553 4630 2149 4702; baseline -0.014 -8"><span class='ocrx_word' id='word_1_726' title='bbox 553 4636 817 4694; x_wconf 86' lang='lat' dir='ltr'><strong>cordiam.</strong></span> <span class='ocrx_word' id='word_1_727' title='bbox 846 4634 947 4689; x_wconf 87' lang='lat' dir='ltr'><strong>Illa</strong></span> <span class='ocrx_word' id='word_1_728' title='bbox 975 4644 1156 4688; x_wconf 87' lang='lat' dir='ltr'><strong>autem</strong></span> <span class='ocrx_word' id='word_1_729' title='bbox 1184 4647 1305 4702; x_wconf 63' lang='lat' dir='ltr'><strong>qua:</strong></span> <span class='ocrx_word' id='word_1_730' title='bbox 1347 4630 1486 4682; x_wconf 89' lang='lat' dir='ltr'><strong>bona</strong></span> <span class='ocrx_word' id='word_1_731' title='bbox 1532 4630 1832 4694; x_wconf 87' lang='lat' dir='ltr'><strong>intellectu,</strong></span> <span class='ocrx_word' id='word_1_732' title='bbox 1861 4639 1916 4684; x_wconf 85' lang='lat' dir='ltr'><strong>et</strong></span> <span class='ocrx_word' id='word_1_733' title='bbox 1951 4630 2149 4687; x_wconf 65' lang='lat' dir='ltr'><strong>decora</strong></span> 
     </span>
    </p>
   </div>
   <div class='ocr_carea' id='block_1_96' title="bbox 552 4720 2147 4802">
    <p class='ocr_par' dir='ltr' id='par_1_96' title="bbox 552 4720 2147 4802">
     <span class='ocr_line' id='line_1_96' title="bbox 552 4720 2147 4802; baseline -0.006 -15"><span class='ocrx_word' id='word_1_734' title='bbox 552 4732 605 4787; x_wconf 91' lang='lat' dir='ltr'><strong>in</strong></span> <span class='ocrx_word' id='word_1_735' title='bbox 634 4739 855 4802; x_wconf 81' lang='lat' dir='ltr'><strong>aspectu</strong></span> <span class='ocrx_word' id='word_1_736' title='bbox 888 4725 1068 4792; x_wconf 85' lang='lat' dir='ltr'><strong>valde,</strong></span> <span class='ocrx_word' id='word_1_737' title='bbox 1094 4725 1237 4779; x_wconf 89' lang='lat' dir='ltr'><strong>sicut</strong></span> <span class='ocrx_word' id='word_1_738' title='bbox 1265 4721 1480 4792; x_wconf 70' lang='lat' dir='ltr'><strong>Altigrea</strong></span> <span class='ocrx_word' id='word_1_739' title='bbox 1514 4720 1780 4791; x_wconf 72' lang='lat' dir='ltr'><strong>acquisita</strong></span> <span class='ocrx_word' id='word_1_740' title='bbox 1819 4722 1918 4775; x_wconf 90' lang='lat' dir='ltr'><strong>sibi</strong></span> <span class='ocrx_word' id='word_1_741' title='bbox 1947 4731 2067 4777; x_wconf 84' lang='lat' dir='ltr'><strong>erat</strong></span> <span class='ocrx_word' id='word_1_742' title='bbox 2092 4724 2147 4779; x_wconf 88' lang='lat' dir='ltr'><strong>itt</strong></span> 
     </span>
    </p>
   </div>
   <div class='ocr_carea' id='block_1_97' title="bbox 556 4812 2150 4892">
    <p class='ocr_par' dir='ltr' id='par_1_97' title="bbox 556 4812 2150 4892">
     <span class='ocr_line' id='line_1_97' title="bbox 556 4812 2150 4892; baseline -0.004 -18"><span class='ocrx_word' id='word_1_743' title='bbox 556 4821 771 4892; x_wconf 78' lang='lat' dir='ltr'><strong>pra-lin;</strong></span> <span class='ocrx_word' id='word_1_744' title='bbox 799 4816 1027 4874; x_wconf 75' lang='lat' dir='ltr'><strong>devimis</strong></span> <span class='ocrx_word' id='word_1_745' title='bbox 1050 4812 1405 4878; x_wconf 86' lang='lat' dir='ltr'><strong>adversariis,</strong></span> <span class='ocrx_word' id='word_1_746' title='bbox 1430 4819 1486 4866; x_wconf 91' lang='lat' dir='ltr'><strong>et</strong></span> <span class='ocrx_word' id='word_1_747' title='bbox 1512 4821 1724 4865; x_wconf 90' lang='lat' dir='ltr'><strong>mortuo</strong></span> <span class='ocrx_word' id='word_1_748' title='bbox 1752 4812 1884 4877; x_wconf 78' lang='lat' dir='ltr'><strong>viro,</strong></span> <span class='ocrx_word' id='word_1_749' title='bbox 1916 4814 2004 4883; x_wconf 88' lang='lat' dir='ltr'><strong>qui</strong></span> <span class='ocrx_word' id='word_1_750' title='bbox 2039 4814 2150 4868; x_wconf 80' lang='lat' dir='ltr'><strong>val-</strong></span> 
     </span>
    </p>
   </div>
   <div class='ocr_carea' id='block_1_98' title="bbox 552 4903 2146 4980">
    <p class='ocr_par' dir='ltr' id='par_1_98' title="bbox 552 4903 2146 4980">
     <span class='ocr_line' id='line_1_98' title="bbox 552 4903 2146 4980; baseline -0.008 -12"><span class='ocrx_word' id='word_1_751' title='bbox 552 4913 696 4968; x_wconf 87' lang='lat' dir='ltr'><strong>latus</strong></span> <span class='ocrx_word' id='word_1_752' title='bbox 726 4910 981 4980; x_wconf 80' lang='lat' dir='ltr'><strong>nequitiis</strong></span> <span class='ocrx_word' id='word_1_753' title='bbox 1010 4904 1345 4976; x_wconf 68' lang='lat' dir='ltr'><strong>spiritalibus</strong></span> <span class='ocrx_word' id='word_1_754' title='bbox 1378 4903 1711 4973; x_wconf 85' lang='lat' dir='ltr'><strong>repugnabat</strong></span> <span class='ocrx_word' id='word_1_755' title='bbox 1746 4918 1808 4957; x_wconf 90' lang='lat' dir='ltr'><strong>ac</strong></span> <span class='ocrx_word' id='word_1_756' title='bbox 1839 4905 2146 4974; x_wconf 76' lang='lat' dir='ltr'><strong>resistebat,</strong></span> 
     </span>
    </p>
   </div>
   <div class='ocr_carea' id='block_1_99' title="bbox 552 4994 2145 5071">
    <p class='ocr_par' dir='ltr' id='par_1_99' title="bbox 552 4994 2145 5071">
     <span class='ocr_line' id='line_1_99' title="bbox 552 4994 2145 5071; baseline -0.01 -8"><span class='ocrx_word' id='word_1_757' title='bbox 552 5021 621 5062; x_wconf 83' lang='lat' dir='ltr'><strong>ne</strong></span> <span class='ocrx_word' id='word_1_758' title='bbox 658 5004 763 5060; x_wconf 90' lang='lat' dir='ltr'><strong>sibi</strong></span> <span class='ocrx_word' id='word_1_759' title='bbox 800 5002 1050 5070; x_wconf 76' lang='lat' dir='ltr'><strong>Speciosa</strong></span> <span class='ocrx_word' id='word_1_760' title='bbox 1081 5014 1217 5054; x_wconf 86' lang='lat' dir='ltr'><strong>uxor</strong></span> <span class='ocrx_word' id='word_1_761' title='bbox 1243 4999 1581 5053; x_wconf 87' lang='lat' dir='ltr'><strong>adimeretur</strong></span> <span class='ocrx_word' id='word_1_762' title='bbox 1613 4994 1655 5071; x_wconf 90' lang='lat' dir='ltr'><strong>(l</strong></span> <span class='ocrx_word' id='word_1_763' title='bbox 1688 4997 1815 5067; x_wconf 78' lang='lat' dir='ltr'><strong>Reg.</strong></span> <span class='ocrx_word' id='word_1_764' title='bbox 1845 5013 1976 5061; x_wconf 77' lang='lat' dir='ltr'><strong>xxv,</strong></span> <span class='ocrx_word' id='word_1_765' title='bbox 2007 4999 2097 5067; x_wconf 79' lang='grc'><strong>50)</strong></span> <span class='ocrx_word' id='word_1_766' title='bbox 2132 5017 2145 5053; x_wconf 85' lang='lat'><strong>:</strong></span> 
     </span>
    </p>
   </div>
   <div class='ocr_carea' id='block_1_100' title="bbox 552 5088 2151 5167">
    <p class='ocr_par' dir='ltr' id='par_1_100' title="bbox 552 5088 2151 5167">
     <span class='ocr_line' id='line_1_100' title="bbox 552 5088 2151 5167; baseline -0.001 -21"><span class='ocrx_word' id='word_1_767' title='bbox 552 5098 704 5167; x_wconf 74' lang='lat' dir='ltr'><strong>quasi</strong></span> <span class='ocrx_word' id='word_1_768' title='bbox 730 5096 902 5150; x_wconf 91' lang='lat' dir='ltr'><strong>victor</strong></span> <span class='ocrx_word' id='word_1_769' title='bbox 924 5104 976 5147; x_wconf 88' lang='lat' dir='ltr'><strong>et</strong></span> <span class='ocrx_word' id='word_1_770' title='bbox 998 5092 1237 5161; x_wconf 85' lang='lat' dir='ltr'><strong>diligens</strong></span> <span class='ocrx_word' id='word_1_771' title='bbox 1258 5089 1502 5160; x_wconf 82' lang='lat' dir='ltr'><strong>Sponsus</strong></span> <span class='ocrx_word' id='word_1_772' title='bbox 1522 5089 1912 5158; x_wconf 72' lang='lat' dir='ltr'><strong>jucunditatem</strong></span> <span class='ocrx_word' id='word_1_773' title='bbox 1936 5088 2151 5145; x_wconf 81' lang='lat' dir='ltr'><strong>cettfert</strong></span> 
     </span>
    </p>
   </div>
   <div class='ocr_carea' id='block_1_101' title="bbox 551 5178 2151 5259">
    <p class='ocr_par' dir='ltr' id='par_1_101' title="bbox 551 5178 2151 5259">
     <span class='ocr_line' id='line_1_101' title="bbox 551 5178 2151 5259; baseline -0.006 -14"><span class='ocrx_word' id='word_1_774' title='bbox 551 5198 607 5245; x_wconf 87' lang='lat' dir='ltr'><strong>et</strong></span> <span class='ocrx_word' id='word_1_775' title='bbox 644 5187 897 5259; x_wconf 75' lang='lat' dir='ltr'><strong>gratiam,</strong></span> <span class='ocrx_word' id='word_1_776' title='bbox 928 5182 1233 5239; x_wconf 88' lang='lat' dir='ltr'><strong>emundans</strong></span> <span class='ocrx_word' id='word_1_777' title='bbox 1257 5197 1377 5235; x_wconf 89' lang='lat' dir='ltr'><strong>eam</strong></span> <span class='ocrx_word' id='word_1_778' title='bbox 1409 5182 1476 5236; x_wconf 90' lang='lat' dir='ltr'><strong>ab</strong></span> <span class='ocrx_word' id='word_1_779' title='bbox 1504 5178 1755 5235; x_wconf 87' lang='lat' dir='ltr'><strong>omnibus</strong></span> <span class='ocrx_word' id='word_1_780' title='bbox 1795 5180 2151 5249; x_wconf 87' lang='lat' dir='ltr'><strong>pulchritudi-</strong></span> 
     </span>
    </p>
   </div>
   <div class='ocr_carea' id='block_1_102' title="bbox 626 5305 1924 5391">
    <p class='ocr_par' dir='ltr' id='par_1_102' title="bbox 626 5305 1924 5391">
     <span class='ocr_line' id='line_1_102' title="bbox 626 5305 1924 5391; baseline -0.005 -16"><span class='ocrx_word' id='word_1_781' title='bbox 626 5332 651 5361; x_wconf 73' lang='grc' dir='ltr'><strong>ει</strong></span> <span class='ocrx_word' id='word_1_782' title='bbox 674 5320 814 5377; x_wconf 83' lang='lat' dir='ltr'><strong>Cod.</strong></span> <span class='ocrx_word' id='word_1_783' title='bbox 839 5305 1073 5391; x_wconf 55' lang='lat' dir='ltr'><strong>Boyera,</strong></span> <span class='ocrx_word' id='word_1_784' title='bbox 1100 5316 1241 5388; x_wconf 84' lang='lat' dir='ltr'><strong>quod</strong></span> <span class='ocrx_word' id='word_1_785' title='bbox 1267 5316 1479 5391; x_wconf 78' lang='lat' dir='ltr'><strong>humore</strong></span> <span class='ocrx_word' id='word_1_786' title='bbox 1506 5316 1691 5391; x_wconf 76' lang='lat' dir='ltr'><strong>gratia:</strong></span> <span class='ocrx_word' id='word_1_787' title='bbox 1714 5323 1758 5366; x_wconf 77' lang='lat' dir='ltr'><strong>et</strong></span> <span class='ocrx_word' id='word_1_788' title='bbox 1780 5314 1924 5391; x_wconf 68' lang='lat' dir='ltr'><strong>fidei.</strong></span> 
     </span>
    </p>
   </div>
   <div class='ocr_carea' id='block_1_103' title="bbox 618 5385 1855 5451">
    <p class='ocr_par' dir='ltr' id='par_1_103' title="bbox 618 5385 1855 5451">
     <span class='ocr_line' id='line_1_103' title="bbox 618 5385 1855 5451; baseline -0.009 -5"><span class='ocrx_word' id='word_1_789' title='bbox 618 5392 647 5431; x_wconf 60' lang='grc' dir='ltr'><em>Β</em></span> <span class='ocrx_word' id='word_1_790' title='bbox 682 5394 899 5447; x_wconf 72' lang='lat' dir='ltr'><strong>Anterb.</strong></span> <span class='ocrx_word' id='word_1_791' title='bbox 931 5385 991 5445; x_wconf 73' lang='lat' dir='ltr'><strong>et</strong></span> <span class='ocrx_word' id='word_1_792' title='bbox 1019 5385 1124 5444; x_wconf 62' lang='lat' dir='ltr'><strong>ses</strong></span> <span class='ocrx_word' id='word_1_793' title='bbox 1147 5385 1515 5447; x_wconf 72' lang='lat' dir='ltr'><strong>tns~t.,-Lntine</strong></span> <span class='ocrx_word' id='word_1_794' title='bbox 1540 5387 1855 5451; x_wconf 75' lang='lat' dir='ltr'><strong>insipientia.</strong></span> 
     </span>
    </p>
   </div>
   <div class='ocr_carea' id='block_1_104' title="bbox 627 5455 2147 5530">
    <p class='ocr_par' dir='ltr' id='par_1_104' title="bbox 627 5455 2147 5530">
     <span class='ocr_line' id='line_1_104' title="bbox 627 5455 2147 5530; baseline -0.003 -14"><span class='ocrx_word' id='word_1_795' title='bbox 627 5476 647 5503; x_wconf 73' lang='grc' dir='ltr'>ε</span> <span class='ocrx_word' id='word_1_796' title='bbox 681 5460 811 5516; x_wconf 88' lang='lat' dir='ltr'><strong>Cod.</strong></span> <span class='ocrx_word' id='word_1_797' title='bbox 841 5455 1943 5530; x_wconf 4' lang='lat' dir='ltr'><strong>Boyctm&#39;Eeolesiwgcreduntnrsigniﬁcata</strong></span> <span class='ocrx_word' id='word_1_798' title='bbox 1965 5467 2147 5528; x_wconf 77' lang='lat' dir='ltr'><strong>myste-</strong></span> 
     </span>
    </p>
   </div>
   <div class='ocr_carea' id='block_1_105' title="bbox 546 5527 2143 5616">
    <p class='ocr_par' dir='ltr' id='par_1_105' title="bbox 546 5527 2143 5616">
     <span class='ocr_line' id='line_1_105' title="bbox 546 5527 2143 5616; baseline -0.006 -25"><span class='ocrx_word' id='word_1_799' title='bbox 546 5536 648 5591; x_wconf 68' lang='lat' dir='ltr'><strong>ria.</strong></span> <span class='ocrx_word' id='word_1_800' title='bbox 777 5527 965 5587; x_wconf 68' lang='lat' dir='ltr'><strong>russus</strong></span> <span class='ocrx_word' id='word_1_801' title='bbox 988 5544 1270 5599; x_wconf 73' lang='lat' dir='ltr'><strong>procerisu</strong></span> <span class='ocrx_word' id='word_1_802' title='bbox 1288 5528 1376 5598; x_wconf 75' lang='lat' dir='ltr'><strong>pio</strong></span> <span class='ocrx_word' id='word_1_803' title='bbox 1397 5528 1573 5593; x_wconf 67' lang='lat' dir='ltr'><strong>dives,</strong></span> <span class='ocrx_word' id='word_1_804' title='bbox 1601 5527 1745 5581; x_wconf 86' lang='lat' dir='ltr'><strong>idem</strong></span> <span class='ocrx_word' id='word_1_805' title='bbox 1777 5527 1958 5591; x_wconf 83' lang='lat' dir='ltr'><strong>habet,</strong></span> <span class='ocrx_word' id='word_1_806' title='bbox 1988 5543 2143 5582; x_wconf 77' lang='lat' dir='ltr'><strong>censu</strong></span> 
     </span>
    </p>
   </div>
   <div class='ocr_carea' id='block_1_106' title="bbox 549 5604 1730 5735">
    <p class='ocr_par' dir='ltr' id='par_1_106' title="bbox 549 5604 1730 5735">
     <span class='ocr_line' id='line_1_106' title="bbox 549 5604 824 5676; baseline -0.025 -14"><span class='ocrx_word' id='word_1_807' title='bbox 549 5604 824 5676; x_wconf 59' lang='lat' dir='ltr'><strong>praedives.</strong></span> 
     </span>
     <span class='ocr_line' id='line_1_107' title="bbox 620 5666 1730 5735; baseline -0.01 -6"><span class='ocrx_word' id='word_1_808' title='bbox 620 5673 646 5712; x_wconf 70' lang='grc' dir='ltr'><strong><em>ἀ</em></strong></span> <span class='ocrx_word' id='word_1_809' title='bbox 680 5673 881 5730; x_wconf 77' lang='lat' dir='ltr'><strong>Ultima</strong></span> <span class='ocrx_word' id='word_1_810' title='bbox 907 5668 1040 5726; x_wconf 83' lang='lat' dir='ltr'><strong>edit.</strong></span> <span class='ocrx_word' id='word_1_811' title='bbox 1073 5668 1276 5735; x_wconf 57' lang='lat' dir='ltr'><strong>Parim,</strong></span> <span class='ocrx_word' id='word_1_812' title='bbox 1304 5669 1499 5723; x_wconf 84' lang='lat' dir='ltr'><strong>luctum</strong></span> <span class='ocrx_word' id='word_1_813' title='bbox 1524 5666 1730 5722; x_wconf 83' lang='lat' dir='ltr'><strong>incidit.</strong></span> 
     </span>
    </p>
   </div>
   <div class='ocr_carea' id='block_1_107' title="bbox 2254 4542 3850 4616">
    <p class='ocr_par' dir='ltr' id='par_1_107' title="bbox 2254 4542 3850 4616">
     <span class='ocr_line' id='line_1_108' title="bbox 2254 4542 3850 4616; baseline 0.001 -20"><span class='ocrx_word' id='word_1_814' title='bbox 2254 4557 2353 4597; x_wconf 92' lang='lat' dir='ltr'><strong>suo</strong></span> <span class='ocrx_word' id='word_1_815' title='bbox 2378 4544 2429 4597; x_wconf 89' lang='lat' dir='ltr'><strong>in</strong></span> <span class='ocrx_word' id='word_1_816' title='bbox 2452 4544 2704 4597; x_wconf 88' lang='lat' dir='ltr'><strong>castitate</strong></span> <span class='ocrx_word' id='word_1_817' title='bbox 2730 4542 2878 4608; x_wconf 83' lang='lat' dir='ltr'><strong>fidei,</strong></span> <span class='ocrx_word' id='word_1_818' title='bbox 2900 4554 2953 4597; x_wconf 91' lang='lat' dir='ltr'><strong>et</strong></span> <span class='ocrx_word' id='word_1_819' title='bbox 2979 4543 3248 4598; x_wconf 81' lang='lat' dir='ltr'><strong>bonorum</strong></span> <span class='ocrx_word' id='word_1_820' title='bbox 3276 4558 3499 4616; x_wconf 83' lang='lat' dir='ltr'><strong>cperunt</strong></span> <span class='ocrx_word' id='word_1_821' title='bbox 3528 4545 3850 4600; x_wconf 85' lang='lat' dir='ltr'><strong>sobrietate.</strong></span> 
     </span>
    </p>
   </div>
   <div class='ocr_carea' id='block_1_108' title="bbox 2257 4631 3531 4704">
    <p class='ocr_par' dir='ltr' id='par_1_108' title="bbox 2257 4631 3531 4704">
     <span class='ocr_line' id='line_1_109' title="bbox 2257 4631 3531 4704; baseline 0 -17"><span class='ocrx_word' id='word_1_822' title='bbox 2257 4633 2409 4701; x_wconf 81' lang='lat' dir='ltr'><strong>Vale,</strong></span> <span class='ocrx_word' id='word_1_823' title='bbox 2440 4643 2494 4688; x_wconf 91' lang='lat' dir='ltr'><strong>et</strong></span> <span class='ocrx_word' id='word_1_824' title='bbox 2521 4648 2620 4689; x_wconf 90' lang='lat' dir='ltr'><strong>nos</strong></span> <span class='ocrx_word' id='word_1_825' title='bbox 2646 4631 2843 4702; x_wconf 87' lang='lat' dir='ltr'><strong>dilige;</strong></span> <span class='ocrx_word' id='word_1_826' title='bbox 2874 4634 2997 4701; x_wconf 84' lang='lat' dir='ltr'><strong>quia</strong></span> <span class='ocrx_word' id='word_1_827' title='bbox 3026 4648 3126 4686; x_wconf 91' lang='lat' dir='ltr'><strong>nos</strong></span> <span class='ocrx_word' id='word_1_828' title='bbox 3158 4645 3208 4687; x_wconf 88' lang='lat' dir='ltr'><strong>te</strong></span> <span class='ocrx_word' id='word_1_829' title='bbox 3238 4633 3531 4704; x_wconf 87' lang='lat' dir='ltr'><strong>diligimus.</strong></span> 
     </span>
    </p>
   </div>
   <div class='ocr_carea' id='block_1_109' title="bbox 2726 4722 3377 4779">
    <p class='ocr_par' dir='ltr' id='par_1_109' title="bbox 2726 4722 3377 4779">
     <span class='ocr_line' id='line_1_110' title="bbox 2726 4722 3377 4779; baseline 0 -2"><span class='ocrx_word' id='word_1_830' title='bbox 2726 4723 2745 4760; x_wconf 72' lang='grc' dir='ltr'><strong>ί</strong></span> <span class='ocrx_word' id='word_1_831' title='bbox 2779 4722 3117 4779; x_wconf 78' lang='lat' dir='ltr'><strong>EPISTOLA</strong></span> <span class='ocrx_word' id='word_1_832' title='bbox 3155 4722 3377 4779; x_wconf 74' lang='lat' dir='ltr'><strong>XXXII.</strong></span> 
     </span>
    </p>
   </div>
   <div class='ocr_carea' id='block_1_110' title="bbox 2261 4810 3849 4886">
    <p class='ocr_par' dir='ltr' id='par_1_110' title="bbox 2261 4810 3849 4886">
     <span class='ocr_line' id='line_1_111' title="bbox 2261 4810 3849 4886; baseline -0.002 -16"><span class='ocrx_word' id='word_1_833' title='bbox 2261 4815 2494 4870; x_wconf 81' lang='lat' dir='ltr'><strong>I’erdicis</strong></span> <span class='ocrx_word' id='word_1_834' title='bbox 2523 4815 2737 4886; x_wconf 80' lang='lat' dir='ltr'><strong>fallacia</strong></span> <span class='ocrx_word' id='word_1_835' title='bbox 2768 4826 2813 4869; x_wconf 89' lang='lat' dir='ltr'><strong>et</strong></span> <span class='ocrx_word' id='word_1_836' title='bbox 2840 4816 3053 4868; x_wconf 81' lang='lat' dir='ltr'><strong>libidine</strong></span> <span class='ocrx_word' id='word_1_837' title='bbox 3078 4816 3381 4869; x_wconf 86' lang='lat' dir='ltr'><strong>adumbrari</strong></span> <span class='ocrx_word' id='word_1_838' title='bbox 3400 4813 3653 4869; x_wconf 84' lang='lat' dir='ltr'><strong>Satanam</strong></span> <span class='ocrx_word' id='word_1_839' title='bbox 3671 4810 3849 4867; x_wconf 87' lang='lat' dir='ltr'><strong>tradit.</strong></span> 
     </span>
    </p>
   </div>
   <div class='ocr_carea' id='block_1_111' title="bbox 2330 4896 3851 4979">
    <p class='ocr_par' dir='ltr' id='par_1_111' title="bbox 2330 4896 3851 4979">
     <span class='ocr_line' id='line_1_112' title="bbox 2330 4896 3851 4979; baseline 0 -20"><span class='ocrx_word' id='word_1_840' title='bbox 2330 4908 2603 4973; x_wconf 78' lang='lat' dir='ltr'><strong>Quantoth</strong></span> <span class='ocrx_word' id='word_1_841' title='bbox 2632 4908 2715 4962; x_wconf 84' lang='lat' dir='ltr'><strong>hic</strong></span> <span class='ocrx_word' id='word_1_842' title='bbox 2745 4896 3021 4962; x_wconf 85' lang='lat' dir='ltr'><strong>clamando</strong></span> <span class='ocrx_word' id='word_1_843' title='bbox 3050 4908 3146 4961; x_wconf 85' lang='lat' dir='ltr'><strong>sibi</strong></span> <span class='ocrx_word' id='word_1_844' title='bbox 3192 4907 3576 4979; x_wconf 83' lang='lat' dir='ltr'><strong>congregaverit</strong></span> <span class='ocrx_word' id='word_1_845' title='bbox 3606 4905 3851 4977; x_wconf 84' lang='lat' dir='ltr'><strong>populos,</strong></span> 
     </span>
    </p>
   </div>
   <div class='ocr_carea' id='block_1_112' title="bbox 2326 4996 3851 5055">
    <p class='ocr_par' dir='ltr' id='par_1_112' title="bbox 2326 4996 3851 5055">
     <span class='ocr_line' id='line_1_113' title="bbox 2326 4996 3851 5055; baseline -0.005 0"><span class='ocrx_word' id='word_1_846' title='bbox 2326 5010 2373 5055; x_wconf 87' lang='lat' dir='ltr'><strong>et</strong></span> <span class='ocrx_word' id='word_1_847' title='bbox 2404 5018 2489 5053; x_wconf 87' lang='lat' dir='ltr'><strong>eos</strong></span> <span class='ocrx_word' id='word_1_848' title='bbox 2519 4998 2755 5055; x_wconf 73' lang='lat' dir='ltr'><strong>Christus</strong></span> <span class='ocrx_word' id='word_1_849' title='bbox 2786 5002 2942 5054; x_wconf 87' lang='lat' dir='ltr'><strong>etiam</strong></span> <span class='ocrx_word' id='word_1_850' title='bbox 2987 5000 3260 5053; x_wconf 82' lang='lat' dir='ltr'><strong>clamando</strong></span> <span class='ocrx_word' id='word_1_851' title='bbox 3296 4999 3364 5051; x_wconf 87' lang='lat' dir='ltr'><strong>ad</strong></span> <span class='ocrx_word' id='word_1_852' title='bbox 3405 5016 3459 5052; x_wconf 89' lang='lat' dir='ltr'><strong>se</strong></span> <span class='ocrx_word' id='word_1_853' title='bbox 3501 4996 3851 5051; x_wconf 73' lang='lat' dir='ltr'><strong>revocaverit?</strong></span> 
     </span>
    </p>
   </div>
   <div class='ocr_carea' id='block_1_113' title="bbox 2327 5087 3853 5163">
    <p class='ocr_par' dir='ltr' id='par_1_113' title="bbox 2327 5087 3853 5163">
     <span class='ocr_line' id='line_1_114' title="bbox 2327 5087 3853 5163; baseline -0.003 -17"><span class='ocrx_word' id='word_1_854' title='bbox 2327 5109 2609 5161; x_wconf 82' lang='lat' dir='ltr'><strong>quonanwe</strong></span> <span class='ocrx_word' id='word_1_855' title='bbox 2646 5104 2796 5163; x_wconf 86' lang='lat' dir='ltr'><strong>pacto</strong></span> <span class='ocrx_word' id='word_1_856' title='bbox 2825 5093 2882 5146; x_wconf 89' lang='lat' dir='ltr'><strong>id</strong></span> <span class='ocrx_word' id='word_1_857' title='bbox 2911 5092 3275 5160; x_wconf 72' lang='lat' dir='ltr'><strong>cumperdicis</strong></span> <span class='ocrx_word' id='word_1_858' title='bbox 3316 5101 3502 5144; x_wconf 87' lang='lat' dir='ltr'><strong>natura</strong></span> <span class='ocrx_word' id='word_1_859' title='bbox 3546 5087 3853 5144; x_wconf 77' lang='lat' dir='ltr'><strong>conveniat?</strong></span> 
     </span>
    </p>
   </div>
   <div class='ocr_carea' id='block_1_114' title="bbox 2331 5183 3843 5257">
    <p class='ocr_par' dir='ltr' id='par_1_114' title="bbox 2331 5183 3843 5257">
     <span class='ocr_line' id='line_1_115' title="bbox 2331 5183 3843 5257; baseline -0.004 -17"><span class='ocrx_word' id='word_1_860' title='bbox 2331 5185 2441 5252; x_wconf 67' lang='lat' dir='ltr'><strong>Sub</strong></span> <span class='ocrx_word' id='word_1_861' title='bbox 2470 5202 2585 5254; x_wconf 78' lang='lat' dir='ltr'><strong>qua:</strong></span> <span class='ocrx_word' id='word_1_862' title='bbox 2621 5188 2821 5257; x_wconf 85' lang='lat' dir='ltr'><strong>colligit</strong></span> <span class='ocrx_word' id='word_1_863' title='bbox 2857 5204 2960 5240; x_wconf 86' lang='lat' dir='ltr'><strong>non</strong></span> <span class='ocrx_word' id='word_1_864' title='bbox 2996 5187 3254 5238; x_wconf 80' lang='lat' dir='ltr'><strong>incassum</strong></span> <span class='ocrx_word' id='word_1_865' title='bbox 3287 5183 3550 5238; x_wconf 82' lang='lat' dir='ltr'><strong>Christum</strong></span> <span class='ocrx_word' id='word_1_866' title='bbox 3580 5185 3843 5245; x_wconf 79' lang='lat' dir='ltr'><strong>clntttnsse,</strong></span> 
     </span>
    </p>
   </div>
   <div class='ocr_carea' id='block_1_115' title="bbox 2322 5316 3842 5386">
    <p class='ocr_par' dir='ltr' id='par_1_115' title="bbox 2322 5316 3842 5386">
     <span class='ocr_line' id='line_1_116' title="bbox 2322 5316 3842 5386; baseline -0.001 -15"><span class='ocrx_word' id='word_1_867' title='bbox 2322 5328 2344 5353; x_wconf 75' lang='grc' dir='ltr'>θ</span> <span class='ocrx_word' id='word_1_868' title='bbox 2376 5316 2582 5371; x_wconf 87' lang='lat' dir='ltr'><strong>Omnes</strong></span> <span class='ocrx_word' id='word_1_869' title='bbox 2608 5318 2738 5373; x_wconf 83' lang='lat' dir='ltr'><strong>edit.</strong></span> <span class='ocrx_word' id='word_1_870' title='bbox 2765 5329 2823 5372; x_wconf 85' lang='lat' dir='ltr'><strong>et</strong></span> <span class='ocrx_word' id='word_1_871' title='bbox 2850 5320 3095 5373; x_wconf 77' lang='lat' dir='ltr'><strong>nonnulli</strong></span> <span class='ocrx_word' id='word_1_872' title='bbox 3129 5334 3283 5383; x_wconf 88' lang='lat' dir='ltr'><strong>mss.,</strong></span> <span class='ocrx_word' id='word_1_873' title='bbox 3314 5331 3367 5374; x_wconf 88' lang='lat' dir='ltr'><strong>et</strong></span> <span class='ocrx_word' id='word_1_874' title='bbox 3395 5322 3636 5374; x_wconf 73' lang='lat' dir='ltr'><strong>universa</strong></span> <span class='ocrx_word' id='word_1_875' title='bbox 3667 5318 3842 5386; x_wconf 63' lang='lat' dir='ltr'><strong>acquio</strong></span> 
     </span>
    </p>
   </div>
   <div class='ocr_carea' id='block_1_116' title="bbox 2246 5387 3839 5460">
    <p class='ocr_par' dir='ltr' id='par_1_116' title="bbox 2246 5387 3839 5460">
     <span class='ocr_line' id='line_1_117' title="bbox 2246 5387 3839 5460; baseline 0 -21"><span class='ocrx_word' id='word_1_876' title='bbox 2246 5397 2326 5440; x_wconf 86' lang='lat' dir='ltr'><strong>rat</strong></span> <span class='ocrx_word' id='word_1_877' title='bbox 2357 5388 2668 5460; x_wconf 70' lang='lat' dir='ltr'><strong>incrementa</strong></span> <span class='ocrx_word' id='word_1_878' title='bbox 2697 5394 2939 5455; x_wconf 76' lang='lat' dir='ltr'><strong>corpori;</strong></span> <span class='ocrx_word' id='word_1_879' title='bbox 2981 5392 3073 5441; x_wconf 83' lang='lat' dir='ltr'><strong>alii</strong></span> <span class='ocrx_word' id='word_1_880' title='bbox 3108 5405 3240 5443; x_wconf 89' lang='lat' dir='ltr'><strong>mss.</strong></span> <span class='ocrx_word' id='word_1_881' title='bbox 3270 5393 3457 5460; x_wconf 84' lang='lat' dir='ltr'><strong>plures</strong></span> <span class='ocrx_word' id='word_1_882' title='bbox 3487 5403 3540 5445; x_wconf 88' lang='lat' dir='ltr'><strong>et</strong></span> <span class='ocrx_word' id='word_1_883' title='bbox 3578 5387 3839 5459; x_wconf 75' lang='lat' dir='ltr'><strong>perieres,</strong></span> 
     </span>
    </p>
   </div>
   <div class='ocr_carea' id='block_1_117' title="bbox 2244 5459 3841 5531">
    <p class='ocr_par' dir='ltr' id='par_1_117' title="bbox 2244 5459 3841 5531">
     <span class='ocr_line' id='line_1_118' title="bbox 2244 5459 3841 5531; baseline 0.002 -19"><span class='ocrx_word' id='word_1_884' title='bbox 2244 5468 2292 5512; x_wconf 89' lang='lat' dir='ltr'><strong>et</strong></span> <span class='ocrx_word' id='word_1_885' title='bbox 2347 5459 2583 5511; x_wconf 69' lang='lat' dir='ltr'><strong>universo</strong></span> <span class='ocrx_word' id='word_1_886' title='bbox 2633 5462 2865 5524; x_wconf 75' lang='lat' dir='ltr'><strong>acquirat</strong></span> <span class='ocrx_word' id='word_1_887' title='bbox 2922 5463 3329 5527; x_wconf 82' lang='lat' dir='ltr'><strong>incrementum;</strong></span> <span class='ocrx_word' id='word_1_888' title='bbox 3374 5463 3630 5531; x_wconf 79' lang='lat' dir='ltr'><strong>quidam,</strong></span> <span class='ocrx_word' id='word_1_889' title='bbox 3680 5463 3841 5515; x_wconf 80' lang='lat' dir='ltr'><strong>inm-</strong></span> 
     </span>
    </p>
   </div>
   <div class='ocr_carea' id='block_1_118' title="bbox 2246 5531 2704 5596">
    <p class='ocr_par' dir='ltr' id='par_1_118' title="bbox 2246 5531 2704 5596">
     <span class='ocr_line' id='line_1_119' title="bbox 2246 5531 2704 5596; baseline 0.002 -15"><span class='ocrx_word' id='word_1_890' title='bbox 2246 5538 2441 5589; x_wconf 82' lang='lat' dir='ltr'><strong>menta,</strong></span> <span class='ocrx_word' id='word_1_891' title='bbox 2476 5531 2704 5596; x_wconf 82' lang='lat' dir='ltr'><strong>corpori.</strong></span> 
     </span>
    </p>
   </div>
   <div class='ocr_carea' id='block_1_119' title="bbox 2324 5597 3069 5668">
    <p class='ocr_par' dir='ltr' id='par_1_119' title="bbox 2324 5597 3069 5668">
     <span class='ocr_line' id='line_1_120' title="bbox 2324 5597 3069 5668; baseline -0.005 -13"><span class='ocrx_word' id='word_1_892' title='bbox 2324 5600 2338 5635; x_wconf 79' lang='grc'><strong>¹</strong></span> <span class='ocrx_word' id='word_1_893' title='bbox 2366 5597 2590 5668; x_wconf 62' lang='grc' dir='ltr'><strong>δαμῆναι</strong></span> <span class='ocrx_word' id='word_1_894' title='bbox 2616 5602 2762 5657; x_wconf 68' lang='lat' dir='ltr'><strong>circa</strong></span> <span class='ocrx_word' id='word_1_895' title='bbox 2784 5616 2915 5656; x_wconf 82' lang='lat' dir='ltr'><strong>attu.</strong></span> <span class='ocrx_word' id='word_1_896' title='bbox 2942 5600 3069 5658; x_wconf 79' lang='lat'><strong>587.</strong></span> 
     </span>
    </p>
   </div>
  </div>
