4040 6166
475 187 609 243 1071

1825 175 2432 253 SANCTIAHBROSH

3638 145 3807 234 .072

555 308 608 361 6.
645 305 795 361 Unde
823 314 876 360 et
909 303 1127 374 quidam
1177 310 1387 355 natura:
1438 299 1674 369 perdicis
1727 299 1889 354 etiam
1933 297 2440 364 istudAodibilem
2475 337 2490 362 ,
2551 295 2778 350 alteram
2831 294 3158 359 amabilem;
3231 309 3338 349 non
3400 291 3805 363 perfunctorie

479 399 775 472 aplandmn
810 403 1090 465 putarunt,
1131 408 1197 448 eo
1242 392 1386 462 quod
1417 391 1591 446 aliena
1622 390 1842 459 diripiat
1874 406 1995 457 ova,
2025 398 2080 445 et

479 493 663 548 foveat
710 504 808 543 suo
847 500 1099 556 corpore,
1131 493 1297 554 atque
1344 483 1446 538 hac
1503 497 1602 537 sua
1653 481 1839 537 fraude
1896 491 2078 551 partus

484 584 693 640 alienos
721 579 940 634 studeat
992 577 1300 648 acquirere.
1351 574 1458 630 Sed
1491 573 1510 646 (
1537 573 1678 644 quod
1710 574 1881 638 aiunt,
1907 581 1934 608 οι
1959 587 2079 626 cor-

481 675 589 731 nici
613 672 870 734 oculum;
923 669 1124 724 habent
1165 668 1309 722 enim
1361 677 1413 722 et
1461 665 1703 721 volatilia
1729 680 1856 720 suas
1881 663 2077 734 artes)

478 766 572 821 ubi
622 761 764 818 istud
796 760 1115 826 adverterit,
1143 758 1297 828 cujus
1348 766 1441 811 aut
1468 755 1679 826 singula
1708 770 1808 809 ova
1836 754 2073 824 direpta,

485 865 583 912 aut
629 852 813 909 cubile
864 851 1029 906 fuerit
1074 851 1342 914 inrasum,
1392 856 1484 902 aut
1527 847 1817 902 sollicitata
1863 846 2079 901 soboles

489 949 519 988 ι’
542 962 731 1004 errore
759 944 1151 1009 similitudinis,
1207 941 1409 1013 speciei
1455 940 1802 996 simulatione
1828 939 2073 1010 decepta,

483 1043 588 1100 etsi
639 1039 906 1096 inlirmior
958 1037 1185 1104 viribus,
1243 1035 1415 1090 induit
1467 1049 1527 1089 se
1555 1044 1718 1104 atque
1757 1040 1934 1088 armat
1957 1048 2080 1088 ver-

475 1134 616 1190 sutia
644 1149 658 1198 ;
691 1142 747 1187 et
774 1145 896 1186 cum
923 1130 1076 1184 labor
1103 1127 1282 1182 omnis
1309 1129 1588 1196 impensus
1613 1127 2075 1181 nutrimentorum

479 1225 800 1282 educantem
825 1221 1162 1288 exhauserit,
1216 1228 1382 1290 atque
1422 1219 1740 1274 adolescere
1797 1217 1930 1286 pulli
1972 1232 2082 1274 cm-

478 1315 681 1386 perint,
718 1325 844 1368 tunc
875 1327 1062 1367 vocem
1099 1309 1322 1376 emittit,
1349 1319 1403 1365 et
1429 1310 1660 1380 quadam
1689 1309 1908 1379 pictatis
1957 1309 2080 1363 tuba

487 1408 698 1478 prolem
726 1406 978 1461 advocat.
1009 1405 1142 1471 Quae
1170 1403 1406 1458 naturali
1452 1403 1684 1472 quodam
1717 1401 1902 1456 auditu
1931 1402 2083 1456 exci—

481 1510 592 1556 tata
643 1500 890 1570 agnoscit
943 1504 1248 1568 parentem,
1283 1505 1338 1550 et
1369 1496 1718 1551 simulantem
1744 1495 1968 1550 deserit.
2004 1495 2079 1550 Ita

479 1608 605 1648 cum
652 1593 770 1646 vult
794 1604 1124 1660 congregare
1155 1603 1276 1658 quae
1307 1602 1413 1642 non
1449 1587 1681 1657 peperit,
1716 1586 1917 1640 amittit
1944 1602 2081 1656 quos

481 1684 804 1740 nutriendos
852 1682 1088 1751 putavit.
1354 1736 1358 1740 _

550 1776 605 1829 7.
630 1775 746 1828 Non
774 1773 1051 1841 superfluo
1078 1772 1242 1842 igitur
1265 1779 1321 1826 et
1343 1770 1502 1826 Jesus
1527 1771 1824 1832 clamavit;
1860 1779 1920 1825 ιιι
1947 1771 2073 1841 quia

479 1869 646 1924 totius
677 1865 865 1920 mundi
889 1864 1121 1934 populus
1143 1878 1277 1918 voce
1310 1863 1568 1932 perdicis,
1596 1862 1895 1928 blanditiis,
1931 1871 2072 1930 arte,

475 1959 664 2030 specie
715 1959 978 2025 deceptus
1024 1957 1093 2010 ab
1149 1966 1372 2011 auctore
1427 1957 1651 2026 proprio
1716 1955 2031 2010 deviavcrat
2061 1997 2076 2022 ,

472 2049 716 2106 lubricas
747 2056 894 2102 artcs
921 2055 1174 2112 secutus,
1199 2047 1311 2101 veri
1337 2047 1576 2116 parentis
1611 2061 1749 2101 vace
1792 2053 2078 2101 revocatus

471 2139 724 2194 fallacem
754 2138 1112 2207 relinqueret,
1166 2145 1335 2206 atque
1368 2137 1419 2190 in
1450 2135 1677 2191 dimidio
1707 2135 1923 2191 dierum
1961 2136 2080 2206 ejus

471 2232 880 2288 fraudulentum
922 2229 1228 2296 desereret,
1285 2229 1338 2284 id
1368 2241 1473 2292 est,
1537 2241 1661 2286 ante
1706 2231 1868 2300 hujus
1919 2231 2078 2287 finem

473 2325 688 2391 saculi,
718 2324 805 2380 cui
836 2339 938 2378 nos
978 2323 1176 2392 eripuit
1234 2323 1496 2378 Dominus
1524 2323 1705 2391 lesus,
1737 2333 1793 2379 et
1822 2323 1886 2378 ad
1914 2325 2077 2378 vitam

481 2425 742 2471 aeternam
783 2413 1018 2468 vocavit.
1056 2412 1247 2482 Itaque
1279 2428 1420 2467 nunc
1483 2415 1680 2468 mortui
1740 2413 1963 2480 mundo,
1996 2415 2081 2468 vi-

482 2510 658 2565 vimus
714 2509 826 2564 Deo
851 2508 871 2581 (
894 2507 1048 2563 Rom.
1081 2523 1152 2574 νι,
1182 2507 1216 2563 8
1247 2507 1290 2578 ).

555 2603 610 2657 8.
653 2599 791 2655 Cum
838 2601 1002 2669 igitur
1054 2597 1243 2668 perdix
1284 2598 1389 2654 iste
1419 2600 1634 2669 penitus
1681 2615 1710 2654 a
1763 2599 1914 2655 falsis
1953 2600 2082 2654 filiis

483 2692 784 2748 derelictus
815 2689 1002 2754 fuerit,
1037 2701 1163 2760 tunc
1192 2690 1297 2744 erit
1324 2691 1522 2744 stultus
1551 2691 1663 2756 ille,
1706 2707 1867 2760 quem
1914 2690 2084 2760 elegit

481 2784 661 2849 Deus,
691 2793 741 2837 et
772 2783 1074 2852 sapientem
1101 2780 1372 2845 confudit,
1399 2785 1612 2846 salvus;
1656 2784 1912 2851 quoniam
1960 2797 2082 2853 qua:

477 2875 646 2930 stulta
682 2882 810 2927 sunt
840 2872 1051 2938 mundi,
1086 2873 1250 2942 elegit
1275 2873 1434 2928 Deus.
1487 2873 1726 2942 Ideoque
1757 2874 1800 2928 si
1845 2875 1968 2943 quis
1996 2875 2079 2928 vi-

478 2967 636 3021 detur
663 2966 882 3034 sapiens
926 2979 1049 3020 esse
1085 2965 1138 3018 in
1167 2964 1271 3018 hoc
1293 2966 1514 3030 saeculo,
1541 2965 1738 3020 stultus
1763 2965 1875 3031 fiat,
1911 2974 1970 3019 ut
2010 2967 2081 3020 sit

2182 398 2362 444 motus
2408 386 2634 453 videris,
2693 402 2761 442 ne
2816 385 2955 440 forte
3001 387 3136 441 duas
3174 386 3384 440 animas
3447 386 3612 439 istum
3674 384 3802 440 sibi

2181 481 2478 535 adscivisse
2503 479 2698 550 aliquis
2726 478 3032 549 intelligat:
3077 478 3218 550 quod
3262 477 3381 534 ﬁeri
3433 490 3800 547 nequaquam

2181 579 2380 640 potest.

2251 660 2306 714 2.
2357 659 2558 715 Verum
2592 659 2705 731 ipse
2739 677 2845 716 non
2873 662 3090 731 ignoras
3119 661 3260 732 quod
3287 659 3561 716 interdum
3593 660 3799 729 Scrip-

2185 760 2304 806 tura
2332 766 2455 806 cum
2495 752 2810 821 allegoriam
2843 753 2994 817 dicit,
3029 753 3132 806 alia
3190 752 3257 807 ad
3313 753 3552 822 speciem
3604 751 3802 823 Syna-

2179 859 2352 914 gugae,
2381 844 2484 898 alia
2512 845 2579 899 ad
2611 844 2870 899 Ecclesiae
2895 844 3062 899 refert
3099 862 3111 900 :
3143 844 3244 898 alia
3277 843 3345 898 ad
3385 845 3645 910 animam,
3672 844 3797 898 alia

2180 937 2246 991 ad
2277 936 2443 993 Verbi
2475 937 2814 1008 mysterium,
2844 937 2949 991 alia
2972 937 3036 992 ad
3062 937 3309 991 diversas
3331 932 3540 1006 species
3567 945 3622 990 et
3648 951 3800 1006 qua-

2180 1030 2360 1085 lilales
2412 1018 2752 1084 animarum:
2787 1045 2910 1099 qua:
2939 1029 3215 1092 discernit,
3246 1029 3335 1100 qui
3360 1029 3621 1098 dijudicat
3663 1029 3797 1098 spi-

2180 1122 2309 1177 ritu.
2341 1121 2496 1178 Unde
2535 1122 2784 1192 sequenti
2810 1123 3047 1190 capitulo
3071 1122 3228 1191 Legis
3255 1138 3359 1176 non
3382 1121 3516 1176 duas
3537 1121 3791 1186 animas,

2181 1215 2276 1270 sed
2317 1214 2564 1270 diversas
2585 1215 2871 1285 qualitates
2906 1215 3066 1270 unius
3111 1216 3307 1269 animae
3351 1214 3798 1283 comprehensas

2181 1324 2302 1364 esse
2325 1309 2580 1364 arbitror.
2609 1309 2706 1363 Est
2732 1309 2872 1364 enim
2905 1309 3151 1363 amabilis
3173 1309 3369 1363 animae
3397 1308 3630 1378 species,
3661 1324 3799 1376 quae

2183 1401 2521 1471 concupiscit
2545 1400 2871 1471 voluptaria,
2896 1415 3018 1470 quae
3051 1399 3288 1455 laborem
3307 1400 3462 1471 fugit,
3489 1414 3796 1469 ccinpunc-

2181 1495 2383 1548 tionem
2423 1493 2694 1557 declinat,
2738 1491 2999 1563 judicium
3027 1491 3123 1547 Dei
3157 1493 3398 1562 negligit.
3427 1491 3550 1546 Ideo
3579 1491 3800 1546 amabio

2182 1586 2272 1652 lis,
2323 1585 2448 1656 quia
2496 1584 2668 1640 dulcis
2713 1593 2768 1639 et
2796 1585 2976 1640 suavis
3015 1585 3083 1639 ad
3123 1594 3339 1655 tempus
3389 1584 3624 1649 videtur,
3665 1599 3797 1654 qum

2106 1672 2155 1732 B
2185 1687 2423 1731 mentem
2456 1690 2561 1730 non
2592 1675 2821 1741 alliciat,
2850 1675 2946 1731 sed
2968 1675 3224 1731 oblectet.
3256 1680 3325 1730 At
3348 1674 3436 1730 illa
3465 1675 3637 1732 altera
3659 1676 3795 1730 tris-

2181 1766 2309 1832 tior,
2344 1783 2466 1837 qum
2511 1767 2630 1822 zelo
2671 1766 2764 1821 Dei
2817 1766 3156 1831 conficiatur,
3208 1767 3348 1820 sicut
3397 1781 3534 1821 uxor
3593 1780 3793 1821 severa

2178 1862 2406 1917 scortari
2457 1875 2767 1930 comparem
2799 1876 2952 1916 suum
2976 1861 3133 1926 nolit,
3167 1877 3268 1914 non
3296 1860 3549 1930 patiatur,
3581 1875 3686 1915 non
3717 1859 3798 1914 si-

2180 1961 2292 2019 nat,
2344 1952 2478 2006 nihil
2510 1951 2789 2021 indulgeat
2815 1951 3054 2021 corpori,
3079 1951 3208 2005 nihil
3234 1951 3496 2021 voluptati
3522 1961 3576 2006 et
3603 1951 3798 2005 delec-

2179 2047 2372 2102 tationi
2413 2045 2656 2111 relaxet,
2681 2045 2895 2100 abdicet
2919 2045 3128 2100 occulta
3168 2044 3488 2110 dedecoris,
3535 2043 3667 2098 dura
3699 2044 3791 2098 la-

2181 2139 2373 2195 borum
2421 2146 2697 2208 sequatur,
2732 2138 2913 2207 gravia
2943 2138 3332 2208 periculorum.

2252 2231 2306 2286 5.
2343 2231 2401 2287 Si
2455 2231 2619 2301 igitur
2652 2230 2964 2300 pepererint
2991 2230 3039 2285 ei
3067 2231 3266 2292 ambte,
3301 2246 3410 2284 non
3444 2229 3664 2298 poterit,
3696 2230 3792 2285 itt-

2185 2325 2322 2395 quit,
2352 2323 2683 2394 ptimitivum
2712 2323 2879 2378 lilitnn
2903 2322 3157 2378 amabilis
3179 2324 3230 2376 in
3259 2323 3594 2378 haereditatis
3627 2325 3794 2380 insti-

2185 2419 2394 2472 tutione
2432 2431 2753 2487 praeponere
2783 2415 3062 2486 primitivo
3091 2417 3202 2472 tilio
3231 2417 3478 2483 odibilis;
3500 2433 3623 2472 cum
3653 2422 3798 2474 sciat

2183 2508 2404 2564 odibilis
2463 2507 2628 2562 filium
2682 2507 3010 2577 primitivum
3061 2523 3200 2563 esse.
3256 2509 3313 2563 In
3371 2524 3478 2579 quo
3520 2525 3629 2564 non
3679 2521 3792 2565 tam

2185 2599 2556 2670 prmlatiouem
2605 2599 2927 2668 simpliciter
2957 2599 3249 2668 signiﬁcari
3281 2608 3431 2670 puto,
3457 2601 3613 2671 quasi
3643 2602 3796 2656 inter

2186 2691 2496 2761 primitivos
2525 2690 2681 2755 duos,
2709 2705 2868 2760 quam
2895 2690 3311 2761 expressionem
3341 2691 3516 2746 solum
3563 2691 3794 2748 odibilis

2186 2780 2355 2835 filittm
2411 2780 2667 2851 primitivi
2717 2779 2919 2835 habere
2975 2781 3411 2851 prmrogativam.
3465 2782 3794 2839 Primitivus

2185 2874 2330 2928 enim
2391 2874 2783 2943 primogenitus
2833 2882 2941 2939 est,
2995 2874 3168 2928 sancti
3219 2884 3397 2930 autem
3440 2876 3794 2947 primogeniti

2188 2977 2352 3031 sunt;
2381 2965 2506 3036 quia
2534 2968 2701 3020 omnis
2719 2967 2982 3020 masculus
3007 2968 3310 3038 adaperiens
3329 2970 3555 3032 vulvam,
3578 2980 3796 3024 sanctus

473 3060 693 3129 sapiens
725 3060 741 3128 (
769 3056 932 3113 ICor.
977 3073 1015 3122 ι,
1045 3057 1117 3110 27
1140 3056 1181 3127 ).
1215 3056 1379 3122 Vale,
1411 3057 1510 3123 fili,
1537 3069 1590 3112 et
1634 3073 1731 3111 nos
1773 3057 1961 3128 dilige,
2019 3068 2075 3113 ut
2102 3052 2148 3114 C
2184 3060 2408 3115 Domino
2435 3060 2706 3114 vocabitur
2733 3061 2750 3131 (
2788 3057 2960 3113 Exod.
2986 3073 3105 3124 xm,
3150 3060 3221 3125 2;
3250 3058 3380 3114 Luc.
3410 3076 3470 3127 ιι,
3494 3060 3566 3115 ‘25
3593 3060 3638 3131 ).
3673 3061 3792 3117 Non

480 3152 649 3216 facis;
712 3150 966 3221 quoniam
1009 3164 1109 3203 nos
1141 3157 1194 3203 te
1231 3147 1526 3218 diligimus.

919 3253 940 3279 ε
993 3239 1330 3296 EPISTOLA
1371 3239 1614 3295 XXXIII.

481 3338 697 3392 Insue-:0
721 3334 886 3388 vereri
909 3349 964 3387 se
992 3349 1053 3387 ne
1092 3333 1207 3401 quis
1234 3348 1296 3386 ex
1327 3332 1438 3386 loco
1470 3332 1763 3403 Scriptum
1792 3334 1854 3388 de
1883 3335 2083 3390 duabus

556 3427 805 3482 uxoribus
829 3424 960 3478 duas
980 3425 1034 3477 in
1063 3422 1243 3477 eodem
1276 3423 1484 3477 homine
1532 3423 1734 3478 animos
1782 3441 1890 3480 esse
1937 3427 2081 3480 arbi-

558 3528 739 3579 tretur,
769 3515 1087 3587 signiﬁcanti
1110 3531 1130 3581 ;
1175 3512 1350 3567 scribit
1396 3513 1568 3566 varias
1618 3513 1806 3568 ibidem
1862 3514 2087 3570 indicari

558 3611 748 3666 anima:
771 3608 1047 3679 qualitates
1074 3624 1093 3673 ;
1117 3608 1170 3660 in
1212 3605 1428 3659 amabili
1475 3606 1613 3659 enim
1656 3607 1885 3660 animam
1906 3607 2089 3680 volup-

564 3705 658 3759 tati
708 3701 940 3757 deditam
982 3698 1304 3765 adumbrari,
1331 3698 1383 3751 in
1415 3697 1597 3751 odibili
1649 3714 1767 3752 vero
1812 3701 2089 3754 severiores

561 3798 778 3852 virtutes
807 3803 1223 3849 eonscctantem:
1254 3791 1416 3864 hujus
1465 3802 1638 3846 autent
1682 3794 1836 3849 unius
1899 3795 2092 3867 primo-

561 3890 757 3960 genitae
785 3903 906 3949 .esse
961 3902 1078 3940 cum
1127 3901 1190 3940 ea:
1218 3885 1383 3940 altero
1409 3886 1544 3952 loco,
1585 3897 1691 3941 tum
1726 3905 1789 3944 ea:
1831 3905 1890 3944 eo
1935 3891 2088 3944 etiam

560 3983 650 4053 qui
673 3981 771 4052 [uit
799 3980 1120 4050 propositus,
1165 3979 1410 4048 intelligi.

874 4073 1182 4128 Alanosws
1220 4071 1438 4126 Iasium
1469 4073 1726 4130 salutem.

565 4169 618 4221 l.
650 4164 677 4203 ἀ
724 4166 1016 4233 Superiore
1047 4165 1277 4236 epistola
1306 4165 1627 4236 scripsimtts
1657 4167 1992 4223 liberandam
2022 4170 2090 4225 ab

493 4257 822 4314 adversariis
851 4257 1086 4312 animam
1114 4267 1379 4320 nostram,
1423 4268 1478 4312 et
1508 4273 1630 4313 cum
1673 4274 1735 4314 ea
1769 4260 2089 4316 indissocia-

495 4352 622 4407 bilis
668 4349 797 4404 vitae
840 4346 1180 4403 subeundum
1211 4347 1566 4402 consortium.
1625 4349 1692 4402 Et
1740 4351 1861 4418 quia
1909 4365 2091 4406 sermo

2191 3164 2370 3208 tamen
2394 3152 2574 3206 omnis
2599 3152 2996 3224 primogenitus
3022 3163 3277 3218 sanctus;
3306 3168 3414 3208 non
3443 3154 3588 3209 enim
3624 3170 3792 3211 sanc-

2189 3254 2275 3300 tus
2297 3243 2461 3311 Esau,
2483 3244 2575 3315 qui
2604 3245 2788 3315 utique
2811 3246 3223 3316 primogenitus.

2259 3335 2314 3388 4.
2355 3336 2538 3391 Sancti
2570 3346 2748 3391 autem
2782 3337 3126 3408 primogeniti
3158 3347 3317 3402 sunt;
3352 3339 3588 3408 denique
3618 3341 3792 3397 habes

2189 3428 2243 3483 in
2293 3427 2635 3483 Numeris:e
2668 3428 2805 3484 Ecce
2855 3432 2953 3485 tuli
3009 3432 3187 3486 levitas
3239 3434 3302 3486 de
3354 3434 3526 3487 medio
3555 3435 3792 3502 ﬁliorum

2191 3519 2469 3588 lsraelpro
2495 3523 2632 3575 omni
2657 3524 3016 3594 primogenita,
3045 3525 3134 3594 qui
3154 3527 3318 3592 aperit
3340 3527 3566 3589 vulvam,
3598 3544 3632 3580 a
3665 3527 3793 3597 ﬁliis

2190 3612 2381 3667 Israel.
2414 3613 2548 3666 Mihi
2579 3614 2716 3667 enim
2741 3614 2798 3667 in
2825 3631 2926 3685 quo
2957 3615 3040 3668 die
3069 3616 3298 3685 percussi
3339 3633 3487 3671 omne
3519 3619 3790 3689 primoge-

2191 3707 2353 3760 nitum
2373 3703 2615 3777 1E9ypti,
2645 3707 2968 3776 sanctiﬁcavi
2998 3724 3146 3762 omne
3187 3709 3584 3781 primogenitum
3617 3709 3794 3766 Israel

2192 3796 2400 3867 (Num.
2427 3813 2507 3858 ιιι,
2540 3797 2671 3866 12).
2704 3797 2844 3866 Ergo
2892 3799 3088 3853 levitas
3139 3814 3237 3868 pro
3284 3801 3663 3871 primogenitis
3705 3818 3795 3857 ac-

2191 3890 2362 3957 cepit,
2409 3889 2561 3959 quasi
2601 3898 2861 3956 sanctos;
2921 3903 3139 3946 sanctos
3195 3893 3340 3946 enim
3399 3894 3792 3964 primogenitos

2193 3995 2314 4036 esse
2343 3981 2726 4050 cognoscimus
2753 3995 2819 4036 ex
2851 3982 3077 4051 epistola
3101 3983 3165 4036 ad
3195 3981 3457 4038 Hebraeos
3479 3984 3706 4054 scripta,
3737 3987 3788 4040 in

2192 4089 2295 4144 qua
2327 4073 2627 4128 habemus:
2662 4074 2770 4129 Sed
2821 4077 3273 4146 appmpinquastis
3317 4076 3448 4131 Sion
3501 4080 3688 4144 monti,
3742 4087 3790 4132 et

2193 4166 2389 4220 civitati
2428 4165 2776 4233 Hierusalem,
2808 4177 2852 4222 et
2881 4167 3054 4222 decem
3095 4169 3321 4223 millibus
3365 4171 3705 4244 angelorum;
3745 4179 3793 4226 et

2195 4257 2448 4312 Ecclesia:
2500 4258 2876 4328 primitivorum
2934 4259 3141 4331 (Hebr.
3173 4278 3265 4327 xu,
3298 4261 3369 4316 22
3397 4261 3437 4331 ).
3483 4263 3622 4333 Ergo
3654 4263 3792 4318 sicut

2195 4351 2546 4422 primogeniti
2578 4350 2844 4406 Ecclesim
2873 4353 3072 4417 sancti,
3101 4355 3181 4408 sic
3209 4355 3499 4421 ctlevitm;
3533 4355 3787 4425 quoniam

495 4446 601 4501 iste
631 4442 788 4499 nobis
815 4441 883 4497 de
926 4440 1351 4495 Deuteronomin
1375 4440 1393 4510 (
1417 4438 1569 4494 Deut.
1599 4456 1712 4506 χχι,
1762 4442 1828 4496 16
1853 4443 1870 4511 )
1902 4458 2089 4498 exem-
2116 4435 2170 4495 D
2196 4441 2298 4512 ipsi
2337 4456 2554 4512 quoque
2584 4443 2950 4512 primogeniti.
2985 4443 3103 4499 Non
3132 4445 3276 4500 enim
3309 4447 3567 4502 nascendi
3589 4449 3782 4503 ordine

492 4537 643 4606 plum
673 4532 969 4602 assumpsit
992 4529 1313 4585 asset-tionis
1341 4545 1475 4597 sum,
1508 4547 1612 4599 quo
1643 4531 1748 4587 loci
1781 4531 2086 4603 subjectum

495 4625 768 4700 estszo
792 4623 860 4680 de
886 4623 1029 4689 viro,
1073 4623 1163 4692 qui
1211 4621 1344 4678 duas
1376 4638 1575 4679 uxores
1621 4623 1877 4694 habebat,
1925 4643 2086 4684 unam

570 4800 597 4828 ι
628 4787 798 4850 Edit.,
825 4783 1044 4838 cornicis
1097 4782 1353 4844 oculum;
1405 4796 1561 4842 mss.
1620 4783 1814 4836 cornici
1858 4785 2086 4850 oculum,

499 4856 772 4934 quomodo
801 4856 966 4934 etiam
987 4850 1200 4906 Tullius
1230 4861 1366 4934 orat.
1403 4866 1501 4934 pro
1528 4851 1590 4907 L.
1622 4852 1831 4934 Flacco.
1865 4854 2092 4934 Videtur

502 4922 688 4987 autem
719 4923 1036 4994 Ambrosius
1068 4924 1413 4990 proverbium
1441 4922 1720 4990 ercum,
1753 4923 1821 4979 dc
1847 4940 1953 4994 quo
1981 4925 2092 4980 Ma.

504 5001 724 5060 crnbius
754 4997 848 5052 lib.
874 5010 944 5048 vn
991 4993 1212 5047 Saturn.
1269 4994 1538 5058 meminit,
1582 4995 1810 5048 innuere
1840 4993 2098 5059 {scilicet

506 5071 697 5132 cornix
725 5066 928 5122 cornici
957 5065 1171 5120 oculum
1201 5062 1410 5128 eﬂ'odit,
1446 5064 1496 5116 id
1525 5074 1628 5129 est,
1663 5065 1892 5120 callidus
1911 5066 2096 5121 callidi

507 5150 702 5202 artem,
729 5152 835 5206 qua
861 5134 1234 5206 sibi__lrattdem
1260 5135 1437 5206 facere
1470 5136 1815 5206 moliebatur,
1845 5138 2098 5191 astutinri

505 5221 625 5267 arte
680 5203 906 5332 deigudit.
965 5203 1100 5259 Vide
1138 5204 1306 5275 Adag.
1339 5205 1494 5260 Eras.
1554 5204 1685 5260 chil.
1746 5207 1796 5272 1,
1846 5217 1991 5264 cent.
2038 5209 2095 5273 ὅ,

505 5295 661 5332 nrov.
794 5317 806 5330 .

504 5295 661 5352 prov.
718 5279 806 5333 75.

574 5417 603 5456 ι)
629 5416 705 5472 Ita
731 5412 887 5468 Eras.
914 5420 970 5467 et
995 5425 1106 5479 seq.
1130 5410 1261 5464 edit.
1285 5425 1407 5465 cum
1437 5424 1568 5464 mss.
1599 5410 1804 5480 aliquot
1829 5429 1844 5470 :
1874 5414 2095 5469 Amerb.

504 5497 686 5545 autem
707 5499 828 5539 cum
851 5482 972 5537 aliis
996 5481 1295 5544 nonnullis,
1310 5481 1502 5535 erroris
1523 5481 1885 5548 similitudine,
1910 5486 2099 5549 speciei

504 5555 864 5613 simulatione:
888 5552 1218 5622 Colhnunus
1242 5551 1413 5617 specie
1434 5549 1803 5622 simulationis,
1834 5557 2045 5622 decepta
2077 5571 2095 5613 :

508 5626 654 5686 Prat.
720 5638 872 5690 vero,
929 5629 984 5678 et
1035 5619 1215 5688 Gom.,
1249 5623 1430 5690 errori,
1481 5621 1839 5690 similitudine,
1904 5619 2090 5692 specie,

2195 4534 2390 4598 sancti,
2416 4534 2510 4588 sed
2535 4535 2983 4591 sanctiticationis
3022 4528 3287 4603 munere;
3319 4537 3452 4595 Levi
3501 4541 3646 4595 enim
3683 4550 3789 4596 ter-

2197 4625 2302 4680 tius
2321 4624 2465 4679 filius
2496 4623 2745 4693 fuitLiae,
2772 4641 2879 4682 non
2904 4629 3112 4699 primus
3128 4629 3477 4703 uliquc(Gen.
3503 4648 3650 4700 χιιι,
3673 4631 3785 4703 54).

2192 4781 2799 4906 gmzlftioneuecepta.
2853 4781 2987 4851 Quae
3037 4784 3257 4856 quidem
3305 4786 3473 4843 lectio
3525 4803 3628 4844 non
3677 4789 3787 4846 dis-

2254 4867 2379 4907 lcel.

2195 4867 2379 4923 pttcet.

2273 4933 2293 4992 ς
2326 4921 2535 4992 Scripta
2575 4923 2716 4978 circa
2749 4939 2874 4980 ann.
2921 4925 3047 4980 587.

2225 5017 2230 5019 -
2268 4991 2295 5029 ά
2327 4991 2632 5071 Superiora
2660 4995 2878 5064 epistola
2919 5011 3026 5071 non
3073 4999 3276 5071 ἀμέσως
3330 5001 3634 5069 superiore,
3687 4999 3778 5055 sed

2196 5072 2402 5141 tantum
2433 5064 2759 5141 pf_ttul_ti_tna;
2790 5081 2912 5141 cum
2941 5067 3087 5141 illam
3109 5064 3264 5141 inter
3305 5078 3361 5124 et
3391 5064 3507 5124 eam
3548 5064 3669 5141 quae
3697 5071 3781 5125 hic

2199 5134 2411 5200 incipit.
2436 5134 2538 5190 alia
2555 5135 2801 5191 videatur
2824 5135 2995 5192 fuisse
3023 5139 3329 5210 interjecta,
3354 5151 3416 5196 ut
3441 5141 3493 5196 in
3509 5134 3777 5197 Admoait.

2201 5216 2421 5259 OSlt’nSll
2430 5222 2478 5258 ill
2511 5217 2612 5260 ρει.

2278 5276 2302 5305 °
2346 5275 2498 5346 llunc
2533 5277 2708 5332 locum
2740 5278 2902 5333 etiam
2935 5277 2988 5332 in
3047 5280 3141 5334 lib.
3183 5295 3219 5335 tt
3262 5279 3332 5334 de
3355 5280 3489 5337 Cain
3532 5293 3587 5340 et
3627 5281 3772 5346 Abel,

2200 5359 2319 5421 cap.
2367 5345 2616 5421 2,_n_um.
2670 5349 2723 5412 7,
2777 5357 3062 5421 tractatum
3112 5351 3376 5421 reperies.
3428 5353 3615 5410 Utrum
3657 5345 3776 5408 vero

2200 5415 2266 5490 ad
2293 5430 2419 5490 eum
2449 5417 2662 5490 librum,
2718 5433 2786 5471 an
2845 5420 2912 5474 ad
2957 5419 3095 5476 hanc
3131 5415 3413 5490 epistolam
3464 5425 3772 5480 Ambrosius

2197 5484 2267 5539 de
2321 5485 2509 5539 eodem
2566 5485 2925 5544 Numerorum
2973 5491 3092 5546 loco
3123 5484 3179 5546 iri
3210 5492 3346 5547 libro
3389 5494 3458 5549 de
3505 5495 3770 5551 Benedict.

2198 5555 2497 5640 Patriarch.
2552 5556 2856 5640 disserens,
2903 5562 3166 5618 lectorem
3216 5563 3510 5631 remiserit,
3571 5567 3624 5620 in
3675 5561 3772 5620 Ad-

2199 5635 2387 5682 monit.
2419 5635 2864 5686 cxaminavimus.
