4040 6166
177 358 193 368 ,
238 301 390 357 1075

1455 311 1942 373 EPISTOLARUM
1981 314 2263 375 CLASSIS
2306 319 2344 373 Ι.

3407 318 3543 376 1071

407 415 508 484 Qui
555 423 738 472 autem
786 419 1174 485 sanctiﬁcatur,
1227 422 1343 492 ipse
1392 423 1566 492 aperit
1605 423 1842 479 vulvam.
1874 428 1929 488 Α
1951 426 2244 483 conferens
2268 429 2580 498 patrimonii
2608 446 2620 483 :
2647 429 2758 484 tilio
2783 439 2964 486 autem
2987 431 3165 487 Sarrae
3186 432 3348 502 dupla
3369 431 3543 495 dedit.

239 505 421 573 Quam
456 508 716 564 vulvam?
742 510 880 565 Audi
928 513 1201 569 dicentem
1236 533 1249 569 :
1305 515 1626 570 Erraverunt
1666 533 1846 585 pecca-

240 611 382 653 tores
407 600 470 653 ob
502 611 646 656 utero
677 603 696 676 (
722 602 871 658 Psal.
902 621 1029 673 LVII,
1072 605 1105 659 4
1130 607 1171 677 ).
1206 607 1340 675 Quia
1386 609 1700 665 intellexisti
1733 612 1844 680 pri-

241 693 608 763 mogenitum,
665 697 754 765 qui
785 698 961 767 aperit
1015 700 1271 766 vulvam;
1330 702 1576 773 intellige
1630 715 1842 758 uterum

238 783 402 839 bona:
424 787 637 851 matris,
686 803 714 841 a
743 804 848 858 quo
879 805 985 843 non
1017 800 1204 845 errant
1255 794 1452 859 sancti,
1507 795 1602 849 sed
1654 811 1844 864 pecca-

238 887 410 932 tores.
439 879 642 933 Levitze
671 889 849 934 autem
883 881 1203 938 auferuntur
1223 884 1291 940 de
1320 886 1498 940 medio
1548 888 1711 959 921
1763 888 1840 942 ls-

236 974 356 1029 racl
381 990 395 1037 ;
429 974 554 1044 quia
584 975 717 1048 nihil
742 975 940 1031 habent
965 993 1255 1034 commune
1285 995 1406 1034 cum
1432 982 1653 1050 pOpulo,
1681 982 1837 1051 cujus

234 1066 604 1136 primogenita
668 1069 951 1123 saecularia
1016 1069 1394 1125 destruantur.
1468 1071 1839 1140 Primogeuita

236 1159 386 1212 enim
419 1159 603 1213 sa-culi
633 1159 858 1215 alterius
882 1163 1074 1215 matris
1099 1171 1248 1228 sunt,
1279 1178 1306 1216 a
1339 1163 1493 1231 cujus
1547 1172 1700 1217 utero
1749 1178 1837 1218 se-

233 1260 500 1318 gregatus
529 1249 730 1304 Paulus
759 1261 864 1316 est,
899 1267 1020 1305 cum
1054 1253 1119 1307 ad
1161 1256 1390 1323 gratiam
1432 1263 1720 1308 vocaretur
1743 1254 1840 1309 Dei

233 1340 456 1412 (Galat.
492 1357 533 1407 ι,
569 1342 700 1413 15).
735 1344 797 1398 Ει
829 1344 954 1399 ideo
976 1345 1044 1399 de
1073 1346 1250 1400 medio
1283 1347 1465 1416 populi
1504 1342 1835 1417 segregatus,

234 1432 482 1489 Verbum
512 1435 741 1504 recepit,
762 1437 906 1506 quod
955 1448 1036 1492 est
1059 1439 1294 1492 medium
1327 1439 1379 1493 in
1423 1439 1590 1494 corde
1626 1447 1836 1495 nostro.

236 1523 394 1579 Unde
418 1533 474 1578 et
502 1526 634 1580 illud
661 1526 863 1581 dictum
884 1537 968 1582 est
993 1545 1006 1582 :
1038 1527 1247 1583 Medius
1269 1545 1444 1584 autem
1462 1539 1683 1584 vestrum
1709 1540 1832 1597 stat,

232 1631 391 1683 quem
418 1633 503 1669 vos
531 1633 632 1670 non
659 1617 842 1670 videtis
865 1617 1062 1689 (loau.
1097 1635 1132 1683 ι,
1181 1619 1251 1676 26
1274 1619 1319 1691 ).

308 1710 365 1761 6.
405 1707 526 1763 Non
565 1710 775 1764 otiosus
823 1713 1003 1777 itaque
1064 1712 1222 1766 nobis
1268 1728 1297 1766 a
1343 1712 1486 1781 Lege
1540 1712 1590 1766 in
1639 1712 1836 1783 Legem

1949 522 2165 575 cuinon
2197 521 2369 575 solum
2422 523 2761 590 temporalia,
2817 522 2912 577 sed
2967 524 3131 578 etiam
3189 538 3428 594 superna
3487 531 3545 578 et

1951 622 2212 683 perpetua
2241 614 2443 668 collata
2465 623 2614 668 sunt.
2647 613 2802 678 Vale,
2832 623 2887 670 et
2909 629 3006 669 nos
3032 614 3234 684 dilige;
3287 615 3414 685 quia
3442 629 3544 669 nos

1950 712 2002 758 te
2027 703 2324 774 diligimus.

2417 810 2438 836 ε
2483 799 2815 856 EPISTULA
2861 797 3099 853 XXXIV.

1949 888 2340 946 HOBONTIANUII
2367 907 2434 944 an
2461 893 2653 954 anirra,
2691 891 2756 945 de
2785 907 2885 958 qua
2915 907 3069 959 prave
3114 889 3336 943 sentiunt
3365 889 3540 961 philo-

2016 981 2188 1053 sophi,
2243 985 2461 1037 rteles'is
2501 984 2802 1038 substantia:
2849 984 2914 1038 sit
2943 1025 2956 1049 ,
3007 993 3314 1050 quterentem
3369 984 3538 1053 primo

2016 1075 2226 1128 remittit
2257 1076 2324 1127 ad
2368 1075 2526 1129 libros
2574 1075 2800 1141 Esdrw;
2829 1086 2936 1129 tum
2985 1077 3286 1146 dignitatem
3307 1079 3422 1148 ejus
3457 1093 3542 1130 os-

2018 1165 2228 1219 tendens
2261 1165 2413 1220 Pauli
2439 1168 2752 1230 testimonio,
2782 1185 2883 1237 qua
2910 1168 3111 1221 ratione
3149 1167 3340 1221 ibidem
3369 1169 3536 1222 omnis

2015 1269 2250 1312 creatura
2280 1261 2632 1331 ingemiscere,
2665 1277 2727 1314 ac
2756 1277 2937 1315 rursus
2988 1260 3256 1316 liberanda
3300 1277 3408 1316 esse
3453 1259 3536 1314 di-

2015 1359 2180 1413 catur,
2213 1353 2457 1417 explicat.

2229 1444 2533 1498 Aunnosrus
2585 1443 2938 1498 HORONTIANO
2989 1445 3242 1499 salutem.

2019 1531 2068 1584 1.
2102 1531 2356 1599 Qutesisli
2385 1548 2414 1586 a
2444 1549 2530 1587 me
2570 1543 2747 1588 utrum
2776 1535 2955 1588 anima
3001 1536 3240 1589 caelestis
3285 1549 3410 1589 esse
3451 1535 3534 1588 vi.

1941 1623 2137 1678 deatur
2154 1625 2506 1685 substantiae;
2532 1626 2559 1664 σί
2591 1641 2696 1680 ιιοη
2718 1621 2862 1681 enim
2894 1637 2981 1680 aut
3005 1627 3169 1699 922
3190 1629 3534 1700 sanguinem,

1941 1724 2036 1768 aut
2068 1715 2270 1785 ignem,
2301 1725 2394 1770 aut
2425 1716 3070 1771 nervorumharmoniam
3092 1721 3328 1772 animam
3354 1727 3533 1788 putas,

231 1814 505 1854 excursus
537 1800 656 1866 fuit,
710 1811 769 1856 ut
814 1803 1230 1871 primogenitmn
1264 1818 1370 1858 non
1422 1818 1543 1858 esse
1589 1803 1840 1859 amabilis
1870 1812 1918 1872 Β
1943 1817 2004 1862 ιιι
2033 1809 2222 1879 vulgus
2251 1810 2692 1880 philosophorum
2747 1811 3182 1881 interpretatur:
3210 1821 3326 1876 aut,
3361 1820 3418 1865 ut
3447 1811 3538 1866 illa

231 1894 402 1958 illius,
431 1895 482 1948 id
515 1903 620 1959 est,
657 1896 990 1951 remissioris
1029 1907 1084 1952 et
1107 1897 1430 1967 voluptariae
1463 1898 1633 1952 lilium
1676 1898 1837 1954 doce-

229 2002 451 2053 remus;
487 1990 744 2058 quamvis
799 1991 1059 2059 propositi
1114 1991 1334 2060 capituli
1375 1992 1541 2047 verba
1583 1992 1685 2046 hoc
1737 2006 1835 2046 cx-

229 2075 497 2148 primant,
523 2081 744 2137 dicente
774 2082 1053 2152 Scriptura
1077 2099 1090 2136 :
1120 2082 1238 2137 Non
1271 2085 1472 2153 poterit
1501 2083 1668 2138 lilium
1691 2097 1839 2138 ama-

227 2172 358 2226 bilis
381 2183 407 2208 α
443 2173 776 2242 primitivum
805 2190 1148 2244 praeponere,
1177 2191 1300 2230 cum
1328 2178 1462 2231 sciat
1493 2177 1658 2231 lilium
1713 2178 1831 2232 odi-

224 2263 355 2320 bilis
398 2265 732 2332 primitivum
765 2282 888 2322 esse
916 2268 936 2338 (
969 2267 1120 2322 Deut.
1147 2285 1264 2334 xxi,
1294 2270 1357 2323 17
1389 2268 1430 2339 ).
1461 2269 1557 2323 Ille
1581 2279 1664 2324 est
1707 2285 1834 2325 vere

228 2357 566 2426 primitivus,
608 2361 699 2428 qui
753 2373 954 2414 sancite
1005 2361 1194 2414 matris
1250 2369 1472 2414 sanctus
1502 2369 1583 2415 est
1614 2369 1830 2429 partus;

224 2448 370 2502 sicut
395 2448 485 2505 illa
535 2465 660 2504 vera
700 2460 896 2515 mater,
927 2466 955 2504 a
987 2451 1144 2520 cujus
1176 2462 1330 2506 utero
1355 2466 1460 2505 non
1493 2461 1680 2506 errant
1718 2453 1832 2506 veri

226 2540 350 2607 lilii,
377 2541 474 2597 sed
499 2553 837 2611 peccatores.
861 2544 1002 2612 Ergo
1030 2544 1120 2597 ille
1152 2559 1259 2598 non
1291 2559 1433 2599 verte
1457 2545 1644 2598 matris
1667 2544 1829 2613 illius,

187 2648 336 2688 .non
375 2635 688 2704 primitivus
730 2651 910 2700 verus,
955 2637 1050 2691 sed
1078 2638 1230 2708 quasi
1280 2638 1588 2707 primitivus
1611 2638 1832 2707 juvatur

223 2738 470 2794 sumptu,
504 2741 570 2781 ne
592 2737 782 2797 egeat;
816 2744 922 2782 non
956 2738 1016 2781 ut
1045 2728 1197 2783 dives
1230 2730 1319 2794 sit,
1356 2729 1698 2783 honoratur:
1743 2731 1831 2786 hic

225 2832 410 2873 autem
459 2819 620 2888 dupla
653 2837 720 2876 ex
763 2822 1014 2876 omnibus
1041 2823 1272 2890 accepit,
1306 2833 1362 2876 ut
1389 2822 1658 2885 abundet;
1688 2824 1830 2877 sicut

226 2912 390 2965 etiam
420 2911 472 2965 in
521 2911 720 2967 Genesi
751 2913 916 2968 habes
965 2914 1303 2984 patriarchas
1333 2929 1361 2968 a
1387 2917 1554 2968 fratre
1603 2930 1704 2969 suo
1733 2915 1829 2969 Jo-

225 3002 360 3070 seph
385 3004 619 3072 geminae
649 3003 892 3074 singulos
930 3005 1088 3059 stolae
1134 3006 1366 3059 donatos
1412 3021 1661 3070 munere,
1704 3021 1826 3061 cum

227 3093 641 3148 remitterentur
665 3095 731 3149 ad
758 3103 964 3164 patrem
996 3095 1158 3168 (Gen.
1193 3113 1326 3163 XLV,
1353 3097 1483 3167 2'2),
1516 3096 1540 3133 δ
1576 3109 1632 3149 ιιι
1659 3099 1829 3166 signi-

1944 1904 2172 1972 patricia
2204 1904 2449 1972 qumdam
2478 1919 2666 1959 eorum
2700 1904 2949 1973 prosapia
2984 1903 3228 1960 Platonis
3273 1903 3537 1975 disputat,

1941 1993 2084 2063 quod
2117 1994 2293 2063 ipsum
2324 2011 2385 2050 se
2413 2005 2617 2061 movet,
2651 2003 2706 2050 et
2736 2011 2839 2050 non
2872 2005 3123 2051 movetur
3165 1995 3234 2050 ab
3259 1995 3386 2054 alio.
3419 1995 3536 2062 ipsa

1942 2083 2038 2138 tibi
2068 2086 2246 2139 anima
2277 2087 2492 2142 videtur
2517 2104 2530 2138 :
2557 2088 2639 2140 vel
2673 2099 2823 2140 certe
2847 2099 2901 2140 ut
2936 2087 3263 2142 Aristoteles
3286 2087 3402 2141 acri
3456 2087 3540 2142 in-

1939 2175 2102 2242 genio
2149 2175 2392 2243 quintum
2449 2177 2720 2246 quoddam
2768 2177 3020 2230 elementi
3078 2191 3250 2246 genus
3299 2177 3535 2241 induxit,

1939 2265 2204 2333 probasti,
2234 2266 2285 2319 id
2318 2275 2403 2321 est
2426 2269 2766 2338 ἐντελέχειαν,
2821 2282 2891 2321 ex
2956 2282 3065 2337 quo
3091 2281 3452 2336 eumponeres
3479 2276 3536 2322 et

1937 2356 2084 2410 velut
2115 2358 2346 2426 lingeres
2375 2357 2568 2412 animae
2594 2360 2972 2416 substantiam.

2007 2449 2062 2503 2.
2098 2451 2173 2504 De
2199 2467 2306 2521 quo
2329 2453 2423 2507 tibi
2459 2461 2482 2489 θ
2515 2452 2704 2507 Εειιιιω
2752 2453 2948 2506 librum
2977 2450 3264 2522 legendum
3297 2451 3529 2519 suadeo,

1936 2543 2025 2612 qui
2084 2550 2140 2597 et
2178 2542 2300 2596 illas
2355 2543 2802 2613 philosophorum
2849 2557 3017 2614 nugas
3067 2543 3424 2614 despexerit;
3473 2555 3529 2599 et

1935 2633 2204 2688 abditiore
2232 2634 2543 2702 prudentia,
2571 2649 2730 2704 quam
2753 2634 3050 2704 collegerat
3075 2651 3140 2690 ex
3165 2635 3527 2700 revelationo,

1935 2725 2323 2794 perstrinxerit
2361 2741 2452 2780 eas
2483 2725 2800 2781 substantia:
2830 2743 2954 2783 esse
2983 2727 3306 2797 superioris.

2008 2818 2059 2871 5.
2093 2817 2389 2885 Apostolus
2413 2832 2627 2886 quoque
2673 2818 2774 2872 etsi
2811 2817 2829 2855 ί
2867 2834 2972 2872 non
3022 2833 3311 2888 expresse,
3347 2827 3526 2874 tamen

1933 2908 2346 2976 intelligendum
2377 2911 2535 2964 nobis
2565 2910 2797 2981 reliquit,
2832 2914 2984 2982 quasi
3044 2913 3218 2967 bonus
3249 2913 3529 2983 magister,

1936 3010 1991 3055 et
2038 3001 2301 3068 spiritalis
2337 3003 2594 3070 agricola,
2638 3003 2867 3057 occultis
2917 3004 3182 3058 doctrinae
3230 2994 3532 3061 seminibus

1934 3098 2179 3150 excitans
2207 3096 2597 3165 discipulorum
2629 3097 2865 3167 ingenia,
2897 3098 3040 3168 quod
3079 3099 3272 3153 animae
3330 3109 3528 3154 nostra:

228 3183 452 3238 ﬁcorent
502 3186 639 3254 patri
682 3196 953 3258 repertum
1007 3188 1230 3258 Joseplt,
1289 3205 1448 3258 quem
1502 3188 1821 3244 defunctum
1851 3187 1897 3249 C
1933 3191 2159 3258 potioris
2181 3200 2446 3244 creatura:
2483 3192 2613 3255 sint,
2661 3200 2716 3245 et
2745 3191 3022 3260 cujusdam
3058 3193 3524 3261 praestantissima;

226 3289 350 3329 esse
378 3278 690 3332 crediderat
723 3289 894 3349 pater.

302 3370 355 3423 7.
399 3369 804 3442 Primogenitus
855 3374 1038 3444 itaque
1069 3373 1404 3429 hmreditatis
1441 3375 1652 3444 accepit
1683 3390 1825 3444 prte-

228 3465 781 3532 rngativarn,dicente
810 3467 1087 3534 Scriptura
1113 3486 1124 3521 :
1147 3467 1250 3521 Hic
1267 3476 1337 3522 est
1363 3469 1570 3521 initium
1594 3469 1825 3535 ﬁliorum

228 3556 368 3625 ejus,
397 3565 445 3609 et
472 3557 590 3610 huic
617 3556 863 3614 debentur
885 3560 1302 3630 primogenitalia
1323 3564 1339 3626 (
1364 3558 1520 3614 Deut.
1553 3575 1664 3624 xxi,
1693 3559 1820 3629 18).

227 3649 273 3698 Α
323 3648 685 3717 primogenito
715 3649 878 3719 igitur
905 3650 998 3704 Dei
1048 3651 1186 3706 Filio
1227 3651 1574 3720 primogeniti
1625 3650 1819 3713 sancti,

227 3740 380 3793 etab
410 3741 502 3795 illo
531 3741 688 3795 initio
718 3743 882 3812 (quia
927 3745 1042 3810 ipse
1087 3753 1169 3798 est
1209 3744 1401 3813 (Apoc.
1437 3759 1476 3806 ι,
1505 3744 1538 3795 8
1565 3745 1584 3812 )
1610 3743 1823 3794 initium

229 3842 287 3886 et
334 3833 478 3904 linis)
507 3833 718 3887 initium
745 3843 965 3887 sanctus
999 3846 1359 3903 nuncupatur,
1399 3835 1610 3886 initium
1656 3833 1820 3898 ﬁlius,

227 3923 313 3977 cui
364 3923 597 3978 debetur
662 3923 1019 3990 primitiarum
1076 3926 1464 3993 prmrogativa,
1523 3922 1822 3976 secundum

231 4016 356 4070 illud
380 4018 448 4069 ad
479 4013 754 4068 Abraham
801 4014 1004 4068 dictum
1038 4033 1050 4067 :
1088 4015 1232 4085 lt‘jice
1257 4013 1520 4074 ancillam,
1561 4022 1608 4065 et
1653 4013 1823 4081 ﬁlium

229 4110 343 4175 eius
370 4125 388 4174 ;
416 4125 520 4162 non
543 4109 677 4161 enim
703 4107 868 4161 literas
898 4109 991 4161 erit
1019 4107 1160 4175 [ilius
1190 4106 1398 4159 ancilla:
1429 4121 1543 4157 cum
1577 4107 1687 4173 [ilio
1715 4123 1826 4159 meo

227 4198 385 4254 Isaac
413 4198 580 4269 (Gen.
617 4214 708 4252 xxt
733 4240 748 4264 ,
783 4198 911 4268 10).

302 4292 355 4346 8.
398 4291 551 4358 Quod
581 4293 755 4360 magis
813 4291 876 4344 ad
928 4288 1298 4344 Itaireditatetn
1328 4289 1589 4342 virtutum
1612 4329 1626 4354 ,
1662 4304 1822 4358 quam

230 4385 474 4453 pecuniae
525 4395 772 4452 spectare
825 4385 1009 4438 divino
1057 4385 1278 4438 oraculo
1318 4383 1570 4450 docetur,
1603 4383 1826 4439 dicente

233 4479 463 4534 Domino
495 4495 507 4530 :
557 4477 745 4531 Omnia
767 4494 1101 4548 quaecumque
1129 4479 1218 4531 tibi
1243 4477 1430 4530 dixerit
1460 4476 1648 4544 Sarra,
1699 4479 1826 4530 audi

1933 3290 2159 3335 llilllll'iE.
2193 3281 2326 3336 Cum
2353 3283 2498 3336 enim
2537 3282 2690 3347 dicit,
2716 3284 2838 3352 quia
2873 3285 3084 3338 vanitati
3140 3296 3376 3339 creatura
3404 3285 3526 3339 sub-

1919 3377 2064 3446 jecta
2092 3385 2163 3428 est
2195 3391 2297 3428 non
2321 3384 2520 3440 sponte,
2562 3375 2653 3428 sed
2690 3386 2896 3447 propter
2938 3394 3052 3430 etim
3098 3379 3186 3446 qui
3231 3378 3446 3448 subjecit
3472 3378 3525 3432 in

1928 3466 2313 3535 spe;quoniam
2342 3476 2385 3517 et
2438 3466 2552 3531 ipsa
2598 3476 2835 3519 creatura
2861 3467 3163 3521 liberabitur
3210 3485 3242 3521 a
3287 3471 3530 3524 servitute

1931 3558 2282 3624 corruptionis
2311 3559 2364 3610 in
2387 3558 2668 3611 libertatem
2699 3559 2880 3627 gloria:
2929 3560 3157 3625 ﬁliorum
3210 3559 3310 3613 Dei
3335 3561 3521 3631 (Rom.

1930 3663 2047 3709 vm,
2078 3647 2150 3701 20
2178 3657 2226 3701 et
2247 3664 2355 3716 seq.
2384 3647 2434 3718 );
2465 3648 2703 3701 ostendit
2734 3664 2840 3701 non
2866 3648 3195 3702 mediocrem
3221 3651 3526 3705 animarum

1929 3755 2053 3794 esse
2070 3743 2319 3809 gratiam,
2338 3755 2564 3806 quarum
2589 3740 2776 3808 vigore
2806 3749 2862 3793 et
2879 3740 3080 3793 virtute
3105 3741 3156 3792 in
3173 3741 3521 3809 adaptionem

1930 3831 2165 3884 ﬁliorum
2201 3832 2293 3884 Dei
2349 3831 2583 3897 assurgit
2625 3829 2917 3883 humanum
2959 3845 3162 3901 genus,
3217 3830 3424 3886 habens
3471 3833 3526 3888 in

1927 3936 1988 3976 se
2017 3922 2160 3990 quod
2193 3922 2257 3974 ad
2289 3921 2696 3975 similitudinem
2729 3929 2785 3975 et
2817 3922 3102 3988 imaginem
3136 3922 3232 3977 Dei
3261 3922 3522 3979 tributum

1928 4022 2013 4068 est
2039 4012 2158 4066 sibi.
2182 4012 2390 4067 Anima:
2421 4011 2561 4064 enim
2593 4026 2766 4078 neque
2794 4019 2936 4063 tactu
2961 4012 3140 4080 aliquo
3166 4015 3528 4085 comprehen-

1928 4105 2153 4168 duntur,
2183 4117 2358 4171 neque
2385 4103 2500 4154 visu
2531 4115 2795 4168 corporeo
2821 4101 3111 4167 videntur;
3145 4115 3199 4158 et
3229 4105 3352 4160 ideo
3383 4123 3523 4175 pra:-

1929 4198 2107 4251 l'erunt
2133 4196 2273 4249 illius
2296 4195 2631 4262 incorporea:
2653 4203 2708 4248 et
2731 4193 3019 4247 invisibilis
3041 4203 3247 4249 naturae
3270 4197 3524 4253 similitu-

1928 4287 2132 4351 dinem,
2157 4296 2210 4340 et
2232 4282 2712 4354 supergrediuntur
2733 4282 3032 4337 substantia
3064 4301 3160 4339 sua
3198 4300 3521 4355 corpoream

1928 4390 1983 4435 et
2008 4378 2319 4434 sensibilem
2343 4375 2675 4445 qualitatem.
2705 4376 2836 4441 Quae
2857 4376 3004 4430 enim
3025 4378 3294 4440 videntur.
3315 4388 3422 4433 tem
3432 4394 3526 4449 po-

1929 4472 2058 4526 ralia
2079 4477 2228 4534 snnt,
2247 4467 2559 4538 temporalia
2581 4467 2906 4537 signiﬁcant,
2932 4470 3325 4539 temporalibus
3342 4474 3527 4543 agglu-

232 4587 401 4625 vocem
450 4572 562 4642 ejus
590 4587 608 4634 ;
657 4571 896 4637 quoniam
948 4570 1001 4622 in
1050 4567 1200 4622 Isaac
1226 4569 1487 4622 vocabitur
1509 4570 1602 4622 tibi
1653 4585 1825 4622 semen
1852 4563 1906 4622 D
1933 4565 2173 4618 linantur
2201 4579 2216 4628 ;
2268 4561 2362 4616 illa
2388 4569 2568 4614 autem
2598 4576 2719 4630 qua:
2750 4576 2856 4615 non
2889 4562 3164 4628 videntur,
3192 4573 3397 4618 interno
3445 4565 3524 4620 illi

232 4662 445 4732 (lbid.,
499 4661 630 4731 1:2).
659 4664 789 4728 Quae
821 4671 940 4714 erat
963 4662 1067 4714 alia
1099 4661 1149 4714 in
1182 4660 1354 4724 Isaac,
1384 4662 1484 4715 nisi
1515 4660 1824 4715 sanctitatis

233 4755 545 4820 baareditas,
593 4771 712 4824 qua:
741 4755 1051 4808 nobilitaret
1082 4763 1287 4822 patrem
1315 4754 1338 4806 ?
1369 4753 1437 4807 Et
1489 4754 1658 4808 lilium
1705 4754 1826 4823 qui-

233 4850 353 4905 dem
397 4848 611 4902 ancilla:
661 4862 827 4918 super
849 4848 1102 4901 nationes
1133 4845 1394 4916 praefecit,
1445 4849 1599 4916 quasi
1631 4847 1824 4915 simpla

304 5026 329 5053 ο
358 5017 434 5071 lta
468 5028 659 5068 omnes
679 5011 812 5068 edit.
841 5027 905 5066 ac
929 5012 1170 5080 plerique
1193 5025 1324 5064 mss.
1351 5023 1456 5063 non
1489 5009 1628 5064 male
1647 5021 1824 5065 tamen

237 5090 382 5143 Prat.
411 5095 464 5139 et
487 5085 668 5147 Gem.,
701 5084 957 5152 primitivo
987 5098 1303 5152 prwpouere.

309 5158 335 5196 δ
364 5158 567 5212 Omnes
595 5150 728 5208 edit.
761 5164 816 5207 et
847 5150 1012 5216 tnss.‘;
1065 5150 1334 5213 nonnulli,
1389 5161 1444 5202 ut
1471 5150 1829 5222 signiﬁcarent

238 5233 449 5301 fratrem
475 5243 491 5290 ;
520 5226 616 5301 alii
645 5234 836 5279 tamen
879 5227 1060 5292 plures
1087 5239 1150 5277 ac
1187 5222 1546 5292 probatiores,
1576 5230 1632 5273 ut
1660 5222 1837 5293 signal.

237 5298 448 5370 ﬁcarent
482 5298 636 5370 patri.

311 5382 333 5408 ο
375 5369 589 5436 Scripta
613 5368 754 5420 circa
786 5381 914 5418 ann.
947 5365 1072 5419 587.

309 5442 335 5475 ά
400 5432 663 5507 (longer-it
714 5436 1038 5490 Ambrosius
1105 5434 1236 5507 fere
1279 5432 1832 5507 omninm__philosof

241 5511 469 5583 plmrnm
516 5502 918 5583 opinionesnde
970 5507 1168 5559 anima.
1195 5504 1496 5583 _Siquidetu
1525 5502 1832 5583 ﬁerinisi-aii

239 5575 416 5636 annua
443 5575 597 5633 mens
625 5589 707 5631 est
736 5576 886 5630 nullo
913 5592 1166 5645 corpore,
1195 5575 1398 5630 Zenoni
1430 5578 1593 5642 ignis,
1623 5577 1834 5628 Aristo-

242 5654 330 5708 teli
353 5651 540 5718 quinta
566 5648 811 5717 qna'dant
860 5648 1119 5711 essentia,
1144 5663 1306 5714 quam
1337 5645 1701 5718 entelecltiatn
1735 5658 1836 5698 no-

243 5725 434 5784 minat,
459 5719 790 5772 Aristoxeno
810 5719 1315 5784 corporisigntentio
1340 5717 1610 5784 quaedam,
1646 5717 1838 5783 Empee

245 5779 382 5843 dubii
412 5779 564 5843 cordi
583 5789 786 5839 amusos
810 5779 1311 5852 satigui3,b1iiripitli
1335 5781 1498 5847 Deus,
1523 5779 1838 5851 Pythagorae

1933 4671 1990 4716 et
2015 4675 2226 4714 summo
2253 4659 2531 4714 adhaerent
2561 4660 2724 4726 bono,
2767 4670 2927 4730 atque
2973 4663 3027 4716 in
3060 4664 3178 4732 ipso
3211 4665 3419 4729 vivunt,
3468 4675 3526 4720 et

1933 4765 2080 4818 sunt,
2110 4763 2164 4807 et
2194 4752 2495 4805 'moventnr
2525 4751 2543 4823 (
2574 4752 2686 4805 Act.
2733 4768 2861 4815 xvn,
2902 4753 2964 4807 l8
2986 4756 3038 4821 );
3083 4769 3182 4809 nec
3220 4755 3287 4810 ab
3314 4770 3383 4810 eo
3404 4795 3418 4821 ,
3480 4757 3527 4810 si

1935 4845 2065 4901 boni
2091 4845 2403 4906 consulunt,
2435 4857 2496 4897 se
2527 4843 2804 4911 patiuntur
2831 4845 3076 4913 separari
3109 4859 3173 4898 ac
3203 4845 3386 4901 dividi.

1937 5009 2172 5073 numeri,
2205 5009 2516 5065 Dicaearcho
2548 5024 2748 5064 nomen
2782 5009 2966 5073 inane,
3003 5010 3314 5066 Democrito
3338 5015 3528 5069 atomi.

1938 5082 2065 5135 [hec
2099 5081 2156 5134 P.
2199 5081 2478 5141 Nannius;
2507 5081 2703 5148 quibus
2727 5082 2892 5133 etiam
2924 5081 3190 5147 prmmisit
3229 5084 3453 5138 relatam
3497 5101 3528 5137 a
3567 5144 3572 5150 ,

1937 5163 2127 5206 saneto
2176 5151 2416 5206 Przesule
2465 5151 2708 5204 Platonis
2755 5152 3082 5204 sententiam
3136 5167 3200 5206 ex
3246 5155 3340 5207 lib.
3398 5170 3428 5205 v
3459 5155 3529 5209 de

1939 5223 2172 5291 Legibus
2218 5225 2436 5290 petitam
2488 5236 2632 5276 esse.
2683 5219 2864 5291 Adisis
2906 5236 3124 5291 quoque
3156 5223 3250 5276 lib.
3294 5223 3363 5279 de
3413 5223 3528 5281 Noe

1938 5288 2172 5363 etArca,
2193 5288 2314 5363 cap.
2331 5291 2424 5357 25,
2449 5307 2598 5346 uutn.
2633 5291 2724 5354 92,
2747 5299 2803 5345 et
2822 5288 3142 5346 Ciceronem
3162 5293 3257 5348 lib.
3280 5309 3297 5346 ι
3322 5294 3529 5362 Quaest.

1933 5362 2330 5486 Tufcl's'ilierlv
2362 5431 2550 5487 Esdra:
2593 5432 2695 5504 hoc
2748 5431 2866 5486 loco
2912 5431 3212 5504 indicatur,
3271 5433 3339 5490 de
3377 5435 3535 5504 cujus

1940 5504 2472 5627 illinctorihtiiteactum
2500 5503 2741 5573 reperies
2772 5504 2826 5556 in
2877 5503 3162 5560 Adinonit.
3209 5505 3278 5560 ad
3325 5503 3537 5561 lib.’de

1991 5588 2095 5628 ttllO
2195 5586 2350 5628 OI‘IIS.

1944 5575 2095 5628 Bono
2144 5575 2350 5628 Mortis.

2019 5643 2226 5698 εει-εις.
2281 5652 2338 5698 et
2378 5659 2493 5712 seq.
2549 5643 2708 5708 edit.,
2758 5659 2861 5698 non
2911 5647 3454 5717 expressit.;Amerb.
3487 5649 3547 5703 et

1945 5729 2138 5769 omnes
2169 5729 2326 5776 tnss.,
2360 5729 2462 5768 non
2509 5726 2769 5783 expresse.
