4042 6174
270 225 425 281 1677

1496 230 1981 289 εριδτοωιιωι
2017 233 2301 291 CLASSIS
2341 235 2381 290 l.

3444 235 3585 293 1078

261 348 326 392 et
373 337 463 390 illa
491 337 618 391 luna
646 352 812 407 quam
856 339 1031 394 noctis
1078 340 1319 396 tenebrat
1349 357 1457 395 non
1483 342 1738 412 operiunt
1762 384 1777 407 ,
1818 354 1873 399 et
1902 350 1954 410 Α
1984 344 2247 412 Quoniam
2272 357 2320 401 et
2343 347 2460 416 ipsa
2499 357 2740 403 creatura
2783 348 3088 411 liberabitur
3136 365 3171 411 α
3206 349 3455 421 seruitute
3479 364 3591 404 cor-

260 429 387 484 itlr
435 433 608 486 stella:
653 449 776 504 qua:
827 443 953 489 sunt
993 447 1311 492 ornamenta
1347 438 1472 494 cteli
1499 480 1515 504 ,
1558 440 1875 495 servitutem

263 524 648 592 corruptionis
679 540 822 580 nunc
847 528 1151 591 sustinent;
1184 530 1308 597 quia
1341 530 1694 595 corruptibile
1716 546 1879 587 omne

263 630 482 684 corpus
533 634 547 670 :
602 617 872 685 siquidem
922 630 978 672 et
1016 621 1140 675 εωιί
1174 622 1461 691 peribunt,
1496 632 1552 677 et
1587 624 1786 679 celum
1825 635 1881 681 et

264 714 423 763 terra
452 709 809 778 praeteribunt
836 708 1049 781 (Matth.
1087 728 1233 779 mv,
1256 711 1367 781 35).
1392 713 1587 769 Postea
1614 725 1795 769 autem
1822 726 1879 771 et

259 802 355 856 sol
395 809 452 855 et
489 802 612 855 luna
656 812 711 856 et
740 811 937 857 cattera
963 804 1245 858 stellarum
1277 804 1480 858 lumina
1528 807 1878 874 requiescent

262 892 323 946 in
355 892 532 961 gloria
566 892 798 946 ﬁliorum
826 893 957 957 Dei;
991 894 1208 963 quando
1235 896 1331 948 erit
1366 892 1510 948 Deus
1534 897 1588 949 in
1616 898 1791 950 omnia
1817 899 1871 951 iu

262 987 515 1039 omnibus
538 986 592 1057 (Ι
620 986 738 1040 Cor.
773 1002 860 1053 xv,
888 987 1025 1058 28):
1059 990 1150 1056 qui
1181 996 1236 1041 et
1261 989 1313 1042 in
1358 996 1410 1043 te
1441 999 1497 1043 et
1534 989 1589 1042 in
1620 989 1778 1045 nobis
1804 991 1877 1044 sit

261 1093 375 1148 per
401 1094 556 1133 suam
590 1079 982 1148 plenitudinem
1015 1089 1069 1134 et
1095 1081 1546 1135 misericordiam.

348 1172 437 1225 10.
470 1173 550 1225 An
579 1173 727 1242 ipsos
765 1187 983 1243 quoque
1016 1175 1245 1242 angelos
1268 1216 1281 1239 ,
1307 1175 1473 1243 quiin
1504 1173 1660 1228 istius
1688 1175 1874 1230 mundi

262 1263 554 1318 laboribus
603 1265 819 1319 diversa
887 1268 1160 1321 sustinent
1216 1269 1557 1331 ministeria,
1619 1269 1761 1324 sicut
1816 1271 1868 1325 in

262 1356 606 1426 Apocalypsi
639 1358 867 1427 legimus
896 1358 1122 1413 Joannis
1157 1361 1174 1429 ί
1202 1360 1366 1427 Apoc.
1395 1376 1453 1414 nt
1483 1402 1497 1425 ,
1545 1362 1569 1414 1
1603 1370 1651 1413 et
1686 1378 1792 1431 seq.
1819 1359 1870 1432 ),

264 1460 291 1486 ε
329 1466 439 1505 non
481 1452 839 1520 ingemiscere
868 1453 1170 1519 credimus;
1192 1470 1313 1508 cum
1337 1455 1665 1508 adhibentur
1688 1470 1873 1523 paena-

262 1559 392 1598 rum
426 1555 479 1600 et
510 1545 844 1599 excidiorum
878 1546 1150 1600 ministri?
1180 1545 1208 1584 δ
1246 1547 1348 1613 Qui
1389 1546 1657 1601 habentes
1700 1549 1866 1601 vitam

265 1636 525 1700 beatam,
566 1637 790 1690 mallent
816 1637 1002 1707 utique
1043 1652 1164 1692 eam
1211 1638 1261 1691 in
1292 1639 1382 1691 illo
1416 1637 1699 1708 superiore
1723 1648 1872 1692 tran-

1988 439 2240 509 ruptionis
2262 438 2454 509 (lbid.,
2488 440 2606 509 21).
2631 440 2818 499 Tertio
2841 451 3023 499 autem
3054 441 3263 505 addidit
3291 442 3441 513 quod
3467 457 3585 505 qut-

1983 530 2067 585 nis
2087 543 2336 585 creatura
2368 532 2735 601 congemiscat
2765 530 2958 604 (Ibid.,
2992 531 3109 603 εἰ).

2051 622 2107 675 2.
2139 622 2279 690 Quid
2323 622 2428 677 sibi
2477 624 2642 692 igitur
2673 624 2791 679 vult
2832 624 2934 679 ista
2983 623 3257 694 adiectio;
3304 623 3412 678 nisi
3441 622 3584 678 forte

1979 716 2104 785 quia
2139 731 2248 771 non
2292 719 2475 772 onmis
2522 727 2774 772 creatura
2812 718 3057 788 subjecta
3088 718 3317 777 vanitati
3360 729 3445 775 est
3475 736 3488 770 :
3523 726 3581 775 et

1978 810 2103 876 quia
2152 822 2256 861 non
2299 809 2478 862 oumis
2523 810 2750 865 vanitati
2780 809 3021 879 subjecta
3052 818 3164 874 est.
3197 826 3303 866 non
3334 810 3517 873 omnis
3544 826 3576 865 a

1977 901 2239 955 servitute
2276 901 2643 972 corruptionis
2696 902 3056 961 liberabitur?
3085 903 3225 971 Quid
3271 904 3415 961 enim
3438 900 3467 959 (ἒ
3498 904 3563 963 li-

1979 990 2222 1056 beretur,
2261 1006 2384 1061 qua:
2427 1006 2457 1046 a
2486 994 2828 1061 subjectione
2870 994 3125 1049 vanitatis
3167 1003 3270 1048 eta
3309 993 3577 1049 servitute

1975 1081 2344 1151 corruptionis
2389 1082 2508 1150 ejus
2538 1099 2735 1154 expers
2762 1095 2926 1155 atque
2965 1083 3224 1140 immunis
3249 1084 3363 1139 sit?
3390 1083 3580 1141 Omnis

1976 1182 2157 1229 autem
2190 1174 2560 1244 congemiscat
2590 1191 2696 1231 non
2731 1178 2785 1231 in
2827 1190 2928 1233 suo
2952 1216 2968 1241 ,
3001 1175 3094 1231 sed
3127 1176 3182 1230 in
3216 1183 3403 1231 nostro
3430 1175 3582 1230 labo-

1976 1282 2058 1329 re,
2089 1276 2144 1322 et
2173 1276 2197 1304 ο
2227 1268 2618 1337 comparturiat
2645 1268 2794 1323 illum
2826 1267 3058 1327 fortasse
3079 1268 3328 1337 spiritum
3353 1267 3539 1322 salutis
3560 1310 3575 1332 ,

1976 1362 2225 1430 spiritum
2251 1360 2604 1429 jucunditatis
2634 1401 2650 1426 ,
2682 1369 3011 1430 exspectans
3040 1361 3389 1430 adoptionem
3432 1359 3578 1425 lilio-
3626 1382 3639 1387 ι

1975 1468 2095 1507 rum
2151 1453 2289 1519 Dei;
2324 1463 2381 1507 ut
2422 1469 2766 1509 communem
2820 1454 2891 1511 de
2931 1454 3309 1525 redemptione
3356 1453 3578 1509 humani

1972 1546 2190 1615 generis
2219 1556 2586 1614 consequatur
2614 1545 2858 1601 laetitiam
2898 1555 2955 1601 et
2992 1546 3437 1603 exsultationem.
3468 1544 3578 1603 Ant

1976 1646 2198 1707 propter
2243 1637 2566 1692 charitatem
2639 1638 2800 1706 igitur
2850 1652 3004 1692 suam
3050 1638 3229 1695 omnis
3269 1637 3579 1707 ingemiscit

261 1729 556 1799 quillitatis
577 1745 691 1783 sum
720 1739 861 1783 statu
890 1745 1195 1793 recurrere,
1223 1746 1382 1800 quam
1407 1743 1720 1786 noStrorum
1747 1748 1866 1801 pec-
1895 1733 1942 1795 B
1974 1742 2216 1785 nostrum
2248 1731 2489 1786 laborem
2510 1773 2526 1797 ,
2574 1740 2667 1785 aut
2696 1739 2916 1801 propter
2944 1732 3245 1787 membrum
3269 1731 3355 1788 sui
3382 1747 3579 1801 corpo-

260 1830 518 1874 catorum
567 1821 742 1889 ptenis
780 1821 1065 1875 ultricibus
1115 1822 1457 1890 interpolari.
1516 1822 1727 1877 Etenim
1774 1824 1866 1893 qui

261 1910 507 1980 gaudent
533 1912 692 1965 unius
711 1912 1012 1980 peccatoris
1042 1911 1417 1980 redemptione
1444 1911 1597 1984 (Luc.
1628 1929 1718 1977 xv,
1752 1912 1861 1984 l0),

263 2003 457 2070 utique
506 2010 782 2054 tantorum
860 2008 1202 2070 peccatorum
1272 2002 1532 2055 xei-amnis
1605 2003 1863 2072 ingemis-

263 2104 421 2149 CIII".

342 2185 430 2239 ll.
470 2184 524 2239 Si
568 2185 732 2252 igitur
761 2184 921 2239 etiam
942 2184 1197 2239 cmlestes
1222 2194 1490 2238 creatura:
1515 2193 1571 2238 et
1610 2185 1862 2239 Potesta-

267 2286 348 2331 tes
370 2278 686 2332 servitutem
713 2280 1081 2347 corruptionis
1117 2279 1420 2341 sustinent,
1451 2278 1545 2331 sed
1567 2277 1620 2331 in
1654 2292 1773 2347 spe,
1805 2287 1862 2331 ut

271 2386 378 2438 pro
409 2370 567 2425 nobis
594 2380 781 2440 postea
822 2380 877 2425 et
904 2371 1186 2424 nobiscum
1238 2371 1521 2435 lteteotur;
1555 2372 1719 2425 etiam
1764 2387 1864 2427 nos

266 2466 549 2534 passiones
596 2465 756 2535 hujus
801 2458 1062 2535 temporis
1109 2464 1307 2519 fotum:
1349 2481 1446 2534 spe
1485 2475 1540 2519 et
1566 2475 1858 2536 exspecta-

269 2561 414 2613 tione
447 2562 795 2615 consolemur
841 2562 1051 2633 gloriae.
1082 2560 1213 2614 Vale
1240 2602 1254 2626 ,
1296 2558 1372 2612 ﬁli
1397 2601 1412 2625 ,
1455 2566 1509 2613 et.
1534 2576 1635 2614 nos
1656 2561 1858 2631 dilige;

271 2655 393 2724 quia
427 2668 527 2709 nos
558 2666 610 2709 te
639 2654 937 2724 diligimus.

639 2808 804 2880 925
839 2819 861 2848 °
896 2808 1231 2866 EPISTOLA
1266 2809 1484 2865 XXXV.

271 2922 334 2977 In
359 2923 451 2976 hac
472 2922 692 2989 epistola
721 2925 968 2992 queritur
994 2924 1182 2993 primo,
1209 2942 1301 2978 cur
1322 2942 1439 2978 cum
1467 2927 1520 2979 in
1540 2925 1703 2980 verbis
1720 2926 1860 2995 Apo-

340 3016 458 3069 stoli
474 3032 576 3070 non
594 3017 758 3070 omnis
777 3026 1021 3069 creatura
1043 3017 1244 3070 dicatur
1264 3020 1587 3088 corruptioni
1613 3020 1857 3084 obnoxia,

1970 1825 2047 1878 ris
2073 1865 2089 1891 ,
2128 1823 2283 1892 cujus
2310 1837 2467 1893 caput
2511 1824 2764 1877 Christus
2790 1833 2895 1878 est.
2942 1821 3048 1878 Sed
3089 1825 3208 1879 sive
3246 1824 3318 1878 ita
3352 1831 3409 1881 ut
3434 1822 3576 1877 dixi-

1970 1928 2125 1976 mus,
2171 1913 2288 1967 sive
2315 1913 2643 1981 simpliciter
2684 1913 2984 1983 subjectam
3017 1922 3327 1969 creaturam
3354 1928 3571 1971 Ollltlelll

1968 2005 2170 2060 dixerit
2216 2004 2630 2075 congemiscere
2656 2014 2710 2060 et
2735 2005 3137 2074 comparturire
3165 2048 3182 2073 ,
3231 2016 3288 2065 ut
3314 2006 3466 2063 voles
3494 2008 3577 2063 iu-

1969 2096 2171 2165 tellige.

2039 2189 2093 2240 5.
2139 2187 2297 2241 Nunc
2328 2186 2459 2240 illud
2506 2186 2921 2242 consideremus
2959 2189 3109 2259 quod
3155 2189 3405 2257 adjecit:
3448 2190 3572 2245 Non

1966 2280 2134 2332 solum
2159 2289 2328 2332 autem
2352 2278 2471 2343 illa,
2515 2280 2605 2332 sed
2635 2279 2790 2331 etiam
2824 2295 2917 2332 nos
2948 2279 3208 2345 primitias
3232 2280 3450 2347 spiritus
3472 2281 3568 2339 ha-

1967 2370 2160 2435 bentcs,
2186 2372 2289 2436 ipsi
2329 2371 2469 2423 intra
2494 2387 2585 2425 nos
2626 2371 3045 2440 ingemiscimus,
3074 2372 3407 2441 adoptionem
3432 2372 3574 2441 ﬁlio-

1966 2480 2084 2516 rum
2110 2474 2484 2532 exspectantes,
2507 2465 2910 2533 redemptionem
2938 2464 3174 2533 corporis
3192 2465 3356 2521 nostri
3385 2463 3567 2537 (Rom.

1968 2554 2225 2625 “1.25).
2261 2555 2398 2619 Quid
2437 2555 2508 2607 sit
2538 2555 2759 2623 adoptio
2805 2554 3040 2609 ﬁliorum
3087 2556 3340 2624 superior
3370 2557 3567 2624 pagina

1965 2645 2162 2707 docet;
2195 2654 2249 2699 et
2279 2645 2401 2699 ideo
2443 2646 2753 2714 exponendi
2784 2661 2981 2701 sensus
3005 2647 3182 2717 gratia
3227 2647 3293 2709 ad
3317 2648 3569 2716 superio-

1965 2752 2078 2791 rem
2105 2737 2493 2790 recurrentium
2531 2746 2616 2791 est.
2646 2737 2916 2807 paginam.

2037 2826 2091 2880 4.
2122 2827 2223 2894 Qui
2256 2829 2445 2897 spiritu
2472 2868 2486 2891 ,
2535 2830 2709 2897 inquit
2737 2826 2902 2899 (Ibid.
2931 2869 2945 2893 ,
3004 2828 3094 2896 15)
3125 2869 3141 2895 ,
3186 2828 3331 2895 facta
3381 2828 3564 2891 castris

1967 2922 2275 2983 mortilieat,
2331 2922 2495 2975 vivet.
2533 2921 2641 2976 Nec
2681 2922 2878 2976 mirum
2919 2922 2967 2977 si
3010 2921 3191 2985 vivat,
3235 2939 3358 2980 cunt
3386 2921 3568 2985 Filius

1968 3012 2063 3066 Dei
2089 3013 2199 3074 liat,
2229 3011 2320 3081 qui
2344 3012 2505 3068 habet
2530 3014 2791 3081 Spiritum
2826 3014 2942 3069 Dei.
2970 3014 3122 3071 Adeo
3148 3012 3419 3076 estFilius
3448 3014 3566 3080 Dei,

338 3111 712 3180 congemiscere
764 3120 935 3162 tamen
976 3111 1141 3163 omnis
1193 3110 1436 3165 dicatur:
1468 3122 1647 3180 postea
1697 3128 1761 3165 ea:
1789 3112 1856 3165 iis

1979 3113 2026 3157 ut
2075 3119 2180 3157 non
2244 3105 2474 3174 accipiat
2523 3107 2775 3174 spiritum
2824 3106 3128 3170 servitutis,
3172 3106 3266 3163 sed
3315 3106 3565 3175 Spiritum

340 3216 451 3269 qum
475 3201 668 3253 ibidem
724 3210 1027 3271 sequuntur,
1081 3200 1146 3254 de
1186 3200 1389 3269 Spiritu
1421 3203 1758 3271 adoptionis,
1799 3202 1862 3256 de

338 3294 692 3366 magnitudine
739 3295 1066 3360 prtemiorum
1113 3294 1390 3348 (mlestiutn
1416 3336 1430 3355 ,
1462 3295 1525 3348 de
1561 3304 1859 3348 sanctorum

340 3386 559 3456 gemitu,
593 3386 835 3453 primitiis
882 3385 1141 3450 Spiritus,
1193 3386 1467 3455 adoptione
1497 3386 1765 3455 ﬁliorum,
1797 3403 1859 3457 ac

339 3491 430 3544 spe
458 3476 689 3530 solvente
718 3475 1008 3531 disseritur.

708 3613 1011 3675 AIBBOSWS
1040 3615 1411 3687 lluaourtasq.

342 3751 393 3804 l.
436 3750 699 3820 Superior
750 3751 978 3820 epismla
1010 3759 1115 3805 tuae
1146 3753 1481 3821 inquisitioni
1527 3753 1850 3821 respondit;

272 3839 386 3895 lucc
416 3857 551 3896 me:e
582 3842 953 3910 responsionis
992 3845 1171 3913 portio
1200 3853 1281 3897 est
1305 3887 1319 3909 ,
1360 3860 1477 3912 qum
1511 3859 1613 3899 non
1644 3846 1859 3913 solvat,

276 3934 367 3987 sed
396 3934 622 4004 impleat
651 3936 1012 4004 superiorem.
1046 3935 1178 3989 Nam
1209 3937 1335 3990 dum
1370 3937 1624 3991 ulteriora
1666 3953 1861 3993 recen-

274 4039 382 4088 seo,
420 4024 589 4078 movit
617 4041 724 4090 me,
772 4024 969 4090 fateor,
1020 4030 1144 4098 quia
1186 4028 1431 4081 addidit:
1469 4027 1677 4084 Scimus
1726 4030 1863 4083 enim

272 4117 405 4184 quod
430 4117 597 4170 omnis
628 4127 865 4171 creatura
898 4118 1187 4190 ingemiscit
1217 4118 1395 4189 (Rom.
1437 4135 1548 4185 vnt,
1581 4119 1706 4192 20);
1736 4135 1859 4175 cum

273 4205 324 4259 in
351 4209 515 4276 priori
545 4208 783 4277 capitulo
814 4211 932 4262 sine
959 4209 1267 4280 adjectione
1288 4210 1488 4264 dixerit
1514 4228 1527 4263 :
1562 4211 1695 4277 Quia
1717 4228 1863 4266 crea-

273 4307 385 4352 tura
412 4301 625 4354 oonitati
662 4301 895 4375 subjecta
939 4312 1032 4357 est.
1078 4303 1193 4358 Non
1218 4302 1364 4358 enim
1397 4318 1612 4359 omnem
1643 4315 1857 4360 creatu-

272 4405 406 4455 ram,
434 4392 533 4448 sed
559 4404 862 4448 creaturam
885 4394 1182 4464 subjectam
1211 4396 1368 4450 dixit.
1404 4395 1470 4451 Et
1498 4397 1695 4451 iterum
1729 4397 1805 4450 ait
1841 4415 1853 4448 :

1964 3195 2271 3264 adoptionis
2302 3195 2566 3259 ﬁliorum;
2600 3211 2842 3265 eousque
2859 3205 2919 3251 ut
2950 3198 3320 3255 testimonium
3349 3197 3566 3265 spiritui

1966 3298 2156 3342 nostro
2185 3298 2406 3343 sanctus
2452 3290 2686 3357 Spiritus
2710 3287 2901 3344 reddat
2939 3289 3081 3359 quod
3106 3304 3292 3347 sumus
3321 3290 3411 3345 filii
3442 3289 3564 3357 Dei.

1965 3381 2359 3437 Testimonium
2402 3393 2581 3436 autem
2623 3382 2728 3439 hoc
2770 3390 2855 3437 est
2893 3383 3131 3452 Spiritus
3170 3382 3380 3445 sancti,
3420 3382 3566 3451 quod

1966 3473 2081 3542 ipse
2103 3485 2182 3526 est
2205 3474 2293 3541 qui
2323 3474 2524 3528 clamat
2553 3474 2606 3527 in
2638 3474 2895 3531 cordibus
2940 3476 3172 3529 nostris:
3215 3474 3358 3531 Abba
3388 3484 3559 3545 pater,

1964 3564 2104 3617 sicut
2141 3564 2209 3618 ad
2248 3564 2464 3619 Galatas
2499 3566 2765 3632 scriptum
2805 3574 2886 3618 est
2914 3563 3111 3630 (Galat.
3148 3580 3224 3630 tv,
3248 3565 3324 3634 6).
3368 3564 3474 3633 Sed
3510 3574 3569 3621 et

1966 3654 2096 3708 illud
2124 3656 2327 3723 grattde
2348 3654 2717 3711 testimonium
2751 3654 2894 3723 quod
2926 3654 3021 3707 lilii
3051 3669 3241 3711 sumus
3265 3654 3392 3716 Dei;
3433 3655 3559 3725 quia

1964 3763 2151 3802 sumus
2193 3748 2437 3801 lueredes
2481 3747 2597 3809 Dei,
2630 3747 2948 3801 colueredes
2979 3757 3159 3801 autem
3189 3744 3391 3809 Christi
3420 3764 3433 3801 :
3463 3762 3561 3813 cn-

1966 3840 2139 3894 haeres
2167 3851 2345 3894 autem
2370 3849 2452 3894 est
2473 3840 2621 3908 ejus,
2650 3840 2739 3908 qui
2770 3839 3210 3919 conglorilicatur
3240 3839 3330 3899 ei:
3369 3837 3387 3885 ί
3418 3855 3554 3899 con-

1963 3931 2296 4001 glorilicatnr
2321 3946 2450 3983 vero
2474 3930 2551 3983 illi
2572 3970 2586 3990 .
2616 3930 2707 3999 qui
2741 3930 2991 3997 patiendo
3017 3945 3113 3999 pro
3146 3930 3294 4000 ipso,
3324 3945 3549 3999 compa-

1966 4023 2095 4075 titnr
2133 4021 2184 4075 ei
2214 4020 2389 4085 (Rom.
2425 4036 2538 4085 vtu,
2569 4019 2640 4076 16
2663 4030 2712 4081 et
2740 4020 2896 4091 seq.).

2034 4110 2199 4182 926
2219 4110 2271 4165 5.
2303 4111 2367 4165 Et
2397 4123 2450 4167 ut
2474 4127 2576 4166 nos
2603 4110 2850 4166 hortetur
2878 4111 2943 4164 ad
2969 4112 3299 4181 passionem,
3318 4112 3564 4186 adjungjt

1967 4205 2156 4276 (Ibid,
2190 4203 2282 4276 l8)
2311 4206 2435 4275 quia
2465 4206 2645 4260 omnia
2671 4219 2792 4274 qua:
2824 4205 3080 4271 patimur.
3111 4204 3321 4267 minora
3351 4215 3475 4261 sunt
3497 4216 3556 4279 et

1962 4297 2180 4371 indigna
2212 4314 2440 4370 quorum
2473 4315 2568 4368 pro
2608 4297 2881 4354 laboribus
2924 4305 3071 4355 tanta
3114 4297 3441 4367 rependatur
3477 4296 3563 4371 iu-
3618 4318 3625 4324 υ

1964 4403 2208 4450 turorum
2239 4384 2449 4451 merces
2496 4388 2795 4459 bonorum,
2827 4407 2948 4462 quin
2989 4392 3318 4453 revelabitur
3360 4390 3413 4449 in
3458 4404 3557 4459 nq-

341 4566 368 4609 φ
396 4539 663 4623 Quamvis
695 4556 957 4625 reprohos
982 4556 1202 4625 angelos
1229 4556 1293 4609 ad
1330 4555 1625 4626 exigendas
1661 4554 1850 4609 crimi-
1879 4558 1934 4623 Ῑ)
1959 4553 2058 4609 bus
2077 4595 2090 4616 ,
2122 4554 2464 4626 iaterpotari_,_
2493 4551 2634 4626 edit.
2657 4550 2818 4626 Rom.
2862 4564 2986 4617 cum
3013 4548 3138 4626 aliis
3160 4546 3283 4626 cp'd.
3316 4545 3557 4626 pauculis

274 4643 397 4709 num
422 4642 610 4709 plenas
639 4628 778 4693 Deus
809 4628 1148 4709 potissimum
1187 4627 1471 4709 adhibeat,
1503 4628 1652 4709 quasi
1692 4626 1852 4709 jttSti-

275 4697 499 4753 timens:
541 4698 759 4751 lictOt-es
814 4697 877 4752 ac
904 4698 1203 4762 satellites,
1250 4697 1390 4750 unde
1445 4697 1670 4765 legimus
1716 4697 1851 4761 psal.

276 4785 472 4829 Lxxvu.
505 4783 646 4821 vers.
675 4770 763 4831 49,
806 4770 1144 4821 inundationes
1170 4783 1260 4835 per
1289 4769 1498 4837 angelos
1528 4770 1729 4831 malos;
1764 4769 1856 4820 bo-

276 4842 356 4894 nis
385 4852 566 4893 tamen
596 4844 918 4907 quandoque
954 4840 1017 4890 ad
1057 4839 1159 4892 hoc
1196 4839 1552 4891 ministerium
1577 4839 1767 4899 utitur,
1801 4845 1860 4891 ut

275 4927 375 4966 non
408 4910 588 4964 solum
624 4924 690 4965 ex
718 4910 881 4961 variis
914 4911 1049 4962 locis
1080 4909 1435 4977 Apocalypsis
1466 4908 1818 4973 intelligimus
1840 4946 1854 4970 ,

274 4997 454 5035 verum
484 4986 649 5033 etiam
696 4996 726 5033 e
762 4980 853 5032 lib.
887 4980 950 5032 Η
988 4984 1214 5049 Hegnm,
1261 4993 1517 5049 capsis,
1550 4977 1854 5049 etADauiel.

275 5066 387 5120 Cap.
414 5067 471 5105 χ.
503 5050 658 5118 Quod
689 5062 867 5104 autem
903 5047 1130 5102 testatur
1153 5047 1473 5120 Ambrosius
1503 5047 1723 5101 eosdem
1748 5048 1863 5101 An-

276 5118 419 5193 gelos
454 5122 827 5193 ingemiscere,
857 5120 907 5193 id
934 5135 1004 5193 eo
1031 5135 1190 5193 sensu
1221 5118 1593 5193 accipiendum
1627 5128 1732 5193 est,
1754 5132 1862 5193 quo

279 5186 533 5263 sequ-inti
563 5192 792 5260 epistola
824 5190 1093 5259 significat
1133 5190 1229 5263 hos
1261 5191 1406 5256 ipsos
1429 5186 1861 5263 corpori‘liiecle-

278 5256 367 5318 sini
395 5256 652 5332 compdi,
687 5256 959 5326 tamquam
1003 5261 1241 5315 memer
1286 5256 1564 5327 superiora
1594 5256 1863 5332 inferiori-

278 5334 373 5387 bus
418 5330 677 5387 membris
704 5333 1094 5385 laborantilnts.
1133 5331 1243 5385 Hac
1269 5345 1450 5385 autem
1482 5330 1865 5396 Compassione

280 5403 486 5457 illorum
537 5420 643 5455 non
707 5403 956 5472 impediri
1010 5402 1319 5456 lelicitatent
1358 5400 1692 5470 Augustinus
1738 5414 1860 5472 cum

281 5475 403 5528 alibi
432 5490 540 5528 non
577 5476 743 5527 semel
771 5471 797 5538 ,ί
827 5483 941 5533 tutu
973 5473 1024 5527 in
1072 5473 1162 5525 llll.
1195 5472 1261 5525 de
1286 5471 1448 5525 Civil.
1492 5472 1587 5525 Dei
1621 5471 1862 5538 pluribus

228 5604 234 5611 ,
282 5545 406 5600 luci»;
435 5547 615 5602 ducet.
647 5560 711 5598 ac
742 5557 854 5612 pom
888 5561 1008 5595 (nun
1044 5560 1234 5611 agmen
1256 5544 1679 5606 Theologorunt.

347 5615 373 5654 ι)
400 5617 525 5669 Mss.
568 5616 769 5684 aliquot
799 5655 813 5678 ,
846 5614 947 5679 Qui
988 5631 1089 5667 non
1122 5615 1381 5666 habentes.
1417 5614 1601 5684 Minus
1622 5625 1863 5684 commo-

284 5685 363 5748 de.
391 5685 533 5741 lnl‘ra
559 5681 707 5751 vero,
735 5685 821 5738 tibi
850 5696 962 5741 aut.
1004 5684 1135 5739 edit.
1169 5699 1292 5741 cum
1328 5698 1460 5737 mss.
1494 5682 1668 5736 multo
1698 5681 1866 5752 pluri-

1974 4606 2567 4690 ⁷ἦνῗθτι,ίὶἧεπιῗρριῖιιίνὶ.
2604 4620 2709 4676 Sed
2736 4631 2845 4672 tam
2880 4610 3057 4685 satpe'.
3078 4606 3171 4669 ’a‘it
3193 4606 3429 4671 Nannius
3453 4656 3466 4677 ,
3497 4606 3549 4667 iii

1960 4640 2043 4747 liis
2075 4693 2227 4747 lllll‘lS
2258 4695 2493 4745 occurrit
2516 4691 2826 4747 interoolari
2857 4706 2953 4747 pro
2978 4688 3301 4747 interpellari
3326 4727 3341 4747 .
3381 4693 3439 4739 ut
3458 4685 3549 4741 du-

1976 4711 1990 4746 1

1999 4696 2043 4746 is
2075 4693 2227 4747 lllll‘lS
2258 4685 2493 4745 occurrit
2516 4691 2826 4754 interpolari
2857 4706 2953 4760 pro
2978 4688 3301 4760 interpellari
3326 4727 3341 4748 .
3381 4693 3439 4739 ut
3458 4685 3558 4741 du-

1961 4765 2104 4819 bium
2146 4764 2259 4823 sit,
2292 4779 2416 4815 num
2447 4764 2502 4815 S.
2534 4757 2871 4815 Ambrosius
2888 4760 3195 4827 promiscue
3223 4757 3328 4811 illis
3353 4765 3559 4811 utatur.

2038 4846 2059 4872 ο
2092 4833 2302 4898 Scripta
2337 4834 2479 4884 circa
2507 4847 2634 4884 ann.
2666 4831 2793 4884 587.

2031 4901 2057 4938 ά
2090 4895 2291 4955 Omnes
2317 4902 2444 4954 edit.
2480 4912 2535 4953 et
2567 4915 2697 4954 mss.
2725 4898 2966 4951 nonnulli
2996 4938 3008 4956 .
3043 4897 3180 4962 Quid
3208 4898 3341 4949 enim
3368 4895 3557 4965 tibct'e-.

1963 4984 2083 5037 tur;
2123 4987 2237 5039 qua:
2286 4970 2523 5023 vanitatis
2548 5012 2560 5030 .
2610 4982 2654 5023 cl
2700 4968 3077 5037 corruptionis;
3108 4968 3199 5035 alii
3232 4982 3366 5029 mss,
3411 4983 3559 5026 cum-

1964 5038 2169 5112 plures,
2203 5040 2343 5106 Quid
2365 5042 2498 5092 enim
2527 5042 2792 5112 liberetur,
2835 5054 2951 5112 quat
2986 5038 3224 5112 vanitatis
3264 5041 3557 5112 etpaseruh

1967 5109 2073 5167 iute
2109 5113 2456 5179 corruptionis
2484 5126 2502 5163 :
2527 5121 2585 5166 at
2614 5111 2792 5165 locum
2826 5109 3064 5165 restituit
3091 5110 3213 5177 cad.
3266 5109 3446 5175 Albin.
3490 5109 3560 5181 ἰη

1965 5187 2018 5239 in
2052 5193 2218 5236 textu.
2798 5183 2813 5198 ’

2041 5264 2063 5291 θ
2091 5252 2340 5308 ϐτωοιιιη
2373 5252 2596 5305 verbum
2634 5249 2796 5306 ὠδίνω
2823 5258 2879 5306 et
2907 5249 3153 5319 parturio
3175 5260 3229 5307 et
3250 5249 3412 5317 doleo
3448 5251 3561 5319 sig:

1967 5325 2185 5381 nilicat:
2234 5324 2301 5376 ad
2346 5332 2633 5393 utramque
2678 5322 3131 5391 signiﬁcationem
3164 5323 3251 5381 hic
3290 5321 3559 5387 allu~itS.

1968 5394 2309 5461 Ambrosius,
2335 5410 2454 5463 qua:
2477 5396 2529 5448 in
2550 5392 2745 5450 Latina
2773 5392 3011 5451 dictione
3041 5395 3285 5460 parturio
3323 5408 3430 5447 nou
3454 5400 3557 5449 est.

1967 5468 2041 5522 lla
2073 5467 2331 5519 Nannius.

2046 5539 2066 5574 ί
2102 5537 2242 5591 Edit.
2293 5551 2358 5589 ac
2388 5537 2573 5605 plures
2618 5549 2774 5600 mss.,
2827 5534 3251 5602 congloriﬁcatur
3277 5549 3393 5605 vero
3433 5532 3563 5599 ille;

1972 5610 2061 5663 alii
2092 5608 2237 5668 cod.,
2268 5604 2695 5677 congloriﬁcatnr
2720 5622 2836 5661 vero
2872 5605 2975 5671 illi,
3005 5605 3146 5674 quod
3186 5604 3564 5675 gradatione!!!

1973 5679 2138 5737 efﬁcit
2167 5679 2336 5748 magis
2363 5679 2707 5733 concinnam.
2891 5732 2924 5748 α
3235 5712 3245 5720 .
