4040 6166
529 260 660 316 1079

1864 260 2106 314 SANC'H
2145 257 2468 313 AMIlliUSII

3680 255 3842 314 1080

524 379 636 443 bis;
665 393 786 433 cum
817 378 883 431 ad
908 377 998 432 Dei
1034 375 1321 447 imaginem
1349 378 1626 432 reformati
1648 376 1874 446 gloriam
1903 377 2021 446 ejus
2044 375 2117 429 fa-
2147 384 2199 441 Α
2224 374 2431 428 mitivis
2452 373 2634 427 ovium
2661 371 2860 426 obtulit
2882 371 3036 442 (Gen.
3078 387 3128 426 Iv
3147 414 3162 439 ,
3195 371 3271 442 4).
3307 373 3458 427 Licet
3485 372 3653 442 aliqui
3708 371 3835 426 dis-

523 472 606 526 cie
632 472 698 524 ad
729 470 919 525 faciem
949 470 1192 534 aSpicere
1224 470 1602 524 meruerimus.

594 562 648 616 6.
680 561 750 615 Et
780 572 839 615 ιιι
872 561 1298 631 magnitudinem
1341 562 1688 616 revelationis
1716 560 1907 615 futura:
1936 561 2112 615 extol-

519 656 656 708 leret
680 695 696 718 ,
726 651 934 706 addidit
985 653 1128 722 quod
1175 663 1226 707 et
1256 666 1506 707 creatura
1547 653 1684 708 hanc
1723 653 2109 707 revelationem

521 752 796 812 exsiteclet
828 744 1061 797 ﬁliorum
1093 744 1230 808 Dei,
1273 761 1393 814 qua:
1422 759 1563 799 nunc
1605 744 1827 798 vanitati
1867 743 2110 809 subjecta

521 849 602 892 est
643 853 748 891 non
781 845 972 906 sponte
995 879 1011 903 ,
1053 837 1148 892 sed
1175 837 1226 891 in
1267 851 1396 908 spe;
1425 837 1544 907 quia
1573 848 1756 903 sperat
1797 838 1866 892 de
1893 838 2110 892 Christo

519 930 746 997 gratiam
781 929 1065 983 ministerii
1095 929 1177 983 sui
1205 947 1216 980 :
1251 929 1332 983 vel
1364 931 1486 996 quia
1515 937 1568 982 et
1597 929 1711 998 ipsa
1735 929 2050 985 liberabitur
2077 945 2108 983 a

517 1021 778 1078 Servitute
824 1019 1220 1086 corruptionis;
1273 1029 1330 1073 ttt
1372 1033 1679 1074 assumatur
1708 1022 1758 1074 in
1802 1021 2106 1075 libertatem

515 1115 705 1185 glorim
739 1114 972 1167 ﬁliorum
1009 1113 1138 1177 Dei,
1172 1121 1232 1166 ut
1255 1115 1326 1168 sit
1353 1129 1457 1167 una
1483 1114 1702 1168 libertas
1727 1124 2024 1178 creaturae,
2053 1122 2108 1167 et

519 1207 753 1260 ﬁliorum
783 1207 894 1270 Dei,
929 1220 1049 1258 cum
1093 1205 1328 1258 revelata
1374 1205 1531 1259 fuerit
1561 1219 1748 1258 eorum
1777 1203 1967 1273 gloria.
2003 1203 2109 1256 Ve-

514 1316 632 1353 rqu
663 1317 802 1354 nunc
831 1300 956 1352 dum
981 1298 1242 1352 revelatio
1272 1298 1720 1364 procrastinatur,
1754 1297 2107 1364 congemiscit

515 1394 692 1445 omnis
721 1403 968 1444 creatura
1011 1399 1333 1459 exspectans
1362 1388 1670 1453 adoptionis
1701 1398 1753 1441 et
1780 1387 2096 1456 redemptio-

517 1481 602 1534 nis
628 1491 826 1535 nostrrc
857 1480 1087 1548 gloriam
1111 1521 1127 1545 ,
1173 1480 1485 1548 parturiens
1527 1479 1638 1547 jam
1668 1478 1812 1532 illum
1856 1478 2102 1546 spiritum

427 1561 432 1565 ’
512 1573 729 1634 Salutis,
760 1581 810 1624 et
841 1569 1267 1625 volenslibe'rari
1294 1585 1320 1622 a
1356 1570 1616 1623 vanitatis
1637 1568 1882 1624 servitio.

583 1665 637 1718 7.
673 1665 766 1718 Cui
814 1662 1098 1731 conjunxit
1129 1661 1424 1730 Apostolus
1460 1662 1622 1714 etiam
1671 1670 1984 1714 sanctorum
2012 1675 2104 1730 ge-

2222 464 2442 518 tantiam
2477 464 2642 518 velint
2666 477 2786 518 esse
2813 463 2954 518 inter
2985 463 3249 533 primitias
3271 471 3327 518 et
3348 463 3738 533 primogenita,
3764 461 3830 518 id

2213 564 2314 620 est,
2339 570 2459 624 quae
2490 555 2664 622 primo
2689 562 3014 618 nascuntur;
3043 568 3109 608 eo
3137 552 3282 620 quod
3312 554 3558 609 collectis
3586 554 3830 608 semini—

2210 649 2345 714 bus,
2370 647 2520 716 quasi
2544 661 2610 702 ex
2638 645 2887 700 omnibus
2915 645 3065 699 initia
3095 644 3392 700 offerantur
3411 659 3588 698 areze:
3627 655 3824 700 tamen

2211 739 2280 794 de
2309 755 2488 794 messe
2509 737 2650 808 quod
2671 737 2903 806 primum
2927 735 3153 802 tollitur,
3181 736 3230 788 id
3254 736 3480 791 offertur
3511 736 3675 808 927
3711 735 3828 790 Πο-

2213 832 2379 896 mino,
2411 829 2438 867 ιι
2469 828 2562 882 sed
2600 827 2668 882 de
2701 827 2802 882 hoc
2830 827 2984 881 alias.
3020 825 3358 882 Sanctiﬁcari
3388 834 3568 880 autem
3600 826 3826 880 videtur

2211 919 2564 989 primitiarum
2603 933 2826 973 munere
2877 927 2989 971 tota
3053 933 3193 972 ιιι-(ξω
3240 919 3473 982 messis,
3527 916 3624 971 sed
3678 919 3822 988 ipsas

2208 1012 2509 1065 sanctiores
2537 1009 2789 1078 primitia:
2821 1019 2970 1062 sunt.
3795 1067 3798 1070 _

2285 1103 2371 1156 10.
2400 1101 2663 1158 Similiter
2693 1102 2862 1157 sancti
2897 1100 3148 1170 primitiae
3181 1111 3307 1156 sunt
3332 1103 3548 1160 Domini
3577 1147 3593 1172 ,
3617 1109 3817 1178 praeci—

2209 1211 2313 1264 pne
2337 1194 2610 1265 apostoli;
2646 1197 2878 1264 primum
2913 1195 3058 1249 enim
3093 1195 3232 1249 Deus
3265 1199 3447 1266 posuit
3475 1200 3527 1253 in
3564 1200 3814 1257 Ecclesia

2209 1289 2508 1356 apostolos,
2534 1288 2624 1355 qui
2650 1296 2704 1340 et
2736 1286 2989 1357 pleraque
3017 1287 3421 1357 prophetaruut
3441 1332 3456 1358 ,
3488 1302 3546 1346 et
3574 1309 3816 1366 evange—

2210 1379 2441 1434 lizarunt
2489 1382 2770 1436 Dominum
2821 1383 3044 1445 Jesum;
3098 1385 3223 1453 quia
3275 1387 3433 1457 primi
3476 1402 3815 1460 receperunt

2207 1487 2329 1526 eum
2356 1474 2413 1543 (Ι
2447 1473 2566 1528 Cor.
2599 1491 2673 1529 χιι
2697 1517 2710 1541 ,
2737 1476 2855 1547 28).
2887 1477 3113 1546 Recepit
3142 1493 3264 1533 eum
3292 1480 3513 1536 Simeon
3568 1486 3813 1556 pr0phe-

2209 1572 2259 1617 ta
2291 1563 2443 1632 (Luc.
2470 1581 2524 1629 ιι,
2549 1565 2667 1636 28),
2710 1567 3004 1623 Zacharias
3036 1570 3300 1639 propheta
3327 1612 3344 1638 ,
3376 1571 3619 1630 Joannes
3663 1577 3811 1632 ﬁlius

2206 1654 2346 1724 ejus,
2376 1655 2698 1724 Nathanael,
2735 1659 2786 1712 in
2812 1676 2920 1730 quo
2940 1660 3103 1716 dolus
3127 1677 3230 1715 non
3255 1673 3373 1718 erat
3393 1664 3587 1735 (Joan.
3616 1683 3658 1732 I,
3686 1666 3806 1740 47);

515 1755 736 1815 mitum,
769 1753 860 1820 qui
908 1753 1110 1806 habent
1155 1752 1422 1820 primitias
1459 1751 1724 1820 Spiritus;
1760 1767 1881 1805 nam
1912 1761 1967 1805 et
2004 1751 2100 1819 ipsi
2132 1769 2180 1829 Β
2207 1756 2262 1801 et
2285 1747 2406 1802 ideo
2428 1750 2528 1803 sub
2555 1751 2656 1805 ﬁcu
2689 1753 3068 1822 requiescebat
3097 1773 3111 1809 :
3139 1754 3367 1824 Joseph,
3393 1760 3483 1828 qui
3515 1759 3808 1820 dicebatur

514 1845 890 1913 ingemiscant.
937 1843 1197 1910 Quamvis
1236 1841 1378 1895 enim
1427 1841 1497 1896 de
1535 1857 1635 1896 suo
1677 1842 1875 1896 merito
1923 1842 2098 1896 securi

511 1936 644 2000 sint,
675 1944 853 1988 tamen
882 1935 1007 2003 quia
1054 1931 1234 1987 futura
1272 1943 1356 1988 est
1391 1933 1570 1987 adhuc
1609 1933 1908 2002 redemptio
1939 1933 2100 1986 totius

510 2030 757 2098 corporis
791 2027 1068 2092 Ecclesia',
1095 2027 1522 2096 compatiuntur.
1567 2028 1700 2082 Cum
1732 2027 1874 2081 enim
1924 2027 2099 2080 adhuc

510 2120 750 2174 membra
780 2117 1060 2188 patiuntur
1091 2118 1338 2187 corporis
1365 2117 1480 2183 sui,
1501 2117 1773 2188 quomodo
1797 2117 1901 2171 alia
1929 2133 2100 2172 mem-

505 2215 638 2278 bra,
695 2214 820 2268 licet
857 2212 1178 2280 superiora,
1234 2227 1341 2265 non
1389 2213 1792 2291 compatiuntur
1841 2212 2099 2266 membris

506 2306 669 2360 unius
709 2304 956 2373 corporis
988 2302 1397 2356 laborantibus?

577 2400 629 2454 8.
666 2397 814 2454 Unde
839 2407 969 2466 puto
1006 2395 1212 2450 dixisse
1257 2394 1577 2462 Apostolum
1609 2394 1650 2466 (Ι
1673 2394 1792 2449 Cor.
1837 2410 1936 2458 xv,
1977 2393 2094 2465 28),

504 2489 628 2560 quia
674 2501 802 2543 tunc
823 2497 878 2543 et
908 2489 1024 2555 ipse
1055 2486 1225 2541 Filius
1248 2485 1524 2554 subjectus
1553 2493 1579 2521 ἰ
1610 2486 1713 2539 erit
1734 2528 1748 2548 ,
1775 2487 1863 2555 qni
1892 2485 1942 2540 ei
1968 2485 2096 2540 sub-

492 2581 628 2651 jecit
655 2582 871 2636 omnia:
903 2581 992 2649 qui
1020 2578 1163 2632 enim
1189 2577 1364 2631 adhuc
1394 2577 1664 2643 laborant,
1699 2578 1935 2632 nandum
1968 2579 2097 2632 sub-

492 2674 620 2742 jecti
650 2683 777 2727 sunt
801 2716 815 2736 ,
849 2675 902 2726 in
949 2672 1146 2741 quibus
1195 2669 1425 2725 fortasse
1461 2671 1640 2725 adhuc
1669 2672 1782 2725 sitit
1810 2671 2058 2726 Christus
2079 2715 2093 2737 ,

495 2765 671 2820 adhuc
699 2766 902 2829 esurit,
935 2765 988 2817 in
1030 2763 1227 2832 quibus
1259 2763 1434 2818 nudus
1465 2774 1576 2826 est;
1609 2778 1674 2817 eo
1695 2763 1836 2832 quod
1867 2779 1974 2817 non
1997 2765 2097 2817 im-

494 2859 680 2928 pleant
711 2858 932 2911 verbum
969 2856 1087 2918 Dei,
1141 2870 1248 2908 non
1281 2855 1509 2909 induant
1540 2854 1849 2920 Christum,
1894 2857 1984 2924 qui
2013 2867 2097 2910 est

492 2951 868 3005 indumentum
906 2948 1242 3003 credentium
1267 2988 1286 3023 ,1
1317 2950 1548 3003 amictus
1588 2947 1847 3002 ﬁdelium.
1904 2948 2008 3003 Sed
2040 2958 2097 3002 et

494 3044 572 3097 illi
601 3043 653 3095 in
681 3041 874 3108 quibus
901 3055 1044 3108 teget-
1075 3050 1179 3105 est,
1221 3041 1400 3094 adhuc
1431 3042 1696 3095 medicina
1732 3041 2004 3109 indigent;
2039 3051 2093 3096 et

2200 1838 2402 1908 justus,
2432 1843 2522 1910 qui
2571 1843 2827 1912 sepelivit
2852 1860 2975 1900 eum
3011 1846 3164 1917 (Luc.
3204 1864 3359 1914 XXIII,
3392 1850 3509 1921 53).
3553 1852 3643 1906 Isti
3673 1865 3809 1912 sunt

2205 1932 2456 1999 priuiitim
2498 1933 2622 1988 ﬁdei
2646 1946 2879 2003 nostrze;
2911 1937 3007 1992 sed
3040 1948 3216 1994 tamen
3259 1939 3450 1995 eadem
3476 1953 3809 2002 cancrorum

2206 2035 2395 2081 natura
2419 2027 2709 2094 seminum,
2735 2045 2856 2099 qua:
2883 2031 3267 2100 primitiarum,
3294 2032 3420 2086 licet
3451 2034 3504 2087 in
3528 2034 3810 2105 aliquibus

2203 2118 2380 2172 minor
2434 2121 2643 2189 gratia:
2695 2119 2890 2176 Potens
2917 2133 2990 2178 est
3019 2125 3153 2178 enim
3183 2123 3325 2178 Deus
3355 2140 3420 2178 ea:
3452 2126 3711 2197 lapidibus
3733 2129 3807 2198 ﬁ-

2202 2209 2300 2264 lios
2328 2208 2549 2264 Abrahw
2575 2212 2797 2266 excitare
2830 2211 3042 2284 (Matth.
3072 2231 3126 2268 II:
3151 2257 3166 2281 ,
3199 2215 3282 2285 9).

2282 2301 2371 2356 11.
2415 2301 2495 2355 Ειι
2531 2301 2625 2356 tibi
2653 2305 2959 2373 exemplum
3007 2305 3075 2360 de
3113 2305 3231 2376 ipso
3273 2305 3506 2363 Domino
3537 2307 3691 2365 Jesu.
3742 2311 3804 2366 lu

2204 2392 2605 2448 resurrectione
2632 2404 2963 2450 mortuorum
3017 2399 3404 2469 primogenitus
3462 2416 3529 2456 ex
3572 2405 3808 2459 mortuis

2202 2476 2398 2538 dicitur
2415 2483 2637 2556 (Coloss.
2663 2502 2700 2552 I,
2731 2488 2842 2558 18).
2868 2489 3130 2545 Euntdetn
3156 2490 3271 2560 ipse
3287 2493 3581 2560 Apostolus
3603 2497 3797 2566 primi-

2203 2576 2301 2631 tias
2329 2577 2652 2648 signiﬁcavit
2681 2580 2901 2636 dicens:
2953 2582 3024 2636 In
3048 2582 3252 2638 Christo
3297 2602 3471 2640 omnes
3523 2589 3796 2658 vivi/icon-

2201 2677 2303 2733 tur,
2337 2671 2684 2739 unusquisque
2709 2680 2879 2724 autem
2904 2673 2955 2725 in
2979 2689 3072 2727 suo
3104 2674 3284 2728 ordine
3307 2689 3324 2727 :
3346 2674 3592 2742 primitia:
3616 2676 3803 2734 Chris-

2159 2777 2170 2792 ·
2199 2771 2310 2822 lus,
2361 2763 2547 2817 deinde
2571 2765 2608 2816 ii
2633 2766 2720 2834 qui
2747 2775 2864 2818 sunt
2887 2765 3110 2832 Christi,
3156 2769 3245 2836 qui
3268 2769 3323 2822 in
3353 2770 3630 2824 adventum
3682 2774 3804 2838 eius

2206 2853 2535 2908 crediderunt
2567 2854 2625 2926 (Ι
2653 2853 2774 2909 Cor.
2804 2873 2891 2924 xv,
2941 2856 3059 2927 22).
3095 2858 3296 2913 Eadem
3347 2861 3400 2913 in
3429 2861 3524 2916 illo
3551 2865 3804 2933 corporis

2201 2945 2434 3010 veritas,
2461 2962 2582 3016 quae
2616 2948 2669 3000 in
2702 2949 2864 3003 nobis
2905 2965 2918 3004 :
2955 2950 3048 3004 sed
3086 2959 3268 3005 tamen
3312 2961 3368 3007 et
3396 2954 3801 3025 primogenitus

2197 3053 2260 3092 ex
2288 3039 2517 3094 mortuis
2548 3039 2768 3107 dicitur,
2813 3042 2939 3110 quia
2972 3044 3179 3112 primus
3204 3048 3504 3102 resurrexit
3540 3056 3636 3103 :et
3677 3051 3798 3120 pri-

499 3132 622 3185 ideo
669 3130 907 3183 nondum
956 3129 1196 3192 subditi;
1245 3130 1510 3196 subjectio
1540 3132 1683 3185 enim
1740 3131 1840 3184 ista
1873 3133 2090 3187 virtutis
2119 3147 2163 3209 ρ
2198 3130 2362 3184 milia:
2388 3149 2402 3196 ;
2429 3131 2550 3200 quia
2582 3133 2827 3188 sanctior
2852 3134 3109 3189 omnibus
3141 3135 3405 3191 fructibus
3431 3179 3446 3203 ,
3488 3140 3579 3210 qui
3626 3142 3796 3197 etiam

492 3234 597 3288 est,
629 3237 734 3276 non
761 3220 1092 3274 inﬁrmitatis
1119 3238 1131 3271 :
1163 3220 1395 3290 denique
1420 3222 1472 3274 in
1506 3221 1736 3276 fortibus
1766 3232 1820 3277 et
1848 3223 2089 3277 facienti-

491 3317 591 3370 bus
637 3311 949 3367 mandatum
981 3311 1111 3374 Dei,
1157 3311 1437 3379 subjectus
1467 3323 1546 3365 est
1588 3312 1682 3366 Dei
1716 3311 1905 3366 Filius.
1935 3312 2087 3368 Nunc

486 3417 669 3462 autem
703 3405 874 3475 magis
901 3406 952 3459 in
985 3405 1050 3458 iis
1079 3403 1327 3468 laborat,
1376 3405 1469 3473 qui
1507 3421 1612 3459 non
1645 3405 1970 3461 subveniunt
2005 3409 2081 3462 Ia-

487 3501 828 3564 borantihus,
854 3514 1015 3566 quam
1048 3499 1099 3550 in
1131 3497 1236 3550 illis
1261 3539 1277 3562 ,
1312 3498 1402 3565 qui
1432 3497 1532 3552 sibi
1572 3498 1847 3567 postulant
1881 3500 2080 3555 subve-

487 3596 612 3650 niri.
645 3594 775 3648 Hmc
802 3603 884 3648 est
923 3593 1011 3662 pia
1054 3592 1434 3661 interpretatio
1473 3601 1526 3646 et
1569 3607 1698 3647 vera
1730 3593 2081 3661 subjectionis

487 3688 701 3744 Domini
732 3687 860 3742 Jcsu
885 3729 899 3749 ,
932 3685 1025 3757 qui
1062 3684 1187 3740 ideo
1211 3700 1270 3740 se
1299 3685 1569 3754 subjiciat,
1607 3696 1663 3740 ut
1693 3691 1763 3741 sit
1793 3687 1933 3742 Deus
1963 3703 2079 3740 om-

485 3781 643 3835 nibus
666 3781 717 3833 itt
747 3779 949 3834 omnia.

556 3874 612 3928 9.
644 3873 874 3926 Sensum
914 3870 1288 3941 Apostolicum
1333 3872 1700 3939 percurrimus
1733 3889 1745 3923 :
1780 3886 1921 3926 nunc
1943 3885 2072 3925 con-

478 3964 782 4018 sideremus
839 3963 930 4030 qui
991 3971 1118 4016 sunt
1176 3960 1440 4031 primitias
1509 3962 1742 4031 Spiritus
1788 3963 2068 4018 habentes.

479 4055 657 4128 (Rom.
691 4071 777 4108 vItt
805 4095 820 4119 ,
857 4056 964 4125 l5).
1002 4055 1066 4108 Et
1106 4051 1228 4109 ide'o
1259 4056 1453 4124 Legem
1506 4056 1902 4122 interrogemus
1945 4057 2070 4126 quid

478 4147 551 4202 sit
579 4146 718 4214 quod
749 4147 1106 4215 primitiarum
1143 4148 1224 4200 vel
1255 4147 1392 4200 initii
1427 4149 1646 4203 nomine
1687 4149 2068 4204 declaraverit.

475 4237 640 4292 Initia
661 4279 674 4302 ,
708 4239 900 4308 inquit,
931 4255 1066 4291 area:
1091 4248 1138 4291 et
1171 4238 1311 4291 lacus
1339 4241 1413 4292 tui
1434 4255 1534 4293 non
1566 4241 1831 4310 fraudabis
1866 4240 2065 4309 (Exod.

472 4349 600 4394 XXII,
637 4330 762 4403 29);
808 4340 863 4385 et
896 4331 1033 4384 infra
1064 4348 1076 4382 :
1111 4331 1274 4385 Initia
1300 4333 1642 4403 primitiarum
1679 4343 1890 4385 tuarum
1937 4335 2069 4404 infe-

471 4442 552 4479 res
581 4427 634 4478 in
665 4426 872 4477 domum
905 4423 1112 4477 Domini
1141 4422 1238 4477 Dei
1262 4425 1335 4476 tui
1357 4423 1555 4495 (Exod.
1586 4440 1768 4487 xxxIv,
1793 4425 1911 4493 26).
1933 4428 2066 4481 Aliae

2193 3230 2419 3276 caeteros
2443 3223 2706 3278 consortii
2740 3226 2820 3278 sui
2855 3224 3063 3279 fructus
3079 3228 3453 3284 sanetiﬁcavit.
3475 3229 3599 3301 lpse
3626 3233 3794 3289 etiam

2190 3311 2402 3366 initium
2426 3330 2615 3368 eorum
2644 3315 2733 3384 qui
2766 3315 2831 3370 ad
2881 3317 3170 3388 imaginem
3197 3359 3210 3382 ,
3243 3320 3395 3389 quasi
3442 3321 3620 3392 imago
3651 3323 3795 3378 invi-

2187 3401 2362 3457 sibilis
2397 3403 2485 3458 Dei
2516 3403 2738 3476 (Coloss.
2773 3422 2809 3472 I,
2848 3407 2962 3478 15),
2989 3409 3042 3462 in
3071 3425 3178 3476 quo
3208 3411 3507 3466 secundum
3533 3414 3792 3469 divinita-

2188 3502 2295 3548 tem
2327 3493 2457 3547 nihil
2487 3510 2836 3563 corporeum,
2865 3499 2996 3552 nihil
3054 3503 3386 3570 temporale;
3439 3504 3567 3574 quia
3599 3508 3788 3577 splen-

2185 3585 2286 3639 dor
2323 3593 2408 3640 est
2453 3587 2641 3655 gloria:
2691 3599 2955 3658 paterna},
2986 3601 3040 3646 et
3069 3592 3248 3664 imago
3283 3595 3604 3654 substantiae
3643 3601 3786 3670 ejus.

2185 3674 2369 3747 (Hebr.
2415 3692 2456 3741 ι,
2506 3676 2583 3747 5).
2640 3678 3000 3735 Produximus
3029 3697 3338 3739 sermonem
3380 3688 3782 3758 epistolarem,

2182 3767 2307 3822 dum
2337 3769 2589 3823 volumus
2618 3770 2749 3840 quid
2781 3773 2891 3826 sint
2914 3774 3170 3842 primitiae
3198 3778 3526 3846 signiﬁcare.

2267 3860 2354 3914 12.
2413 3861 2669 3917 Primitia:
2729 3878 2859 3933 ergo
2905 3876 3104 3920 nostra:
3160 3870 3442 3938 apostoli,
3507 3874 3669 3930 electi
3709 3891 3780 3932 ex

2178 3952 2426 4007 omnibus
2471 3964 2492 3991 ε
2533 3956 2816 4022 praesentis
2863 3957 3069 4011 scilicet
3119 3966 3248 4014 tunc
3286 3964 3548 4030 temporis
3592 3967 3781 4022 frueti-

2177 4045 2313 4110 bus,
2354 4047 2555 4117 quibus
2589 4049 2792 4103 dictum
2842 4059 2956 4103 est:
2989 4051 3055 4104 Et
3082 4052 3285 4122 majora
3323 4054 3409 4110 his
3434 4057 3778 4124 facietis;fu-

2175 4140 2253 4193 dit
2281 4141 2422 4194 enim
2451 4156 2510 4196 se
2536 4143 2588 4197 in
2627 4157 2720 4197 eos
2749 4144 2920 4211 gratia
2943 4144 3037 4200 Dei
3071 4144 3252 4216 (Joan.
3280 4163 3388 4216 xIv,
3417 4149 3526 4219 19).
3549 4150 3666 4217 Isti,
3694 4155 3776 4208 in-

2173 4245 2354 4299 quam,
2404 4231 2858 4300 ingemiscehant,
2907 4247 3286 4304 exspectantes
3332 4239 3771 4309 redemptionem

2175 4322 2336 4376 totius
2366 4325 2646 4393 corporis,
2679 4335 2733 4380 et
2763 4326 2938 4381 adhuc
2971 4328 3365 4396 ingemiscant;
3399 4334 3523 4398 quia
3575 4338 3770 4394 multo-

2171 4429 2287 4466 rum
2312 4422 2395 4468 est
2424 4415 2604 4476 labor.
2633 4416 2723 4486 qui
2751 4417 2926 4472 adhuc
2947 4416 3227 4474 ﬂuctuant.
3263 4418 3384 4488 “Ut
3412 4423 3458 4478 si
3479 4425 3680 4494 aliquis
3699 4431 3766 4484 ad

472 4526 599 4572 sunt
641 4516 921 4587 primitiae,
965 4514 1085 4568 alite
1111 4514 1339 4569 decimae
1371 4533 1383 4567 :
1421 4514 1669 4583 primitizn
1698 4518 1920 4584 majoris
1943 4535 2062 4588 ενδ-
2096 4525 2142 4583 ι)
2170 4506 2446 4574 superiora
2475 4508 2752 4563 selittoris
2779 4510 3036 4566 subsistat
3061 4514 3306 4570 etadhuc
3329 4517 3508 4573 medio
3523 4535 3757 4592 corpore

471 4611 599 4678 tire,
633 4609 1078 4665 sanctiﬁcationis
1125 4609 1639 4663 observantissimze.
1687 4609 1810 4663 Ideo
1857 4613 2059 4681 placuit

2194 4598 2405 4652 :aedatur
2437 4598 2688 4654 ﬂuctibus
2714 4641 2728 4663 ,
2768 4602 3073 4672 ingemiscit
3095 4615 3148 4660 et
3171 4610 3551 4678 comparturit,
3575 4613 3751 4671 donec

465 4704 625 4769 Abel,
649 4703 772 4773 quia
799 4717 904 4756 non
932 4711 1014 4757 εει
1045 4715 1202 4754 suum
1234 4713 1429 4752 ιηηηυε
1448 4709 1710 4764 moratus.
1739 4703 1829 4771 qui
1852 4703 1920 4759 de
1951 4707 2062 4774 pri-
2167 4697 2311 4743 t0tus
2332 4689 2874 4762 evadat.[ngemiscit
2901 4695 3084 4763 utique
3107 4737 3120 4763 ,
3139 4697 3756 4767 quiadhucnobisdicit:

2165 4869 2317 4943 titur,
2349 4870 2600 4943 primitiae
2629 4889 2641 4924 :
2670 4873 2811 4938 quod
2849 4876 3077 4943 primum
3102 4892 3331 4932 excusso
3362 4880 3639 4939 frumento
3687 4901 3756 4943 ex

2162 4940 2350 5026 tritura
2374 4942 2660 5026 colligitur,
2691 4940 3046 5026 initia'vocat.
3074 4947 3424 5026 unoquoque
3452 4952 3618 5026 adjici

2159 5018 2286 5072 test,
2312 5013 2592 5066 initiatum
2620 5016 2836 5082 proprie
2865 5017 3068 5078 Vocari,
3105 5013 3238 5087 quia
3259 5013 3374 5074 Deo
3400 5013 3614 5080 initiata
3642 5013 3754 5082 sint

2153 5091 2205 5162 et
2223 5092 2533 5162 consecrata
2561 5099 2575 5148 ;
2605 5087 2684 5162 sic
2711 5087 2974 5162 primitias
3005 5102 3130 5162 esse
3159 5088 3211 5142 in
3247 5092 3622 5161 concipiendis
3653 5113 3753 5153 vo-

2153 5152 2239 5211 tis,
2273 5152 2421 5206 initia
2448 5153 2498 5207 in
2529 5152 2839 5210 reddendis.
2878 5157 3002 5211 l'lzec
3044 5159 3152 5213 ille.

2222 5224 2245 5308 ξ
2287 5221 2443 5308 Rom.
2468 5224 2604 5308 edit.
2630 5225 2753 5308 hinc
2771 5241 3051 5282 exemerat
3080 5245 3271 5308 vocem
3295 5235 3592 5308 prasentis,
3624 5253 3746 5308 qua:

2148 5297 2275 5368 et_in
2305 5297 2537 5368 ueteris,
2554 5297 2782 5368 atquein
2805 5312 2933 5352 mss.
2949 5299 3196 5352 omnibus
3214 5297 3472 5368 occurrit,
3497 5297 3601 5361 nec
3617 5297 3745 5364 s'en-

2145 5363 2226 5415 sui
2259 5365 2481 5443 omnino
2514 5363 2726 5443 videtur
2752 5369 2997 5443 inutilis.
3026 5363 3508 5443 Dictionem’verp
3544 5363 3740 5434 scilicet

2144 5446 2175 5486 e
2206 5435 2488 5506 praecipuis
2506 5437 2637 5506 _cod.
2673 5438 2796 5492 huic
2817 5439 3180 5506 adjunxitntts.

2213 5500 2240 5592 ξι
2269 5504 2662 5592 ’Dademiiom.
2706 5500 2960 5592 eduxit?!
2987 5511 3033 5563 si
3051 5513 3241 5592 qliquis
3276 5514 3345 5566 ad
3361 5518 3645 5592 superiora
3683 5537 3736 5576 se

2139 5573 2538 5656 ξιιρνίρτιιίβιιίριθ
2563 5591 2627 5630 ac
2659 5593 2739 5631 ms
2770 5621 2784 5656 ε
2811 5578 2876 5656 Et
2897 5582 2974 5644 si;
3170 5597 3273 5637 non
3295 5573 3471 5656 pauci
3506 5573 3728 5656 ttielius,

2143 5640 2217 5727 _Ut.
2258 5640 2303 5695 si
2331 5643 2649 5727 aliquis...
2700 5640 2982 5727 subsistat}.
3003 5652 3177 5727 Albin.
3205 5640 3721 5727 εοάῘ-ειιειοιιαῖῗέί

2137 5711 2217 5766 vel
2249 5727 2352 5768 uno
2376 5711 2485 5769 alio
2507 5715 2805 5783 fulciretur,
2827 5711 3185 5788 lure'omteris
3226 5711 3624 5792 prmferendu—s;

527 4874 553 4901 ι
581 4864 736 4918 Rom.
764 4863 898 4917 edit.
931 4861 1065 4927 sola,
1097 4859 1355 4933 subjectus
1381 4861 1477 4913 erit
1501 4861 1568 4926 ei,
1596 4863 1683 4930 qui
1713 4861 1927 4934 subjecit
1955 4866 2054 4919 sibi

456 4951 651 4990 omnia.

530 5006 557 5044 δ
598 5006 654 5060 In
688 5003 930 5073 margine
970 5003 1130 5057 Rom.
1176 5003 1308 5057 edit.
1339 5004 1698 5056 annotahatur
1751 5003 1845 5057 lib.
1896 5021 1933 5058 II
1980 5007 2049 5062 de

455 5077 588 5132 Cain
638 5085 692 5130 et
738 5075 868 5129 Abel
901 5089 1022 5139 cap.
1076 5075 1126 5136 l,
1183 5082 1238 5127 et
1279 5089 1338 5127 re
1389 5089 1515 5126 vera
1548 5074 1620 5127 ibi
1657 5090 1805 5127 ntun.
1842 5077 1875 5130 5
1906 5086 1960 5130 et
1989 5078 2041 5143 6,

455 5147 715 5203 nonnulla
747 5146 815 5199 de
840 5144 1091 5213 primitiis
1117 5152 1279 5214 atque
1305 5143 1482 5198 initiis
1501 5143 1727 5214 mystice
1756 5144 2007 5213 disputari
2027 5180 2040 5190 -

451 5228 558 5274 tur.
595 5217 757 5270 Nobis
778 5224 956 5269 tamen
985 5213 1299 5268 credibilius
1325 5225 1407 5269 est
1463 5213 1746 5268 Doctorem
1793 5229 2036 5272 nostrum

451 5288 786 5344 Horontiano
809 5285 895 5339 hic
921 5285 1160 5349 polliceri
1185 5300 1244 5338 se
1267 5285 1438 5338 fusius
1459 5284 1749 5353 aliquando
1765 5285 1866 5340 hac
1891 5287 1957 5341 de
1979 5304 2037 5344 re

453 5359 519 5413 ad
538 5373 660 5413 eum
693 5356 1147 5424 conscripturum,
1180 5371 1338 5420 quam
1370 5355 1560 5408 eodem
1611 5357 1756 5408 illum
1790 5359 2034 5412 remitte-

453 5445 528 5484 re.
568 5427 903 5484 Sententiam
931 5441 1091 5492 porro
1120 5425 1280 5494 hujus
1308 5425 1408 5478 loci
1433 5426 1769 5479 Ambrosiani
1795 5427 2034 5484 Nannius

449 5510 667 5554 enarrat
700 5498 751 5550 in
787 5498 924 5550 hunc
950 5497 1189 5550 modum.
1241 5496 1385 5550 Hanc
1428 5495 1787 5549 differentiam
1817 5499 1872 5552 S.
1904 5500 2036 5552 Am-

448 5567 663 5623 brosius
694 5569 818 5621 facit
843 5568 982 5620 inter
1012 5567 1277 5635 primitias
1307 5577 1356 5620 ct
1396 5566 1468 5618 ini
1498 5566 1568 5628 ia,
1593 5566 1734 5634 quod
1780 5569 2032 5634 primitiae

441 5639 637 5691 sintex
673 5652 868 5698 messe,
904 5635 1141 5703 initiaex
1164 5637 1348 5696 tritura
1384 5653 1396 5689 :
1430 5636 1676 5703 pritnititc
1701 5651 1821 5689 cum
1854 5637 2032 5691 aristis

440 5707 567 5767 sint,
598 5706 742 5758 initia
769 5719 905 5770 puro
935 5701 1141 5758 semine
1163 5701 1443 5759 constanti
1474 5703 1614 5773 qttod
1647 5705 1874 5772 primum
1915 5721 2028 5761 mea
