4042 6174
183 277 322 332 1081

1393 271 1881 328 EPISTULARUM
1922 271 2199 329 CLASSIS
2240 275 2277 328 I.

3339 270 3358 322 1
3371 268 3478 323 082

186 390 322 456 Quis
347 389 667 457 inﬁrmatur,
703 399 748 442 et
776 402 867 458 ego
904 402 1003 440 non
1024 387 1265 455 inﬁrmor
1292 385 1369 458 (ll
1398 385 1519 440 Cor.
1552 383 1778 452 xt,29)?
1807 395 1850 450 Α
1885 386 1935 438 in
1950 381 3481 455 eurribus,quividentur.Necinipsocmlielementospes

262 481 349 535 15.
376 479 492 534 Non
527 494 660 550 ergo
690 494 788 542 nos
817 487 1057 545 moveat,
1089 478 1234 548 quod
1265 479 1336 532 ita
1365 479 1623 547 scriptum
1654 484 1737 530 est
1763 492 1774 527 :

186 571 291 637 Qui
324 573 584 639 primitias
615 572 847 642 Spiritus
874 572 1115 627 habentes
1139 612 1154 634 ,
1188 573 1288 640 ipsi
1331 573 1468 624 intra
1493 587 1585 624 nos
1636 571 1779 639 inge-

183 665 474 729 miscimus,
493 665 824 732 adoptionem
840 665 1068 732 ﬁliorum
1085 673 1451 734 exspectantes,
1475 661 1781 729 redemptio-

181 772 298 808 nem
341 757 579 824 corporis
630 755 789 809 nostri
837 755 1012 824 (llam.
1054 770 1181 818 vttt,
1213 754 1342 821 23);
1393 768 1586 808 sensus
1633 752 1776 807 enim

178 861 404 920 apertus
434 860 539 917 est,
568 867 634 906 eo
665 850 808 919 quod
838 851 1104 919 primitias
1133 851 1362 918 Spiritus
1410 850 1668 904 habentes
1696 847 1780 902 in-

178 945 489 1013 gemiscunt
509 987 524 1009 ,
551 943 903 1015 adeptionem
936 945 1166 1000 filiorum
1197 953 1614 1012 exspectantes:
1656 957 1777 1012 quae

178 1037 408 1106 adoptio
433 1038 690 1102 ﬁliorum,
711 1037 1015 1116 redemptio
1034 1039 1198 1092 totius
1217 1037 1462 1104 corporis
1487 1046 1776 1104 est,quan-

174 1131 252 1186 do
276 1131 417 1187 facie
466 1132 532 1186 ad
577 1131 772 1187 faciem
801 1132 954 1202 quasi
985 1131 1079 1186 Dei
1127 1130 1267 1184 lilius
1295 1144 1389 1198 per
1428 1127 1774 1196 adoptionem

174 1223 393 1278 videbit
422 1224 553 1278 illud
585 1223 826 1277 divinum
854 1232 909 1276 et
934 1230 1199 1277 aeternum
1233 1221 1432 1274 bonum
1459 1237 1474 1284 ;
1501 1228 1585 1274 est
1629 1218 1774 1272 enim

172 1315 405 1384 adoptio
436 1315 670 1369 ﬁliorum
704 1316 756 1368 io
788 1314 1025 1368 Ecclesia
1052 1315 1219 1384 928
1261 1311 1507 1375 Domini,
1559 1310 1775 1381 quando

173 1408 382 1463 clamat
399 1407 633 1472 Spiritus
651 1449 663 1468 ,
688 1407 828 1460 Abba
857 1418 1000 1471 pater
1022 1404 1220 1475 (Galat.
1246 1421 1325 1468 IV,
1345 1405 1424 1474 6);
1444 1405 1584 1459 sicut
1606 1404 1775 1459 habes

173 1497 246 1552 ad
274 1497 517 1552 Galatas.
544 1497 648 1552 Sed
678 1497 767 1551 illa
797 1497 901 1552 erit
933 1496 1195 1566 perfecta,
1243 1497 1456 1565 quando
1486 1506 1775 1565 resurgent

172 1604 374 1644 omnes
399 1589 452 1642 in
484 1589 912 1657 incorruptione,
937 1587 1376 1658 honore,gloria,
1398 1587 1486 1657 qui
1519 1603 1771 1642 merean-

175 1691 268 1735 tttr
300 1680 395 1735 Dei
428 1679 620 1734 faciem
655 1680 876 1741 videre;
930 1687 1058 1734 tunc
1081 1681 1226 1732 enim
1256 1695 1384 1732 vere
1435 1679 1770 1748 redemptam

171 1788 237 1828 se
269 1773 505 1826 humana
530 1770 795 1841 judieahit
821 1770 1090 1826 conditio.
1124 1771 1281 1826 Unde
1334 1771 1624 1840 Apostolus
1653 1775 1771 1840 glo—
1806 1777 1853 1837 Β

173 1866 354 1920 riatur
379 1864 567 1918 dicens
594 1882 608 1916 :
643 1864 774 1929 Quia
806 1880 896 1931 spe
925 1864 1052 1918 salvi
1074 1865 1196 1934 [acti
1228 1863 1596 1932 suntus(Rom.
1642 1880 1732 1918 \‘lll
1757 1906 1771 1926 ,

170 1960 294 2028 2-1).
328 1959 516 2015 Solvat
547 1961 688 2014 enim
720 1975 868 2028 spes,
901 1960 1040 2014 sicut
1067 1971 1119 2016 et
1144 1959 1296 2022 ﬁdes,
1329 1961 1397 2016 de
1419 1977 1522 2031 qua
1552 1962 1772 2017 dicitur:

176 2050 343 2104 Fides
365 2061 452 2102 tua
475 2060 523 2103 te
540 2051 739 2103 salvum
771 2051 888 2118 fecit
912 2049 1068 2122 (Luc.
1103 2067 1255 2114 XVIII,
1281 2051 1396 2122 4‘2).

253 2141 341 2195 ﬂ.
377 2140 524 2210 Ergo
570 2150 820 2195 creatura
853 2157 974 2211 quae
1018 2157 1124 2195 non
1157 2151 1369 2212 sponte,
1427 2142 1523 2198 sed
1572 2143 1624 2196 in
1677 2158 1774 2213 spe

172 2232 403 2285 vanitati
435 2232 676 2300 subjecta
707 2240 789 2287 est
818 2233 994 2301 (Rom.
1030 2249 1142 2296 vm,
1188 2233 1282 2303 ‘20)
1304 2276 1317 2296 ,
1368 2249 1464 2303 spe
1485 2234 1729 2289 salvatur
1756 2278 1770 2300 ,

171 2324 316 2377 sicut
346 2331 396 2376 et
423 2322 644 2387 Paulus,
673 2339 794 2377 cum
823 2325 987 2378 sciret
1012 2325 1218 2378 lucrum
1244 2325 1344 2378 sibi
1371 2341 1491 2380 esse
1516 2327 1677 2393 mori,
1715 2337 1774 2380 ut

169 2431 299 2470 cum
331 2414 552 2469 Christo
583 2426 728 2470 esset
757 2416 964 2470 solutus
1014 2432 1276 2484 corpore,
1310 2418 1666 2485 permanebat
1717 2419 1770 2473 in

167 2522 341 2562 carne
392 2516 613 2577 propter
639 2523 732 2562 eos
785 2523 918 2577 quos
948 2508 1164 2562 Christo
1195 2508 1499 2577 acquireret
1540 2508 1766 2579 (Philip.

171 2617 211 2662 ι,
243 2597 362 2670 2|).
394 2599 533 2668 Spes
566 2609 744 2654 autem
768 2600 893 2666 quid
922 2610 1026 2664 est,
1075 2601 1177 2655 nisi
1209 2600 1516 2655 futurorum
1541 2616 1772 2671 exspec-

170 2691 354 2745 tatio?
383 2690 534 2746 Unde
558 2693 674 2746 ait:
723 2691 856 2760 Spes
888 2701 1057 2744 autent
1111 2709 1224 2758 qutv
1277 2691 1498 2758 videtur,
1546 2709 1647 2746 non
1697 2705 1768 2746 est
1801 2719 1809 2726 ο

167 2800 292 2853 spes
322 2783 501 2856 (Rom.
555 2800 666 2844 vut.
695 2783 810 2852 ’25).
859 2782 975 2837 Non
1027 2783 1168 2837 enim
1200 2800 1320 2854 qua:
1353 2783 1606 2838 videntur
1631 2827 1644 2848 ,
1675 2785 1767 2839 sed

170 2891 296 2945 qua:
328 2891 437 2930 non
470 2874 717 2930 videntur
743 2885 942 2928 arterua
964 2880 1117 2928 sbnt:
1156 2874 1295 2927 Nam
1315 2875 1451 2944 quod
1477 2875 1610 2928 videt
1631 2876 1765 2945 quis,

167 2968 297 3039 quid
318 2970 542 3038 sperat?
573 2968 824 3022 Videntur
839 2969 984 3022 enim
1016 2978 1201 3023 tenere
1229 2985 1453 3037 ea,qu:e
1477 2969 1723 3024 videmus
1749 2989 1761 3022 :

168 3061 453 3131 quomodo
479 3077 609 3131 ergo
637 3076 756 3130 qua:
789 3071 1053 3121 tenemus.
1085 3061 1411 3130 Speramus?
1443 3061 1574 3116 nihil
1608 3063 1768 3133 igitur

1883 487 1990 544 est,
2005 479 2099 534 sed
2114 481 2166 534 in
2185 480 2409 534 Domino
2423 477 2684 535 cmli.Nec
2702 476 2730 515 δ
2749 476 3039 532 Chaldaeus
3058 476 3109 530 in
3133 475 3309 531 stellis
3323 489 3474 546 spem

1884 567 2068 636 habet,
2092 585 2226 640 quas
2246 571 2498 625 observat
2525 586 2539 635 ;
2569 585 2670 625 nec
2707 569 2858 624 dives
2900 568 2953 622 in
2989 567 3432 638 possessionibus
3457 604 3476 633 ,

1884 676 1983 717 nec
2026 678 2221 717 avarus
2249 665 2300 717 in
2357 663 2532 718 usuris
2573 662 2707 717 :sed
2739 662 2830 717 ille
2860 676 3010 733 spem
3043 661 3244 724 habet,
3275 659 3368 730 qui
3417 660 3473 715 in

1881 769 2002 810 eum
2035 771 2186 825 spem
2210 772 2360 810 suam
2394 757 2566 825 ponit,
2615 771 2776 826 quem
2804 771 2912 810 non
2953 754 3147 820 videt,
3179 754 3230 809 id
3258 765 3339 809 est
3365 795 3380 816 ,
3415 755 3469 810 in

1883 846 2115 902 Domino
2153 847 2303 914 Jesu,
2353 848 2447 919 qui
2475 847 2690 902 medius
2718 856 2961 902 nostrum
2992 855 3136 911 stat,
3160 857 3217 902 et
3247 861 3353 902 non
3394 847 3474 902 vi-

1880 937 2041 1013 detur
2070 938 2249 1010 (Joan.
2282 955 2319 1005 I,
2360 939 2478 1009 36).
2531 940 2776 1010 Denique
2821 940 3003 993 oculus
3043 955 3145 993 non
3170 939 3332 1000 vidit,
3382 952 3474 992 nec

1880 1033 2024 1085 auris
2063 1035 2282 1099 audivit,
2312 1049 2427 1102 qua:
2473 1035 2785 1104 praeparavit
2836 1031 3089 1087 Dominus
3139 1033 3474 1106 diligentibus

1880 1138 1940 1177 811
1947 1140 2015 1177 m.
3389 1142 3392 1143 ⁷

2237 1219 2403 1291 929
2431 1231 2451 1258 ο
2487 1218 2820 1274 EPISTOLA
2861 1218 3102 1274 XXXVI.

1879 1308 2102 1379 Roganti
2121 1328 2389 1382 quemnam
2415 1314 2653 1380 spiritum
2676 1313 2870 1367 Paulus
2897 1314 3166 1383 scripserit
3184 1314 3449 1385 postulare

1949 1420 2046 1474 pro
2077 1405 2232 1460 nobis
2273 1408 2566 1476 gemitibus
2605 1406 3100 1474 inenarrabilibus,
3129 1411 3472 1478 respondetur

1955 1511 2058 1548 non
2089 1498 2250 1550 alium
2297 1499 2534 1552 denotari
2581 1499 2679 1552 nisi
2727 1497 2986 1567 Spiritum
3021 1509 3279 1562 sanctum,
3307 1500 3394 1568 qui
3420 1506 3466 1552 et

1950 1593 2208 1644 orationes
2221 1600 2422 1645 nostras
2448 1591 2648 1662 dirigit.
2665 1602 2713 1646 et
2737 1593 2893 1663 gemit
2917 1609 3011 1659 pro
3029 1592 3231 1646 delictis
3250 1594 3470 1657 nostris,

1950 1681 2141 1748 gemitu
2172 1682 2532 1748 inenarrabili,
2561 1681 2658 1735 hoc
2681 1692 2774 1746 est,
2801 1681 3014 1736 ctelesti.

2306 1775 2614 1829 Aunaosms
2666 1774 3038 1829 HORONTIANO.

1952 1865 2003 1916 1.
2027 1864 2462 1919 Concateuantur
2483 1865 2586 1920 sibi
2607 1866 2852 1934 epistola:
2873 1873 3097 1932 nostrte,
3116 1873 3173 1919 ιιι
3195 1873 3470 1935 tamquam

1879 1955 2018 2009 inter
2064 1965 2358 2024 praesentes
2411 1955 2694 2010 videamur
2745 1971 3057 2011 sermonem
3091 1955 3309 2011 ctedere
3348 1973 3361 2008 :
3395 1957 3470 2012 ita

1874 2059 1974 2114 ego
2002 2059 2073 2100 ex
2102 2055 2190 2099 tua
2223 2046 2672 2115 interrogatione,
2707 2057 2872 2117 tuque
2893 2063 2959 2102 ex
2989 2062 3109 2103 mea
3129 2047 3471 2118 explanatio-

1878 2151 1943 2190 ne
1964 2137 2212 2204 epistolis
2239 2137 2544 2191 scribendis
2576 2138 2855 2192 materiam
2888 2137 3102 2192 damus.

1943 2228 1998 2281 ἓ.
2047 2229 2244 2282 Moveri
2272 2230 2415 2282 enim
2441 2238 2495 2283 te
2527 2229 2773 2283 indicasti
2803 2229 2871 2284 de
2897 2243 3006 2298 quo
3032 2230 3226 2300 spiritu
3257 2231 3461 2287 dictum

1875 2319 1984 2374 sit:
2031 2319 2164 2386 Quia
2192 2321 2419 2389 postulat
2445 2337 2540 2388 pro
2570 2319 2713 2374 nobis
2741 2321 3010 2390 gemitibus
3029 2322 3468 2377 inenarrabilibus

1877 2411 2054 2482 (Rom.
2082 2427 2194 2478 vui,
2222 2411 2339 2482 26).
2365 2412 2655 2482 Superiora
2679 2411 2840 2481 igitur
2867 2421 3197 2482 repetamus;
3226 2426 3284 2469 ut
3312 2415 3476 2471 lectio

1877 2502 2205 2565 manil'eslet,
2233 2503 2376 2572 qttod
2404 2501 2696 2572 quierimus
2721 2520 2732 2555 :
2754 2502 3030 2570 Similiter,
3059 2506 3253 2576 inquit,
3269 2517 3317 2561 et
3335 2508 3464 2579 Spi-

1874 2597 2005 2648 ritus
2023 2596 2235 2664 adjuvat
2262 2595 2312 2647 in
2321 2595 2613 2660 ﬁrmitatem
2630 2605 2816 2649 ttostrtv
2837 2597 3082 2650 orationis
3101 2595 3257 2668 (1b.).
3275 2597 3467 2655 Nonne

1876 2687 1973 2741 tibi
1999 2687 2208 2740 videtur
2231 2687 2470 2756 Spiritus
2503 2699 2743 2752 sanctus,
2768 2691 2893 2758 quia
2918 2690 3135 2759 adjutor
3164 2692 3320 2747 nobis
3345 2702 3468 2759 est,

1875 2781 2011 2836 sicut
2025 2781 2115 2836 ille
2127 2782 2212 2835 cui
2227 2781 2423 2835 dicitur
2441 2800 2452 2834 :
2471 2781 2721 2851 Mdjutor
2733 2798 2874 2836 meus
2887 2799 2939 2836 es
2961 2793 3037 2849 tu,
3064 2800 3127 2837 ne
3143 2785 3472 2855 derelinquas

1875 2889 1972 2938 me,
1990 2890 2147 2942 neque
2161 2873 2415 2943 despicias
2429 2891 2527 2939 me,
2538 2873 2677 2927 Deus
2689 2875 2935 2928 salutaris
2956 2876 3118 2946 meus(
3131 2875 3220 2932 Ps.
3236 2893 3357 2932 XXVI
3368 2878 3468 2946 ,9).

1945 2969 2000 3022 3.
2059 2970 2191 3035 Quis
2221 2970 2364 3022 enim
2412 2969 2552 3024 alius
2597 2969 2851 3038 Spiritus,
2906 2970 2996 3038 qui
3043 2969 3215 3038 possit
3259 2971 3467 3027 docere

1876 3061 2096 3115 Paulum
2143 3060 2270 3130 quid
2293 3061 2518 3115 oraret?
2547 3061 2715 3115 Docet
2735 3068 2914 3115 autem
2946 3059 3182 3130 Spiritus
3223 3060 3426 3116 Christi
3454 3103 3471 3126 ,

170 3170 364 3208 eorum
396 3170 518 3224 quae
540 3163 848 3224 sperantur,
889 3153 1135 3207 videtur:
1178 3153 1370 3206 Oculus
1398 3155 1538 3208 enim
1565 3171 1665 3207 non
1691 3157 1765 3209 vi-
1797 3151 1843 3214 C
1874 3153 2013 3208 sicut
2039 3161 2093 3207 et
2119 3152 2388 3217 Christus,
2417 3167 2576 3207 orare
2614 3151 2915 3222 discipulos
2954 3167 3082 3206 suos
3109 3151 3264 3222 (Luc.
3291 3168 3368 3218 st,
3391 3153 3470 3222 1).

179 3248 277 3312 dit,
311 3265 406 3301 nec
431 3248 572 3301 auris
601 3247 820 3312 audivit,
844 3263 958 3318 qua:
1003 3247 1308 3316 pratparavit
1337 3245 1476 3300 Deus
1508 3249 1769 3319 diligenti-

171 3341 267 3392 bus
299 3356 415 3392 eunt
445 3339 499 3410 (l
526 3337 646 3392 Cor.
677 3355 736 3403 ll,
757 3338 834 3402 9).

246 3433 333 3487 15.
369 3433 511 3500 Ergo
548 3432 592 3485 si
623 3430 829 3500 Speraui
857 3447 964 3485 non
995 3439 1174 3500 potest
1201 3429 1342 3500 quod
1392 3429 1627 3494 videtur,
1659 3445 1766 3486 non

170 3526 314 3580 bene
344 3523 548 3578 habent
569 3523 734 3593 aliqui
761 3541 773 3575 :
831 3521 972 3575 Nam
1015 3523 1151 3592 quod
1178 3522 1314 3576 videt
1343 3523 1457 3591 quis
1503 3523 1628 3592 quid
1653 3564 1668 3589 ,
1720 3533 1769 3578 et

165 3627 362 3687 sperat.
404 3625 429 3651 ³
456 3614 570 3670 Nisi
603 3615 740 3669 forte
777 3615 854 3668 sic
882 3632 893 3666 :
949 3612 1088 3667 Nam
1119 3615 1256 3684 quod
1283 3617 1417 3669 videt
1448 3617 1562 3685 quis
1590 3658 1604 3681 ,
1642 3616 1767 3684 quid

165 3718 216 3762 et
242 3720 437 3781 sperat,
469 3709 550 3764 vel
599 3709 723 3779 quid
752 3709 1075 3778 exSpectat?
1103 3709 1234 3776 Quia
1262 3709 1393 3763 illud
1424 3726 1608 3765 verum
1655 3719 1761 3775 est,

164 3801 290 3871 quia
325 3800 376 3854 id
407 3801 875 3869 Speramus,quod
909 3816 1015 3854 non
1047 3801 1321 3863 videmus;
1346 3810 1396 3855 et
1420 3801 1546 3855 ideo
1576 3815 1765 3869 quam-

165 3893 250 3948 vis
278 3895 473 3947 abesse
509 3893 758 3947 videatur
784 3912 810 3946 a
845 3894 1001 3948 nobis
1030 3936 1044 3958 ,
1075 3904 1457 3962 exspectamus
1485 3893 1616 3947 illud
1666 3909 1762 3962 per

166 3985 484 4054 patientiam
523 4001 536 4036 :
568 3982 886 4052 Exspectant;
930 3985 1076 4040 enim
1136 3985 1423 4054 exspectavi
1453 3981 1754 4048 Dominum,

164 4089 212 4131 et
233 4081 456 4147 respexit
486 4093 563 4130 me
593 4078 612 4149 (
637 4076 782 4130 Psal.
811 4094 998 4143 χχχιχ,
1037 4077 1072 4131 2
1092 4080 1127 4133 ι.
1162 4077 1285 4130 Ideo
1308 4091 1434 4145 ergo
1478 4087 1760 4143 exspecta-

165 4188 288 4227 mus
321 4172 615 4241 patienter,
646 4173 766 4240 quia
799 4173 962 4226 bonus
988 4182 1060 4225 est
1093 4169 1348 4224 Dominus
1389 4169 1758 4224 sustinentibus

162 4280 280 4319 eum
307 4263 528 4335 (Thren.
561 4279 637 4326 ιιι,
666 4263 782 4333 25).
808 4263 874 4318 Et
903 4263 1116 4318 videtur
1145 4262 1462 4327 convenire,
1487 4263 1610 4332 quia
1637 4262 1758 4318 red-

166 4356 308 4410 didit
353 4372 446 4426 per
477 4355 816 4424 patientiam:
869 4359 1259 4425 Exsliectamns
1286 4371 1403 4424 quae
1433 4370 1716 4425 speramus
1738 4397 1752 4418 .

166 4457 224 4500 et
253 4463 358 4500 non
384 4447 647 4500 videmus.
679 4447 905 4501 Multum
932 4449 1075 4501 enim
1098 4446 1248 4513 facit,
1281 4447 1370 4516 qui
1403 4458 1584 4516 sperat
1609 4463 1672 4503 ea
1701 4458 1756 4504 et

1871 3246 2004 3313 Quis
2031 3257 2214 3301 autem
2243 3257 2363 3316 post
2380 3245 2655 3300 Christum
2678 3245 2922 3309 doceret,
2949 3245 3048 3298 nisi
3074 3243 3311 3314 Spiritus
3329 3244 3475 3314 ejus,

1871 3346 2030 3409 Quem
2078 3339 2193 3407 ipse
2226 3339 2406 3405 misit,
2440 3348 2496 3391 ut
2547 3338 2810 3403 doceret,
2863 3346 2915 3392 et
2949 3337 3210 3408 dirigeret
3257 3346 3478 3393 nostras

1869 3432 2145 3485 orationes
2182 3445 2194 3482 :
2226 3445 2445 3484 oramus
2473 3430 2615 3483 enim
2660 3428 2888 3498 Spiritu,
2933 3444 3158 3484 oramus
3203 3438 3258 3483 et
3287 3437 3475 3485 mente

1870 3522 1920 3594 (l
1947 3521 2067 3576 Cor.
2102 3538 2208 3588 nv,
2240 3524 2349 3591 l5).
2387 3522 2452 3576 Ut
2481 3522 2615 3576 bene
2645 3536 2798 3575 mens
2830 3524 3002 3590 possit
3029 3537 3188 3590 orare
3210 3561 3225 3587 ,
3260 3536 3473 3590 prtece-

1867 3613 1945 3668 dit
1972 3615 2242 3683 Spiritus,
2291 3623 2348 3668 et
2375 3612 2596 3666 deducit
2626 3626 2744 3665 eam
2773 3611 2825 3663 in
2875 3610 3017 3664 viam
3049 3621 3252 3665 rectam
3289 3610 3467 3682 (Psal.

1865 3723 2050 3773 cxut,
2104 3707 2232 3776 ll);
2281 3721 2348 3759 ne
2393 3705 2658 3773 obrepunt
2699 3701 2967 3766 carnalia,
2995 3717 3061 3755 ne
3113 3703 3356 3765 minora,
3389 3719 3465 3758 ne

1863 3801 2024 3854 etiam
2045 3799 2248 3865 majora
2275 3794 2480 3848 viribus
2521 3814 2533 3848 :
2567 3793 2850 3858 Unicuique
2878 3793 3009 3845 enim
3027 3793 3181 3846 datur
3209 3792 3455 3861 manifes-

1865 3893 1990 3943 tatio
2020 3888 2250 3958 Spiritus
2289 3886 2358 3936 ad
2398 3886 2668 3938 utilitatem
2722 3883 2771 3953 (Ι
2802 3881 2924 3934 Cor.
2957 3897 3056 3947 xu,
3081 3882 3165 3950 7).
3212 3882 3461 3951 Denique

1863 3982 2120 4048 scriptum
2154 3986 2265 4032 est:
2294 3977 2465 4031 Petilc
2499 3989 2714 4043 magna,
2746 3983 2800 4028 et
2834 3988 2997 4042 parva
3026 3974 3348 4042 adjicientur
3371 3991 3467 4031 vo-

1864 4071 1966 4125 bis.
1985 4069 2158 4123 Petite
2175 4067 2443 4133 coelestia,
2468 4076 2522 4120 et
2538 4078 2750 4118 terrena
2773 4063 3466 4136 adjicientur(biat.w,35).

1930 4162 1984 4216 Δ.
2019 4161 2167 4230 Ergo
2190 4160 2306 4213 vult
2352 4174 2448 4212 nos
2495 4158 2698 4227 majora
2731 4165 2916 4227 petere
2943 4198 2955 4220 ,
2989 4158 3170 4232 nonin
3230 4163 3464 4218 terrenis

1862 4256 2080 4310 morari.
2103 4254 2197 4308 Ille
2216 4262 2394 4308 autem
2425 4251 2527 4305 scit
2554 4249 2680 4319 quid
2715 4248 3182 4313 ttibttat,dividens
3215 4251 3455 4319 singulis,

1861 4358 2012 4418 prout
2041 4348 2144 4401 vult
2167 4345 2211 4417 (l
2233 4345 2350 4399 Cor.
2385 4341 2754 4410 stt,ll).Dicit
2775 4343 2918 4395 enim
2951 4339 3244 4402 interdum.
3271 4342 3452 4396 sciens

1861 4456 2193 4503 mensuram,
2221 4453 2383 4508 quam
2409 4451 2506 4490 nos
2532 4436 2847 4505 ignoramus
2873 4450 2886 4489 :
2916 4433 3030 4488 Non
3077 4433 3304 4503 potestis
3333 4432 3452 4488 btet:

161 4550 467 4609 exspcclat,
494 4556 615 4607 qua:
638 4557 744 4594 non
775 4539 1056 4605 videntur;
1087 4549 1142 4594 ct,
1173 4550 1461 4609 propterea
1490 4541 1635 4611 quod
1669 4544 1750 4596 in.
1783 4517 1832 4576 Ι)
1859 4534 2020 4587 modo
2070 4532 2338 4600 accipere.
2405 4528 2535 4584 Peto
2607 4525 2734 4580 mihi
2790 4526 3094 4594 passionem
3159 4524 3440 4595 martyrii,

159 4634 347 4688 tendat
378 4643 616 4689 mentem
649 4633 714 4687 ad
745 4633 876 4686 illud
905 4648 1066 4688 omne
1094 4633 1237 4702 quod
1264 4645 1370 4699 est,
1404 4635 1652 4690 sustinet.

230 4727 320 4782 16.
342 4727 572 4782 Pulchre
598 4737 778 4782 autem
801 4726 1032 4781 dicitur:
1061 4726 1191 4796 Spes
1203 4736 1374 4780 autem
1396 4743 1511 4797 qua:
1533 4729 1750 4792 videtur,

157 4836 261 4874 non
275 4831 347 4874 est
365 4837 482 4889 spes
505 4819 808 4890 (Romvm,
833 4819 958 4890 24);
991 4819 1058 4874 de
1088 4820 1446 4888 potestatibus
1474 4823 1628 4876 istius
1647 4837 1748 4877 sae-

153 4913 267 4969 culi
287 4953 301 4976 ,
321 4912 390 4966 de
412 4911 764 4981 dignitatibus
784 4951 798 4974 ,
821 4910 891 4966 de
919 4911 1148 4966 divitiis.
1184 4911 1348 4967 Vides
1373 4914 1561 4968 nescio
1587 4929 1748 4983 quem

152 5004 397 5060 fascibus
426 5004 869 5072 prmeminentem
897 5012 951 5057 et
981 5002 1252 5068 curribus,
1285 5003 1416 5056 nihil
1451 4999 1610 5058 habet
1636 5005 1751 5073 spei

229 5171 254 5198 ι
295 5161 372 5215 Ita
395 5175 586 5216 omnes
607 5175 736 5216 mss.
781 5168 833 5212 at
864 5158 994 5214 edit.
1018 5198 1034 5222 ,
1078 5158 1179 5212 nisi
1204 5166 1252 5209 et
1279 5157 1409 5223 forte
1431 5158 1503 5210 sic
1547 5156 1748 5211 intelli-

150 5250 265 5305 gas.
293 5233 490 5287 Paucis
511 5246 649 5305 _ve_ro
677 5231 1030 5305 interpositis,
1058 5229 1366 5305 ubi_omnes
1387 5227 1520 5305 edit.
1543 5242 1606 5281 ac
1632 5228 1746 5305 plu-

152 5297 240 5358 res
288 5318 447 5367 mss.,
495 5303 628 5366 Quia
669 5301 804 5354 illud
826 5297 1004 5354 verum
1026 5310 1123 5360 est,
1157 5299 1355 5371 legitur
1385 5298 1437 5351 in
1472 5313 1605 5352 mss.
1650 5297 1749 5352 ali-

149 5385 297 5444 quot,
339 5373 480 5439 Quid
509 5372 691 5426 aliud?
724 5371 909 5444 Verum
938 5381 1044 5435 est,
1071 5380 1177 5424 etc.
1236 5440 1247 5444 _
1322 5441 1331 5444 Α
1475 5429 1480 5434 ,

222 5445 248 5484 δ
287 5446 669 5500 Chaldaeorum
718 5443 1008 5496 vanitatem
1063 5440 1335 5510 superiori
1361 5449 1509 5494 tomo
1540 5443 1610 5494 ita
1643 5439 1742 5494 ire-

151 5527 379 5586 quenter
427 5513 1086 5586 impugnatAmbrosius,
1126 5523 1182 5565 ut
1209 5511 1379 5586 magis
1433 5511 1744 5580 expeditum

150 5581 305 5643 nobis
329 5581 846 5641 videatur’lectores
883 5582 949 5636 ad
983 5581 1210 5637 indicem
1239 5581 1518 5638 remittere
1539 5623 1553 5648 ,
1583 5597 1742 5648 quam

147 5675 239 5715 eos
268 5659 422 5714 locos
452 5655 539 5709 hic
557 5668 861 5709 recensere.

221 5713 240 5764 θ
285 5722 504 5798 Scripta
533 5721 680 5779 circa
712 5731 912 5778 annum
942 5713 1067 5775 887-

1863 4635 1885 4662 °
1902 4625 2135 4695 Spiritus
2163 4630 2384 4677 sanctus
2415 4631 2696 4691 promptus
2710 4627 2792 4671 est
2809 4615 3028 4688 (Matth.
3051 4616 3327 4687 sum“):
3353 4615 3449 4671 sed

1857 4719 2043 4772 videns
2066 4716 2336 4770 inﬁrmum
2359 4713 2538 4768 carnis
2564 4727 2718 4773 meas,
2755 4725 2820 4764 ne
2858 4711 2983 4763 dum
3025 4710 3228 4778 majora
3252 4710 3411 4778 cupio
3438 4751 3452 4775 ,

1856 4813 2068 4867 minora
2118 4807 2399 4870 amittam,
2431 4805 2597 4859 dicit:
2643 4803 2755 4856 Non
2793 4813 2946 4870 potes
3002 4801 3115 4856 haec
3175 4802 3441 4870 accipere.

1860 4903 1879 4942 τ
1899 4903 2097 4972 Quales
2113 4898 2426 4953 occasiones
2443 4895 2599 4948 habui
2619 4912 2631 4947 :
2649 4894 2779 4948 etde
2793 4893 2913 4962 ipso
2930 4877 3095 4962 prope
3114 4893 3221 4948 line
3237 4905 3454 4976 revoca-

1856 5011 1939 5055 tus
1960 4997 2118 5054 sum?
2144 4992 2300 5048 Novit
2329 4990 2472 5042 enim
2519 4988 2696 5042 bonus
2717 4987 2959 5040 medicus
2993 4995 3018 5032 ε
3049 5000 3171 5054 quae
3200 4999 3324 5040 esca
3360 4987 3448 5040 cui

1925 5153 1951 5190 ει
1990 5148 2244 5206 Nonnulli
2277 5159 2406 5199 mss.
2443 5145 2666 5214 Adjutor
2691 5152 2981 5214 mettsesm.

1927 5234 1950 5262 ο
1990 5223 2192 5278 Omnes
2213 5218 2341 5273 edit.
2376 5230 2437 5269 ac
2460 5211 2588 5266 tttss.
2616 5211 2879 5286 nonnulli,
2907 5212 3120 5279 spiritus
3178 5226 3448 5286 promptus

1850 5307 1961 5350 est;
2003 5291 2098 5347 sed
2120 5291 2301 5359 plures
2337 5287 2662 5359 acipotiores
2703 5283 2906 5359 addunt
2936 5286 2994 5338 τὸ
3046 5298 3288 5350 sanctus;
3329 5283 3451 5357 qute

1851 5381 1955 5420 vox
1984 5378 2104 5417 cum
2122 5353 2268 5415 'serie
2293 5353 2554 5411 orationis
2587 5353 2807 5408 minime
2831 5364 3052 5422 pugnat.

1924 5435 1944 5473 τ
1989 5432 2312 5503 Legationes
2333 5443 2461 5503 suas
2485 5426 2550 5480 ad
2579 5425 2873 5503 Maximum
2904 5434 3214 5503 tyranuum,
3233 5428 3373 5503 sicut
3395 5439 3450 5482 et

1847 5496 2093 5562 Justiute
2108 5500 2576 5569 persecutionem:
2607 5498 2675 5550 de
2701 5511 2807 5569 qua
2832 5497 2874 5548 si
2907 5511 3029 5569 uiue
3053 5496 3267 5569 scripsit
3293 5513 3452 5552 sauc-

1855 5589 1940 5632 tus
1989 5566 2254 5636 Antistes,
2298 5572 2557 5624 attentius
2601 5566 2846 5634 perlegas
2874 5606 2889 5630 ,
2944 5566 3201 5636 fateberis
3245 5583 3349 5622 non
3384 5569 3448 5622 il-

1854 5649 1963 5703 lum
1981 5635 2269 5717 martyrio,
2295 5638 2743 5717 sed‘martyrium
2775 5636 2850 5690 illi
2872 5635 3136 5717 deloisse.

1926 5724 1949 5762 It
1967 5704 2380 5773 Ambrosianum
2397 5706 2540 5765 hunc
2565 5704 2738 5762 locum
2763 5704 3032 5763 contende
3054 5716 3176 5763 cum
3196 5705 3454 5778 Λυσιιοιιὲ
