4040 6166
561 228 696 285 1087

1919 216 2162 275 SANCTI
2203 215 2528 271 AMBROSII

3735 209 3761 263 1
3779 208 3910 264 088

631 338 717 392 η.
763 337 878 392 Non
911 335 1041 391 fecit
1087 333 1256 404 igitur,
1293 347 1416 388 eum
1462 346 1684 389 servum
1716 331 1995 394 venditio;
2029 345 2152 384 nam
2182 332 2235 392 Α
2258 345 2442 398 aquam
2462 347 2480 396 ,-
2504 337 2552 383 et
2578 345 2881 399 quicumque
2908 343 3009 383 non
3032 328 3228 383 habetis
3254 336 3543 398 argentum,
3573 325 3669 392 ite,
3694 334 3906 390 eruite,

565 432 755 501 utique
779 427 1210 500 negotiatoribus
1249 435 1369 482 erat
1411 425 1914 481 venditus:verum
1944 424 1988 477 si
2037 437 2157 493 pre-

562 524 695 578 tium
713 533 948 590 spectes,
975 521 1175 575 multos
1203 519 1448 579 invenies
1474 518 1570 590 qui
1597 526 1854 574 emerunt
1875 517 1980 572 sibi
2008 515 2160 586 puel-

564 616 708 672 lulas
734 615 923 670 forma:
948 614 1325 683 elegantioris,
1349 626 1578 684 quarum
1606 624 1793 666 amore
1823 609 1987 679 capti,
2015 609 2160 677 turpi

565 707 793 764 servitio
822 720 947 762 sese
971 705 1259 761 dederunt.
1294 703 1590 758 Videbatur
1617 701 1826 770 Apeme
1854 700 2161 755 concubina

567 799 719 856 Darii
767 798 910 869 regis
949 795 1146 854 sedens
1182 795 1250 851 ad
1289 795 1572 851 dexteram
1608 794 1748 864 ejus,
1799 793 2055 847 auferens
2094 791 2162 846 de

568 893 747 963 capite
772 892 892 962 ejus
923 890 1194 956 diadema,
1238 898 1293 943 et
1335 903 1435 942 suo
1474 889 1758 958 imponens
1787 885 2004 951 vertici,
2045 884 2164 953 pal-

568 987 673 1042 mis
705 985 898 1040 faciem
930 984 1048 1052 ejus
1077 982 1297 1037 sinistra
1329 996 1487 1036 manu
1517 981 1851 1035 verberans:
1885 994 2045 1047 quam
2067 992 2162 1035 rex

574 1086 765 1146 aperto
795 1089 890 1130 ore
914 1075 1243 1137 intuebatur,
1275 1072 1521 1142 gaudens
1565 1071 1610 1126 si
1646 1070 1866 1142 quando
1895 1069 2166 1123 arrideret

569 1170 619 1225 ei
649 1169 883 1223 mulier:
907 1166 1052 1237 quod
1092 1167 1138 1221 si
1178 1182 1241 1222 ea
1281 1165 1678 1235 indignaretur,
1710 1164 1968 1219 IIIiSt'rlllll
2001 1179 2061 1218 se
2086 1172 2166 1217 at-

572 1277 680 1336 que
707 1262 966 1317 afflictum
989 1270 1242 1331 putaret;
1264 1271 1320 1314 ut
1349 1267 1620 1329 potestate
1649 1257 1945 1322 submissa,
1966 1265 1990 1292 η
2017 1258 2169 1310 blan-

574 1355 734 1410 ditias
759 1355 1060 1416 obtexeret.
1086 1365 1140 1409 et
1165 1353 1445 1408 Conciliari
1480 1352 1584 1408 sibi
1615 1367 1734 1406 eam
1778 1353 2168 1420 deprecaretur

579 1448 670 1520 (ιιι
705 1446 862 1502 εειιν.
897 1463 971 1514 ιν,
1002 1447 1091 1513 29,
1125 1446 1239 1517 so).

650 1581 737 1635 15.
781 1580 889 1638 Sed
949 1581 1079 1651 quid
1142 1581 1242 1635 ista
1293 1595 1491 1652 magno
1555 1581 1853 1651 allegamus
1925 1580 2168 1635 ambitu?

578 1672 697 1728 Non
753 1673 998 1728 videmus
1045 1673 1369 1744 plerumque
1421 1673 1474 1728 in
1525 1683 1846 1743 potestatem
1884 1675 2163 1743 piraticam

576 1765 662 1820 vel
688 1768 1003 1820 immanium
1046 1767 1398 1821 barbarorum
1433 1766 1684 1820 redactos
1729 1774 1986 1836 parentes
2018 1782 2048 1820 a
2106 1753 2166 1819 li-

574 1857 664 1913 liis
707 1855 735 1895 δ
777 1858 969 1913 redimi
1028 1858 1310 1929 pecunia?
1373 1857 1642 1930 Numquid
1718 1859 1864 1929 leges
1928 1860 2168 1928 pecunia:

575 1953 816 2024 potiores
845 1969 1038 2024 quam
1099 1955 1249 2024 leges
1289 1956 1540 2009 natuue?
1583 1954 1854 2025 Numquid
1888 1957 1910 1986 °
1947 1956 1998 2009 in
2049 1970 2168 2010 ser-

587 2047 756 2103 vitute
807 2049 1111 2103 accersitur
1167 2049 1388 2118 pietas?
1449 2048 1703 2118 Plerique
1732 2056 2012 2118 emptores
2058 2048 2170 2102 leo-

581 2156 713 2196 num
764 2148 893 2196 sunt
924 2181 938 2205 ,
981 2149 1034 2195 et
1083 2149 1261 2195 tamen
1317 2155 1424 2195 non
1479 2141 1834 2195 dominantur
1881 2140 2169 2194 leonibus:

579 2233 674 2288 sed
708 2233 778 2286 ita
831 2231 1195 2302 subjiciuntur
1241 2248 1400 2287 versa
1448 2232 1568 2288 vice
1619 2274 1634 2299 ,
1707 2243 1766 2287 ut
1843 2233 1890 2286 si
1945 2247 2173 2300 exaspe—

584 2334 734 2380 ratos
797 2339 892 2380 eos
949 2334 1206 2380 excutere
1270 2324 1485 2379 cervice
1549 2332 1701 2379 toros
1749 2324 2025 2390 viderint,
2091 2322 2177 2378 fu-

584 2418 808 2486 giantet
833 2417 1177 2472 delitescant.
1210 2415 1351 2471 Nihil
1391 2432 1523 2488 ergo
1562 2417 1881 2488 prtejudicat
1923 2417 2172 2486 pecunia,

581 2525 703 2580 qua:
727 2509 1046 2581 plerumque
1067 2509 1169 2564 sibi
1193 2508 1448 2563 dominos
1477 2510 1642 2564 emit:
1677 2510 1811 2564 nihil
1843 2511 2038 2565 tabula:
2057 2524 2177 2564 auc-

582 2601 838 2666 tionales,
857 2601 1052 2670 quibus
1078 2610 1293 2670 emptor
1315 2601 1630 2671 frequenter
1649 2601 1993 2672 adjudicatur
2016 2610 2175 2672 atque

583 2690 869 2745 addicitur.
901 2689 1229 2746 Contractus
1258 2707 1368 2747 non
1400 2703 1573 2746 mutat
1602 2708 1793 2761 genus,
1832 2708 1929 2747 nec
1967 2693 2175 2763 sapient-

588 2783 675 2836 tiae
695 2782 999 2836 libertatem
1014 2785 1224 2838 adimit.
1240 2783 1486 2854 Denique
1510 2778 1710 2838 famulo
1732 2785 1962 2852 sapienti
1995 2786 2172 2852 multi,

587 2881 644 2926 ut
666 2873 926 2942 scriptum
968 2883 1048 2928 est
1093 2873 1278 2941 (Prov.
1310 2891 1438 2941 xvu,
1479 2875 1573 2945 9.),
1613 2876 1856 2929 serviunt
1900 2876 2055 2930 liberi
2084 2892 2098 2928 :
2124 2887 2177 2930 et

584 2972 671 3018 est
699 2978 891 3019 servus
918 2964 1247 3034 intelligens,
1277 2967 1367 3034 qui
1399 2974 1551 3036 regat
1574 2967 1825 3020 dominos
1857 2967 2077 3021 stultos.

658 3075 745 3130 M-
787 3075 957 3143 Quem
988 3091 1117 3146 ergo
1160 3079 1331 3148 magis
1372 3079 1598 3134 liberum
1652 3081 1879 3134 censes?
1915 3082 2044 3135 Sola
2091 3091 2248 3156 cstc

588 3171 858 3239 sapientia
887 3170 1082 3234 libera,
1113 3187 1232 3240 qua:
1264 3172 1524 3226 divitibus
1557 3187 1823 3242 pauperes
1853 3175 2098 3244 prteficit,
2127 3188 2182 3232 ct

583 3279 706 3334 qua:
727 3277 915 3317 servos
942 3263 1178 3332 propriis
1205 3262 1456 3318 fenerare
1483 3264 1718 3318 dominis
1741 3265 1896 3320 facit:
1927 3267 2180 3325 fenerare

587 3370 694 3411 non
734 3356 1046 3426 pecuniam,
1082 3355 1175 3410 sed
1218 3356 1589 3411 intellectum:
1624 3357 1874 3416 feuerare
1918 3361 2177 3418 talentum

587 3446 730 3502 illius
772 3447 1035 3502 Dominici
1078 3447 1377 3517 atternique
1428 3449 1708 3516 thesauri,
1747 3454 1838 3522 qui
1885 3469 2178 3522 numquam

585 3540 973 3609 corrumpitur,
1008 3540 1161 3610 cujus
1193 3549 1248 3594 et
1289 3555 1449 3602 usura
1496 3543 1733 3611 pretiosa
1779 3554 1902 3599 est:
1932 3547 2178 3603 fenerare

581 3630 718 3686 illud
756 3630 1095 3701 iutelligibile
1139 3632 1479 3701 eloquiorum
1526 3646 1808 3703 argentum
1846 3637 2176 3703 caelestium,

585 3721 653 3776 de
678 3737 785 3792 quo
827 3721 939 3775 Lex
971 3722 1142 3776 dicit:
1182 3720 1457 3777 Fenerabis
1495 3725 1749 3794 gentibus,
1789 3735 1842 3779 tu
1876 3737 2045 3781 autem
2075 3745 2177 3782 non

586 3815 902 3871 mutuaberis
953 3815 1133 3886 (Deut.
1165 3832 1253 3882 xv,
1287 3815 1364 3887 6).
1410 3817 1562 3884 Quod
1612 3817 1867 3874 llebraaus
1913 3820 2180 3875 {oneravit

583 3909 858 3979 gentibus,
892 3908 1007 3978 ipse
1041 3921 1222 3964 autem
1254 3925 1360 3965 non
1401 3912 1611 3980 accepit
1649 3927 1679 3965 a
1725 3913 1935 3981 pOpulis
1974 3913 2179 3968 doctri-

586 4015 733 4065 nam,
782 4000 878 4054 sed
912 4001 1276 4056 tradidit:cui
1301 4003 1511 4073 aperuit
1559 4003 1822 4058 Dominus
1865 4005 2175 4059 thesaurum

586 4109 766 4159 suum,
809 4103 868 4148 ut
916 4105 1108 4164 gentes
1151 4096 1327 4165 pluvia
1365 4099 1635 4153 sermonis
1673 4099 1756 4152 sui
1787 4099 1989 4154 faceret
2013 4099 2180 4172 934

588 4182 928 4250 humescere,
970 4194 1026 4241 et
1056 4186 1212 4240 fieret
1250 4187 1502 4256 princeps
1541 4189 1802 4257 gentium,
1843 4189 1958 4258 ipse
1995 4201 2175 4246 autem

584 4293 747 4348 supra
792 4290 850 4332 se
878 4277 1179 4346 principem
1209 4279 1416 4332 nullum
1449 4277 1696 4334 haberet.

658 4393 746 4448 15.
791 4391 958 4448 Liber
985 4401 1067 4447 est
1091 4407 1218 4462 ergo
1244 4393 1336 4462 qui
1378 4393 1595 4462 sapiens
1625 4401 1730 4461 est,
1766 4395 1940 4462 pretio
1962 4405 2176 4465 emptus

2258 433 2306 477 et
2335 422 2506 484 bibite,
2536 431 2586 474 et
2613 422 2920 474 manducate
2944 419 3113 491 (Esai.
3150 436 3241 484 LV,
3276 419 3350 491 1).

2336 517 2426 573 16.
2468 517 2630 573 Liber
2669 528 2752 573 est
2793 517 2904 581 ille,
2934 518 3026 588 qui
3068 517 3422 588 progrediens
3458 517 3512 572 in
3553 517 3812 581 bellum,
3857 515 3908 572 si

2263 613 2458 668 viderit
2502 612 2783 667 mulierem
2831 613 3028 668 bonam
3078 622 3300 681 aspectu
3329 652 3345 676 ,
3399 622 3454 664 ct
3507 610 3910 679 depraedatus

2269 720 2402 776 opes
2425 705 2769 779 inimicorum
2793 719 3034 769 suorum,
3069 715 3342 772 repertam
3375 703 3484 759 illic
3521 702 3911 773 concupierit

2262 815 2402 865 eam,
2451 798 2684 869 demptis
2727 798 3036 867 superfluis,
3083 809 3135 852 et
3164 797 3483 852 indumento
3533 796 3913 867 captivitatis

2265 890 2531 955 detracto,
2566 893 2617 945 in
2649 907 2871 946 uxorem
2915 890 3018 944 sibi
3053 891 3414 957 copulaverit,
3443 889 3557 958 jam
3610 905 3729 943 non
3769 904 3912 943 ser-

2265 1000 2406 1050 vam,
2438 984 2530 1038 sed
2563 985 2786 1038 liberam
2819 981 3002 1052 (Deut.
3031 998 3138 1048 xxi,
3170 981 3405 1052 10,“);
3437 982 3700 1051 intelligit
3729 981 3906 1036 enim

2265 1075 2544 1130 famulatui
2577 1075 2910 1144 prudentiam
2942 1083 2996 1129 et
3026 1073 3366 1142 disciplinam
3415 1089 3520 1128 non
3552 1074 3905 1141 subjacere.

2268 1168 2501 1238 Ideoque
2529 1168 2639 1222 Lex
2673 1167 2828 1222 dicit:
2850 1167 2970 1220 Non
3001 1167 3395 1222 vennmdabitur
3417 1168 3649 1237 pecunia
3679 1166 3900 1236 (Ibid.,

2275 1261 2396 1332 14);
2435 1277 2594 1314 omne
2629 1261 2771 1316 enim
2820 1259 3116 1329 pretiosum
3162 1276 3266 1312 non
3311 1267 3479 1313 estea
3520 1258 3787 1328 dignum.
3825 1260 3904 1313 Et

2267 1354 2370 1409 Job
2389 1356 2546 1409 dicit:
2573 1352 2780 1407 Aura/te
2811 1353 3118 1420 sapientiam
3144 1353 3194 1404 in
3217 1352 3466 1404 interiora
3493 1349 3640 1423 (Job.
3683 1365 3898 1415 xxvtu,

2273 1445 2386 1517 18).
2444 1446 2558 1500 Non
2607 1445 2680 1499 illi
2719 1444 3128 1515 comparabitur
3172 1441 3198 1478 ἀ
3243 1443 3540 1512 EtliiOpize
3591 1443 3891 1513 topaziun,

2269 1538 2413 1608 quod
2443 1553 2576 1592 auro
2609 1536 2836 1590 habetur
2862 1545 3194 1606 argentoque
3227 1536 3539 1605 pretiosius.

2348 1631 2434 1684 17.
2476 1629 2580 1684 Sed
2613 1644 2718 1682 non
2751 1627 2846 1683 ille
2872 1630 3045 1684 solum
3081 1628 3238 1693 liber,
3268 1637 3291 1664 ε’
3321 1629 3413 1696 qui
3441 1627 3726 1683 dominum
3761 1629 3900 1684 lici-

2197 1712 2242 1770 Β
2274 1733 2500 1778 latorem
2547 1740 2652 1776 non
2709 1722 2962 1792 pertulit,
3002 1731 3094 1775 aut
3144 1721 3422 1776 tollentem
3471 1722 3700 1791 digitum
3769 1737 3894 1777 non

2273 1816 2446 1882 vidit,
2479 1815 2572 1870 sed
2605 1815 2696 1870 ille
2727 1817 2897 1885 magis
2923 1815 3080 1878 liber,
3109 1814 3201 1882 qui
3235 1815 3373 1867 intra
3400 1828 3459 1868 se
3489 1815 3622 1868 liber
3651 1823 3766 1881 est,
3790 1815 3895 1885 qui

2273 1909 2480 1978 legibus
2510 1918 2718 1962 natura:
2750 1908 2888 1962 liber
2927 1918 3032 1972 est,
3060 1907 3234 1974 legem
3272 1907 3450 1961 sciens
3489 1917 3704 1962 naturae
3740 1924 3896 1978 prie-

2273 2005 2528 2070 scriptam
2558 2017 2679 2057 esse
2710 2003 2974 2068 moribus,
3009 2017 3115 2055 non
3164 2001 3599 2066 conditionibus;
3629 2013 3686 2056 et
3728 2018 3885 2058 nien-

2274 2110 2455 2149 suram
2497 2093 2806 2148 officiorum
2856 2103 3277 2148 consentaneum
3325 2107 3432 2147 non
3464 2092 3704 2150 hominis
3735 2095 3897 2149 arbi-

2277 2191 2399 2253 trio,
2435 2189 2531 2243 sed
2565 2198 2771 2243 natura:
2798 2187 3121 2256 disciplinis.
3162 2186 3353 2242 Utrum
3398 2187 3696 2256 igituristc
3742 2189 3896 2244 liber

2279 2282 2373 2336 tibi
2399 2281 2790 2346 tantummodo,
2813 2297 2878 2335 an
2911 2281 3128 2351 quidam
3161 2280 3622 2347 censorvidetur,
3655 2291 3712 2336 et
3745 2297 3896 2352 prm—

2277 2374 2448 2429 fectus
2480 2375 2763 2428 moribus?
2804 2373 2957 2428 Unde
2986 2389 3114 2427 vere
3161 2373 3237 2427 ait
3276 2372 3554 2442 Scriptura
3587 2375 3716 2444 quia
3753 2391 3894 2445 pau—

2278 2484 2437 2538 peres
2465 2468 2689 2523 divitum
2730 2467 3010 2537 prtcpositi
3050 2474 3233 2532 erunt,
3259 2475 3314 2522 et
3339 2467 3535 2536 privati
3564 2467 3758 2539 utique
3783 2469 3889 2523 ad-

2278 2563 2700 2616 ministrantium
2742 2559 2924 2632 (Prov.
2960 2576 3092 2626 xxu,
3124 2558 3201 2631 7).

2354 2654 2444 2709 18.
2485 2653 2567 2708 Αιι
2601 2654 2693 2707 tibi
2727 2652 2865 2706 liber
2893 2650 3128 2707 videtur.
3157 2652 3248 2721 qui
3276 2650 3516 2722 'pecunia
3559 2651 3886 2724 suffragium

2279 2748 2380 2802 sibi
2403 2746 2572 2802 emit?
2593 2747 2683 2814 qui
2717 2745 2960 2815 plausum
2991 2743 3175 2813 p0pnli
3201 2743 3394 2812 magis,
3419 2758 3583 2814 quam
3609 2745 3884 2814 judicium

2280 2839 2506 2908 requirit
2534 2837 2918 2906 prudentium?
2950 2837 3042 2890 Ille
3073 2852 3203 2906 ergo
3235 2835 3374 2891 liber
3393 2846 3498 2902 est,
3524 2837 3618 2903 qui
3648 2839 3882 2908 popula-

2280 2930 2433 2984 ribus
2481 2930 2629 2982 auris
2677 2938 2959 2994 movetur;
3012 2929 3104 2982 ille
3151 2929 3242 2998 qui
3289 2927 3613 2983 reformidat
3659 2930 3883 2985 sibilum

2279 3023 2466 3094 vulgi?
2499 3023 2606 3078 Sed
2637 3038 2741 3077 non
2774 3027 2875 3076 ista
2908 3023 3154 3086 libertas,
3188 3038 3346 3092 quam
3390 3023 3765 3077 manumissus
3787 3039 3881 3078 ac-

2519 3125 2573 3170 et
2602 3115 2773 3185 palma
2805 3115 3011 3170 lictoris
3043 3115 3280 3169 donatus
3303 3113 3556 3183 acquirit.
3584 3114 3705 3169 Non
3733 3116 3876 3170 enim

2282 3209 2738 3272 munificentiam,
2769 3208 2863 3263 sed
2910 3208 3181 3263 virtutem.
3211 3205 3517 3259 libertatem
3561 3221 3689 3262 esse
3735 3208 3878 3261 arbio

2285 3311 2400 3355 tror
2421 3319 2434 3354 :
2454 3316 2575 3370 qua:
2606 3316 2714 3354 non
2738 3297 3010 3367 suffragiis
3033 3296 3275 3352 defertur
3307 3297 3518 3359 alienis.
3541 3298 3640 3352 sed
3662 3313 3874 3367 magna-

2283 3394 2525 3446 nimitate
2556 3393 2766 3460 propria
2808 3391 3110 3444 vindicatur
3155 3404 3220 3443 ac
3268 3388 3597 3457 possidetur.
3647 3389 3866 3458 Sapiens

2281 3483 2425 3538 enim
2447 3499 2668 3553 semper
2692 3482 2828 3536 liber
2857 3492 2960 3545 est,
2991 3495 3208 3549 semper
3240 3481 3558 3544 honoratus,
3592 3495 3807 3550 semper
3827 3483 3866 3535 is

2282 3577 2370 3645 qui
2411 3575 2595 3644 prtcsit
2623 3574 2848 3643 legibus.
2885 3572 3123 3641 Denique
3143 3572 3292 3641 justo
3323 3587 3429 3626 non
3456 3581 3540 3626 est
3560 3574 3734 3640 posita
3761 3573 3862 3636 lex,

2281 3668 2378 3724 sed
2421 3668 2622 3736 injusto
2661 3667 2704 3737 (l
2734 3667 2874 3720 Tim.
2905 3665 3067 3734 1,79);
3109 3664 3292 3732 justus
3317 3664 3463 3718 enim
3504 3664 3624 3732 ipse
3652 3665 3755 3719 sibi
3786 3665 3864 3719 lex

2281 3772 2387 3827 est,
2425 3776 2532 3815 non
2582 3760 2786 3814 habens
2815 3773 3038 3812 necesse
3079 3757 3289 3825 longius
3321 3756 3424 3809 sibi
3453 3770 3734 3811 accersere
3763 3757 3866 3811 for-
3919 3811 3922 3816 ,

2283 3867 2426 3906 mam
2457 3851 2694 3914 virtutis,
2728 3865 2888 3919 quam
2910 3849 3074 3902 corde
3100 3847 3361 3902 inclusam
3387 3856 3560 3917 gerat,
3609 3849 3860 3916 scriptum

2283 3944 2489 3998 habens
2517 3959 2651 4013 opus
2693 3942 2825 4012 legis
2855 3941 2906 3994 in
2950 3941 3144 3994 tabulis
3181 3939 3363 3994 cordis
3412 3939 3516 4002 sui,
3549 3941 3634 3992 cui
3666 3939 3859 3994 dictum

2281 4036 2352 4090 sit
2382 4051 2394 4088 :
2425 4033 2551 4087 Bibe
2578 4049 2762 4101 aquam
2793 4033 2854 4085 de
2886 4032 2984 4084 tuis
3008 4033 3165 4096 vasis,
3199 4041 3246 4084 et
3276 4029 3339 4082 de
3365 4040 3636 4101 puteorum
3663 4041 3860 4085 tuorum

2283 4127 2510 4197 fontibus
2529 4125 3043 4195 (Prov.v,15).Quid
3066 4125 3208 4179 enim
3226 4124 3382 4176 nobis
3406 4134 3512 4177 tam
3540 4125 3856 4193 proximum,

2281 4237 2441 4290 quam
2475 4221 2570 4276 Dei
2604 4219 2865 4274 verbum?
2898 4218 3010 4273 Hoc
3029 4227 3114 4274 est
3135 4218 3356 4273 verbum
3388 4218 3444 4272 in
3470 4218 3635 4273 corde
3658 4229 3856 4286 nostro,

2282 4323 2338 4368 et
2368 4314 2422 4367 in
2447 4328 2542 4368 ore
2561 4321 2771 4375 nostro,
2799 4312 2940 4378 quod
2989 4325 3093 4364 non
3125 4310 3368 4366 videmus
3399 4320 3455 4364 et
3480 4319 3741 4366 tenemus.

2357 4403 2443 4459 19.
2476 4403 2704 4473 Sapiens
2729 4416 2857 4470 ergo
2885 4401 3042 4464 liber,
3075 4401 3328 4470 quoniam
3359 4401 3450 4470 qui
3481 4416 3546 4454 ea
3573 4401 3714 4466 facit,
3743 4419 3855 4473 qua:

583 4487 928 4543 oraculorum
951 4486 1274 4550 caelestium.
1306 4486 1400 4540 ίΙΙο
1421 4501 1575 4550 auro,
1606 4486 1703 4541 illo
1725 4499 1954 4556 argento
1977 4504 2177 4546 sermo-
2200 4465 2256 4526 D
2281 4497 2415 4560 vult,
2450 4496 2584 4550 liber
2612 4505 2716 4549 est.
2749 4491 2855 4548 Sed
2887 4507 2992 4547 non
3021 4495 3198 4547 omnis
3227 4504 3250 4540 ε
3286 4494 3424 4548 bona
3468 4494 3733 4559 voluntas,
3765 4495 3852 4549 sed

587 4579 672 4634 nis
701 4578 868 4634 divini
898 4597 910 4634 :
943 4579 1116 4649 pretio
1145 4588 1358 4648 emptus
1384 4577 1662 4647 sanguinis
1689 4580 1821 4650 (non
1844 4580 1988 4634 enim
2018 4583 2176 4637 mini-

585 4688 731 4726 mum
757 4681 840 4727 est
859 4661 1161 4741 emptorem
1185 4668 1504 4743 agnoscere)
1524 4672 1699 4740 pretio
1727 4682 1940 4742 emptus
1962 4677 2172 4744 gratiae,

577 4765 668 4836 qui
692 4765 899 4819 audivit
923 4775 978 4821 et
1009 4765 1271 4819 intellexit
1301 4763 1574 4820 dicentem
1602 4782 1614 4818 :
1650 4764 1752 4830 Qui
1791 4766 1962 4834 sititis,
2004 4770 2073 4824 ite
2108 4773 2177 4825 ad

652 4889 677 4953 ξι
717 4879 899 4953 {Index
930 4881 1149 4953 Boyer.,
1181 4880 1462 4936 Blandiens
1492 4885 1719 4953 furorem
1743 4882 2016 4938 obtexeret.

651 4950 677 4988 δ
717 4951 792 5005 Ita
823 4953 953 5007 edit.
980 4950 1033 5006 et
1061 4968 1191 5007 mss.
1224 4954 1381 5022 longe
1413 4950 1651 5020 plurimi.
1685 4956 1783 5007 nisi
1823 4955 1964 5022 quod
1999 4959 2162 5012 omit-

582 5021 712 5078 titur
735 5023 787 5076 in
818 5023 1070 5078 omnibus
1106 5025 1236 5078 edit.
1273 5021 1334 5077 et
1368 5024 1552 5094 paucis
1598 5037 1725 5077 mss.
1774 5021 1873 5077 vox
1915 5029 2166 5094 pecunia;

582 5094 705 5148 cod.
737 5109 867 5165 vero
908 5095 1102 5165 Boyer.
1142 5097 1315 5148 locum
1342 5097 1422 5148 sic
1448 5093 1626 5165 effert,
1659 5095 1862 5148 redimi.
1900 5093 2167 5164 Numquid

585 5164 814 5234 pecunia:
839 5163 1098 5236 subjacettt
1151 5167 1285 5233 leges
1312 5164 1546 5218 naturte.’
1575 5163 1922 5234 Numquid-in
1952 5163 2166 5224 servitu-

586 5246 684 5288 tem
705 5239 981 5307 dccersitur
1011 5237 1214 5307 pietas?
1263 5306 1267 5307 ν
1335 5275 1342 5281 -

656 5314 677 5372 ς
723 5303 841 5361 vet.
866 5303 1023 5372 θύει..
1054 5308 1107 5360 in
1139 5306 1376 5360 servitute
1407 5307 1652 5360 accrescit
1677 5307 1859 5371 pietas.

576 5378 612 5447 ft
649 5371 678 5411 ἀ
718 5373 912 5450 βηνιεν.
936 5379 1088 5441 cod.,
1112 5393 1305 5450 aurunt
1326 5376 1390 5427 de
1415 5373 1712 5450 At'tftiOpia.
1739 5387 1785 5430 et
1809 5383 2070 5450 tapazion.

651 5456 674 5484 ε
717 5445 832 5518 Duo
862 5463 1016 5513 mss.,
1048 5449 1138 5518 qui
1167 5445 1789 5518 dominumrlitigatorem,
1821 5445 1977 5510 unus.
2012 5452 2160 5506 licia-

575 5531 754 5576 torem.
789 5516 1397 5579 Neutrum'commnde;
1438 5516 1576 5569 idem
1616 5518 1761 5569 enim
1803 5528 1906 5580 est,
1937 5523 2160 5574 Iicitato-

573 5591 684 5645 rem
706 5603 811 5642 non
837 5590 1068 5658 pertulit,
1092 5604 1155 5642 ac
1189 5589 1280 5655 qui
1311 5595 1523 5658 emptus
1547 5589 1871 5658 intinctione
1899 5607 2002 5658 non
2036 5591 2152 5646 fuit.

571 5659 730 5728 Quod
767 5653 946 5728 autem
969 5653 1502 5728 additur,'~tolleutem
1523 5653 1744 5728 digitum
1775 5670 1876 5728 non
1899 5657 2046 5728 vidit,
2078 5660 2152 5716 ibi

569 5696 2146 5800 ἲῧῖἶὶῙῖιιῖ“ῥῖἱῖοῐ“ἔὸἰι“ιἰἰοὶῖιὶἰὶνῖ’ἷᾷἱὶἱἱῖᾆῒέἦὲῖξηῖἱῖὶίιᾷἱῖἶ

2278 4589 2539 4657 sapientis
2569 4599 2651 4642 est
2677 4587 2856 4639 omnia
2886 4601 3006 4655 qua:
3038 4586 3178 4640 bona
3211 4597 3338 4640 sunt
3369 4587 3542 4648 velle;
3565 4587 3721 4659 935
3749 4587 3854 4642 odit

2278 4679 2673 4751 enim‘malum,
2707 4679 2831 4746 quia
2867 4677 3006 4747 quod
3054 4679 3251 4731 bonum
3284 4686 3385 4744 est,
3434 4677 3620 4746 elegit.
3650 4680 3781 4746 Ergo
3810 4679 3851 4733 si

2279 4771 2424 4844 quod
2455 4771 2654 4840 bonum
2677 4777 2761 4824 est
2787 4770 2972 4841 elegit,
3005 4771 3207 4825 arbiter
3234 4770 3539 4835 electionis,
3580 4778 3634 4823 et
3657 4764 3850 4837 eligens

2266 4899 2381 4944 tum
2407 4889 2458 4942 in
2483 4900 2739 4940 ascensus
2763 4885 3129 4939 testimonioin
3155 4886 3458 4941 elevabant.
3486 4885 3673 4942 Cicero
3698 4887 3848 4944 Verr.

2267 4961 2332 5014 '5:
2366 4960 2652 5012 Accurrunt
2675 4956 2743 5010 ad
2766 4967 2966 5024 tempus
2988 4968 3258 5027 emptores,
3289 4957 3506 5027 digitum
3534 4960 3687 5012 tollit.

2349 5029 2367 5068 ί
2393 5033 2546 5085 Putat
2566 5028 2817 5100 Nannius
2848 5029 3076 5100 palmam
3103 5030 3306 5100 lictoris
3333 5029 3470 5100 idem
3501 5044 3621 5083 esse
3637 5045 3695 5083 ac
3722 5046 3846 5100 prm-

2276 5103 2411 5155 toris
2453 5099 2742 5153 vindictam
2785 5100 2926 5166 apud
2978 5099 3279 5152 lloratinm.
3336 5099 3463 5152 Erat
3513 5109 3687 5152 autem
3725 5099 3846 5155 "vin-

2269 5173 2438 5236 dicta,
2472 5171 2612 5233 sive,
2650 5179 2709 5223 ut
2745 5169 2838 5223 alii
2877 5179 3094 5230 vocant,
3143 5171 3371 5240 fesmca,
3421 5170 3665 5238 qumdam
3710 5174 3841 5240 virga

2269 5244 2426 5312 cujus
2456 5251 2723 5312 extremo,
2756 5242 3118 5312 siveprictor.
3149 5239 3265 5294 sive
3289 5239 3441 5312 jussu
3483 5241 3716 5304 ejualein
3757 5239 3842 5296 lic-

2266 5309 2374 5374 tor,
2406 5321 2566 5379 caput
2600 5311 2767 5374 illius,
2801 5310 2891 5380 qui
2915 5311 3262 5364 asserebatur
3295 5312 3345 5362 in
3378 5309 3712 5375 libertatem,
3735 5321 3841 5366 tan-

2267 5385 2458 5452 gebat;
2513 5381 2784 5452 malumus’
2842 5391 3020 5434 tamen
3073 5381 3257 5452 palma
3311 5381 3606 5449 significari
3652 5382 3835 5435 domini

2264 5451 2360 5504 Seu
2400 5451 2606 5506 lictoris
2641 5467 2880 5515 manum,
2916 5467 3016 5519 qua
3048 5451 3121 5505 illi
3173 5452 3384 5518 alapam
3431 5453 3838 5506 manumitieudo

2268 5521 2588 5588 infligebant
2619 5538 2631 5573 :
2665 5520 2732 5574 de
2754 5538 2862 5588 quo
2892 5522 3023 5575 Vide
3055 5523 3146 5574 lib.
3180 5537 3239 5584 ιι,
3272 5522 3484 5574 Phaedri
3520 5522 3626 5573 fab.
3657 5522 3736 5576 56.

2334 5603 2359 5640 ε
2394 5589 2548 5664 Rom.
2576 5589 2737 5655 edit.,
2762 5591 2908 5664 bona
2938 5592 3232 5664 voluntatis,
3259 5591 3353 5664 sed
3378 5593 3631 5664 sapientis
3660 5603 3834 5664 tantum

2253 5673 2366 5726 eu;
2392 5661 2515 5718 alite
2542 5671 2665 5716 cum
2693 5662 2944 5718 omnibus
2971 5659 3192 5717 omnino
3217 5657 3347 5716 mu.
3377 5657 3562 5715 utnon
3593 5660 3646 5716 In
3677 5661 3828 5718 textu.
