4042 6174
109 227 251 286 1089

1313 225 1801 286 El‘lSTOLAllUM
1839 229 2117 288 CLASSIS
2147 231 2186 286 l.

3252 241 3390 298 1090

108 340 432 411 Operationis
483 338 620 392 liber
673 347 788 402 est;
826 338 1136 411 quiaquod
1191 339 1303 392 vult
1356 338 1482 393 facit
1510 355 1523 391 :
1552 339 1688 393 liber
1716 341 1766 401 Α
1791 341 2092 408 sapientiai.
2138 342 2327 396 Omnis
2373 357 2504 414 ergo
2552 345 2642 415 qui
2688 344 2965 401 Christum
3021 348 3248 419 recipit,
3297 367 3387 408 sa-

110 447 235 500 crgo
262 432 497 500 sapiens.
544 431 770 498 Sapiens
801 432 980 486 omnia
1020 447 1140 501 qua:
1183 432 1331 496 facit,
1363 432 1504 487 bene
1533 431 1680 486 facit.

108 527 210 594 Qui
234 533 402 578 autem
435 525 576 579 bene
608 523 734 577 facit
761 524 964 586 omnia,
997 535 1144 578 recte
1183 523 1308 578 facil
1339 523 1520 578 omnia
1555 541 1568 578 :
1595 525 1685 594 qui

104 635 235 672 vero
262 628 400 672 recte
431 616 560 671 facit
598 616 802 683 omnia,
831 617 1018 687 utique
1056 617 1337 681 inoffense,
1365 628 1422 671 et
1451 619 1686 686 irrepre-

106 710 454 772 hensibiliter,
490 721 541 763 et
569 709 688 764 sine
720 709 920 764 damno
946 721 1000 764 et
1040 713 1403 766 commotione
1430 711 1511 765 sui
1554 708 1686 765 facit

106 803 301 856 omnia.
325 798 418 855 Cui
446 801 609 871 igitur
635 801 734 855 hoc
764 803 971 862 subest,
1004 813 1058 854 ut
1083 802 1344 856 inoffense
1371 801 1533 856 faciat
1562 817 1681 856 om-

106 897 218 958 nia,
260 894 413 947 faciat
460 893 1035 963 irrcprebensibiliter,
1080 893 1242 948 faciat
1282 896 1400 950 sine
1445 910 1686 950 commo-

106 989 250 1041 tione
271 986 369 1052 sui,
396 986 515 1041 sine
532 986 764 1049 damno;
792 986 924 1038 nihil
955 987 1276 1055 insipienter
1299 986 1444 1053 facit,
1479 988 1572 1042 sed
1597 1003 1684 1042 sa-

102 1079 310 1148 pienter
358 1078 559 1132 omnia.
634 1079 735 1143 Qui
772 1088 950 1131 autem
1009 1079 1280 1148 sapienter
1329 1078 1495 1143 facit,
1551 1079 1682 1133 nihil

101 1172 263 1225 habet
288 1170 427 1238 quod
458 1177 693 1232 metuat;
727 1179 906 1222 metus
930 1171 1075 1222 enim
1110 1170 1161 1222 in
1194 1178 1416 1236 peccato
1446 1181 1547 1224 est.
1583 1168 1682 1224 Ubi

98 1273 276 1317 autem
316 1261 457 1315 nulla
496 1259 751 1324 formido,
797 1261 866 1314 ibi
899 1259 1123 1314 libertas
1153 1277 1164 1312 :
1198 1260 1284 1313 ubi
1325 1260 1566 1322 libertas,
1611 1260 1681 1314 ihi

100 1364 330 1426 potestas
345 1352 571 1408 faciendi
585 1352 725 1423 quod
743 1353 878 1406 vult:
900 1352 1046 1406 solus
1057 1367 1186 1421 ergo
1201 1367 1255 1405 sa
1265 1352 1415 1421 piens
1431 1351 1564 1407 liber
1576 1361 1679 1406 est.

164 1447 255 1500 20.
275 1446 484 1500 Etenim
498 1449 587 1516 qui
612 1447 914 1515 nequecogi
949 1455 1146 1514 potest,
1181 1461 1355 1515 neque
1385 1446 1681 1514 prohiberi,

97 1541 139 1593 is
161 1553 495 1606 nequaquam
509 1553 697 1592 servus
716 1554 727 1590 :
748 1537 1009 1605 sapientis
1031 1547 1210 1592 autem
1236 1547 1321 1592 est
1339 1553 1513 1607 neque
1534 1538 1676 1608 cogi.

95 1649 270 1703 neque
292 1631 598 1702 prohiberi:
631 1648 736 1686 non
766 1641 849 1687 est
881 1633 1042 1702 igitur
1071 1647 1260 1687 servus
1288 1633 1526 1702 sapiens.
1548 1633 1682 1686 Pro-

1791 431 1979 500 piens:
2013 433 2107 502 qui
2133 444 2314 488 autem
2347 436 2584 506 sapiens,
2620 437 2754 492 liber
2785 454 2798 492 :
2829 439 3007 494 oinnis
3042 439 3208 510 igitur
3229 441 3390 498 Chri-

1788 523 1999 577 5tianus
2025 533 2082 577 et
2105 523 2244 578 liber
2273 535 2327 580 et
2357 527 2593 596 sapiens.

1860 613 1949 668 25.
1986 615 2178 670 Docuit
2217 632 2304 672 me
2341 626 2518 674 tamen
2550 618 2843 687 Apostolus
2871 621 3012 691 quod
3043 625 3179 678 ultra
3216 625 3385 695 ipsam

1788 705 2097 762 libertatem
2129 707 2219 768 sit,
2255 711 2541 764 ntservire
2573 711 2795 768 libertas
2819 713 2893 767 sit
2924 731 2937 766 :
2969 715 3097 768 Cum
3121 716 3282 783 liber,
3307 717 3388 772 in-

1785 799 1924 869 quit,
1947 817 2107 854 essem
2135 803 2366 855 omnium
2395 819 2474 857 me
2499 819 2696 856 seruum
2729 805 2864 872 feci;
2887 816 2940 859 ut
2968 808 3142 876 plures
3170 810 3388 879 lucrifa-

1787 905 1952 943 cerem
1996 891 2040 957 (Ι
2070 890 2190 945 Cor.
2224 908 2304 957 ix,
2336 893 2449 963 19).
2476 894 2616 962 Quid
2639 905 2723 950 est
2751 898 2889 952 ultra
2921 898 3248 967 libertatem,
3284 902 3390 957 nisi

1787 982 1990 1039 habere
2010 985 2268 1056 Spiritum
2293 988 2501 1057 gratiae,
2527 987 2727 1045 habere
2755 991 3120 1049 charitalenil
3143 995 3390 1051 Libertas

1785 1075 1932 1129 enim
1959 1076 2187 1130 liberum
2214 1077 2343 1133 facit
2363 1077 2697 1147 hominibus,
2721 1083 2962 1139 charitas
2991 1087 3222 1141 amicum
3252 1066 3389 1146 Deo.

1787 1167 1941 1221 Undc
1971 1169 2048 1220 ait
2073 1166 2322 1223 Christus
2351 1186 2366 1223 :
2405 1169 2509 1226 Vos
2530 1182 2702 1226 autem
2722 1175 2834 1228 dixi
2863 1179 3059 1230 amicos
3087 1176 3266 1249 (Joan.
3294 1195 3387 1248 xv,

1788 1257 1901 1324 15).
1935 1257 2077 1312 Boaa
2119 1261 2395 1326 charitas,
2427 1261 2497 1318 de
2532 1280 2634 1333 qua
2676 1266 2912 1322 dicitur:
2945 1267 3050 1323 Per
3078 1269 3387 1326 charitalem

1787 1347 2014 1418 Spiritus
2061 1352 2239 1405 servile
2286 1353 2502 1408 inuicem
2544 1354 2742 1427 (Galat.
2793 1375 2858 1424 v,
2907 1359 3017 1429 15).
3063 1360 3303 1418 Servivit
3331 1373 3388 1419 et

1783 1439 2059 1504 Christus,
2089 1454 2144 1496 ut
2169 1460 2362 1499 omnes
2384 1445 2584 1501 liberos
2607 1447 2829 1504 faceret.
2862 1448 3054 1505 Manus
3083 1453 3196 1523 ejus
3223 1453 3276 1506 in
3297 1469 3385 1508 co-

1786 1529 1945 1596 phino
1974 1533 2262 1588 servierunt
2291 1534 2462 1604 (Psal.
2501 1553 2680 1603 Lux,
2707 1540 2762 1609 7)
2791 1559 2804 1593 :
2849 1542 2942 1613 qui
2987 1558 3096 1598 non
3142 1543 3385 1615 rapinam

1785 1631 1869 1675 est
1913 1623 2210 1679 arbitratus
2249 1641 2374 1682 esse
2403 1641 2463 1682 se
2502 1632 2766 1699 aequalem
2803 1632 2935 1700 Deo,
2966 1634 3196 1690 formam
3241 1638 3388 1692 servi

96 1729 311 1783 hibetur
335 1729 501 1792 enim,
529 1727 619 1795 qui
652 1742 758 1781 non
794 1726 1031 1796 fungitur
1062 1727 1158 1793 iis,
1206 1742 1324 1795 quae
1367 1725 1640 1781 desiderat
1667 1744 1681 1778 :
1713 1727 1762 1788 B
1788 1715 1998 1784 accep"
2023 1714 2195 1786 (ΡΙιίίο
2223 1733 2280 1782 ΙΙ»
2309 1719 2397 1788 6);
2430 1730 2485 1776 ει
2507 1722 2689 1776 omnia
2721 1725 2972 1780 omnibus
2997 1729 3169 1782 lactus
3197 1738 3302 1793 est,
3326 1739 3388 1784 ut

99 1837 213 1890 quzc
240 1829 421 1874 autem
449 1819 723 1873 desiderat
748 1817 986 1887 sapiens,
1018 1819 1119 1871 nisi
1151 1833 1212 1872 ea
1241 1831 1362 1888 qu:e
1393 1819 1606 1871 virtutis
1627 1825 1684 1871 et

99 1915 393 1984 disciplina:
415 1922 562 1978 sunt,
589 1913 707 1966 sine
729 1911 924 1981 quibus
949 1927 1070 1966 esse
1094 1927 1198 1965 non
1229 1911 1448 1981 potest?
1478 1912 1532 1965 ln
1562 1911 1683 1980 ipso

99 2008 233 2063 enim
260 2017 408 2072 sunt,
435 2020 538 2060 nec
567 2005 902 2060 divelluntur
926 2006 994 2059 ab
1023 2019 1109 2060 eo.
1151 2004 1304 2070 Quod
1336 2006 1380 2060 si
1412 2004 1682 2059 divellun-

99 2112 198 2164 tur,
221 2103 331 2169 jam
364 2116 468 2153 non
500 2102 742 2169 sapiens,
767 2100 858 2170 qui
885 2101 955 2153 sit
981 2100 1101 2154 sine
1127 2099 1342 2154 virtutis
1372 2116 1469 2154 usu
1491 2115 1555 2155 ac
1575 2100 1684 2155 dis-

96 2195 283 2264 ciplina
308 2234 323 2258 ,
367 2193 562 2262 quibus
603 2193 719 2261 ipse
747 2208 806 2246 se
837 2192 1048 2246 fraudet
1072 2235 1086 2259 ,
1117 2193 1161 2246 si
1194 2208 1300 2247 non
1333 2195 1403 2248 sit
1434 2195 1682 2248 volunta-

97 2288 202 2341 rius
233 2286 448 2339 virtutis
477 2286 768 2355 interpres.
801 2283 955 2352 Quod
986 2285 1031 2338 si
1071 2285 1302 2353 cogitur,
1337 2284 1683 2340 manifestum

97 2389 172 2433 est
215 2377 359 2447 quod
406 2377 604 2430 invitus
644 2376 826 2430 faciat.
894 2375 950 2429 In
1002 2377 1255 2430 omnibus
1302 2386 1483 2432 autem
1530 2377 1685 2432 factis

97 2480 179 2524 aut
202 2486 230 2523 a
262 2469 463 2524 virtute
491 2469 861 2524 correctiones
885 2477 1031 2534 sunt,
1059 2476 1150 2521 aut
1176 2483 1205 2522 a
1235 2469 1439 2523 malitia
1472 2471 1687 2540 prolap—

98 2562 298 2623 siui.es,
345 2569 437 2614 aut
483 2559 681 2623 media,
730 2568 823 2614 aut
872 2561 1255 2614 indifferentia.
1309 2560 1535 2616 Virtutis
1579 2577 1684 2616 non

98 2666 334 2719 coactus,
363 2651 458 2706 scd
485 2652 827 2707 voluntarius
848 2659 1141 2707 exsecutor
1162 2659 1244 2707 est
1269 2654 1522 2722 sapiens;
1550 2669 1686 2724 quo-

100 2746 233 2799 niam
265 2744 448 2798 omnia
479 2759 598 2812 qua:
623 2743 860 2812 placent,
890 2745 1001 2814 agit
1033 2744 1251 2798 malitia:
1285 2743 1518 2813 fugitans
1540 2787 1555 2811 ,
1586 2760 1684 2800 nec

98 2837 359 2892 somnium
381 2835 499 2904 ejus
517 2834 774 2890 admittit.
808 2835 1244 2891 lndill'erentibus
1269 2837 1339 2890 ita
1368 2853 1474 2891 non
1505 2853 1688 2893 move-

101 2939 195 2995 tur,
242 2941 299 2983 ut
331 2928 494 2982 nullis
543 2929 831 2982 momentis
859 2928 998 2982 sicut
1039 2929 1231 2998 vulgus
1272 2929 1549 2984 hominum
1583 2929 1687 2984 huc

100 3032 254 3092 atque
283 3022 411 3075 illuc
443 3021 757 3087 inclinetur,
789 3021 886 3076 sed
915 3032 1187 3092 tamquam
1219 3024 1272 3077 in
1304 3035 1504 3080 statera
1535 3041 1688 3080 mens

1787 1809 2040 1864 omnibus
2063 1811 2290 1866 salutem
2322 1813 2540 1870 afferret
2565 1816 2609 1887 (Ι
2634 1815 2754 1871 Cor.
2778 1817 2986 1889 ix,22).
3015 1819 3184 1890 Cujus
3209 1821 3391 1877 imita-

1786 1908 1872 1953 tor
1901 1900 2120 1967 Paulus,
2153 1914 2207 1959 et
2234 1906 2386 1974 quasi
2411 1906 2512 1960 sub
2541 1907 2686 1978 Lege
2712 1920 2850 1976 erat,
2875 1919 2930 1966 et
2955 1911 3113 1981 quasi
3142 1913 3262 1968 sine
3286 1913 3392 1971 Le-

1784 2005 1850 2060 ge
1883 1993 2095 2048 vivebat
2123 2009 2222 2064 pro
2243 2011 2431 2051 eorum
2465 1998 2721 2066 utilitate,
2759 2015 2897 2070 quos
2931 2004 3188 2072 cupiebat
3214 2005 3390 2062 lucra-

1786 2082 1829 2135 ri
1856 2101 1870 2136 :
1902 2092 1957 2138 et
1990 2085 2218 2140 inhrmis
2247 2088 2437 2142 volens
2467 2089 2632 2143 ﬂebat
2656 2089 2939 2150 inﬁrmus.
2971 2101 3030 2146 ut
3059 2107 3160 2149 eos
3189 2095 3388 2150 coiiﬁr-

1788 2186 1998 2230 maret:
2044 2188 2098 2231 et
2138 2179 2411 2244 currebat,
2443 2190 2497 2234 ut
2525 2182 3058 2251 comprehenderet:
3089 2195 3146 2240 et
3189 2201 3389 2258 corpus

1786 2282 1942 2320 suum
1990 2268 2325 2338 castigabat,
2370 2282 2427 2324 ut
2477 2281 2775 2341 potestates
2818 2289 3009 2330 aereas
3061 2276 3115 2332 in
3166 2276 3388 2337 Christo

1787 2360 2167 2430 triumpharet.

1857 2452 1948 2506 24.
1975 2453 2072 2508 Est
2097 2469 2226 2524 ergo
2256 2455 2486 2524 sapienti
2509 2464 2565 2512 et
2585 2457 2790 2514 servire
2810 2458 3057 2514 libertas.
3087 2459 3242 2518 Unde
3265 2463 3384 2518 col-

1789 2547 1972 2616 ligitur
1998 2547 2123 2617 quia
2155 2549 2322 2604 stulto
2341 2559 2406 2627 et
2449 2550 2718 2619 imperare
2745 2553 2978 2607 servitus
3004 2564 3118 2621 est;
3153 2556 3389 2627 etquod

1790 2645 1942 2714 pejus
1968 2652 2074 2710 est,
2105 2660 2226 2699 cum
2264 2625 2606 2714 paucioribus
2641 2649 2847 2717 pra'sit,
2879 2648 3126 2718 pluribus
3154 2625 3388 2706 dominis

1788 2747 1841 2792 el
1869 2737 2212 2807 gravioribus
2239 2740 2426 2794 servit.
2457 2723 2640 2794 Servit
2671 2741 2817 2795 enim
2847 2743 3084 2812 propriis
3116 2743 3388 2813 passioni-

1792 2831 1914 2896 bus,
1960 2831 2130 2886 servit
2159 2831 2548 2898 cupiditatibus
2597 2834 2731 2898 suis,
2777 2850 3007 2905 quarum
3047 2835 3386 2894 dominatum

1791 2938 1891 2980 nec
1920 2933 2075 2978 nocte
2103 2932 2280 2993 potest
2306 2924 2512 2996 fugere,
2539 2941 2640 2981 nec
2670 2927 2792 2994 die;
2819 2931 2944 2999 quia
2966 2929 3107 2984 intra
3134 2945 3194 2986 se
3213 2929 3394 2985 domi-

1792 3032 1890 3071 nos
1922 3018 2105 3084 habet,
2156 3019 2295 3072 intra
2342 3034 2401 3073 se
2447 3021 2725 3074 servitium
2775 3022 2978 3091 patitur
3023 3022 3390 3091 intolerabile,

101 3115 208 3185 ejus
248 3130 402 3185 :equa
448 3115 603 3168 lance
647 3113 879 3183 pendeat
911 3131 925 3177 ;
969 3123 1025 3168 ut
1068 3131 1243 3184 neque
1281 3117 1345 3169 ad
1388 3117 1684 3186 voluptaria
1715 3111 1761 3174 C
1792 3109 2018 3164 Gemina
2039 3111 2183 3165 enim
2213 3112 2448 3166 servitus
2473 3112 2768 3179 est,altera
2791 3115 3057 3186 corporis,
3087 3115 3394 3174 animarum

102 3207 448 3276 pwpendeat,
469 3220 645 3274 neque
674 3206 896 3259 omnino
925 3205 992 3258 ad
1023 3221 1107 3270 ea,
1138 3222 1257 3276 quae
1279 3217 1404 3260 sunt
1431 3223 1689 3262 aversan-

103 3298 179 3364 da,
205 3299 294 3354 vel
324 3299 518 3353 leviter
549 3297 785 3352 studium
815 3298 1040 3352 inclinet
1064 3315 1240 3361 suum,
1271 3299 1366 3352 sed
1395 3299 1687 3355 immobilis

104 3402 312 3448 maneat
339 3391 560 3447 affectu.
603 3391 758 3446 Unde
798 3391 968 3462 liquet
995 3393 1119 3462 quia
1150 3393 1283 3448 nihil
1325 3394 1524 3449 invitus
1561 3395 1691 3450 facit

105 3486 341 3555 sapiens,
376 3500 553 3555 neque
584 3487 795 3555 cogitur
822 3501 836 3549 ;
869 3484 993 3554 quia
1026 3486 1073 3539 si
1109 3500 1300 3542 servus
1324 3494 1501 3554 esset,
1530 3503 1690 3558 coge-

105 3590 242 3632 retur
273 3595 286 3630 :
321 3577 458 3631 liber
490 3578 652 3646 igitur
674 3587 756 3632 est
785 3578 1024 3646 sapiens.

166 3671 254 3726 2L
284 3669 580 3740 Apostolus
601 3686 814 3740 quoque
844 3671 923 3725 sic
952 3670 1144 3725 deﬁnit
1171 3671 1360 3727 dicens
1390 3690 1402 3725 :
1431 3671 1552 3726 Non
1577 3689 1690 3726 sum

105 3778 186 3832 ego
216 3764 367 3827 liber,
392 3778 495 3815 non
525 3779 633 3816 sum
661 3763 924 3833 apostolus
977 3764 1022 3834 (l
1048 3762 1166 3818 Cor.
1195 3781 1268 3831 ix,
1304 3767 1355 3834 1)
1375 3767 1397 3818 ?
1420 3766 1524 3820 Sed
1555 3766 1692 3819 adeo

107 3855 256 3923 liber,
301 3867 358 3909 ut
386 3871 507 3910 cum
554 3855 951 3910 subintrassent
977 3856 1192 3925 quidam
1229 3866 1439 3912 tentare
1471 3857 1690 3912 liberta-

108 3954 204 4002 tem
255 3947 397 4018 ejus.
439 3962 542 4002 nec
583 3947 650 4001 ad
696 3947 910 4015 horam,
940 3957 1000 4003 ut
1042 3949 1157 4017 ipse
1186 3950 1259 4003 ait
1288 3948 1485 4020 (Galal.
1515 3965 1574 4012 ιι,
1608 3949 1689 4018 5),

108 4041 323 4096 cederet
346 4039 699 4109 subjectioiii,
739 4049 795 4093 ut
834 4041 1034 4095 veritas
1063 4041 1337 4109 Evangelii
1371 4041 1694 4109 praedicare-

110 4143 206 4187 tur.
238 4133 342 4202 Qui
369 4148 501 4202 ergo
532 4147 639 4187 non
666 4134 855 4196 cessit,
885 4133 1072 4188 volens
1105 4132 1434 4200 praedicavit.
1470 4133 1568 4189 Ubi
1601 4148 1694 4188 vo-

110 4226 300 4290 luntas,
333 4226 404 4280 ibi
435 4240 645 4280 merces
671 4225 1004 4280 voluntatis:
1035 4226 1122 4280 ubi
1149 4226 1465 4290 necessitas,
1500 4226 1571 4280 ibi
1598 4227 1695 4281 ob.

111 4319 348 4387 sequium
403 4317 770 4371 necessitatis.
822 4317 1013 4372 Melior
1061 4332 1191 4387 ergo
1240 4318 1491 4372 voluntas
1534 4333 1693 4387 quam

111 4409 418 4463 necessitas.
447 4407 596 4464 Velle
622 4423 752 4478 ergo
773 4408 1032 4478 sapientis
1059 4417 1162 4475 est,
1191 4425 1380 4478 parere
1407 4420 1460 4465 et
1489 4410 1696 4465 servire

113 4497 426 4570 insipientis.
836 4516 838 4518 '
1416 4494 1424 4502 ’

165 4591 253 4645 22.
287 4590 413 4646 Haec
441 4593 606 4647 etiam
643 4604 726 4647 est
754 4593 1005 4662 Apostoli
1047 4592 1291 4648 definitio
1325 4593 1559 4650 dicentis
1587 4611 1600 4646 :
1636 4593 1698 4650 Si

111 4683 235 4736 enim
268 4684 443 4738 colens
465 4685 560 4738 hoc
583 4702 704 4756 ago,
737 4686 1016 4740 mercedem
1042 4686 1232 4741 habebo
1257 4705 1276 4742 :
1305 4689 1350 4742 si
1374 4699 1542 4742 autem
1569 4689 1701 4742 invi-

110 4783 206 4840 tus,
247 4775 562 4846 dispensatio
602 4778 728 4829 mihi
767 4777 966 4832 credita
1007 4787 1080 4832 est
1111 4778 1154 4850 (Ι
1192 4778 1311 4834 Cor.
1345 4796 1420 4844 ix,
1455 4780 1567 4849 17).
1601 4779 1700 4835 Sa-

109 4865 270 4932 pienti
311 4867 473 4934 igitur
501 4881 711 4922 merces
741 4867 1022 4933 defertur,
1049 4870 1268 4938 sapiens
1299 4881 1477 4925 autem
1507 4885 1576 4924 ex
1606 4885 1695 4924 vo-

110 4956 309 5014 luntate
341 4959 501 5014 facit:
548 4961 685 5015 liber
721 4961 901 5030 itaque
931 4962 1229 5017 secundum
1264 4963 1581 5031 Apostolum
1614 4977 1701 5016 sa-

111 5050 276 5114 piens.
309 5051 460 5108 Unde
493 5063 549 5108 et
580 5053 694 5121 ipse
734 5054 965 5108 clamat:
1010 5053 1107 5108 Vos
1144 5055 1280 5108 enim
1320 5055 1372 5108 in
1417 5055 1700 5108 libertatem

111 5146 268 5196 vocati
294 5145 437 5209 estis,
470 5154 669 5198 tantum
701 5161 764 5198 ne
787 5146 1074 5201 libertatm
1105 5147 1156 5199 in
1183 5147 1502 5199 occasionem
1526 5146 1700 5198 carnis

112 5232 235 5286 delis
267 5234 463 5304 (Galat.
493 5251 557 5299 v,
590 5236 702 5304 15).
732 5237 1054 5306 Sequestrat
1081 5253 1110 5291 a
1140 5237 1258 5307 lege
1300 5234 1697 5302 Christianum,

111 5338 178 5376 ne
204 5331 400 5380 invitus
424 5327 673 5382 videatur
700 5328 803 5399 legi
834 5330 1227 5385 succumbere:
1259 5328 1425 5400 936
1461 5337 1615 5382 vocat
1646 5329 1697 5382 in

114 5411 460 5486 Evangelium
482 5460 498 5486 ,
530 5420 674 5489 quod
706 5421 951 5475 volentes
981 5429 1036 5476 et
1072 5421 1365 5491 praedicant
1389 5432 1442 5475 et
1471 5436 1702 5490 operan-

119 5512 219 5560 tur.
241 5507 463 5564 Judmus
493 5511 594 5566 sub
625 5512 789 5581 Lege,
818 5511 1159 5568 Christianus
1182 5529 1281 5584 per
1313 5513 1660 5584 Evangelium
1687 5531 1698 5566 :

118 5595 168 5651 in
196 5598 335 5670 Lege
363 5603 616 5670 servitus,
646 5605 700 5657 in
733 5604 1029 5675 Evangelio
1061 5604 1305 5672 libertas,
1342 5605 1432 5661 ubi
1467 5605 1703 5675 cognitio

190 5720 216 5751 ⁸
246 5714 359 5774 Hoc
386 5717 675 5790 SOphoclei
697 5733 891 5776 versus
915 5720 1218 5792 exemplum
1244 5733 1310 5775 ex
1336 5719 1563 5777 Philone
1582 5735 1702 5777 cum

1792 3202 1997 3256 altera:
2029 3203 2231 3258 domini
2257 3213 2436 3260 autem
2457 3207 2704 3275 corporis
2725 3209 2941 3278 quidem
2973 3208 3244 3278 homines,
3275 3211 3400 3266 ani-

1793 3310 2001 3349 marum
2032 3303 2211 3350 autem
2244 3297 2467 3352 malitiae
2511 3306 2566 3352 ct
2613 3300 2920 3369 passiones,
2965 3316 2994 3356 a
3038 3303 3236 3373 quibus
3274 3303 3394 3361 sola
3481 3360 3491 3366 .

1794 3387 1957 3440 animi
1989 3386 2210 3442 libertas
2233 3389 2534 3459 sapientem
2564 3391 2832 3457 vindicat;
2879 3403 2938 3448 ut
2976 3395 3204 3452 servitio
3237 3396 3286 3451 ei
3330 3396 3401 3452 li-

1795 3491 1915 3536 ceat
1944 3483 2115 3538 exire.

1865 3574 1955 3629 25.
1990 3577 2305 3642 Quaeramus
2356 3577 2520 3646 igitur
2567 3577 2717 3632 illum
2749 3593 2880 3633 vere
2910 3579 3234 3648 sapientem,
3265 3595 3402 3641 vere

1798 3667 2050 3732 liberum,
2074 3670 2162 3738 qui
2197 3668 2441 3735 quamvis
2471 3669 2576 3722 sub
2602 3669 2956 3737 plurimorum
2990 3669 3268 3724 dominatu
3299 3673 3401 3726 de-

1795 3767 1906 3827 gat,
1941 3757 2111 3812 libere
2133 3757 2267 3812 dicit
2291 3775 2302 3808 :
2336 3758 2464 3823 Quis
2485 3766 2560 3811 est
2584 3798 2597 3821 ,
2622 3759 2708 3826 qui
2739 3774 2935 3812 mecum
2953 3759 3156 3828 judicio
3186 3768 3399 3814 conten-

1798 3848 1934 3902 dat?
1964 3848 2044 3900 Tu
2070 3849 2211 3901 solus
2241 3864 2451 3901 manum
2483 3857 2625 3901 tuam
2645 3866 2676 3901 a
2695 3866 2775 3902 me
2795 3849 3010 3913 abstine,
3037 3866 3069 3902 a
3089 3853 3240 3922 cujus
3269 3866 3395 3904 con-

1797 3949 1969 4010 specta
1994 3955 2095 3992 non
2119 3947 2293 4004 patera
2314 3954 2394 3991 me
2418 3939 2765 4004 abscondere;
2792 3950 2840 3994 et
2865 3941 3018 3994 timor
3040 3951 3156 3998 tuus
3187 3959 3286 3998 non
3313 3959 3396 4000 me

1797 4030 2038 4101 perrellat
2064 4027 2184 4097 (Job
2213 4045 2329 4094 nn,
2356 4030 2422 4085 19
2441 4041 2490 4084 et
2509 4047 2616 4099 seq.
2630 4031 2669 4100 ).

1867 4122 1956 4176 26.
1989 4122 2157 4187 Quem
2206 4131 2424 4176 secutus
2457 4122 2629 4178 David
2662 4138 2755 4178 rex
2787 4124 2864 4178 ait
2894 4140 2908 4177 :
2942 4124 3059 4179 Tibi
3086 4129 3183 4184 soli
3213 4146 3399 4200 pecca-

1799 4215 1846 4266 vi
1877 4211 2050 4281 (Psal.
2083 4229 2133 4278 1.,
2166 4212 2242 4282 6).
2273 4212 2462 4283 Regali
2500 4215 2646 4270 enim
2682 4218 2945 4272 subnixus
2972 4217 3212 4288 fastigio.
3241 4225 3396 4290 quasi

1801 4304 1976 4373 legum
2003 4302 2256 4358 dominus
2285 4303 2498 4374 legibus
2532 4319 2658 4360 reus
2689 4320 2800 4360 non
2841 4315 2980 4374 erat,
3013 4309 3115 4363 soli
3147 4309 3262 4365 Deo
3294 4309 3397 4364 ob-

1799 4395 1996 4450 noxius
2028 4394 2333 4459 tenebatur,
2357 4395 2447 4466 qui
2472 4394 2725 4451 dominus
2753 4404 2836 4452 est
2863 4407 3215 4466 potestatum.
3267 4417 3270 4420 θ

1713 4493 1768 4554 1)
1863 4487 1954 4541 2'7.
1991 4487 2170 4542 Alium
2213 4486 2340 4542 audi
2383 4486 2655 4542 liberum:
2687 4487 2822 4542 Mihi
2847 4499 3019 4543 autem
3059 4506 3152 4562 pro
3188 4491 3400 4546 minimo

1802 4589 1896 4646 est,
1926 4588 1978 4632 ut
2004 4595 2047 4638 α.
2065 4580 2202 4633 vobis
2223 4578 2614 4648 dijudicer,'aut
2641 4579 2705 4633 ab
2727 4581 2951 4635 humano
2975 4583 3058 4635 die
3076 4598 3096 4637 :
3121 4584 3211 4637 sed
3235 4599 3397 4655 neque

1803 4690 1882 4728 me
1909 4673 2081 4742 ipsum
2111 4671 2378 4744 dijudico;
2405 4670 2538 4725 nihil
2560 4672 2696 4726 enim
2720 4670 2847 4726 mihi
2875 4689 2986 4728 sum
3009 4675 3240 4730 conscius
3263 4714 3278 4729 .
3300 4714 3316 4729 .
3338 4713 3354 4731 .
3381 4715 3397 4732 .

1802 4768 1888 4836 qui
1921 4777 2092 4819 autem
2121 4763 2380 4836 dijudicat
2405 4779 2505 4829 me,
2544 4761 2796 4818 Dominus
2819 4774 2894 4819 est
2931 4765 2973 4835 (Ι
2995 4765 3114 4820 Cor.
3139 4782 3211 4832 tv,
3243 4767 3297 4833 5,
3318 4769 3398 4840 4).

1804 4857 1944 4914 Vera
1969 4857 2195 4912 libertas
2216 4854 2455 4910 hominis
2470 4855 2748 4924 spiritalis,
2768 4857 2892 4926 quia
2914 4855 3176 4926 dijudicat
3195 4861 3400 4927 omnia,

1802 4951 1919 5021 ipse
1947 4962 2124 5003 autem
2155 4961 2186 5000 a
2216 4945 2433 5001 nemine
2463 4944 2812 5014 dijudicatur,
2851 4960 2952 5002 nec
2988 4961 3018 5000 a
3061 4963 3403 5022 quocumque

1803 5050 2064 5099 creatura:
2088 5037 2368 5108 participe,
2399 5035 2494 5090 sed
2528 5035 2630 5090 Soli
2677 5036 2786 5090 Deo
2824 5050 2885 5091 se
2913 5037 3191 5095 subditum
3229 5043 3403 5109 novit,

1803 5137 1893 5207 qui
1920 5133 2070 5190 solus
2099 5133 2218 5186 sine
2245 5136 2468 5200 peccato
2497 5137 2580 5184 est
2618 5127 2664 5193 (Ι
2686 5127 2808 5184 Cor.
2835 5144 2896 5196 ιι,
2932 5131 3048 5200 15),
3089 5132 3159 5187 de
3185 5149 3294 5206 quo
3323 5135 3405 5191 di.

1805 5230 1878 5284 cit
1899 5227 2002 5282 Job
2028 5245 2041 5278 :
2073 5224 2209 5278 Vivit
2231 5219 2505 5286 Dominus,
2527 5221 2614 5290 qui
2638 5221 2712 5275 sic
2731 5237 2811 5274 me
2825 5222 3032 5294 judicat
3056 5221 3180 5293 (Job
3231 5241 3400 5294 xxvii,

1805 5323 1897 5388 2);
1931 5321 2079 5376 solus
2104 5320 2248 5376 enim
2281 5317 2370 5372 ille
2397 5325 2578 5386 potest
2611 5315 2856 5386 judicare
2886 5318 3116 5389 justum,
3156 5323 3311 5394 cujus
3347 5325 3402 5382 in

1807 5422 2099 5483 conspectu
2139 5411 2337 5467 coelum
2379 5425 2488 5467 non
2526 5419 2612 5468 est
2649 5411 2932 5481 mundum,
2982 5429 3084 5470 nec
3121 5418 3403 5476 stellarum

1807 5524 1940 5581 pura
1967 5518 2023 5564 et
2042 5507 2190 5563 clara
2217 5506 2438 5567 Iumina.

1881 5602 1973 5656 28.
2020 5601 2152 5668 Quis
2193 5610 2276 5655 est
2317 5599 2411 5670 qui
2460 5608 2484 5634 τι
2537 5598 2836 5668 Sophoclea
2879 5599 2932 5654 in
2986 5601 3220 5658 medium
3266 5606 3407 5662 ferat

1814 5717 1937 5772 aliis
1968 5715 2213 5787 plurimis
2259 5723 2534 5771 mutuatus
2560 5713 2771 5773 videtur
2797 5701 3148 5788 Ambrosius;
3175 5728 3232 5780 at
3263 5720 3408 5790 inter
