4040 6166
173 211 326 269 1097

1420 221 1906 285 EPISTULABUM
1946 222 2229 281 CLASSIS
2265 225 2305 279 Ι.

3358 241 3494 298 1098

153 329 482 383 condet.....
527 329 677 385 Ferte
728 331 901 387 bestia:
939 333 1170 404 paciﬁca:
1209 343 1359 389 erunt
1399 336 1510 403 tibi,
1561 347 1612 391 et
1660 338 1789 393 scies
1818 344 1863 402 Λ
1894 338 2021 391 πολυ
2054 341 2297 414 χρύσους
2327 343 2532 411 τύχας,
2565 341 2988 415 imperialesque
3015 361 3176 417 gazas
3198 390 3211 413 ,
3245 367 3346 407 suo
3377 367 3500 410 erat

151 420 390 490 quodin
420 437 549 491 pace
579 423 678 475 erit
704 422 887 476 domus
927 433 1018 478 tua
1055 424 1215 495 (Job.
1249 441 1308 491 v,
1344 427 1411 483 l7
1435 426 1475 490 ).
1527 427 1784 497 Mitigatis
1885 436 2178 483 contentus
2207 429 2450 498 palmite.
2499 430 2689 489 Nonne
2734 434 2949 491 videtur
2981 437 3068 494 hic
3100 443 3273 512 magis
3301 445 3489 513 dives,

153 511 317 565 enim
348 511 535 566 carnis
566 510 728 581 hujus
757 512 924 580 vitiis,
954 523 1009 569 et
1033 515 1402 584 passionibus,
1429 533 1549 587 qua:
1576 518 1779 572 milita-

153 617 220 658 re
247 602 524 659 adversus
548 603 788 659 animam
812 605 1012 672 solent,
1040 607 1387 663 tabernacula
1409 617 1500 664 tua
1519 609 1636 664 sine
1659 624 1781 679 per-

151 697 484 753 turbatione
511 706 693 762 erunt,
721 697 917 754 domus
947 699 1068 755 sine
1085 698 1412 767 oll'ensione,
1442 716 1632 757 semen
1659 699 1780 756 sine

148 789 409 856 defectu,
443 799 472 826 λ
503 791 801 861 posteritas
825 792 966 848 sicut
993 792 1131 848 odor
1152 794 1266 866 agri
1302 794 1470 864 pleni,
1499 796 1776 865 sepultura

149 884 310 939 sicut
337 884 555 940 messis.
593 884 870 956 Siquidem
906 885 1120 956 quando
1147 886 1241 942 alii
1263 886 1289 924 ι)
1318 902 1476 942 suum
1503 886 1774 943 defectum

149 977 529 1042 arbitrantur,
564 986 694 1034 tunc
724 992 954 1035 acervus
979 979 1144 1035 tritici
1183 980 1260 1036 tui
1311 981 1566 1052 supernis
1596 991 1774 1037 matu-

148 1085 254 1125 rus
292 1069 530 1126 infertur
561 1082 582 1109 ο
609 1072 915 1141 apothecis.

223 1165 288 1218 6.
335 1163 726 1234 Meritojustus
755 1180 974 1236 semper
1006 1166 1239 1231 fenerat,
1291 1169 1506 1238 iniquus
1542 1168 1767 1239 indiget.

142 1255 252 1312 Ille
281 1254 313 1292 ἀ
336 1256 578 1325 justitias
607 1256 842 1324 fenerat,
866 1257 1081 1315 fenerat
1102 1260 1416 1316 mandatum
1448 1261 1541 1317 Dei
1570 1277 1773 1332 paupe—

143 1352 318 1407 ribus
344 1360 400 1406 et
422 1353 612 1422 egenis
638 1370 650 1406 :
679 1361 735 1408 at
763 1368 896 1410 vero
917 1354 1184 1426 insipiens
1223 1368 1278 1412 et
1307 1357 1454 1427 quod
1505 1366 1658 1426 putat
1710 1373 1771 1414 se

147 1445 391 1510 habere,
418 1459 758 1517 nequaquam
794 1447 1054 1517 possidet.
1098 1447 1181 1503 An
1211 1459 1368 1519 putas
1397 1450 1547 1505 illum
1593 1452 1770 1521 possi-

141 1535 319 1600 dere,
350 1536 442 1608 qui
470 1536 724 1594 thesauro
751 1553 851 1594 suo
873 1539 962 1596 die
988 1554 1053 1596 ac
1078 1551 1237 1597 nocte
1280 1543 1570 1609 incubans,
1604 1558 1768 1598 avara

143 1636 206 1682 et
233 1629 442 1684 misera
472 1637 758 1701 torquetur
786 1632 1190 1690 sollicitudine?
1225 1635 1323 1692 Ille
1365 1651 1494 1692 vero
1521 1645 1680 1708 eget,
1711 1646 1768 1693 et

1885 517 1973 572 hic
2002 520 2175 590 magis
2220 537 2347 587 rex,
2396 519 2415 557 ί
2447 523 2536 592 qui
2581 525 2685 580 sibi
2728 527 3069 597 abundabat,
3105 547 3229 587 suas
3271 537 3496 610 regebat

1882 612 2245 682 cupiditates;
2275 624 2330 668 ut
2361 614 2498 669 nihil
2525 617 2763 672 alienum
2793 622 3252 692 concupisceret?
3276 627 3368 683 ille
3398 644 3494 685 au-

1882 712 1990 758 tem
2037 707 2460 775 egentissimus,
2501 710 2587 765 cui
2633 725 2824 767 aurum
2864 729 3022 768 suum
3079 717 3222 781 vile,
3279 719 3494 777 alienus

1883 797 2093 866 palmes
2122 799 2554 869 pretiosissimus
2584 805 2981 862 aestimabatur?
3021 809 3128 864 Sed
3147 827 3252 881 qua
3279 815 3494 871 ratione

1883 892 2330 962 Begeutissimus,
2355 910 2624 966 cognosce
2655 916 2667 952 :
2701 898 2828 969 quia
2861 901 3067 958 divitiae
3111 905 3314 975 injuste
3361 922 3495 963 con-

1877 993 2115 1055 gregatae
2152 998 2485 1043 evomuntur
2517 988 2654 1060 (Job
2682 1008 2774 1056 xx,
2804 994 2950 1065 l5);
2987 997 3138 1052 radix
3165 1012 3344 1055 autem
3377 1001 3494 1071 jus-

1881 1084 2058 1131 torum
2106 1089 2287 1135 manet
2339 1078 2540 1148 (Prov.
2598 1099 2708 1150 χιι,
2743 1084 2872 1154 12),
2906 1098 2962 1142 et
3009 1096 3071 1142 ut
3111 1092 3286 1158 palma
3333 1096 3494 1150 lloret

1881 1164 2055 1236 (Psal.
2092 1183 2220 1233 XCI,
2258 1168 2372 1239 15).

1948 1260 2003 1314 9.
2050 1260 2133 1314 Au
2187 1277 2294 1316 non
2341 1265 2594 1333 egentior
2640 1282 2880 1338 paupere
2937 1270 3023 1338 is,
3071 1276 3162 1342 qni
3213 1285 3484 1350 tamquam

1878 1352 2067 1407 umbra
2108 1356 2544 1429 prteterit(Psal.
2585 1363 3072 1432 cxuu,4)?llodie
3119 1368 3318 1438 impius
3339 1374 3487 1426 exal-

1876 1454 2043 1512 tatur,
2075 1463 2199 1504 cras
2225 1465 2334 1504 non
2360 1452 2484 1514 erit,
2503 1467 2602 1507 nec
2625 1453 2942 1511 invenietur
2963 1459 3161 1529 aliquis
3193 1463 3346 1519 locus
3369 1465 3487 1534 ejus

1874 1534 2059 1606 (Psal.
2085 1555 2278 1607 XXXVI,
2311 1543 2412 1608 55,
2444 1543 2571 1613 56).
2599 1544 2736 1610 Quid
2763 1558 2846 1602 est
2873 1550 3055 1620 itaque
3083 1551 3308 1608 divitem
3334 1571 3484 1625 esse,

1873 1629 1978 1684 nisi
2023 1631 2350 1689 abundare?
2391 1635 2527 1701 Quis
2557 1647 2739 1694 autem
2770 1642 3048 1709 abundat,
3083 1646 3174 1715 qui
3208 1648 3278 1703 sit
3304 1650 3489 1707 animo

143 1721 194 1776 si
223 1721 360 1777 aliis
390 1722 543 1778 dives
573 1723 812 1790 videtur,
842 1725 946 1781 sibi
977 1741 1184 1796 pauper
1211 1737 1335 1794 est;
1367 1729 1493 1799 quia
1518 1744 1625 1784 non
1655 1730 1763 1785 uti-
1797 1739 1845 1798 Β
1871 1725 2241 1780 οοιιιΐθοιίοτῗ
2287 1724 2389 1792 Ουί
2437 1738 2621 1784 alitem
2669 1733 2854 1788 animo
2910 1739 3267 1807 CODlNCliOI‘,
3304 1744 3490 1814 Illique

147 1824 247 1871 tur
281 1834 350 1873 eo
379 1817 524 1888 quod
549 1817 735 1885 habet,
763 1819 855 1889 qui
884 1819 1060 1876 adhuc
1088 1822 1192 1877 alia
1216 1822 1394 1894 rapit,
1419 1823 1524 1878 alia
1555 1823 1767 1880 deside-

150 1922 239 1965 rat
275 1929 287 1963 :
321 1911 414 1966 ubi
447 1912 589 1968 enim
630 1913 813 1968 nttllus
839 1914 1122 1984 cupiditati
1147 1916 1376 1983 modus,
1415 1919 1508 1988 qui
1555 1918 1762 1974 fructus

148 2004 512 2061 divitiarum?
535 2006 706 2064 Nemo
738 2017 822 2064 est
848 2007 1022 2077 dives,
1056 2012 1146 2081 qui
1170 2012 1314 2082 quod
1349 2012 1531 2081 habet,
1578 2027 1763 2068 secum

151 2097 291 2154 hinc
321 2097 539 2155 auferre
574 2115 681 2155 non
712 2110 924 2172 potest:
946 2103 1092 2173 quod
1121 2104 1265 2160 enim
1299 2105 1386 2160 hic
1405 2105 1761 2176 relinquitur,

151 2207 266 2246 non
297 2200 566 2258 nostrum,
587 2192 683 2248 sed
710 2192 950 2248 alienum
975 2204 1080 2250 est.

228 2286 284 2339 7.
329 2285 490 2342 Dives
517 2285 726 2351 Enoch,
761 2286 1020 2360 quiquod
1049 2287 1240 2345 habuit
1282 2304 1469 2346 secum
1517 2297 1764 2346 transtu-

154 2383 247 2449 lit,
283 2390 342 2437 et
367 2397 586 2438 omnem
619 2383 771 2438 illum
817 2384 1079 2440 bonitatis
1117 2401 1232 2442 suae
1253 2401 1481 2442 censum
1526 2387 1764 2444 coelesti-

151 2475 261 2531 bus
293 2475 477 2532 intulit
497 2477 901 2550 receptaculis(
931 2475 1060 2533 Gen.
1089 2495 1142 2547 v,
1173 2479 1244 2533 25
1265 2479 1315 2549 ):
1368 2480 1459 2550 qui
1487 2480 1609 2536 ideo
1637 2497 1764 2550 rap—

155 2579 242 2623 tus
298 2579 396 2634 est,
437 2587 500 2625 ne
540 2586 627 2625 cor
654 2574 769 2643 ejus
817 2571 1021 2626 malitia
1061 2581 1281 2627 mutaret
1327 2571 1502 2642 (Sap.
1528 2589 1603 2642 tv,
1634 2573 1757 2644 ll).

156 2664 322 2720 Dives
340 2662 523 2730 Elias,
585 2665 676 2735 qui
733 2664 992 2724 virtutum
1016 2679 1239 2720 suarum
1285 2665 1570 2721 thesauros
1596 2681 1762 2722 curru

155 2757 320 2830 igneo
343 2756 594 2814 sublimis
617 2756 842 2814 sedibus
867 2757 1124 2813 aethereis
1145 2757 1349 2814 invexit
1380 2758 1399 2831 (
1425 2757 1493 2813 ιγ
1523 2757 1653 2831 Reg.
1680 2775 1716 2813 ιι
1740 2800 1757 2826 ,

160 2853 284 2923 ll).
320 2851 389 2907 Et
421 2860 598 2907 tamen
660 2853 762 2908 iste
793 2867 900 2908 non
948 2853 1252 2910 mediocres
1294 2853 1516 2909 divitias
1557 2853 1761 2910 btet'edi

156 2945 404 3018 reliquit,
432 2962 570 3019 quas
603 2947 718 3017 ipse
743 2962 852 3004 non
878 2947 1171 3004 amitteret.
1216 2947 1349 3016 Quis
1386 2948 1530 3004 hunc
1561 2963 1762 3020 paupe-

159 3055 272 3096 rem
304 3040 390 3094 vel
417 3049 543 3096 tunc
570 3039 791 3108 dixerit,
817 3055 942 3112 eum
968 3041 1142 3097 victus
1179 3042 1481 3112 quotidiani
1504 3042 1758 3113 indigens

1867 1816 2154 1884 angustior
2190 1833 2202 1869 :
2238 1833 2361 1888 qua:
2393 1819 2557 1890 igitur
2587 1823 2639 1876 in
2670 1825 2937 1894 angustiis
2967 1829 3336 1888 abundantia?
3366 1835 3486 1894 Non

1867 1921 1997 1977 ergo
2027 1907 2179 1964 dives
2204 1951 2220 1978 ,
2251 1910 2345 1980 qni
2373 1927 2483 1967 non
2520 1914 2780 1970 abundat.
2816 1917 2972 1974 Unde
3013 1922 3240 1990 pulchre
3268 1924 3439 1982 David
3471 1949 3484 1984 :

1871 1998 2100 2071 Divites,
2124 2005 2342 2075 inquit,
2373 2019 2654 2078 eguerunt,
2689 2021 2737 2064 et
2764 2015 3054 2070 esurierunt
3081 2015 3254 2087 (Psal.
3288 2036 3484 2090 XXXIII,

1869 2091 1980 2162 10);
2010 2095 2264 2162 quoniam
2295 2111 2419 2152 cum
2449 2099 2714 2156 haberent
2743 2103 3149 2173 Scripturarum
3184 2109 3478 2170 thesauros

1865 2186 2174 2242 cmlestium
2201 2228 2216 2253 ,
2251 2200 2518 2259 eguerunt
2547 2193 2637 2262 qui
2672 2209 2778 2248 non
2811 2196 3198 2254 intellexerunt
3227 2243 3240 2267 ,
3271 2214 3324 2258 et
3355 2223 3482 2262 esu-

1865 2281 2076 2336 rierunt
2120 2282 2215 2352 qui
2261 2283 2468 2339 nullum
2517 2287 2780 2356 spiritalis
2829 2291 3022 2357 gratiae
3066 2304 3352 2362 gustarunt
3398 2302 3482 2354 ci-

1866 2370 2016 2427 bum.

1939 2465 2025 2520 10.
2057 2464 2207 2520 Nihil
2236 2465 2400 2536 igitur
2423 2467 2619 2522 aﬁ'ectu
2642 2469 2909 2538 sapientis
2935 2473 3103 2528 ditius
3127 2517 3142 2542 ,
3176 2477 3314 2534 nihil
3346 2479 3480 2537 insi-

1867 2557 2065 2627 pientis
2095 2561 2364 2630 egentius.
2405 2560 2541 2616 Nam
2591 2578 2712 2618 cum
2758 2580 2984 2633 regnum
3025 2567 3120 2624 Dei
3173 2584 3477 2642 pauperum

1863 2653 1938 2707 sit
1969 2651 2192 2722 (Matth.
2229 2671 2283 2720 v,
2325 2653 2415 2725 5),
2448 2656 2577 2726 quid
2623 2672 2747 2714 esse
2779 2658 3108 2731 locupletius
3160 2668 3378 2733 poteSt?
3410 2667 3481 2722 Et.

1863 2743 1990 2822 ideo
2022 2747 2287 2815 praeclare
2312 2746 2608 2817 Apostolus
2640 2767 2652 2802 :
2689 2750 2734 2804 0
2763 2752 3234 2825 altitudo,inquit,
3270 2757 3478 2814 divitia-

1864 2855 1980 2892 rum
2001 2840 2269 2910 sapientite
2297 2850 2343 2894 et
2373 2841 2602 2896 scientia:
2626 2841 2726 2898 Dei
2746 2843 2928 2914 (Rom.
2953 2863 3028 2914 χι,
3049 2847 3143 2921 55)
3168 2851 3179 2902 !
3205 2850 3479 2910 Praeclare

1865 2932 2026 2986 etiam
2063 2932 2228 2986 David
2258 2974 2270 2997 ,
2301 2933 2390 3002 qui
2425 2933 2479 2988 in
2509 2934 2594 2988 via
2638 2936 3077 2994 testimoniorum
3127 2942 3432 2998 cmlestium
3457 2989 3474 3011 ,

1863 3024 2016 3093 quasi
2040 3024 2092 3079 in
2123 3024 2373 3080 omnibus
2399 3025 2621 3093 divitiis,
2653 3027 3026 3108 delectabatur
3052 3030 3239 3102 (Psal.
3272 3050 3469 3101 cxvut,

155 3134 436 3200 alimonia,
468 3135 774 3190 mitteretur
799 3135 866 3190 ad
894 3134 1129 3202 viduam,
1155 3145 1212 3190 ut
1231 3143 1550 3205 paseeretur
1576 3135 1644 3190 ab
1663 3151 1749 3201 ea;

1869 3116 1991 3188 l4).
2027 3117 2303 3186 Expresse
2341 3118 2585 3189 Moyses,
2620 3121 2711 3190 qui
2741 3122 2852 3176 ait:
2891 3121 3237 3193 Nephthalim
3259 3130 3471 3184 satietas

157 3227 381 3300 quando
406 3226 476 3282 ad
502 3228 624 3298 ejus
643 3242 833 3284 vocem
857 3228 1056 3284 emlum
1085 3227 1436 3284 claudebatur
1464 3239 1518 3284 et
1545 3229 1756 3298 aperie-

157 3319 340 3386 batur,
375 3317 592 3389 quando
621 3319 687 3374 ad
713 3319 832 3390 ejus
867 3320 1092 3376 verbum
1123 3318 1318 3390 hydria
1362 3319 1549 3375 farinae
1578 3327 1633 3375 et
1659 3335 1754 3376 vas

157 3413 269 3469 olei
301 3427 411 3468 non
437 3412 728 3469 deﬁciebat
768 3428 863 3483 per
905 3414 1221 3479 triennium,
1267 3412 1362 3468 sed
1392 3413 1706 3469 abundabat
1739 3431 1751 3468 :

158 3519 260 3561 nec
286 3503 631 3561 minuebatur
665 3520 785 3574 usu,
814 3504 911 3561 sed
942 3505 1253 3576 replebatur
1293 3505 1311 3574 (
1337 3504 1401 3560 IIl
1437 3505 1568 3577 Reg.
1600 3522 1711 3560 xvu
1738 3547 1752 3571 ,

157 3599 192 3655 9
233 3607 282 3653 et
322 3596 515 3668 seq.)?
553 3599 686 3666 Quis
737 3599 888 3654 illum
935 3614 1228 3670 pauperem
1277 3599 1497 3662 dixerit,
1546 3598 1614 3653 ad
1661 3615 1756 3654 cu-

151 3691 240 3760 jus
275 3689 604 3746 voluntatem
645 3689 1012 3746 descendebat
1056 3691 1196 3762 ignis
1245 3689 1343 3762 (IV
1372 3691 1498 3762 Reg.
1535 3690 1707 3759 1,14)
1736 3732 1750 3756 ,

154 3798 313 3853 quem
347 3783 488 3838 invia
517 3782 640 3837 aliis
680 3780 900 3836 ﬁumina
934 3795 1042 3836 non
1064 3779 1469 3836 concludebant
1495 3778 1589 3850 (IV
1616 3778 1748 3847 Reg.

155 3893 214 3943 ιι,
242 3877 326 3947 8),
371 3876 469 3931 sed
504 3876 559 3929 in
594 3872 759 3944 943
789 3887 947 3927 suum
999 3872 1207 3928 fontem
1262 3871 1646 3934 recurrebant;
1695 3876 1754 3923 ut

153 3973 299 4025 sicco
327 3968 597 4040 prOpheta
632 3965 890 4020 transiret
933 3963 1114 4035 pede?

224 4060 273 4114 8.
304 4060 454 4114 Duos
483 4056 745 4112 ﬁnitimos
770 4067 928 4112 vetus
954 4054 1181 4110 historia
1213 4052 1474 4110 describit
1499 4052 1588 4126 (Ill
1617 4051 1748 4124 Reg.

154 4169 242 4210 χιι
258 4195 272 4220 ,
300 4155 323 4208 I
346 4163 395 4208 et
422 4153 586 4223 seq.),
614 4166 797 4223 regem
825 4151 1032 4217 Achab,
1055 4159 1112 4206 et
1133 4163 1422 4221 pauperem
1444 4148 1749 4216 Nabuthen;

150 4262 308 4320 quem
339 4246 531 4301 horum
557 4246 956 4316 pauperiorem,
981 4260 1140 4316 quem
1164 4244 1418 4299 ditiorem
1439 4243 1752 4300 credimus?

151 4339 301 4395 Alter
329 4339 498 4410 regali
529 4338 702 4395 fulcro
733 4338 1044 4394 divitiarum
1073 4337 1363 4409 prreditus,
1409 4335 1753 4406 inexplebilis

152 4431 579 4502 insatiabilisque
601 4431 796 4502 opibus
817 4433 928 4488 suis
947 4475 960 4500 ,
984 4432 1233 4504 exiguam
1259 4429 1517 4500 pauperis
1538 4429 1750 4486 vineam

1856 3212 2222 3282 accipientium
2252 3211 2433 3284 (Deut.
2465 3229 2660 3280 χχχιιι,
2683 3213 2800 3286 25).
2833 3215 3205 3288 Nephthalim,
3236 3218 3263 3256 h
3296 3223 3471 3279 abun-

1858 3301 2041 3357 dantia
2071 3304 2406 3376 signiﬁcatur
2435 3304 2626 3361 Latina
2659 3305 3135 3380 interpretatione,
3158 3314 3244 3368 vel
3267 3313 3469 3370 dilata-

1859 3398 1952 3452 tio.
1987 3398 2063 3453 lbi
2115 3415 2246 3471 ergo
2290 3399 2662 3465 abundantia,
2694 3401 2785 3456 ubi
2827 3405 3089 3461 satietas:
3141 3407 3230 3463 ubi
3279 3419 3467 3466 autem
3547 3432 3556 3440 ·

1857 3489 2034 3547 fames
2062 3492 2422 3562 cupiditatum
2444 3534 2457 3558 ,
2493 3492 2580 3548 ubi
2625 3493 2975 3563 inexplebilis
3006 3501 3316 3569 appetentis
3344 3519 3357 3566 ;
3392 3503 3466 3557 ibi

1857 3583 2043 3653 utique
2090 3595 2406 3656 paupertas.
2441 3584 2548 3640 Sed
2581 3584 2706 3653 quia
2735 3585 2822 3639 vix
2855 3586 2961 3640 ulla
3003 3589 3080 3642 rei
3129 3595 3460 3657 pecuniaria:

1856 3674 1942 3729 vel
1967 3675 2151 3729 mundi
2185 3675 2347 3744 hujus
2393 3673 2665 3745 cupiditas
2708 3675 3016 3730 satietatem
3062 3677 3258 3743 habet;
3297 3680 3465 3737 iideo

1854 3764 2061 3821 addidit
2087 3783 2098 3818 :
2121 3764 2188 3819 Et
2214 3765 2491 3834 replebitur
2507 3765 2857 3818 benedictione
2878 3763 2932 3834 (Ι
2936 3766 3092 3836 bid.).

1928 3858 2015 3910 ll.
2052 3855 2366 3910 Secundum
2401 3855 2520 3915 haec
2546 3855 2741 3910 Petrus
2765 3857 3045 3925 apostolus
3067 3857 3318 3914 definivit
3349 3879 3456 3917 non

1855 3951 1908 4004 in
1943 3961 2080 4001 auro
2125 3955 2182 4003 et
2225 3955 2451 4018 argento
2489 3955 2544 4001 et
2580 3945 2914 4002 indumentis
2959 3948 3281 4006 feminarum
3338 3970 3462 4012 esse

1854 4047 2236 4098 ornamentum
2261 4082 2276 4107 ,
2306 4040 2405 4095 sed
2444 4039 2498 4094 in
2537 4038 2752 4094 occulto
2791 4041 2974 4096 cerdis
3023 4041 3245 4102 homine
3293 4058 3461 4121 atque

1854 4135 2176 4194 abscondito
2202 4134 2246 4206 (l
2268 4133 2383 4189 Pet.
2411 4150 2489 4201 ιιι,
2511 4134 2600 4203 5);
2625 4131 2773 4188 unde
2799 4133 2948 4188 nulla
2977 4149 3036 4190 se
3057 4149 3221 4194 exuat
3250 4143 3456 4202 cultum

1855 4227 2072 4301 pietatis
2095 4269 2111 4295 ,
2141 4234 2394 4283 ornatum
2419 4225 2627 4298 gratiae,
2652 4223 2777 4279 vitae
2804 4233 3024 4282 aeternae
3055 4227 3452 4292 htereditatem.

1855 4323 1988 4380 Vale
2011 4363 2024 4389 ,
2056 4329 2113 4378 et
2144 4335 2243 4376 nos
2275 4319 2441 4391 dilige
2467 4336 2481 4386 ;
2511 4317 2635 4389 quia
2668 4332 2767 4373 nos
2796 4326 2848 4374 te
2869 4317 3167 4390 diligimus.

2204 4419 2370 4493 θη
2410 4421 2422 4470 ι
2474 4415 2810 4475 EPISTOLA
2849 4418 3096 4476 XXXIX.

151 4524 478 4582 desideravit
507 4541 521 4580 :
552 4526 694 4582 alter
740 4537 763 4564 θ
792 4527 1101 4597 despiciens
1145 4525 1328 4580 animo
1371 4525 1618 4597 βασιλέων
1656 4526 1751 4586 τὰς
1777 4515 1832 4575 D
1857 4520 2168 4576 Faustinum
2185 4524 2396 4588 propter
2411 4513 2604 4570 sororis
2626 4522 2840 4570 mortem
2859 4514 3126 4570 hominum
3142 4523 3451 4580 consortium

227 4671 249 4697 ει
287 4659 554 4715 Alluditur
586 4661 654 4715 ad
683 4661 820 4718 Gen.
851 4678 1020 4727 xxvn,
1047 4662 1147 4716 27:
1180 4659 1315 4717 Ecce
1341 4661 1469 4714 odor
1497 4660 1595 4732 ﬁlii
1616 4660 1738 4732 mei,

149 4735 276 4790 sicut
299 4732 426 4786 odor
455 4733 567 4802 agri
600 4732 756 4801 pleni,
783 4743 915 4800 etc.,
943 4749 1044 4790 nec
1070 4748 1176 4788 non
1204 4732 1269 4786 ad
1295 4732 1397 4788 Jo‘b
1418 4749 1469 4799 ν,
1497 4729 1572 4787 Ξϐ
1606 4750 1618 4784 :
1656 4729 1742 4784 In-

151 4803 396 4875 gredieris
412 4804 474 4875 in
501 4803 822 4859 abundantia
846 4805 1160 4875 sepulcrum,
1191 4804 1321 4858 sicut
1350 4806 1574 4875 infertur
1596 4818 1739 4857 acer-

151 4874 242 4928 vus
268 4874 440 4939 tritici,
474 4885 582 4930 etc.

221 4944 247 4982 ιι
283 4943 716 5019 gotlettBoyer.,
747 4963 894 5001 suum
924 4947 1515 5019 fructum_arbitrantur.

226 5026 248 5088 (ἦ
289 5014 385 5070 Ubi
416 5014 620 5086 aliquid
670 5014 971 5088 reponitur,
1027 5019 1103 5073 ait
1148 5016 1387 5072 Nannius
1419 5015 1736 5088 ,apotheca

150 5087 370 5211 dieittllll‘:
396 5101 541 5143 nunc
566 5085 748 5145 autem
803 5089 1352 5159 pharmacopularum
1389 5087 1631 5142 ofﬁcinas
1661 5085 1734 5140 ita

151 5173 280 5211 anne
325 5172 500 5211 amus.

151 5172 500 5213 appellamus.

199 5175 215 5207 δ
485 5197 500 5213 .

185 5174 622 5297 Weﬁgltg‘jsedit"
638 5234 873 5302 justitias
901 5237 1098 5303 fenerat
1118 5226 1496 5303 mandato_Dei
1520 5245 1543 5303 ί
1566 5226 1693 5303 aliae
1713 5269 1728 5292 ,

151 5315 212 5355 ac
254 5315 381 5355 mss.
412 5341 426 5365 ,
483 5297 718 5370 justitias
757 5297 955 5372 fenerat
1004 5302 1303 5357 mandatum
1346 5297 1467 5372 Dei.
1504 5297 1581 5372 lu
1615 5298 1733 5372 solo

152 5368 677 5496 lioyﬁr.'gem'inatttr
703 5368 924 5445 fenerat,
955 5375 1099 5445 quod
1137 5372 1332 5428 saltem
1364 5370 1415 5424 in
1463 5371 1584 5425 aliis
1607 5368 1734 5424 sub-

152 5453 255 5496 tnte
302 5451 485 5496 utitur.

151 5443 485 5512 intelligitur.

222 5524 243 5584 (ὲ
274 5514 495 5584 Amerb.
521 5528 643 5570 cum
676 5531 808 5570 mss.
843 5530 952 5570 non
987 5516 1199 5584 paucis,
1224 5513 1477 5584 aspiciens
1505 5514 1698 5567 animo.

221 5583 240 5622 τ
272 5583 506 5639 Divitem
529 5598 651 5638 eum
675 5601 796 5641 esse
812 5583 1000 5641 deﬁnit
1017 5585 1210 5642 Cicero
1225 5583 1346 5639 loco
1364 5585 1483 5650 cit.,
1503 5586 1586 5639 cui
1599 5592 1743 5639 tanta

153 5655 396 5727 possessio
412 5662 519 5727 est,
555 5661 611 5706 ut
624 5656 691 5707 ad
719 5656 999 5712 liberaliter
1019 5657 1286 5712 vivendum
1307 5656 1461 5727 facile
1478 5665 1745 5711 contentus

151 5723 213 5786 sit
232 5769 245 5795 ,
271 5726 358 5798 qui
387 5723 519 5778 nihil
537 5734 756 5794 quierat,
786 5727 919 5782 nihil
945 5739 1186 5800 appelal,
1217 5723 1322 5785 etc;
1351 5725 1582 5785 Maxime
1612 5741 1746 5785 vero

669 5823 945 5887 PATROL.
1007 5825 1182 5888 XVI.

1841 4658 1909 4712 ab
1935 4657 2053 4726 ejus
2080 4651 2496 4726 argumentandi
2517 4651 2728 4726 ratione
2750 4651 2806 4706 in
2829 4651 3189 4725 eo'diserepat
3218 4659 3450 4717 Ambro-

1842 4721 1990 4801 sius;
2012 4721 2172 4801 qugd
2194 4739 2294 4801 pro
2317 4734 2561 4801 veterum
2587 4721 3254 4801 lioman_orum_esemplis
3280 4771 3294 4794 ,
3324 4748 3448 4801 quae

1839 4793 2211 4872 illeadbibet,
2244 4797 2332 4850 hic
2362 4794 2529 4850 nullis
2555 4793 2725 4848 utitur
2755 4793 2860 4848 nisi
2891 4809 2920 4850 e
2953 4795 3132 4852 divina
3152 4793 3446 4872 'Script'ura

1841 4869 2044 4940 petitis.

1914 4951 1938 4987 ε
1979 4939 2112 4996 Cod.
2148 4938 2380 5016 Boyer._._
2408 4935 2800 5016 egentissimus?
2829 4935 2964 5002 Quia
3001 4939 3194 4996 divitiae
3230 4959 3446 5016 congre-

1838 5022 1972 5081 gata:
2002 5007 2243 5081 pereunt;
2263 5008 2417 5081 radix
2438 5007 2602 5081 enim)
2629 5015 2737 5081 etc.

1913 5081 1942 5157 ἒξ
1971 5077 2124 5157 ldent
2143 5079 2265 5157 cod.
2297 5079 2524 5157 Boyer.,
2554 5077 2757 5157 Patina;
2779 5079 3218 5157 interpretationis
3245 5087 3449 5157 signiﬁ-

1841 5155 2038 5209 catione
2073 5147 2567 5224 abundantia‘ntAuel
2608 5147 2923 5224 dilationem
2956 5151 3233 5224 signiﬁcat.
3287 5147 3444 5224 Quod

1843 5240 1973 5281 vero
2012 5225 2078 5279 ad
2108 5223 2251 5276 hunc
2301 5219 2779 5290 signiﬁcatum,_in
2808 5234 2894 5290 reo
2935 5219 3199 5278 alluditur
3237 5219 3442 5286 ad'illa

1840 5295 2004 5352 verba
2027 5293 2176 5350 citati
2203 5291 2310 5368 loci
2349 5287 2412 5346 ex
2443 5291 2598 5368 Deut.
2628 5305 2640 5342 :
2672 5287 2963 5368 Nephthali
2984 5293 3304 5368 abundantia
3328 5317 3446 5368 per-

1841 5373 2077 5440 fruetur,
2117 5373 2164 5418 et
2209 5363 2392 5434 plenus
2421 5363 2516 5415 erit
2561 5361 3016 5440 benedictionibus.
3066 5363 3196 5419 Nam
3246 5361 3448 5440 alioqui

1843 5431 2044 5494 rectius
2064 5431 3058 5514 interpretaremuridemyoﬁcabulum
3084 5431 3450 5514 comparatio-

1840 5524 1966 5565 nem
1984 5549 1998 5569 ,
2028 5503 2389 5579 retorsionem
2412 5517 2474 5579 ac
2503 5503 2940 5579 tortuositatem,
2965 5515 3023 5560 ut
3049 5503 3228 5579 vulgo‘
3243 5513 3444 5568 solent.

1921 5580 1937 5618 i
1973 5579 2168 5649 Boyer.
2204 5574 2385 5649 solus,
2417 5575 2531 5649 ideo
2560 5574 2623 5627 de
2643 5575 2792 5640 justo
2812 5575 3019 5649 dicitur.

1923 5652 1935 5702 i
1973 5645 2187 5720 Scripta
2211 5645 2351 5702 haud
2375 5645 2546 5700 multo
2567 5654 2690 5716 post
2709 5659 2838 5701 ann.
2861 5647 2989 5702 587.

2869 5810 2948 5872 35
