4040 6166
563 235 704 292 1099

1922 209 2165 268 SANCTI
2205 209 2531 266 AMBROSII

3658 264 3665 269 .
3746 211 3905 268 “00

632 345 913 418 fugientem
938 333 1138 405 arguit,
1170 331 1265 384 hoc
1289 329 1390 400 ipsi
1415 328 1581 382 sorori
1606 326 1886 398 injurium,
1910 339 1972 377 ac
1997 322 2172 375 interi-
2197 322 2244 383 Α
2345 320 2397 374 5.
2433 321 2640 376 Verum
2666 318 2803 375 forte
2846 334 3065 376 asseras
3103 334 3358 376 securum
3407 328 3464 377 te
3497 330 3521 359 ο
3560 320 3631 377 de
3678 323 3905 378 meritis

631 417 737 489 tum
765 448 866 486 non
894 425 1185 482 hominibus
1212 423 1402 485 solum,
1435 420 1525 475 sed
1555 427 1601 473 et
1626 417 1920 472 ciuitatibus
1944 429 2178 468 commu-

630 541 748 579 nem
766 536 876 576 esse
904 532 1137 572 mouens.
1169 513 1321 567 Nihil
1352 527 1473 581 ergo
1501 509 1583 562 illi
1594 510 1709 578 jam
1736 506 1908 561 deberi
1933 504 2034 559 nisi
2061 518 2178 571 pre-

631 634 713 672 ces
736 632 754 681 ;
779 623 945 667 vetare
965 608 1224 678 siquidem
1251 603 1560 674 Apostolum
1579 642 1593 666 ,
1623 617 1686 655 ne
1716 615 1864 669 quem
1895 595 2176 651 secundum

629 723 836 765 carnem
848 709 963 779 jam
990 715 1382 775 cognoscamus,
1399 707 1454 751 at
1474 711 1657 755 novam
1677 702 1988 747 creaturam.
2020 690 2175 756 Qum-

630 817 752 857 nam
781 799 878 853 ilia
897 798 994 863 sit,
1024 803 1069 850 et
1098 791 1358 864 quomodo
1384 790 1533 843 illum
1557 786 1721 842 sotari
1742 783 2044 839 Ambrosius
2063 782 2175 851 ipse

629 903 887 959 teneatur,
921 888 1255 959 expenditur.

894 989 1198 1041 Auaaosws
1239 979 1508 1035 Fsusrmo
1548 975 1809 1031 salutem.

630 1085 684 1137 Ι.
716 1079 930 1136 Acerba
976 1086 1030 1133 te
1075 1076 1375 1131 doliturum
1406 1071 1617 1139 .dolore
1645 1068 1856 1122 obitum
1889 1074 2169 1135 germana:

553 1187 661 1232 tua:
692 1192 799 1230 non
833 1173 1151 1244 ignorabam
1177 1186 1196 1236 ;
1227 1184 1332 1223 non
1363 1178 1545 1221 tamen
1587 1172 1647 1219 ut
1675 1177 1707 1219 ιι
1752 1160 1912 1216 nobis
1939 1170 1994 1214 te
2020 1155 2172 1211 able-

551 1284 750 1340 gares,
779 1266 877 1323 sed
924 1274 981 1320 ut
1022 1262 1182 1319 nobis
1224 1271 1281 1317 te
1315 1259 1577 1316 redderes
1605 1274 1619 1309 :
1654 1269 1778 1310 nam
1811 1262 1866 1308 et
1909 1254 1957 1305 si
1988 1250 2168 1305 minus

545 1361 783 1433 jucunda
827 1358 1019 1416 solatia
1069 1354 1471 1417 maerentibus,
1520 1362 1702 1406 tamen
1754 1360 2163 1414 nonnumquam

549 1453 868 1510 necessaria
912 1459 1061 1506 sunt.
1107 1449 1187 1504 Tu
1228 1456 1414 1502 autem
1458 1444 1639 1499 abiisti
1682 1442 1736 1497 in
1768 1449 1981 1496 secreta
2014 1452 2167 1493 mon-

549 1549 686 1604 tium
708 1589 722 1611 ,
760 1556 815 1601 et
842 1546 987 1599 inter
1016 1543 1255 1599 ferarum
1289 1540 1582 1596 diversaris
1611 1535 1846 1606 Spelaea,
1880 1534 2027 1589 omni
2060 1534 2162 1617 hu.-

551 1654 730 1695 maum
756 1634 1198 1693 conversationis
1221 1643 1246 1671 ε·
1269 1648 1369 1688 usu
1392 1631 1671 1693 abdicato,
1697 1635 1754 1685 et
1778 1627 1923 1698 quod
1946 1626 2165 1697 gravius

551 1744 639 1791 est
662 1774 677 1799 ,
700 1730 913 1803 judicio
943 1740 1058 1784 tuo.
1819 1734 1825 1739 ·

618 1826 676 1878 2.
708 1822 1019 1877 Tantumne
1064 1818 1137 1875 de
1180 1827 1235 1873 te
1263 1815 1593 1874 commeruit
1626 1827 1886 1885 germana
1929 1823 2052 1877 tua,
2103 1821 2161 1865 ut

545 1926 773 1990 propter
800 1930 966 1986 quam
993 1913 1269 1969 excellere
1296 1910 1439 1981 apud
1471 1919 1523 1965 te
1553 1907 1743 1964 debuit
1782 1907 2026 1963 conditio
2062 1905 2163 1959 bu-

546 2024 708 2068 maua
734 2048 750 2078 ,
801 2023 923 2078 qua;
958 2018 1066 2061 tam
1110 2006 1383 2077 egregiam
1425 2004 1681 2057 leutinam
1731 2001 1887 2068 tulit,
1934 2009 2162 2069 propter

550 2120 673 2162 eam
702 2101 849 2176 apud
874 2113 928 2158 te
956 2103 1182 2156 minoris
1212 2099 1585 2170 praerogativae
1606 2096 1718 2152 sit?
1748 2096 1839 2151 Illa
1869 2104 2020 2151 certe
2051 2092 2160 2147 vita

548 2200 823 2255 excedens
851 2238 865 2265 ,
890 2195 994 2251 hoc
1024 2211 1084 2249 se
1113 2193 1384 2248 mulcebat
1412 2192 1609 2246 solatio
1631 2230 1647 2256 ,
1680 2189 1829 2259 quod
1856 2198 1910 2243 te
1936 2186 2039 2242 sibi
2072 2201 2162 2241 su-

543 2292 839 2364 perstitem
859 2290 1295 2357 derelinqueret,
1320 2294 1602 2356 parentem
1620 2283 1929 2352 nepotibus,
1956 2294 2155 2351 praesu-

544 2386 655 2443 lem
702 2382 947 2457 parvulis
972 2425 987 2450 ,
1020 2382 1401 2437 auxiliatoretn
1445 2377 1766 2433 destitutis:
1801 2383 1855 2430 tu
1895 2374 1967 2429 ita
2008 2382 2061 2428 te
2105 2381 2161 2427 et

545 2477 843 2549 nepotibus
884 2485 938 2532 et
970 2475 1127 2529 nobis
1172 2473 1446 2541 abnogas,
1478 2479 1535 2525 ut
1576 2468 1970 2525 consolationis
2015 2465 2160 2520 illius

547 2574 789 2631 fructum
815 2588 924 2628 non
951 2571 1276 2626 sentiamus.
1310 2567 1404 2621 Illa
1437 2574 1492 2621 te
1517 2564 1681 2618 chara
1708 2564 1934 2633 pignora
1960 2570 2162 2615 vocant

545 2686 655 2727 non
688 2668 756 2723 ad
789 2664 1121 2730 dolendum,
1154 2659 1251 2716 sed
1292 2658 1361 2714 ad
1388 2655 1815 2721 consolandum;
1857 2662 1912 2709 ut
1940 2667 2064 2708 eum
2107 2659 2160 2706 te

544 2760 775 2827 vident,
808 2768 1040 2813 matrem
1090 2752 1246 2810 sibib
1277 2769 1387 2808 non
1436 2751 1664 2806 credant
1705 2748 1950 2804 obiisse:
2004 2747 2056 2800 in
2109 2753 2163 2800 te

548 2869 671 2911 eam
714 2858 1143 2919 recOgnoscant,
1175 2849 1227 2901 in
1277 2854 1331 2900 te
1370 2845 1487 2914 ejus
1527 2840 1876 2913 praesentiam
1908 2846 2154 2905 teneant,

549 2950 605 3004 in
637 2957 689 3002 te
716 2946 882 3001 vitam
911 2944 1033 3013 ejus
1060 2942 1165 2997 sibi
1198 2954 1420 2996 manere
1448 2936 1803 2992 arbitrentur.

623 3042 678 3096 5.
715 3036 825 3093 Sed
875 3034 1029 3090 doles
1063 3033 1203 3104 quod
1252 3030 1458 3087 dudum
1502 3026 1892 3084 ﬂorentissima
1937 3034 2162 3095 repente

2276 414 2395 483 ejus
2424 428 2487 469 ac
2526 413 2660 479 (ide;
2696 413 2922 483 nequire
2957 421 3139 468 tamen
3173 413 3316 469 terre
3345 413 3711 479 desiderium,
3742 416 3905 486 quod

2276 522 2396 563 eam
2422 508 2534 578 jam
2566 523 2675 564 non
2725 506 2914 562 videas
2940 507 3241 563 secundum
3268 523 3494 564 carnem
3523 548 3539 574 ,
3584 508 3755 578 idque
3792 509 3905 563 tibi

2275 614 2491 655 summo
2520 600 2697 655 dolori
2737 602 2828 655 sit.
2862 600 2977 656 Nec
3008 601 3139 655 illud
3181 610 3232 655 te
3262 610 3446 656 movet
3476 602 3904 671 Apostolicum,

2274 694 2419 764 quod
2465 695 2583 749 uit:
2630 695 2766 760 Quia
2803 696 3056 749 neminem
3097 696 3335 749 norimus
3364 710 3427 750 ea
3468 694 3571 749 hoc
3606 695 3906 751 secrmdsms

2272 803 2500 843 carnem.
2530 786 2600 841 Et
2625 788 2671 841 si
2695 788 3023 860 cognorimus
3050 789 3333 842 secundum
3360 804 3571 843 carm
3597 786 3902 855 Christum,

2271 882 2361 937 sed
2391 897 2529 936 nunc
2546 884 2664 954 ja'm
2685 898 2788 935 non
2817 882 3050 936 novimus
3070 883 3088 949 (
3107 881 3149 935 ll
3177 880 3304 935 Cor.
3332 896 3385 946 v,
3416 880 3549 951 ιδῃ
3574 879 3722 936 Caro
3742 883 3905 937 enim

2272 986 2456 1031 nostra
2502 985 2764 1045 perpetua
2796 990 2922 1030 esse
2964 989 3031 1029 se
3073 974 3333 1029 diuturna
3370 988 3480 1031 non
3528 983 3744 1044 potest;
3795 990 3908 1029 ne-

2270 1081 2424 1122 cesse
2462 1075 2545 1129 est
2575 1066 2816 1131 occidat,
2870 1075 2927 1120 ut
2960 1075 3249 1135 resurgat:
3290 1080 3523 1121 necesse
3575 1075 3663 1121 est
3716 1067 3904 1122 resol—

2274 1169 2430 1216 vatur
2455 1202 2470 1226 ,
2502 1168 2563 1215 ut
2591 1160 2926 1230 requiescat,
2959 1160 2978 1199 ί
3014 1168 3073 1215 ιιι
3102 1159 3198 1214 ﬁat
3221 1158 3443 1230 quidam
3475 1160 3604 1215 linis
3652 1162 3898 1229 peccati.

2272 1251 2339 1307 Et
2371 1251 2493 1308 ideo
2533 1252 2737 1308 multos
2775 1252 3132 1322 cognovimus
3161 1250 3468 1307 secundum
3498 1266 3761 1317 cantem,
3793 1252 3900 1309 sed

2270 1361 2416 1402 nunc
2464 1346 2577 1417 jam
2631 1362 2738 1401 non
2789 1346 3062 1401 novimus.
3104 1345 3288 1414 Ipsum
3351 1344 3646 1400 Dominum
3700 1346 3896 1402 Jesum

2267 1442 2662 1514 cognovimus,
2696 1441 2871 1511 inquit
2899 1440 3227 1511 Apostolus,
3262 1439 3566 1496 secndum
3609 1455 3839 1495 carnem
3874 1460 3889 1494 :

2266 1536 2356 1590 sed
2378 1549 2515 1589 nunc
2530 1538 2646 1607 jam
2677 1549 2781 1587 non
2803 1534 3057 1587 novimus.
3082 1532 3201 1587 iam
3229 1532 3379 1587 enim
3403 1530 3594 1587 carnis
3616 1532 3894 1602 deposue-

2265 1637 2350 1683 rat
2376 1629 2632 1695 exuvias,
2656 1629 2767 1698 jam
2794 1628 2980 1698 specie
3012 1626 3251 1681 hominis
3280 1641 3388 1681 non
3414 1626 3744 1695 videbatur,
3772 1626 3891 1697 jam

2194 1709 2240 1768 Β
2268 1735 2368 1792 pro
2394 1722 2652 1778 omnibus
2680 1731 2928 1776 mortuus
2953 1730 3107 1787 erat,
3139 1728 3198 1775 et
3220 1734 3411 1775 omnes
3434 1720 3488 1773 in
3519 1718 3617 1774 illo
3645 1720 3887 1789 mortui;

2264 1819 2359 1875 sed
2392 1827 2450 1874 ut
2481 1834 2577 1888 per
2603 1819 2780 1888 ipsum
2812 1816 3094 1881 renovati,
3129 1826 3185 1871 et
3215 1815 3469 1871 vivificati
3496 1815 3692 1885 spiritu
3717 1855 3733 1881 ,
3764 1815 3885 1885 jam

2265 1928 2372 1969 non
2400 1915 2533 1981 sibi,
2570 1912 2667 1970 sed
2696 1912 2919 1969 Christo
2944 1912 3148 1967 vivant.
3178 1910 3335 1968 Unde
3385 1920 3439 1967 et
3468 1910 3595 1966 alibi
3626 1910 3703 1965 ait
3733 1911 3887 1967 idem

2266 2005 2560 2075 Apostolus
2594 2024 2608 2061 :
2662 2004 2786 2059 Viuo
2817 2014 2989 2060 autem
3006 2008 3125 2077 jam
3161 2020 3267 2060 non
3297 2019 3425 2075 ego,
3460 2003 3587 2058 vivit
3611 2013 3790 2058 autem
3828 2006 3887 2059 in

2264 2114 2345 2152 me
2366 2096 2607 2154 Christus
2637 2096 2801 2170 (Gai.
2830 2112 2901 2165 ιι,
2930 2097 3058 2166 30).

2334 2195 2385 2247 6.
2411 2195 2711 2265 Meritoque
2732 2194 2969 2263 quiante
2988 2191 3633 2264 cognoveratseeundum
3650 2206 3883 2247 carnem

2262 2288 2561 2355 Christum,
2600 2288 2713 2358 jam
2744 2287 3096 2357 operationes
3133 2284 3254 2356 ejus
3293 2283 3649 2340 invisibiliter
3676 2300 3885 2355 agnos-

2262 2396 2395 2437 cens
2417 2420 2432 2446 ,
2454 2381 2566 2452 jam
2587 2394 2696 2435 non
2721 2394 2943 2434 carnem
2970 2378 3093 2448 ejus
3110 2416 3124 2441 ,
3152 2376 3247 2432 sed
3272 2376 3575 2446 potentiam
3599 2385 3880 2445 scrutatis,

2262 2475 2350 2545 qui
2399 2481 2526 2529 ante
2548 2481 2867 2544 persecutor
2896 2470 3194 2540 discipulos
3227 2468 3492 2532 hominis,
3524 2478 3580 2523 et
3623 2468 3873 2539 petiisse-

2260 2581 2398 2637 quos
2438 2568 2620 2622 carnis
2674 2565 2884 2620 infestis
2928 2563 3072 2619 odiis
3120 2564 3386 2634 urgebat,
3436 2572 3628 2634 postea
3680 2564 3883 2619 doctor

2261 2661 2503 2732 gentium
2535 2661 2734 2722 tactus,
2771 2669 3127 2713 veneratores
3144 2654 3459 2726 maiestatis
3484 2654 3606 2726 ejus
3630 2656 3701 2710 ad
3734 2671 3878 2726 pra:-

2261 2751 2590 2808 dicationem
2657 2751 2935 2823 Evangelii
3007 2752 3277 2805 instruere
3341 2761 3506 2820 atque
3574 2749 3881 2806 informare

2262 2854 2524 2915 coeperat.
2573 2845 2642 2899 Et
2689 2844 2814 2901 ideo
2844 2843 3097 2899 addidit:
3146 2842 3209 2900 Si
3230 2844 3347 2912 quis
3387 2843 3445 2896 in
3488 2842 3700 2899 Christo
3744 2861 3880 2899 noua

2261 2950 2498 2995 creatura
2534 2940 2619 3010 (ιι
2647 2938 2768 2994 Car.
2808 2956 2872 3005 v,
2915 2940 3049 3009 i7),
3096 2938 3151 2994 id
3196 2948 3309 3004 est,
3354 2938 3447 3009 qui
3495 2939 3777 3008 periecuts
3817 2940 3874 2994 in

2263 3030 2485 3089 Christo
2506 3072 2522 3102 ,
2553 3049 2693 3089 nova
2732 3043 2984 3090 creatura
3015 3043 3131 3099 est;
3161 3033 3419 3104 quoniam
3449 3033 3540 3104 qui
3572 3048 3705 3089 sero
3747 3044 3833 3089 εει
3856 3075 3872 3097 ,

550 3130 835 3188 occiderit.
886 3099 1091 3181 Verum
1140 3126 1245 3180 hoc
1296 3122 1456 3177 nobis
1482 3132 1774 3175 commune
1827 3131 1935 3173 non
1980 3117 2161 3171 solum
2188 3099 2237 3164 C
2265 3099 2616 3198 impertiret.»
2658 3135 2761 3182 est.
2817 3127 3067 3198 Denique
3108 3099 3229 3196 ipse
3273 3099 3535 3180 Minus
3574 3126 3698 3180 ait;
3749 3124 3879 3180 Non

546 3238 671 3281 cum
703 3220 1046 3281 hominibus.
1073 3217 1170 3272 sed
1198 3217 1359 3271 etiam
1383 3228 1505 3268 cum
1529 3212 1863 3278 civitatibus,
1889 3211 2162 3279 terrisque

544 3315 683 3386 ipsis
727 3318 828 3366 cst.
881 3321 904 3349 ο
932 3308 1139 3379 Nempe
1184 3307 1253 3362 de
1299 3304 1630 3360 Bononiensi
1673 3304 1900 3358 veniens
1950 3302 2086 3357 urbe
2132 3317 2160 3355 a

550 3415 708 3476 tergo
733 3402 1046 3458 Claternam
1074 3441 1087 3465 ,
1116 3400 1288 3469 ipsam
1317 3397 1649 3464 Bononiam,
1681 3396 1941 3451 Mutinam
1972 3437 1986 3462 ,
2017 3394 2165 3450 Rhe-

548 3497 695 3570 gium
739 3492 1160 3562 derelinquebas
1187 3534 1200 3557 ,
1246 3490 1299 3543 in
1346 3488 1569 3544 dextera
1607 3496 1725 3543 erat
1766 3486 2087 3555 Brixillum,
2131 3501 2160 3539 a

547 3590 732 3647 fronte
779 3584 1105 3644 occurrebat
1161 3585 1472 3648 Placentia,
1526 3592 1769 3638 veterem
1821 3582 2160 3638 nobilitatem

549 3684 673 3755 ipso
712 3680 891 3737 adhuc
919 3677 1141 3733 nomine
1171 3686 1407 3742 sonans,
1441 3674 1508 3729 ad
1541 3674 1731 3729 laevam
1765 3673 2039 3744 Apennini
2081 3673 2161 3727 iu-

549 3776 699 3833 culta
733 3774 1021 3829 miseratus
1043 3812 1057 3835 ,
1105 3778 1160 3825 et
1201 3767 1717 3823 ﬂorentissimorum
1762 3764 2039 3837 quondam
2071 3779 2166 3834 po-

552 3869 806 3939 pulorum
834 3862 1054 3921 castella
1083 3861 1496 3924 censitlerabas,
1532 3868 1693 3931 atque
1724 3858 1919 3915 aﬁ‘eetu
1948 3859 2163 3929 relege-

554 3961 656 4016 bas
681 3955 1020 4014 dolenti.Tot
1043 3956 1207 4025 igitur
1228 3955 1609 4023 semirutarum
1636 3953 1848 4008 urbium
1872 3952 2159 4017 cadavera,

559 4060 941 4120 terrarumque
986 4048 1091 4104 sub
1119 4046 1313 4102 eodem
1354 4055 1652 4115 conspectu
1697 4046 1941 4114 exposita
1973 4044 2163 4099 itinera

556 4159 669 4201 non
700 4156 754 4201 te
783 4144 1084 4200 admonent
1111 4143 1269 4197 unius
1289 4185 1303 4208 ,
1332 4150 1537 4197 sanctae
1578 4142 1706 4197 licet
1736 4150 1789 4196 et
1829 4140 2164 4196 admirabilis

560 4237 806 4302 feminae,
855 4236 1234 4291 decessionem
1288 4234 1773 4289 consolabiliorem
1822 4234 2160 4300 habendam;

559 4331 869 4403 przesertim
892 4344 1016 4385 cum
1043 4327 1136 4382 illa
1161 4327 1216 4381 in
1245 4335 1566 4397 perpetuum
1596 4335 1867 4395 prostrata
1896 4341 1961 4381 ac
1987 4327 2163 4381 diruta

560 4426 673 4483 sint
703 4442 715 4476 :
753 4423 869 4477 hmc
910 4429 1097 4473 autem
1140 4418 1206 4473 ad
1251 4427 1465 4487 tempus
1494 4417 1721 4487 quidem
1748 4426 1931 4487 erepta
1966 4419 2123 4473 nobis
2146 4458 2161 4483 ,

558 4516 849 4574 meliorem
875 4510 986 4565 illic
1013 4510 1179 4564 vitam
1211 4509 1427 4578 exigat?
1462 4550 1477 4556 -

634 4607 900 4676 4.1taque
929 4618 1035 4660 non
1066 4611 1171 4665 tam
1195 4599 1583 4670 deplorandam
1605 4640 1619 4664 ,
1647 4613 1807 4670 quam
1830 4614 2165 4671 prosequen-

564 4704 693 4761 dum
722 4695 1060 4755 orationibus
1078 4709 1203 4749 reor
1229 4710 1243 4746 :
1269 4706 1367 4748 nec
1389 4689 1836 4747 mmstiticandam
1860 4689 1887 4729 ά
1912 4691 2168 4762 lacrymis

558 4796 670 4851 tuis
693 4835 708 4863 ,
733 4792 835 4849 sed
857 4790 1031 4860 magis
1054 4786 1425 4843 oblationibus
1454 4784 1619 4859 9&5
1646 4785 1882 4841 animam
1905 4787 2025 4856 ejus
2054 4787 2162 4843 Do-

559 4888 710 4944 mino
737 4880 1229 4942 commendandam
1248 4880 1509 4937 arbitror.

634 5051 659 5079 ⁸
692 5046 943 5115 Nonnulli
970 5061 1100 5103 mss.
1130 5059 1197 5101 ac
1226 5052 1335 5101 vet.
1366 5044 1523 5111 edit.,
1550 5062 1649 5103 usu
1676 5044 1963 5101 abdicatus.

628 5116 657 5156 ι)
685 5118 819 5187 Cod.
854 5114 1078 5187 Bnyer.,
1106 5133 1207 5171 non
1236 5116 1443 5187 credant
1474 5115 1664 5187 abesse.

637 5200 657 5227 ε
692 5186 1031 5255 lmitatio’est
1054 5188 1225 5242 Servii
1249 5186 1469 5254 Sulpitii
1488 5188 1559 5242 ad
1574 5186 1891 5243 Ciceronem
1916 5187 1983 5244 de
2012 5189 2160 5245 obitu

562 5258 754 5321 Tulliae
791 5260 953 5316 lilia}:
986 5257 1071 5311 Ea:
1098 5257 1221 5311 Asia
1245 5257 1474 5330 rediens,
1506 5275 1623 5312 cum
1660 5259 1723 5310 ab
1754 5256 1959 5327 Aigina,
1984 5256 2162 5330 Mega-

559 5347 673 5389 ram
698 5348 871 5387 vcrsus
906 5330 1223 5400 navigarem,
1250 5329 1383 5452 Ἓξ,
1410 5330 1639 5398 regiones
1662 5330 1853 5383 circunt
1876 5331 2016 5384 circa
2038 5329 2159 5401 pro-

559 5405 754 5452 spicere
782 5419 799 5452 :
830 5404 957 5452 nost'
986 5417 1066 5452 me
1106 5411 1216 5452 erat
1307 5400 1487 5452 'aina.
1514 5410 1634 5452 ante
1683 5396 1927 5452 Menam.
1977 5401 2159 5452 dextra

558 5405 754 5481 spicere
782 5419 805 5463 :,
830 5404 957 5481 post
986 5396 1066 5463 me
1082 5411 1216 5481 "erat
1246 5396 1487 5481 {Egilia}
1514 5410 1634 5454 ante
1668 5396 1927 5481 illm/ua,
1977 5396 2161 5461 dcatra

565 5466 762 5545 P'yreus
781 5515 795 5537 ,
830 5466 1050 5545 sinistra
1075 5466 1355 5529 Corinthus
1376 5511 1390 5534 ,
1416 5486 1530 5540 quas
1556 5470 1747 5539 oppida
1769 5466 2003 5540 quodam
2025 5483 2162 5545 tem-

559 5542 684 5614 pore
728 5542 1089 5612 ﬂorentissima
1127 5546 1371 5614 fuerunt,
1422 5557 1557 5595 nunc
1599 5550 1867 5614 prostrata
1902 5553 1948 5595 et
1998 5543 2169 5614 diruta

556 5596 675 5668 trinis
691 5596 864 5667 oéulos
890 5596 1085 5683 jaceat,
1113 5596 1249 5679 ἀωρὶ
1271 5596 1682 5683 εῃοιιιειίηιεεῇιηι
1708 5612 1932 5682 cogitare
1955 5628 1972 5665 :
1997 5596 2168 5667 Hem!

558 5697 650 5736 nos
715 5681 1009 5753 homunculi
1046 5682 1411 5753 indignamur,
1438 5682 1483 5733 si
1518 5681 1631 5746 quis
1662 5681 1893 5753 nostrum
1936 5683 2162 5753 interiit,

562 5759 652 5806 aut
673 5751 868 5806 occisus
890 5758 988 5815 est;
1013 5765 1132 5807 cum
1151 5748 1205 5806 in
1231 5765 1333 5806 uno
1354 5753 1468 5807 loco
1492 5759 1566 5806 tot
1580 5748 1889 5821 oppidorum
1910 5748 2163 5810 cadavera

2260 3220 2579 3293 permebit
2622 3220 2843 3290 spiritus
2870 3235 3013 3273 assus
3042 3220 3098 3273 iu
3127 3219 3245 3273 istis
3274 3217 3598 3283 horninibus,
3630 3218 3877 3288 quoniam

2263 3327 2447 3367 carnes
2476 3322 2593 3367 sunt
2624 3311 2783 3382 (Gen.
2812 3327 2900 3377 Vl,
2934 3312 3014 3382 '5).
3042 3310 3293 3369 Camalis
3328 3308 3514 3380 itaque
3551 3325 3662 3365 non
3695 3319 3781 3365 est
3818 3311 3876 3363 in

2264 3404 2525 3460 Christo:
2557 3404 2653 3459 sed
2686 3405 2731 3460 si
2771 3403 2897 3475 quis
2923 3404 2979 3458 in
3025 3402 3246 3458 Christo
3289 3410 3409 3470 est;
3441 3416 3580 3457 nova
3622 3411 3875 3456 creatura

2265 3504 2350 3550 est
2371 3536 2386 3561 ,
2419 3510 2527 3549 non
2557 3503 2763 3550 naturas
2789 3494 3030 3551 novitate
3059 3493 3328 3550 formatus
3354 3534 3369 3559 ,
3399 3493 3501 3550 sed
3525 3495 3741 3564 gratiae.
3769 3492 3879 3549 Ve-

2265 3597 2377 3642 tera
2428 3587 2609 3658 itaque
2652 3603 2772 3658 quas
2816 3587 3115 3643 secundum
3155 3594 3601 3651 carnemaerattt,
3636 3585 3879 3641 transde-

2266 3689 2436 3737 runt;
2470 3681 2607 3736 iacta
2656 3688 2783 3735 sunt
2829 3695 2968 3737 nova
3015 3680 3217 3734 omnia.
3260 3678 3393 3744 Quae
3438 3678 3564 3742 ill,
3600 3677 3706 3732 nisi
3757 3693 3878 3745 qua:

2264 3772 2451 3829 Scriba
2479 3771 2672 3828 doctus
2702 3774 2757 3828 in
2789 3788 2959 3844 regno
2988 3773 3263 3829 cmloruus
3290 3770 3447 3825 novit
3474 3768 3709 3838 (Matth.
3745 3785 3843 3825 xm
3862 3810 3877 3834 ,

2265 3866 2336 3923 59
2358 3869 2398 3941 ),
2431 3867 2627 3923 similis
2654 3867 2799 3923 illius
2825 3865 3235 3936 patrisfamilias
3260 3905 3281 3930 ,
3303 3864 3399 3934 qui
3423 3861 3633 3934 profert
3658 3862 3737 3918 de
3763 3862 3885 3918 tlte-

2264 3975 2428 4018 sauro
2467 3976 2568 4015 suo
2614 3974 2751 4015 nova
2776 3968 2830 4015 ct
2853 3968 3067 4024 vetera,
3103 3972 3285 4026 neque
3328 3967 3517 4012 vetera
3545 3955 3665 4011 sine
3697 3955 3880 4021 novis,

2264 4068 2441 4123 neque
2487 4068 2625 4107 nova
2658 4053 2778 4107 sine
2820 4050 3141 4106 veteribus?
3168 4049 3301 4104 ideo
3326 4056 3383 4102 et
3427 4047 3669 4103 Ecclesia
3701 4048 3839 4102 dicit
3866 4089 3881 4111 ,

2264 4145 2390 4216 quia
2423 4160 2554 4199 noua
2600 4154 2647 4198 et
2671 4154 2844 4199 uetera
2871 4143 3068 4198 seruaui
3113 4142 3205 4196 tibi
3245 4138 3432 4210 (Cant.
3458 4156 3563 4207 vtt,
3594 4138 3723 4212 i3).
3772 4139 3884 4197 Sed

2266 4240 2602 4296 transierunt
2627 4247 2850 4303 vetera,
2900 4236 2955 4291 id
2982 4245 3099 4302 est,
3142 4234 3301 4304 Legis
3334 4233 3593 4306 mysteria
3643 4233 3884 4289 abscon-

2262 4330 2409 4398 dita,
2443 4331 2494 4384 in
2521 4330 2745 4385 Christo
2771 4331 2911 4385 facta
2939 4336 3068 4384 sunt
3095 4326 3277 4381 omnia
3311 4341 3475 4382 nova.

2337 4423 2391 4475 7.
2426 4421 2554 4477 Haec
2593 4432 2677 4476 est
2705 4436 2843 4475 nova
2885 4416 3168 4484 creatura,
3207 4417 3277 4473 de
3317 4432 3424 4486 qua
3471 4416 3778 4486 Apostolus
3815 4416 3884 4472 ad

2184 4487 2241 4545 Β
2265 4512 2491 4569 Gaium
2509 4512 2584 4565 ait
2607 4529 2620 4566 :
2649 4511 2715 4565 In
2737 4509 2942 4566 Christo
2961 4512 3095 4565 enim
3114 4508 3240 4563 Iesu
3263 4524 3425 4579 neque
3445 4510 3774 4563 circumcisio
3793 4509 3886 4563 ati-

2266 4604 2392 4675 quid
2427 4605 2591 4670 valet,
2625 4620 2785 4672 neque
2816 4604 3161 4674 praeputium:
3189 4602 3280 4657 sed
3314 4617 3446 4655 nova
3478 4611 3755 4669 creatura,
3797 4618 3887 4672 per

2266 4713 2421 4768 quam
2439 4699 2554 4770 jam
2580 4703 2824 4753 renovata
2852 4712 2972 4750 caro
3000 4695 3180 4765 ﬂoret,
3213 4702 3258 4749 et
3282 4697 3511 4762 fructum
3540 4694 3736 4749 inuenit
3764 4714 3885 4767 gra-

2264 4791 2376 4854 tiae,
2409 4805 2525 4857 qua
2549 4801 2666 4843 ante
2689 4788 2954 4844 inueterati
2980 4788 3173 4859 ﬂagitii
3196 4786 3373 4855 spinas
3401 4784 3625 4841 habebat
3650 4785 3801 4858 (Cat.
3831 4804 3883 4854 ι’,

2266 4880 2343 4952 6).
2374 4882 2510 4950 Quid
2534 4897 2665 4953 ergo
2695 4890 2781 4943 est
2812 4893 2836 4929 8
2863 4881 3009 4965 quod
3051 4895 3375 4937 maneamus
3395 4920 3410 4945 ,
3439 4880 3487 4935 si
3512 4880 3626 4950 jam
3659 4881 3731 4935 ad
3765 4881 3885 4935 ani-

2374 5048 2495 5081 innln
2530 5047 2768 5081 s'nrnnnl'

2267 5048 2495 5115 projecta
2518 5047 2768 5120 jaccaut!
2796 5047 2869 5102 ita
2895 5045 3160 5103 Nannius.

2335 5117 2362 5190 τί
2404 5118 2501 5172 Ms.
2558 5117 2756 5190 Boyer.
2806 5118 3049 5188 lacrymis
3106 5118 3208 5190 tuis
3262 5118 3521 5190 animum,
3560 5114 3671 5190 _s_éd
3719 5116 3882 5186 magis

2265 5188 2607 5245 oblationibus
2635 5184 2748 5243 citis
2780 5184 3237 5247 commendandam
3276 5188 3518 5243 arbitror.
3550 5184 3885 5243 Observabis

2264 5260 2440 5318 obiter
2471 5261 2811 5318 Αιιώνοςίυιιι
2845 5261 2945 5314 hoc
2978 5262 3094 5315 loco
3124 5259 3265 5317 sicut
3300 5267 3355 5315 et
3386 5258 3512 5312 alibi
3558 5272 3668 5312 non
3712 5258 3882 5314 semel

2266 5332 2711 5387 consuetudinem
2736 5331 3042 5385 orationum
3075 5340 3236 5401 atque
3259 5329 3598 5387 oblationum
3627 5344 3725 5398 pro
3747 5344 3883 5385 mor-

2273 5404 2377 5457 tuis
2408 5403 2770 5457 facivndarum
2804 5402 3100 5456 testiﬁcari.

2345 5484 2367 5545 ιζ
2398 5471 2578 5545 Codex
2612 5474 2804 5545 Boyer.
2839 5474 3019 5545 solus,
3052 5472 3116 5527 de
3132 5472 3335 5545 meritis
3358 5473 3570 5545 eiusat!
3592 5472 3769 5545 ﬁdem.

2347 5542 2366 5580 τ
2394 5540 2518 5599 Mss.
2552 5540 2828 5610 nonnitlli,
2859 5553 2903 5599 et
2933 5543 3024 5613 ﬁat
3050 5544 3260 5612 quidam
3284 5584 3298 5602 ,
3332 5553 3437 5597 etc.
3462 5540 3661 5613 Boyer.
3695 5542 3877 5605 solus,

2270 5631 2470 5695 necego
2493 5625 2586 5695 cst;
2603 5622 2653 5693 ut
2684 5617 2811 5695 ﬁgat
2836 5616 3082 5695 quosdam
3110 5614 3238 5682 fines
3269 5622 3498 5682 peccato.

2343 5692 2366 5735 8
2396 5686 2527 5749 Cod,
2565 5684 2760 5757 ῐιὸιιέη
2788 5685 2931 5758 quod.
2950 5698 3269 5751 ntereantur;
3300 5698 3404 5751 non
3431 5686 3570 5747 satis
3597 5690 3769 5749 recte.
