4040 6166
107 207 271 265 “0|
1373 207 1870 273 EPISTULARUM
1910 209 2191 274 CLASSIS
2221 213 2262 267 1.
2809 207 2815 209 1
3315 222 3456 279 “03

97 333 272 402 snam
318 315 520 373 dicitur
554 336 565 370 :
597 317 941 375 Renouabilur
979 323 1110 375 sicut
1160 322 1351 392 aquila:
1373 324 1621 390 juventus
1657 333 1745 380 tua
1772 342 1827 402 Α
1851 324 2111 397 diligere,
2140 326 2233 396 qui
2258 325 2518 398 obsequio
2550 326 2758 383 militiae
2789 328 2940 385 vobis
2960 330 3163 387 subditi
3189 344 3336 389 sunt.
3373 336 3460 392 Si-

102 398 302 471 (Psal.
327 425 398 464 Cll
419 452 434 476 ,
465 410 557 483 5)?
586 410 725 478 Quid
754 423 834 468 est
856 412 1001 482 quod
1030 413 1455 483 ingemiscamn's
1480 430 1576 486 pro
1597 431 1744 473 mor-
1772 398 1827 402 ﬂ
1845 420 2063 491 quidem
2092 419 2196 476 hoc
2227 422 2457 477 interest
2485 422 2625 479 inter
2652 422 2826 478 bonos
2852 433 2909 481 et
2946 424 3118 481 malos
3142 427 3422 499 principes
3440 470 3457 497 ,

101 502 231 556 tuis
257 543 272 567 ,
299 517 427 557 cum
471 503 585 572 jam
620 505 997 561 reconciliatio
1042 507 1226 563 mundi
1272 508 1413 578 apud
1444 508 1614 566 l)eum
1646 509 1741 569 Pa—
1843 511 1990 583 quod
2041 513 2168 569 boni
2211 514 2519 571 libertatem
2567 525 2783 581 amant,
2833 515 3151 573 servitutem
3198 518 3454 588 improbi.

104 602 265 650 trem
295 594 437 649 facta
458 595 531 651 sit
560 611 654 666 per
684 596 970 652 Dominum
998 598 1187 656 losum
1221 600 1285 671 (ll
1311 598 1432 656 Cor.
1463 617 1514 667 v,
1541 601 1670 673 18)?
1842 602 1989 660 Nihil
2042 605 2211 661 etiam
2261 606 2317 662 in
2376 606 2663 663 sacerdote
2719 615 2829 663 tam
2888 608 3252 681 periculosum
3309 613 3451 681 apud

186 685 253 740 8.
287 685 560 754 Quoniam
582 702 717 758 ergo
742 686 946 745 Christi
974 690 1232 748 beneﬁcia
1266 700 1548 760 tenemus,
1577 691 1745 765 ΜΒ
1847 694 2042 767 Deum,
2074 681 2185 752 lam
2217 705 2373 768 turpe
2393 697 2537 768 apud
2563 697 2835 766 homines,
2865 715 3026 771 quam
3048 701 3191 772 quod
3216 703 3453 769 sentiat,

106 792 249 833 cum
276 778 422 849 apud
451 794 681 847 omnes,
711 789 823 835 tum
848 782 991 851 apud
1015 792 1069 838 te
1094 798 1196 854 pro
1222 781 1445 839 Christo
1468 785 1743 856 legatione
1844 804 1955 845 non
1986 789 2157 847 libere
2196 790 2542 847 denuntiare.
2589 792 2871 863 Siquidem
2904 796 3170 864 scriptum
3213 806 3332 851 est:
3386 796 3455 850 Et

107 868 732 944 fungimur(lbid.,90);
755 882 814 928 ut
836 874 1055 930 noveris
1078 875 1457 931 irrevocabilia
1470 876 1589 946 ejus
1617 890 1742 935 esse
1845 881 2086 952 loquebar
2111 884 2166 936 in
2194 884 2501 941 testimoniis
2531 886 2634 941 tuis
2663 885 2721 939 in
2745 896 3020 956 conspectu
3044 903 3242 961 regum,
3277 898 3321 944 et
3354 906 3454 945 non

110 963 269 1019 dona
289 1006 303 1030 ,
335 974 394 1022 ut
422 967 638 1033 credas,
672 967 815 1038 quod
841 982 1059 1039 semper
1089 968 1367 1027 credidisti
1401 988 1414 1023 ε
1451 985 1554 1026 nec
1573 971 1743 1026 nimio
1846 973 2389 1045 confundebar(Psal.
2416 990 2603 1042 cxvut,
2628 975 2760 1048 46);
2791 988 2846 1033 et
2867 977 3001 1037 alibi
3028 996 3039 1031 :
3073 978 3181 1035 Fili
3204 982 3450 1049 hominis,

108 1072 362 1114 mrore
396 1068 549 1114 tuam
598 1061 651 1115 in
680 1061 906 1121 dubium
944 1063 1187 1118 adducas
1232 1064 1592 1131 sententiam;
1616 1065 1741 1134 quia
1844 1065 2217 1136 speculatorem
2249 1076 2297 1120 te
2318 1068 2469 1136 posui
2494 1067 2673 1125 domui
2705 1067 2906 1136 Israel,
2940 1070 2996 1125 in
3034 1087 3124 1136 eo,
3154 1072 3364 1142 inquit,
3397 1083 3455 1127 ut

111 1151 250 1208 ideo
280 1161 564 1222 peccatum
589 1152 767 1210 lactus
797 1164 883 1210 est
914 1156 1176 1213 Dominus
1207 1156 1367 1213 Iesus
1388 1199 1405 1223 ,
1437 1169 1494 1212 ut
1526 1157 1745 1213 tolleret
1844 1159 1889 1212 si
1914 1167 2172 1215 avertatur
2204 1161 2376 1231 justus
2401 1178 2435 1217 a
2458 1162 2682 1235 justitiis
2711 1163 2819 1219 suis
2842 1204 2857 1229 ,
2888 1172 2935 1217 et
2966 1165 3142 1234 fecerit
3174 1163 3454 1233 delictum;

108 1258 409 1318 peccatum
438 1247 818 1319 mundi(.loau.
844 1266 884 1315 ι,
904 1249 1022 1320 29);
1043 1250 1423 1307 etessemusin
1441 1251 1531 1306 illo
1552 1265 1743 1307 omnes
1845 1253 1968 1323 quia
1993 1269 2097 1307 non
2120 1253 2403 1311 distinxisti
2427 1255 2477 1310 ei
2495 1294 2509 1320 ,
2542 1265 2564 1299 ε
2593 1255 2697 1313 hoc
2717 1267 2802 1312 est
2825 1297 2841 1323 ,
2873 1272 2984 1313 non
3014 1256 3209 1315 dixisti
3229 1259 3357 1330 quid
3387 1256 3458 1314 sit

107 1339 335 1409 iustitia
364 1340 463 1397 Dei
489 1344 507 1411 (
529 1341 575 1397 11
596 1341 721 1397 Cor.
750 1359 802 1410 ν,
832 1341 934 1413 21)
965 1361 977 1397 :
1002 1343 1121 1414 jam
1145 1359 1253 1401 non
1280 1344 1454 1414 culpa:
1480 1344 1740 1411 obnoxii,
1845 1345 2147 1405 cavendum
2172 1387 2188 1414 ,
2215 1363 2319 1404 non
2356 1348 2660 1407 retinebitur
2702 1351 2948 1405 memoria
2978 1351 3203 1422 justitite
3229 1354 3340 1423 eius
3360 1394 3375 1418 ,
3408 1362 3457 1407 et

110 1434 221 1491 sed
239 1435 476 1505 iustitia:
504 1438 949 1495 remuneratione
974 1436 1323 1494 securiNale
1344 1449 1399 1495 et
1422 1453 1521 1494 nos
1544 1436 1740 1508 dilige;
1844 1438 2151 1511 sanguinem
2174 1442 2292 1513 ejus
2321 1440 2386 1497 de
2411 1456 2566 1495 manu
2595 1450 2685 1499 tua
2712 1442 2998 1513 requiram.
3032 1441 3113 1499 Tu
3135 1453 3306 1499 autem
3337 1443 3356 1479 ί
3411 1447 3456 1498 si

112 1528 255 1598 quia
288 1528 790 1599 nostediligintus.
1847 1528 2144 1585 distiimris
2185 1531 2357 1599 justo,
2402 1541 2459 1585 ut
2497 1548 2605 1587 non
2644 1530 2806 1607 947
2860 1545 3067 1603 peccet,
3114 1545 3161 1589 et
3201 1536 3314 1607 ipse
3355 1554 3455 1593 non

658 1631 685 1661 α
725 1622 1061 1680 ΕριδτοιΑ
1106 1622 1220 1678 XL.
1849 1621 2160 1690 peccaverit,
2181 1625 2356 1694 justus
2376 1624 2485 1678 vita
2510 1624 2679 1692 vivet;
2706 1626 2831 1694 quia
2847 1625 3028 1685 dimitti
3051 1628 3097 1687 ei
3119 1644 3137 1682 :
3165 1638 3219 1683 et
3255 1638 3311 1684 tu
3339 1631 3456 1686 ani-

112 1717 197 1773 Ab
225 1719 539 1788 imperatore
558 1716 732 1772 audiri
763 1732 817 1771 se
840 1717 1101 1786 postulat,
1125 1716 1403 1788 afﬁrmans
1434 1718 1487 1770 in
1507 1715 1744 1788 principe
1773 1737 1821 1797 Β
1847 1730 1983 1771 mam
2007 1723 2151 1771 tuam
2179 1715 2419 1770 liberabis
2446 1715 2665 1787 (Bacch.
2694 1732 2775 1785 tu,
2811 1718 3020 1790 17-19).

190 1812 410 1867 laudari
440 1811 781 1883 facilitatem;
811 1819 977 1866 tacere
1005 1827 1059 1866 se
1087 1812 1200 1867 sine
1223 1811 1493 1880 utriusque
1513 1812 1745 1882 periculo
1920 1807 1973 1862 ὅ.
2009 1807 2151 1863 Malo
2182 1808 2364 1878 igitur,
2391 1808 2719 1880 Imperator.
2753 1810 3024 1873 bonorum
3067 1814 3198 1871 mihi
3226 1830 3355 1873 esse
3384 1827 3461 1870 tc—

196 1920 308 1958 non
333 1920 515 1974 posse;
556 1919 649 1958 nec
683 1904 884 1973 regibus
920 1902 1197 1974 displicere
1229 1903 1560 1969 libertatem;
1598 1903 1744 1958 illum
1849 1913 1995 1965 cum,
2026 1916 2190 1971 quam
2225 1901 2496 1959 malorum
2523 1907 2891 1972 consortium;
2919 1915 2977 1965 et
3001 1908 3126 1967 ideo
3150 1910 3459 1971 clementia:

194 2012 356 2064 vero,
387 1996 623 2067 quamvis
653 1995 771 2066 pius
810 1997 907 2059 sit,
936 1996 1107 2065 decipi
1146 2013 1334 2067 posse;
1357 1996 1661 2052 sententia»:
1683 1995 1747 2050 de
1851 2000 1959 2049 tum
1986 1992 2283 2064 displicere
2333 1994 2500 2052 debet
2528 1997 2841 2056 sacerdOtis
2897 2000 3203 2066 silentium.
3235 2003 3460 2060 libertas

192 2107 471 2163 synagoga
509 2092 805 2160 reparanda
840 2106 949 2146 esse
990 2092 1368 2160 periculosam,
1401 2108 1518 2147 cum
1547 2092 1745 2162 episco-
1849 2085 2088 2156 placere.
2113 2086 2246 2142 Nam
2275 2087 2481 2143 silentii
2517 2089 2632 2147 mei
2677 2091 2923 2159 periculo
2956 2093 3274 2160 involvcris,
3303 2095 3462 2153 liber-

198 2199 332 2251 pum
378 2183 629 2252 martyrio
670 2180 749 2236 vel
795 2183 1211 2251 prteuaricationi
1240 2192 1483 2254 exponat.
1514 2181 1583 2237 In
1615 2183 1750 2237 hanc
1852 2179 1980 2234 tatis
2009 2178 2154 2234 bono
2176 2179 2409 2249 juvaris.
2442 2179 2565 2236 Non
2616 2196 2753 2252 ergo
2805 2183 3159 2252 importunus
3204 2187 3460 2247 iudebitis

199 2290 317 2329 rem
354 2274 588 2342 exemplo
617 2271 821 2329 Juliani
850 2275 1150 2344 proposito,
1180 2274 1421 2344 rescripti
1461 2289 1632 2329 causte
1671 2289 1751 2327 re-
1853 2286 1940 2326 me
1969 2270 2259 2337 intersere,
2278 2270 2471 2326 alienis
2503 2271 2727 2342 ingere:
2758 2273 2857 2331 sed
2881 2273 3087 2347 debitis
3114 2277 3453 2349 obtempero,

200 2368 480 2441 falluntur,
502 2368 728 2422 maxime
747 2369 886 2437 quod
910 2366 1084 2423 Judwi
1122 2368 1304 2439 plures
1342 2367 1566 2422 asserint
1592 2366 1751 2421 ecele—
1853 2363 2127 2419 mandatis
2156 2362 2252 2418 Dei
2280 2364 2457 2418 nostri
2500 2362 2716 2419 obedio.
2750 2363 2906 2440 Quod
2940 2365 3082 2422 iacio
3110 2367 3347 2437 primum
3381 2373 3459 2425 tui

199 2465 338 2518 sias.
370 2461 510 2517 Hinc
539 2462 712 2535 agitur
728 2462 794 2516 de
829 2460 1334 2528 Valentiniauorum,
1357 2462 1445 2529 qui
1474 2460 1752 2532 gentilibus
1851 2466 2058 2517 amore,
2087 2454 2165 2509 tui
2189 2451 2384 2523 gratia,
2411 2452 2713 2509 tutestudio
2736 2456 3129 2513 conservanda
3157 2458 3371 2515 salutis.
3402 2460 3460 2517 Si

202 2559 416 2626 pejores
441 2554 798 2620 declarantur,
826 2556 949 2625 [uno
969 2595 985 2618 ,
1012 2570 1072 2609 ac
1097 2554 1350 2619 donariis,
1375 2568 1487 2623 qua:
1507 2552 1751 2609 diceban-
1853 2546 1906 2603 id
1935 2547 2065 2601 milli
2087 2546 2171 2605 vel
2199 2560 2306 2601 non
2327 2544 2589 2612 creditur,
2614 2546 2699 2601 vel
2722 2546 3103 2605 interdicitur:
3128 2550 3253 2606 dico
3273 2566 3405 2608 sane
3431 2564 3456 2600 ε

204 2658 296 2702 tur
315 2646 545 2713 sublata,
570 2647 885 2713 extenuatis,
899 2647 1125 2716 jonuam
1151 2646 1219 2700 ad
1243 2645 1533 2701 calumnias
1552 2644 1757 2700 ludatis
1852 2637 2055 2695 divinae
2081 2637 2306 2695 oll'ensa:
2362 2649 2535 2693 metu.
2568 2637 2705 2695 Nam
2756 2640 2801 2695 si
2852 2654 3032 2699 meum
3071 2641 3375 2711 periculum
3404 2652 3458 2700 te

200 2742 436 2812 aperiri,
466 2741 884 2811 triumphumque
912 2741 978 2794 de
1015 2739 1224 2795 Christo
1259 2740 1377 2795 dari
1430 2740 1752 2797 demoustra-
1853 2741 2101 2800 exueret.
2134 2733 2403 2804 patienter
2438 2748 2528 2789 me
2566 2748 2665 2803 pro
2707 2743 2758 2791 te
2801 2732 3083 2804 oilerrem,
3116 2736 3213 2795 sed
3254 2752 3362 2795 non
3391 2738 3455 2793 li-

202 2847 314 2891 tur.
352 2834 469 2889 Hac
499 2835 563 2889 de
583 2851 636 2890 re
663 2834 946 2907 allegorica
965 2836 1255 2891 instituitur
1275 2834 1490 2892 Domini
1511 2847 1753 2907 expostw

1874 2842 1959 2883 ten
1971 2834 2085 2893 ter;
2110 2826 2252 2883 male
2270 2826 2417 2883 enim
2449 2835 2497 2883 te
2521 2825 2639 2884 sine
2661 2841 2786 2883 meo
2807 2837 3095 2899 acceptum
3124 2830 3237 2889 Deo
3263 2846 3388 2891 osse
3406 2841 3463 2890 et

206 2933 372 2996 latio;
403 2943 677 3002 postquam
705 2930 992 2987 deterretur
1015 2929 1235 2986 Μωαίωὶ
1260 2932 1495 3003 exemplo
1517 2930 1754 2987 Theodo-

1874 2921 2155 2992 gloriosum
2178 2919 2440 2991 periculo.
2473 2919 2568 2977 Sin
2601 2929 2785 2979 autem
2816 2920 3025 2979 silentii
3054 2922 3167 2983 mei
3205 2923 3461 2983 dissimu-

203 3024 338 3087 sius,
378 3038 502 3077 neue
545 3021 761 3077 Iudaeos
781 3032 873 3077 aut
911 3022 1175 3078 luereticos
1210 3023 1388 3078 ulcisci
1417 3024 1753 3097 velit,a_dmo-
1858 3012 2187 3083 lallonisque
2234 3012 2392 3083 culpo
2426 3022 2606 3069 etme
2655 3011 2926 3085 ingravat.
2985 3028 3089 3073 nec
3147 3023 3201 3071 te
3228 3015 3459 3083 liberat;

205 3115 366 3181 uitus,
394 3116 563 3168 deituo
586 3114 887 3168 slintttlalttt'
913 3115 981 3168 ad
1009 3114 1353 3170 ctenieutiam.
1774 3114 1824 3178 ς,
1858 3106 2004 3162 malo
2055 3104 2511 3176 importuniorem
2565 3119 2686 3169 me.
2738 3121 2904 3176 quam
2974 3106 3312 3165 inutiliorem
3366 3121 3462 3166 aut

210 3206 238 3243 ιι
272 3205 715 3261 Clementissimo
746 3206 1015 3277 principi,
1062 3222 1124 3261 ac
1167 3207 1479 3262 beatissimo
1516 3208 1751 3278 impera-
1860 3200 2158 3270 turpiorem
2186 3200 2423 3271 judices.
2459 3198 2736 3270 Siquidem
2772 3198 3044 3275 scriptum
3075 3209 3196 3269 est,
3237 3201 3458 3260 dicente

130 3297 248 3355 tori
276 3298 585 3355 Tnconosto
613 3310 844 3369 augusto
874 3300 1175 3354 Ausaosms
1206 3300 1519 3370 episcopus.
1854 3300 2051 3347 sancto
2078 3289 2331 3360 apostolo
2376 3289 2573 3357 l’aulo,
2625 3288 2780 3361 cujus
2813 3302 2920 3346 non
2962 3301 3118 3363 putes
3145 3292 3456 3350 doctrinam

209 3395 262 3450 1.
300 3393 591 3449 Exercitus
623 3405 644 3433 ο
670 3408 886 3464 semper
903 3393 1122 3465 jugibus
1146 3393 1262 3450 fere
1290 3394 1437 3450 curis
1463 3409 1616 3462 sum,
1648 3396 1754 3450 lm-
1857 3384 2114 3442 refellere
2144 3401 2156 3436 :
2190 3382 2339 3439 Iusta
2366 3391 2680 3453 opportune,
2734 3383 3065 3454 importune;
3097 3402 3283 3457 argue,
3316 3385 3463 3443 obse-
3534 3376 3543 3383 ”

132 3486 690 3559 perator‘heatissime
722 3505 734 3540 :
768 3486 863 3542 sed
893 3503 1183 3559 numquam
1214 3496 1365 3544 tanto
1390 3490 1442 3542 in
1474 3498 1608 3544 mstu
1640 3488 1712 3545 lui
1737 3533 1750 3557 ,

134 3589 347 3653 quanto
377 3592 553 3647 nunc;
581 3594 703 3635 cum
732 3578 888 3636 video
913 3580 1210 3635 cavendum
1245 3596 1310 3637 nc
1331 3580 1459 3651 quid
1482 3582 1577 3648 sit,
1609 3581 1751 3653 quod

132 3673 443 3731 ascribatur
470 3672 604 3728 mihi
634 3675 797 3728 etiam
842 3672 909 3726 de
957 3672 1228 3744 sacrilegii
1261 3671 1518 3742 periculo.
1566 3674 1753 3743 itaque

132 3774 266 3837 peto
294 3774 354 3822 ttl
378 3766 646 3835 patienter
668 3779 978 3820 sermonem
1007 3780 1186 3819 meum
1210 3766 1420 3819 audias.
1447 3764 1580 3818 Nam
1600 3764 1646 3818 si
1671 3764 1753 3817 in-

135 3860 338 3932 dignus
381 3872 537 3924 sum,
570 3858 659 3926 qui
702 3873 730 3909 a
784 3870 836 3910 te
883 3856 1105 3920 audiar;
1158 3855 1409 3925 indignus
1452 3870 1569 3909 sum
1597 3896 1612 3919 ,
1661 3855 1751 3926 qui

135 3966 241 4023 pro
265 3962 317 4010 te
346 3950 600 4012 oli'eram,
626 3947 714 4003 cui
738 3955 828 4002 tua
851 3956 1007 4011 vota,
1032 3949 1119 4000 cui
1150 3956 1269 4002 tuas
1296 3944 1603 4001 committas
1633 3960 1755 4014 pre«

136 4060 252 4104 ces.
284 4046 408 4116 Ipse
436 4054 568 4110 ergo
614 4056 719 4095 non
747 4039 937 4095 audies
963 4054 1084 4093 eum
1106 4078 1119 4102 ,
1153 4053 1313 4107 quem
1344 4052 1444 4109 pro
1491 4046 1541 4092 te
1578 4038 1753 4092 audiri

136 4136 316 4193 velis?
343 4133 461 4189 Non
489 4130 676 4187 audies
698 4145 795 4201 pm
821 4145 880 4185 se
901 4139 1150 4200 agentem
1172 4171 1186 4195 ,
1211 4142 1372 4197 quem
1399 4143 1497 4198 pro
1519 4128 1639 4184 aliis
1658 4143 1754 4183 au-

138 4228 313 4286 diSti?
340 4226 453 4282 Nec
485 4225 690 4281 vereris
711 4223 976 4294 judicium
1009 4231 1187 4284 tuum,
1224 4226 1291 4277 ne
1319 4236 1442 4276 cum
1473 4219 1751 4292 indignum

140 4321 386 4392 putaris,
418 4333 579 4390 quem
611 4317 833 4378 audias.
869 4315 1149 4386 indignum
1183 4313 1409 4381 ieceris,
1442 4315 1532 4383 qui
1575 4329 1674 4384 pro
1705 4325 1757 4371 te

139 4412 441 4473 audiatur?

1857 3494 1985 3545 cra,
2038 3480 2253 3548 increpa
2295 3478 2351 3529 in
2382 3477 2520 3530 omni
2563 3477 2818 3547 patientia
2860 3487 2908 3531 et
2938 3476 3177 3532 doctrina
3224 3478 3294 3550 (ll
3320 3478 3459 3537 Tim.

1856 3586 1931 3637 tv,
1961 3569 2045 3641 2).

1928 3660 1982 3717 4.
2012 3661 2286 3718 Habemus
2306 3675 2437 3728 ergo
2465 3667 2520 3714 et
2547 3675 2649 3715 nos
2698 3661 2784 3717 cui
2826 3657 3125 3729 displicere
3152 3661 3275 3730 plus
3321 3666 3464 3732 peri-

1858 3756 1968 3811 culi
2001 3758 2100 3819 sit;
2127 3754 2428 3824 przesertim
2453 3766 2575 3807 cum
2594 3753 2760 3807 etiam
2784 3752 3204 3821 imperatoribus
3222 3768 3333 3809 non
3352 3755 3466 3813 dis-

1858 3848 2058 3918 pliceat
2081 3860 2181 3899 suo
2211 3858 2480 3914 quemque
2510 3843 2658 3916 [iungi
2710 3858 2961 3911 munere,
2987 3853 3045 3900 et
3071 3845 3345 3917 patienter
3368 3864 3464 3905 an-

1859 3942 2023 3999 diatis
2053 3952 2500 4008 unumquemque
2522 3951 2623 4007 pro
2662 3951 2762 3992 suo
2805 3946 3186 4008 suggerentem
3231 3939 3413 3999 cilicio
3444 3961 3457 4010 ;

1858 4036 2027 4089 immo
2052 4028 2386 4098 eorripiatis,
2404 4027 2450 4082 si
2475 4041 2583 4082 non
2612 4035 2797 4082 utatur
2818 4024 2846 4063 ιι
2868 4027 3075 4083 militiae
3099 4045 3213 4087 sua:
3239 4033 3455 4094 ordine.

1856 4124 2015 4195 Quod
2036 4138 2167 4193 ergo
2189 4122 2241 4179 in
2270 4120 2336 4174 iis
2361 4118 2597 4173 libenter
2622 4117 3176 4188 accipitis,quivobis
3202 4125 3455 4195 militant,

1859 4237 1991 4280 num
2015 4217 2203 4275 hocin
2251 4210 2633 4270 sacerdotibus
2685 4219 2867 4283 potest
2906 4211 3200 4271 molestum
3239 4218 3457 4288 videri;

1857 4332 1983 4374 cum
2013 4315 2065 4371 id
2088 4314 2395 4384 loquamur.
2417 4322 2527 4363 non
2555 4307 2701 4379 quod
2723 4306 3110 4374 volumus,sed
3140 4311 3283 4380 quod
3302 4311 3445 4382 jube.

1859 4426 1983 4469 mur
2010 4408 2174 4464 ?Scis
2224 4402 2369 4459 enim
2395 4403 2592 4456 lectum
2626 4414 2641 4453 :
2676 4398 2806 4454 Cum
2846 4400 3057 4455 stabilis
3096 4411 3219 4457 ante
3242 4418 3388 4475 reges
3414 4419 3462 4462 et

213 4510 271 4563 ‘2.
307 4505 416 4564 Sed
447 4521 624 4578 neque
653 4504 936 4575 imperiale
963 4513 1049 4560 est
1077 4504 1380 4560 libertatem
1413 4500 1628 4558 dicendi
1656 4501 1753 4559 de-
1782 4503 1833 4563 1)
1860 4501 2126 4576 prtesides,
2144 4498 2300 4554 nolite
2332 4494 2559 4566 cogitare
2584 4490 2712 4564 quid
2739 4492 3023 4562 loquamini
3044 4509 3063 4560 ;
3094 4492 3304 4550 dabitur
3323 4498 3459 4552 enim

143 4616 350 4673 negare
374 4642 388 4663 ,
416 4613 590 4668 neque
630 4596 1006 4662 sacerdotale,
1037 4592 1062 4632 ά
1092 4596 1235 4665 quod
1259 4596 1464 4651 sentias
1484 4637 1499 4661 ,
1536 4609 1641 4649 nou
1669 4594 1754 4650 di-

144 4710 295 4751 cere.
319 4691 462 4748 Nihil
483 4692 626 4745 enim
650 4690 702 4744 in
724 4690 880 4744 vobis
907 4689 1331 4758 imperatoribus
1356 4698 1464 4745 tam
1494 4688 1757 4759 populare

144 4794 200 4845 et
250 4796 364 4843 tam
407 4784 638 4841 amabile
666 4792 785 4849 est,
830 4794 989 4852 quam
1035 4781 1343 4839 libertatem
1375 4782 1538 4838 etiam
1592 4781 1647 4836 in
1693 4780 1758 4835 iis

224 4956 249 4985 ιι
279 4945 497 5018 Scripta
528 4939 756 5018 subdiu.
792 4938 917 4994 anni
944 4934 1070 5018 5833-
1243 5007 1258 5018 ,
1334 5005 1344 5017 .
1412 5007 1422 5017 .

220 5019 249 5057 δ
280 5002 357 5073 Ita
378 5002 568 5072 clunes
593 5012 723 5069 edit.
758 5019 813 5068 et
852 5026 982 5067 mss.
1018 5010 1176 5079 longe
1210 5005 1471 5079 plurimi;
1505 5002 1751 5079 nonnulli

154 5101 336 5150 tamen
379 5089 553 5143 solum
587 5084 869 5154 prml‘tgnnt
896 5098 913 5136 :
952 5076 1248 5154 Ambrosius
1278 5076 1564 5154 Theodosio
1592 5076 1756 5154 impe—

138 5146 336 5217 ratori.
366 5158 540 5227 Hujus
560 5146 719 5225 porro
740 5146 996 5223 cpistola:
1024 5152 1282 5227 Paulinus
1311 5146 1577 5211 meminit,
1611 5149 1756 5227 ejus-

154 5249 261 5304 que
286 5221 954 5304 scrihémlteoccasionem
974 5221 1300 5304 ..materi‘am
1344 5227 1504 5304 atque
1544 5221 1753 5304 exitum

157 5291 345 5361 narrat
362 5344 375 5366 ,
402 5302 470 5355 de
496 5298 692 5371 quibus
716 5294 969 5351 omnibus
994 5294 1047 5371 in
1073 5291 1328 5371 ejusdem.
1351 5298 1595 5371 tempore
1618 5291 1755 5342 assi.

153 5363 372 5448 gnando
393 5363 526 5448 satis
552 5368 991 5448 dispumtumest
1014 5367 1069 5419 in
1101 5363 1505 5448 Admonitione.

234 5459 254 5484 ε
288 5444 417 5501 Mss.
451 5430 653 5510 aliquoi
674 5480 689 5505 ,
721 5430 993 5512 Exercitus
1022 5450 1219 5512 semper
1222 5431 1486 5512 λείψω,
1510 5430 1765 5512 seu-curis

159 5530 293 5581 sum,
314 5500 592 5586 imperator
615 5500 927 5571 beatissime,
947 5500 1173 5586 deditus.
1198 5500 1357 5586 Haud.
1376 5502 1514 5586 male
1528 5500 1764 5585 quidem;

162 5570 253 5644 alii
283 5570 466 5642 lanient
508 5584 721 5651 plures.
753 5570 1040 5651 etionutes
1071 5575 1202 5651 edit.
1236 5570 1397 5651 nobis
1421 5570 1771 5651 patrocinan-

166 5642 272 5719 tur.
305 5656 410 5712 nisi
430 5642 750 5723 quodnon).
774 5648 1185 5723 edit_._expunxit
1212 5642 1531 5723 adverbium
1550 5659 1768 5723 semper.

235 5715 493 5786 “'Onmés
524 5720 657 5777 edit.
709 5728 764 5777 et
801 5715 1022 5793 quidam
1068 5733 1227 5788 mss.,
1269 5717 1406 5787 quod
1442 5715 1628 5773 sentiat
1661 5715 1773 5771 non

1862 4604 2002 4661 vobis
2031 4605 2084 4655 in
2105 4601 2200 4656 illa
2231 4600 2362 4653 liora
2415 4595 2541 4666 quid
2572 4595 2865 4665 loquamini
2893 4610 2910 4648 :
2934 4611 3038 4653 non
3057 4594 3195 4651 enim
3226 4611 3312 4651 vos
3338 4595 3464 4649 estis

1860 4699 1948 4768 qui
1975 4694 2266 4768 loquimini,
2298 4691 2388 4746 sed
2421 4689 2653 4762 Spiritus
2694 4687 2872 4743 Patris
2914 4688 3093 4754 miri,
3123 4687 3211 4759 qui
3238 4688 3463 4759 loquitur
3525 4751 3538 4762 .

1865 4794 1921 4847 in
1950 4790 2086 4846 vobis
2137 4784 2353 4859 (Matth.
2390 4799 2456 4849 ε,
2490 4781 2578 4845 19.
2620 4779 2739 4847 20).
2774 4778 2844 4836 Et
2890 4786 3072 4843 tamen
3113 4778 3159 4834 sl
3190 4777 3247 4834 in
3282 4779 3464 4835 causis

1861 4928 2051 4983 dicere.
2929 4983 2941 4995 .
3418 4984 3429 4996 .

1935 5009 1958 5035 θ
1985 4990 2294 5067 Ηεςηοοᾲη
2324 4991 2421 5067 Irae
2460 4988 2533 5043 es‘t
2556 5029 2569 5052 ,
2600 4984 3027 5067 arandis-tinxisti.
3149 4982 3285 5038 infra
3304 5026 3318 5051 ,
3344 5000 3465 5067 quia

1861 5054 2165 5127 αἱσιὶηωῖἑιὶ.
2203 5054 2289 5120 At
2317 5062 2435 5117 vice
2473 5071 2631 5113 versa
2660 5056 2754 5113 ubi
2801 5054 2942 5111 idem
2973 5055 3144 5127 codex
3175 5070 3296 5109 cum
3343 5054 3466 5112 aliis

1862 5126 2033 5199 multo
2063 5135 2412 5206 pluribus_et
2448 5131 2658 5206 cunctis
2679 5127 2910 5206 edi_t..“si
2947 5126 3246 5206 distinst
3282 5129 3462 5200 justo,

1863 5196 1993 5271 mss.
2028 5196 2175 5263 P'rat.
2216 5221 2279 5262 ac
2307 5203 2465 5261 Gem.
2498 5201 2700 5270 legunt,
2730 5201 2776 5252 si
2805 5196 2998 5252 dixeris
3018 5201 3186 5271 justo.

1943 5286 1955 5321 ι
1994 5276 2110 5336 Duo
2140 5292 2298 5342 mss.,
2352 5275 2395 5328 si
2418 5272 2622 5344 dixeris
2629 5272 2795 5344 justo.

1944 5362 1968 5399 κ
2000 5352 2131 5419 lleg.
2166 5335 2295 5403 cod;
2317 5345 2490 5410 solus,
2523 5335 2711 5396 divina:
2760 5335 2977 5406 olfenste
3005 5348 3219 5394 memor.
3255 5338 3397 5395 Nam
3425 5344 3468 5398 si

1876 5433 1999 5480 ...tu
2028 5420 2284 5474 hauseris.

1946 5433 1999 5530 l1“
1998 5433 2304 5549 rigging;
2329 5487 2384 5542 in
2402 5485 2665 5557 principi0
2696 5483 2854 5557 Ῑιυίιὲδ
2875 5479 3360 5557 epiSw—g‘mmpe
3390 5486 3477 5543 his

1877 5565 2080 5630 verbis,
2112 5562 2198 5632 qui
2225 5554 2466 5629 obsequio
2494 5554 2952 5632 militiwividetur
2989 5554 3237 5632 militiam
3274 5570 3476 5632 ponere

1881 5654 1989 5696 non
2015 5623 2224 5692 tantum
2257 5623 2649 5701 pro'castreu‘si
2677 5623 2974 5701 stipendio,
3023 5623 3118 5701 sed
3161 5636 3258 5701 pro
3276 5623 3476 5699 quavis

1881 5692 2178 5775 iunctione,
2215 5692 2539 5767 niiuiSterio,
2568 5708 2625 5761 et
2654 5692 2855 5757 cilicio.
2886 5695 3013 5753 Haec
3034 5692 3294 5756 Nannius.
