4042 6174
143 285 287 343 “05

1361 293 1855 354 ΕΡιδτοιΑιιυιι
1887 297 2169 357 CLASSlS
2199 301 2242 357 l.

3314 311 3455 369 H06

141 405 258 476 ipse
289 405 394 461 hoc
415 417 733 462 revocatum
781 407 960 464 adhuc
988 423 1096 464 non
1155 410 1400 482 legerim,
1435 423 1748 470 revocatum
1778 422 1831 480 Α
1856 409 2239 486 ρτεεΐεειοιυιιι
2264 417 2502 474 incensa:
2521 420 2654 488 sint,
2687 430 2743 477 et
2764 422 3460 481 nemovindicavit?lmmo

141 507 328 555 tamen
382 502 800 557 constituamus.
834 503 970 571 Quid
1029 506 1074 560 si
1120 507 1213 560 alii
1269 507 1752 574 timidiores,dum

143 605 378 648 mortem
403 594 790 661 reformidant,
822 597 1058 653 oil‘eraut
1087 610 1150 664 ut,
1166 598 1234 654 de
1260 602 1375 656 suis
1412 601 1756 659 facultatibus

143 695 438 754 reparetur
469 702 745 757 synagoga
777 705 792 750 ;
818 699 912 743 aut
959 705 1146 746 comes
1185 692 1275 746 ubi
1299 692 1400 748 hoc
1427 697 1757 765 compererit

143 777 329 846 primo
355 779 739 845 constitutum,
773 780 890 850 ipse
917 782 984 837 de
1014 784 1447 841 Christianorum
1472 803 1635 844 censu
1657 803 1758 844 ex-

146 869 410 923 adilicari
435 870 666 940 jubeat?
694 871 952 938 Habebis,
980 875 1295 946 imperator,
1328 881 1584 935 comitem
1619 898 1757 952 pra:-

144 961 537 1027 varicatorem,
558 972 612 1016 et
638 961 764 1018 huic
791 965 990 1020 vexilla
1018 971 1324 1024 eonunittes
1352 972 1615 1038 victricia,
1634 973 1757 1029 huic

147 1054 422 1120 labarum,
458 1056 560 1110 boc
611 1067 718 1122 est,
747 1067 772 1093 ⁸
801 1056 1008 1114 Christi
1057 1073 1331 1118 sacratum
1391 1066 1631 1132 nomine,
1663 1067 1753 1136 qui

145 1162 486 1219 synagogam
519 1149 809 1215 instauret,
841 1166 962 1219 qua:
1008 1151 1285 1208 Christum
1342 1157 1591 1211 nesciat?
1619 1157 1756 1213 lube

143 1240 402 1296 labarum
433 1257 722 1314 synagoga:
771 1244 982 1312 inferri,
1035 1246 1320 1303 videamus
1374 1250 1418 1303 si
1471 1266 1576 1304 non
1616 1252 1754 1306 resi-

144 1341 324 1387 stunt.

226 1427 317 1482 10.
351 1424 470 1479 Erit
503 1426 667 1497 igitur
723 1427 876 1484 locus
907 1428 933 1466 δ
958 1429 1273 1485 ludaeorutn
1307 1432 1551 1500 perfidia:
1583 1433 1756 1490 factus

147 1519 221 1573 de
247 1519 460 1574 exuviis
508 1519 771 1575 Ecclesize
800 1540 813 1576 :
847 1531 902 1576 et
929 1523 1350 1592 patrimonium,
1379 1525 1522 1595 quod
1570 1526 1757 1583 favore

147 1611 358 1668 Christi
391 1614 715 1683 acquisitum
765 1623 850 1670 est
879 1617 1213 1683 christianis,
1249 1619 1352 1673 hoc
1399 1618 1758 1675 transferetur

147 1706 223 1761 ad
251 1707 477 1761 donaria
504 1706 836 1776 perfidorum
864 1709 887 1761 ?
915 1709 1171 1780 Legimus
1199 1711 1397 1780 templa
1428 1711 1588 1766 idolis
1617 1713 1758 1766 anti-

1857 512 1901 564 si
1929 511 2049 581 quis
2086 513 2478 582 imperatorum
2525 516 2694 571 voluit
2739 519 2938 573 factum
2975 520 3222 576 severius
3275 537 3463 592 repre-

1859 601 2119 670 hendere,
2145 605 2264 675 ejus
2294 608 2466 677 magis
2495 608 2589 678 qui
2623 618 2771 664 tanto
2800 619 2887 666 est
2913 612 3195 681 perculsus
3229 612 3458 682 dispen-

1858 694 1971 760 dio,
2008 694 2027 732 ί
2048 711 2266 752 causam
2294 700 2564 769 gravavit.
2599 700 2740 767 Quid
2772 702 2934 772 igitur
2956 703 3190 774 dignius,
3219 715 3276 759 ut
3295 703 3460 760 Calli-

1857 791 1963 846 nici
1991 793 2150 847 castri
2183 796 2234 847 in
2260 805 2416 863 parte
2441 795 2622 865 aliqua
2654 796 3012 852 aedificiorum
3042 797 3455 863 iucendium,an

1857 883 2011 939 urbis
2040 885 2229 941 Romtc
2257 887 2640 943 vindicandum
2671 890 3056 959 aestimaretur,
3088 891 3134 946 si
3179 900 3459 962 oporteret

1860 979 2080 1032 tamen?
2111 989 2134 1024 8
2151 980 2624 1052 ConstantinOpoli
2647 981 2849 1037 dudum
2877 983 3070 1038 domus
3098 983 3341 1054 episcOpi
3380 985 3463 1038 in-

1857 1084 2017 1126 censa
2044 1082 2148 1137 est,
2177 1082 2229 1128 et
2278 1073 2423 1128 filius
2466 1075 2774 1130 clementia:
2808 1085 2914 1130 tua:
2975 1077 3289 1132 intercessit
3313 1075 3456 1147 apud

1858 1170 2106 1230 patrem;
2152 1173 2208 1218 ut
2255 1174 2309 1220 et
2329 1179 2505 1232 suam,
2543 1167 2646 1222 hoc
2675 1177 2780 1244 est,
2815 1169 2912 1223 filii
2947 1169 3292 1239 imperatoris
3315 1169 3458 1238 inju-

1860 1254 2018 1320 riam,
2050 1257 2320 1313 ctdomus
2341 1260 2701 1316 sacerdotalis
2734 1260 3044 1317 incendium
3079 1277 3184 1317 non
3220 1261 3461 1318 vindica-

1859 1347 2109 1434 resbNon
2133 1350 2472 1418 consideras,
2511 1352 2834 1423 imperator,
2868 1369 2934 1409 ne
2964 1353 3145 1409 ethoc
3181 1369 3305 1408 cum
3345 1354 3461 1408 vin-

1858 1439 2309 1510 dicarijusseris,
2342 1447 2456 1513 ipse
2494 1445 2689 1499 iterum
2719 1445 3070 1510 interveniat,
3109 1460 3178 1501 ne
3223 1444 3462 1500 vindice-

1861 1532 1987 1586 tur?
2007 1532 2115 1588 Sed
2144 1533 2284 1588 bene
2309 1535 2437 1589 illud
2476 1537 2804 1606 acquisitum
2827 1545 2912 1592 est
2938 1552 2965 1590 a
3000 1545 3155 1608 patre
3177 1536 3320 1602 lilio;
3343 1535 3460 1606 dig-

1862 1642 1988 1680 num
2007 1636 2126 1682 erat
2148 1629 2316 1694 enim,
2351 1638 2409 1683 ut
2435 1645 2589 1684 suam
2619 1631 2870 1700 injuriam
2893 1630 3042 1700 prius
3064 1631 3181 1701 ipse
3209 1631 3457 1686 donaret.

1859 1717 2007 1773 Bene
2037 1719 2170 1774 illud
2214 1735 2339 1775 cum
2366 1722 2556 1791 gratia:
2581 1721 2932 1777 distinctione
2959 1722 3194 1776 divisum
3251 1732 3359 1789 est,
3404 1733 3462 1775 ut

144 1801 338 1870 quitus
367 1800 584 1856 condita
605 1802 627 1830 °
663 1801 733 1856 de
763 1802 1037 1856 manubiis
1065 1801 1431 1866 Cimbrorum,
1467 1803 1535 1858 de
1564 1804 1756 1874 spoliis
1787 1814 1833 1874 Β
1861 1819 1920 1865 et
1949 1809 2091 1865 illius
2125 1827 2223 1880 pro
2246 1827 2365 1879 sua,
2385 1823 2441 1868 et
2466 1823 2619 1882 pater
2674 1828 2772 1882 pro
2802 1813 2896 1867 lilii
2931 1812 3126 1882 injuria
3157 1821 3458 1883 rogaretur.

145 1895 495 1965 reliquorum
541 1894 802 1953 hostium.
838 1896 993 1951 Hunc
1035 1896 1248 1950 titulum
1285 1897 1455 1952 ειυάωὶ
1488 1899 1539 1952 in
1584 1898 1760 1953 fronte

144 2001 444 2058 synagoga:
468 2002 579 2042 sua:
612 1987 856 2042 scribent
883 2006 894 2040 :
920 1987 1204 2056 Templum
1230 1988 1527 2058 impietatis
1557 1989 1756 2044 factum

145 2081 220 2135 de
242 2081 521 2136 manubiis
549 2081 1000 2137 christiauorum.

225 2175 316 2228 li.
346 2172 372 2210 ά
413 2173 522 2229 Sed
548 2174 856 2244 disciplina:
901 2184 953 2229 te
983 2176 1143 2239 ratio,
1180 2176 1500 2245 imperator,
1552 2188 1754 2232 movet.

141 2265 292 2332 Quid
322 2265 490 2338 igitur
518 2276 603 2320 est
628 2266 896 2336 amplius?
923 2267 1226 2336 disciplina:
1249 2268 1483 2336 species,
1503 2284 1571 2323 an
1594 2283 1756 2324 causa

143 2357 479 2426 religionis?
509 2357 681 2412 Cedat
710 2369 927 2428 oportet
947 2373 1182 2413 censura
1211 2358 1510 2414 devotioni.

223 2449 314 2504 12.
353 2459 376 2486 ε
406 2449 522 2505 Non
553 2450 775 2516 audisti,
832 2453 1152 2520 imperator,
1184 2452 1306 2521 quia
1351 2468 1473 2507 cum
1501 2453 1758 2522 jussisset

140 2542 400 2598 Julianus
431 2544 672 2612 reparari
698 2543 961 2612 templum
989 2544 1406 2616 Hierosolymis,
1432 2545 1640 2610 divino,
1665 2547 1754 2615 qtti

141 2634 426 2690 faciebant
453 2638 790 2706 repurgium,
820 2637 944 2704 igne
990 2635 1328 2704 llagraruut?
1356 2635 1473 2690 Non
1501 2652 1664 2692 caves
1688 2653 1756 2694 ne

140 2727 318 2782 etiam
369 2743 511 2782 nunc
557 2730 648 2780 fiat
676 2728 698 2780 ?
727 2727 880 2782 Adeo
907 2741 936 2781 a
967 2737 1019 2782 te
1049 2742 1155 2781 non
1209 2727 1311 2782 fuit
1349 2727 1672 2798 jubendum,
1697 2739 1756 2784 ut

141 2821 406 2876 Julianus
430 2821 779 2890 bocjusserit
811 2824 823 2875 !

220 2911 388 2984 950
417 2913 501 2966 15.
529 2912 669 2980 Quid
703 2922 885 2968 tamen
935 2915 1164 2968 movet?
1193 2913 1383 2970 Utrum
1410 2917 1534 2986 quia
1579 2917 1752 2987 quod-

140 3019 385 3074 cumque
416 3004 708 3060 mdilicium
730 3007 1010 3077 publicum
1053 3019 1306 3063 exustum
1359 3019 1446 3063 est
1475 3052 1490 3074 ,
1519 3025 1586 3064 an
1627 3011 1750 3080 quia

140 3113 442 3170 synagoga:
469 3098 667 3154 locus?
700 3099 758 3154 Si
789 3098 1019 3155 aedilicio
1050 3102 1275 3156 incenso
1323 3104 1560 3158 moveris
1602 3105 1754 3160 vilis-

1866 1901 2004 1957 llinc
2027 1902 2162 1957 nihil
2220 1913 2302 1958 est
2331 1904 2474 1972 quod
2505 1904 2619 1960 lilio
2672 1920 2942 1971 reserves,
2989 1915 3045 1960 et
3084 1904 3212 1960 vide
3238 1919 3308 1961 ne
3336 1905 3464 1975 quid

1865 1993 1976 2048 Deo
1996 1995 2249 2065 deroges.

1937 2087 2023 2140 Η.
2049 2086 2164 2141 Νοη
2195 2098 2276 2142 est
2301 2103 2432 2158 ergo
2461 2103 2625 2144 causa
2655 2099 2819 2144 tanta:
2842 2091 3198 2145 commotioni
3230 2090 3423 2147 idonea
3452 2108 3467 2154 ;

1864 2188 1920 2232 ut
1972 2190 2196 2250 propter
2217 2180 2433 2236 aedilicii
2461 2183 2802 2239 exustionem
2857 2184 2911 2238 in
2945 2184 3200 2254 pepulum
3242 2194 3348 2239 tam
3377 2200 3463 2240 se-

1863 2287 1989 2328 vere
2013 2273 2355 2330 vindicetur:
2383 2276 2553 2331 multo
2598 2286 2778 2332 autem
2825 2278 3005 2333 minus
3034 2279 3159 2348 quia
3193 2293 3464 2350 synagoga

1861 2364 2081 2419 incensa
2095 2374 2200 2429 est,
2217 2367 2462 2436 perfidia:
2476 2368 2652 2434 locus,
2669 2369 2962 2438 impietatis
2977 2369 3192 2435 domus,
3209 2373 3461 2426 amentia:

1860 2459 2287 2528 receptaculum,
2318 2460 2460 2530 quod
2503 2461 2647 2517 Deus
2693 2462 2972 2516 damnavit
3001 2462 3136 2532 ipse.
3168 2462 3262 2518 Sic
3308 2464 3458 2518 enim

1863 2550 2090 2621 legimus
2114 2568 2213 2622 per
2239 2569 2304 2609 os
2358 2554 2669 2620 Hieremitc,
2694 2556 2910 2611 dicente
2945 2557 3177 2612 Domino
3205 2557 3316 2612 Deo
3358 2574 3460 2612 no-

1858 2652 1972 2698 stro
1999 2662 2010 2696 :
2036 2644 2099 2697 Et
2119 2645 2312 2713 faciam
2333 2647 2532 2712 domui,
2562 2648 2648 2701 ubi
2667 2648 2958 2702 invocatum
2979 2657 3053 2702 est
3085 2665 3269 2702 nomen
3290 2663 3460 2703 meum

1857 2738 2215 2807 superipsam,
2231 2739 2282 2792 in
2297 2755 2398 2807 qua
2415 2740 2674 2808 conﬁditis
2695 2757 2803 2806 vos,
2820 2751 2867 2794 et
2879 2742 2993 2796 loco
3015 2757 3162 2811 quem
3179 2741 3302 2795 dedi
3321 2742 3463 2796 vobis

1857 2837 1904 2882 ct
1935 2829 2167 2899 patribus
2192 2832 2395 2894 vestris,
2425 2829 2449 2865 ¹¹
2482 2832 2614 2886 sicut
2637 2833 2734 2903 feci
2767 2833 2928 2887 Sclon
2957 2851 2974 2885 :
3004 2843 3052 2886 et
3081 2833 3354 2902 projiciam
3377 2849 3465 2887 vos

1856 2939 1888 2976 a
1933 2924 2068 2994 facie
2123 2940 2256 2989 mea,
2280 2926 2411 2978 sicut
2461 2927 2657 2997 projeci
2687 2930 2873 2996 fratres
2898 2936 3092 2982 vestros
3115 2943 3262 2981 omne
3288 2942 3462 2981 semen

1859 3015 2123 3086 Ephrem.
2159 3016 2223 3070 Et
2250 3028 2303 3071 tu
2334 3019 2442 3072 noli
2484 3035 2633 3073 orare
2655 3035 2748 3090 pro
2770 3021 2962 3090 papula
2992 3021 3117 3085 isto,
3142 3030 3188 3074 et
3213 3020 3319 3073 noli
3341 3037 3464 3090 pos-

1858 3108 2026 3162 tulare
2073 3108 2181 3162 illis
2211 3109 2647 3175 miscricordiam,
2679 3120 2726 3164 et
2771 3126 2931 3180 neque
2973 3111 3247 3166 accesseris
3271 3111 3340 3164 ad
3381 3127 3465 3165 me

140 3196 293 3247 sime
323 3193 475 3265 (quid
497 3194 642 3247 enim
680 3193 731 3247 in
760 3203 869 3247 tam
905 3194 1128 3264 ignobili
1157 3204 1340 3248 castro
1372 3211 1495 3250 esse
1527 3197 1745 3268 potuit),
1779 3208 1823 3269 C
1856 3217 1950 3269 pro
1973 3197 2087 3255 illis
2118 3219 2138 3256 :
2161 3204 2284 3272 quia
2327 3220 2430 3258 non
2477 3205 2755 3259 exaudiam
2785 3216 2851 3260 te.
2887 3206 2988 3259 Aut
3038 3222 3141 3260 non
3169 3206 3311 3259 vides
3333 3205 3461 3275 quid

141 3300 258 3340 non
279 3285 611 3352 recordaris,
638 3286 955 3358 imperator,
981 3296 1308 3357 quantorunt
1339 3288 1525 3342 Roma:
1554 3289 1749 3345 domus

223 3462 249 3490 ⁸
283 3451 516 3507 Vocibus
561 3449 754 3504 Christi
803 3461 1063 3505 sacratum
1121 3451 1356 3514 nomine,
1409 3451 1566 3503 llom.
1617 3450 1749 3505 edit.

146 3525 340 3593 adjicit
368 3524 592 3593 signum.
623 3523 729 3578 Sed
759 3533 1117 3592 praeterquam
1176 3522 1319 3591 quod
1374 3520 1510 3574 hanc
1563 3535 1751 3593 vocem

147 3592 305 3650 nulla
334 3592 437 3646 alia
466 3594 597 3648 edit.
631 3606 723 3648 aut
769 3610 900 3648 mss.
934 3595 1198 3663 agnoscit,
1243 3593 1484 3646 labarum
1535 3592 1753 3660 proprie

146 3669 367 3736 signum
402 3681 507 3717 non
538 3675 676 3726 erat,
707 3666 756 3718 td
797 3676 900 3727 est,
927 3680 957 3718 e
985 3665 1155 3718 Solida
1213 3664 1436 3718 materia
1473 3677 1578 3736 nou
1611 3673 1751 3726 erat,

149 3735 251 3792 sed
284 3736 463 3790 velum
496 3737 798 3805 augustale.
837 3736 1004 3802 llujus
1036 3735 1353 3788 instituendi
1378 3735 1749 3805 occasiOuem,

152 3825 264 3863 non
299 3822 457 3862 secus
484 3821 546 3859 ac
576 3804 819 3875 ejusdem
855 3807 1082 3861 formam
1113 3806 1327 3860 abunde
1357 3804 1622 3858 describit
1648 3804 1756 3875 Eu-

152 3878 458 3933 sebiuslib.
493 3893 506 3930 l
541 3874 678 3930 Vita:
707 3876 920 3941 Const.,
952 3892 1097 3945 cap.,
1135 3876 1226 3938 51,
1261 3890 1323 3928 ex
1360 3891 1467 3943 quo
1507 3874 1752 3945 eamdem

153 3949 581 4014 descriptionem
606 3948 851 4002 certatim
881 3944 1208 4014 p05tcriores
1235 3946 1472 3998 historici
1497 3944 1753 4014 prodide-

155 4031 308 4076 runt.
337 4019 474 4073 Cum
507 4027 685 4071 autem
707 4017 847 4071 idem
883 4017 1150 4072 Eusebius
1192 4016 1392 4070 ibidem
1428 4015 1521 4068 lib.
1556 4029 1752 4079 tt,c;ip.

156 4094 217 4153 8,
243 4091 450 4145 electos
479 4104 507 4142 ιι
533 4087 892 4143 Constantino
945 4095 1339 4141 commemoret
1389 4101 1450 4138 ex
1487 4095 1758 4153 protecto-

159 4179 281 4216 rum
309 4174 537 4215 nttmcro
570 4161 714 4214 viros
754 4158 844 4220 50,
879 4174 1106 4224 quorum
1141 4158 1243 4216 Itoc
1291 4173 1455 4210 unum
1489 4166 1606 4210 erat
1639 4156 1758 4209 offi-

161 4235 332 4297 cium,
367 4239 423 4284 ut
473 4231 730 4286 vexillum
762 4229 894 4284 illud
925 4270 939 4293 ,
994 4229 1135 4298 quod
1172 4229 1474 4283 alternatim
1517 4227 1756 4281 humeris

162 4304 533 4364 sustinebant,
555 4304 970 4356 circutnsuuttes
1019 4300 1274 4353 satellitio
1301 4314 1400 4352 suo
1431 4308 1713 4352 tuerentur
1741 4315 1752 4350 :

163 4391 303 4449 quos
323 4373 667 4449 'l‘lteodosius
707 4371 890 4449 juniur
918 4372 1170 4449 λάϐωρογ,
1203 4373 1282 4424 sic
1307 4369 1653 4449 cnim-'Craci
1685 4368 1760 4421 la-

163 4432 361 4499 liarum
385 4444 592 4506 dicunt,
619 4432 940 4512 prcepositos
965 4432 1167 4506 voc'ari,
1196 4452 1249 4496 et
1271 4457 1301 4496 e
1323 4432 1760 4512 scholis_donics-

169 4519 400 4570 ticorum
419 4509 805 4591 assumijubct
828 4514 878 4591 in
908 4529 1012 4567 una
1037 4530 1103 4567 ex
1133 4513 1340 4591 legibus
1360 4509 1755 4591 cod-Thetidi;

168 4588 369 4641 tnirum
403 4581 850 4640 l'orlasse'vidcri
895 4593 1076 4653 queat,
1109 4599 1206 4638 cur
1253 4581 1612 4653 Ambrosius,
1643 4581 1761 4634 istis

169 4658 410 4718 omissis,
449 4659 778 4710 mentionem
834 4652 1075 4709 absentis
1123 4656 1336 4709 Comitis
1379 4653 1464 4707 hic
1492 4652 1758 4706 instituat.

170 4729 562 4782 Verumtamen
598 4728 712 4780 ticri
747 4734 962 4794 potest,
996 4735 1052 4780 ut
1094 4725 1435 4780 Theodosius
1462 4731 1556 4794 aut
1582 4723 1761 4794 disce-

167 4802 309 4853 dens
337 4799 407 4852 ab
435 4797 660 4874 Oriente
693 4793 816 4874 huic
859 4797 1046 4874 comiti
1078 4793 1495 4874 vexillum_illud
1526 4793 1762 4874 relique-

171 4874 261 4930 rit,
294 4877 390 4923 aut
417 4879 538 4938 post
566 4868 842 4922 victoriam
876 4868 1047 4936 ipsum
1072 4883 1196 4921 cutn
1245 4867 1437 4922 eodem
1459 4864 1636 4920 redire
1660 4879 1760 4938 vo-

172 4941 335 4996 luerit
365 4957 380 5003 ;
409 4936 864 5010 quemadmodum
897 4939 1210 4992 Stilicoucm
1248 4946 1368 5004 post
1397 4946 1629 5010 mortem
1657 4936 1764 5010 Ar-

173 5012 337 5086 cadii
375 5005 900 5086 (lonSIantiuopolim
954 5010 1390 5086 proﬁciscentem
1436 5005 1566 5059 illttd
1620 5006 1764 5086 idem

173 5084 438 5138 vexillum
469 5097 653 5137 secum
707 5077 898 5135 tulisse
947 5077 1136 5135 auctor
1163 5088 1249 5134 est
1289 5079 1648 5140 Sozomeuus,
1673 5077 1764 5129 lib.

174 5171 251 5221 ts,
275 5169 395 5223 cap.
429 5155 483 5208 4.

248 5227 274 5265 b
303 5219 534 5291 Q'uitlam
558 5239 715 5290 tnss.,
747 5221 1052 5275 Judworum
1078 5223 1242 5293 gentis
1268 5219 1498 5291 perﬁda}.

252 5307 273 5333 ο
305 5289 529 5350 βειιιειιΙὶ
558 5312 712 5354 tnss.,
748 5295 811 5346 de
830 5289 1483 5347 manibus'Cimbrorum...
1514 5289 1576 5342 de
1596 5289 1763 5341 mani-

176 5369 270 5420 bus
293 5368 710 5420 Christianorum.
755 5364 870 5418 Non
902 5367 1034 5418 satis
1060 5374 1244 5428 recte;
1295 5372 1421 5416 sunt
1479 5359 1623 5417 enim
1655 5374 1770 5413 ma-

180 5439 359 5493 nubia:
390 5449 482 5491 aut
537 5436 780 5506 pecunia:
807 5450 872 5488 ex
926 5433 1107 5503 praeda
1156 5435 1339 5490 hostili
1364 5434 1579 5488 vendita
1600 5445 1765 5506 com-

183 5519 408 5578 paratze,
435 5503 739 5578 aut'prmdia
789 5507 927 5578 ipsa.
954 5506 1028 5559 De
1063 5506 1296 5560 Cimbris
1320 5517 1524 5578 autem
1548 5519 1575 5557 a
1599 5503 1768 5578 Mario

179 5573 376 5634 deletis
421 5573 645 5633 consule
701 5573 851 5630 Floi'i
898 5577 992 5630 lib.
1042 5593 1121 5643 ιιι,
1163 5593 1286 5646 cap.
1317 5577 1372 5642 5,
1402 5585 1457 5632 et
1494 5573 1764 5630 Patercnli

180 5649 278 5726 lib.
313 5667 372 5726 ιι,
400 5650 737 5726 atquealios.
889 5718 918 5726 η
983 5719 994 5726 .
1040 5719 1068 5726 η
1365 5719 1374 5726 _
1671 5715 1682 5726 ,

256 5719 281 5757 ἀ
316 5722 447 5790 Heg.
474 5718 599 5774 cod.
657 5732 814 5781 unus,
866 5718 1138 5787 disciplina
1187 5719 1453 5790 erratio;
1501 5718 1684 5770 caeteri
1716 5723 1771 5768 et

185 5792 316 5846 edit.
355 5787 496 5846 inter
522 5807 581 5845 se
606 5790 959 5852 conveniunt,
997 5790 1098 5842 nisi
1126 5787 1266 5856 quod
1293 5787 1454 5840 Rom.
1486 5801 1584 5853 pro
1607 5791 1771 5837 movet

1864 3296 1949 3348 isti
1976 3295 2170 3364 faciunt
2201 3297 2254 3349 in
2284 3297 2573 3352 civitatibus
2600 3295 2742 3352 Iuda
2768 3297 2986 3370 (Jerem.
3016 3314 3111 3364 vn,
3138 3296 3206 3352 M
3231 3307 3277 3351 et
3301 3297 3467 3366 seq.)?

1859 3455 2041 3523 posuit
2066 3465 2285 3518 moveat,
2312 3455 2491 3510 minus
2519 3456 2828 3511 commode.

1933 3533 1954 3560 θ
1979 3525 2184 3580 Sensus
2217 3535 2323 3588 est,
2348 3537 2405 3580 ut
2443 3525 2519 3579 ait
2546 3525 2790 3580 Nannius
2817 3545 2829 3579 :
2861 3526 2975 3580 Non
3031 3527 3251 3590 audisti,
3284 3527 3466 3594 impe-

1856 3604 2026 3658 rator,
2060 3611 2156 3650 eos
2185 3597 2276 3664 qui
2312 3596 2877 3665 purgabantarenam,
2905 3612 2932 3649 a
2966 3598 3253 3665 parietinis
3281 3606 3334 3650 et
3364 3611 3463 3650 ca-

1856 3665 2052 3720 ducam
2104 3667 2388 3722 materiam
2440 3667 2832 3732 eruderabant,
2889 3674 2948 3719 ut
2989 3667 3060 3721 ibi
3094 3681 3290 3720 novum
3324 3675 3464 3719 tem-

1858 3736 2004 3805 plum
2051 3738 2204 3804 jussu
2231 3736 2434 3790 .luliani
2484 3747 2865 3804 consurgeret,
2912 3735 3128 3791 ctelesti
3159 3737 3280 3805 igne
3305 3749 3462 3805 com-

1859 3804 2047 3862 bustos
2069 3822 2214 3862 esse.
2241 3807 2373 3860 Nam
2403 3807 2453 3859 in
2482 3806 2810 3862 Theodoreti
2835 3807 2929 3860 lib.
2960 3822 3017 3860 nt
3063 3804 3280 3860 Eccles.
3313 3804 3455 3862 Hist.

1858 3893 1977 3946 cap.
2005 3877 2100 3941 20,
2137 3876 2334 3944 legitur
2381 3878 2561 3945 ignem
2615 3892 2678 3931 ex
2731 3875 3101 3931 fundamentis
3130 3876 3377 3944 erupisse
3404 3887 3463 3933 et

1857 3945 2234 4002 concremasse
2285 3947 2586 4014 operarios.
2646 3946 2772 4000 Hzec
2825 3945 2914 4001 ille
2961 3946 3200 4015 :quibus
3247 3946 3458 4004 addere

1858 4018 2124 4090 potuisset
2149 4025 2342 4090 testem
2375 4016 2499 4090 hac
2528 4026 2679 4086 parte
2733 4019 2878 4071 omni
2936 4017 3257 4084 exceptione
3288 4023 3460 4090 majo-

1861 4087 1972 4143 rem
2007 4087 2347 4142 Ammianum
2372 4089 2468 4144 lib.
2515 4103 2666 4154 χχιιι,
2695 4102 2816 4156 cap.
2854 4090 2901 4153 l,
2925 4095 2980 4142 et
3006 4098 3286 4144 auctorem
3321 4089 3460 4145 Hist.

1860 4159 2098 4226 Tripart.
2133 4159 2226 4213 lib.
2261 4173 2334 4223 Vl,
2367 4173 2415 4213 c.
2447 4159 2536 4215 45.

1935 4230 1953 4268 ί
1989 4230 2159 4300 Long.
2193 4229 2584 4300 cod.,ﬂcausam
2629 4230 2848 4284 curavit.
2895 4229 3164 4285 Caeterum
3190 4237 3454 4300 castrum

1859 4301 2180 4356 Callinicum
2240 4301 2293 4354 in
2345 4299 2625 4356 Osdroena
2676 4301 2904 4355 orientis
2957 4299 3234 4370 provincia
3287 4303 3453 4354 situm

1862 4371 2030 4427 fuisse
2069 4370 2412 4427 Godofredus
2435 4375 2554 4428 loco
2581 4373 2748 4427 citato
2779 4374 3105 4428 auctoritate
3159 4370 3452 4437 Ammiaui,

1861 4443 2064 4498 Zosimi
2095 4458 2158 4497 ac
2174 4442 2393 4498 Notitia:
2419 4444 2633 4515 imperii
2662 4443 2846 4499 tradit.

1937 4525 1960 4560 ιε
1993 4515 2260 4569 Discimus
2277 4530 2343 4569 ex
2369 4513 2594 4569 Socr—ate
2618 4514 2714 4570 lib.
2747 4531 2801 4579 v,
2828 4531 2878 4570 c.
2915 4513 3002 4580 17,
3035 4514 3312 4568 incensam
3332 4524 3457 4566 esse

1864 4583 2094 4639 Nectarii
2124 4587 2368 4650 domum,
2414 4587 2574 4655 idque
2605 4585 2918 4641 Theodosio
2979 4585 3220 4652 Augusto
3270 4581 3459 4655 et_Cy-

1866 4657 2024 4725 negio
2051 4671 2194 4712 coss.
2223 4652 2506 4720 accidisse,
2539 4657 2641 4727 hoc
2685 4667 2789 4722 est,
2821 4658 2940 4727 ipso
2966 4652 3300 4727 anno,_quod
3332 4652 3456 4727 huic

1864 4723 2111 4794 epistola:
2154 4728 2516 4794 assignamus.
2539 4725 2726 4794 Neque
2753 4723 2884 4781 vero
2906 4726 3064 4782 nobis
3089 4723 3282 4794 officit,
3309 4723 3456 4790 quod

1865 4796 2187 4851 Ambrosius
2215 4793 2418 4850 dudum
2450 4793 2725 4850 incensam
2765 4795 3157 4852 diciteamdetn
3187 4793 3406 4848 domum
3439 4807 3454 4855 ;

1865 4869 2094 4950 perinde
2125 4867 2268 4950 enim
2296 4865 2403 4950 _hoc
2434 4867 2554 4948 loco
2599 4868 2732 4944 agit,
2759 4882 2836 4948 .ac
2880 4867 2924 4920 si
2971 4866 3094 4948 quis
3126 4863 3456 4950 quempiam

1892 4937 2070 4991 udicio
2115 4935 2433 5000 defendens,
2466 4936 2555 5004 qui
2577 4933 2870 4991 commisso
2910 4933 3008 5005 per
3035 4933 3455 5004 imprudentiam

1889 5006 2189 5073 tomicidio,
2247 5005 2430 5060 statim
2486 5021 2702 5074 poenam
2743 5009 2926 5062 subire
2977 5015 3284 5075 cogeretur,
3331 5018 3456 5058 eum

1871 5094 1992 5134 cum
2025 5079 2132 5130 alio
2155 5076 2470 5138 quicacdem
2489 5086 2615 5131 ante
2629 5092 2724 5132 sex
2753 5092 2968 5132 menses
2996 5092 3062 5131 ex
3092 5075 3304 5130 insidiis
3331 5088 3457 5142 per-

1876 5157 2142 5219 petratam
2167 5149 2394 5219 impune
2447 5148 2681 5219 tulisset,
2711 5149 2782 5202 ita
2810 5156 3155 5216 compararet
3185 5163 3198 5198 :
3225 5146 3459 5219 Senten-

1873 5217 2002 5274 tiam
2033 5223 2082 5273 in
2111 5221 2254 5273 hunc
2280 5217 2551 5272 insontem
2580 5218 2690 5286 jam
2721 5232 2818 5272 vos
2843 5219 3060 5283 tulistis,
3093 5231 3216 5271 cum
3254 5217 3306 5270 in
3336 5229 3458 5268 sce-

1872 5292 2102 5347 leratum
2135 5289 2307 5353 illum,
2340 5303 2367 5341 a
2395 5303 2504 5359 quo
2536 5285 2739 5343 dudum
2767 5289 2901 5344 civis
2932 5289 3262 5359 immaniter_
3295 5285 3461 5340 truci-

1869 5363 2026 5416 datus
2074 5369 2178 5425 est,
2238 5356 2501 5415 nihildum
2554 5361 2773 5429 gravius
2819 5359 3189 5414 decreveritis.
3241 5356 3298 5411 In
3351 5371 3462 5426 quo

1872 5433 2066 5486 videtis
2091 5431 2160 5485 ab
2190 5445 2290 5485 usu
2321 5433 2594 5486 communi
2620 5431 2755 5486 nihil
2786 5430 3064 5486 recedere.

1943 5501 1969 5539 ιι
2000 5503 2076 5556 ita
2104 5517 2262 5567 mss.;
2292 5503 2423 5558 edit.
2456 5512 2636 5558 autem
2665 5501 2890 5558 Amerb.
2922 5516 3044 5556 cum
3068 5497 3212 5555 LXX
3232 5499 3458 5568 interpr.

1870 5574 2058 5630 scribit
2107 5574 2273 5628 Sclo:
2307 5574 2461 5628 Eras.
2510 5584 2564 5630 et
2617 5583 2906 5644 sequentes
2960 5587 3082 5626 cum
3113 5570 3457 5644 \‘ulg.__vers.

1877 5645 2009 5717 Silo.
2043 5645 2188 5700 Infra
2208 5660 2340 5699 vero
2366 5661 2466 5714 pro
2492 5650 2677 5717 fratres
2698 5638 2908 5709 vestros,
2931 5657 3062 5698 mss.
3091 5638 3340 5698 nonnulli
3371 5638 3466 5694 ha-

1876 5716 2028 5781 bent,
2064 5727 2232 5786 patrcs
2254 5725 2464 5771 uestros.
