4042 6174
159 271 297 330 {109

1372 258 1861 322 EPISTOLARUM
1899 258 2186 320 CLASSIS
2218 263 2256 318 Ι.

3328 272 3467 329 IIlO

158 402 276 442 cum
306 384 676 441 incenderent
723 380 824 453 ipsi
875 389 1211 438 sacratorum
1266 376 1613 432 basilicarum
1655 372 1773 430 cul-
1798 381 1853 445 Α
1879 371 2044 443 igitur
2076 372 2266 429 statim
2292 389 2323 430 a
2351 374 2620 443 Francis,
2651 390 2681 430 a
2720 375 2999 432 Saxonum
3030 387 3227 448 gente,
3274 381 3328 439 in
3383 384 3470 442 Si-

160 475 347 533 ntica?
377 474 442 531 Si
484 474 736 530 Julianus
774 489 881 529 non
937 481 1022 527 est
1072 470 1217 525 ultus
1257 467 1595 531 Ecclesiam;
1636 465 1766 535 quia

160 569 561 641 praevaricator
605 574 764 622 erat:
797 574 855 620 tu
876 604 892 629 ,
920 563 1226 633 Imperator
1248 602 1263 628 ,
1294 558 1578 616 ulcisceris
1602 569 1767 628 syna-

158 676 309 733 goga:
375 660 686 729 iujuriam,
749 658 876 727 quia
928 656 1260 712 christianus
1301 652 1401 707 cs?

222 754 314 808 29.
350 752 421 807 Et
434 751 574 823 quid
608 759 786 806 tecum
808 743 1039 819 posthac
1061 745 1314 802 Christus
1340 742 1626 814 loquetur?
1647 741 1765 797 Non

158 845 471 904 recordaris
496 844 625 915 quid
654 842 823 898 David
839 852 1034 897 sancto
1060 855 1158 911 per
1184 836 1397 892 Nathan
1439 834 1763 907 prephetam

159 936 506 993 mandaverit
551 933 636 1007 (Il
664 934 798 1006 Reg.
829 948 926 1000 vu,
957 933 991 988 8
1021 942 1069 986 et
1108 928 1278 1001 seq.)?
1321 928 1441 1000 Ego
1470 939 1522 984 te
1552 925 1622 983 de
1650 928 1762 982 Ira-

157 1033 326 1087 tribus
358 1029 475 1085 tuis
523 1029 790 1083 minorem
820 1026 985 1097 elegi,
1014 1035 1070 1081 et
1104 1025 1172 1079 de
1213 1024 1429 1093 privato
1469 1022 1764 1091 imperato-

157 1140 265 1180 rem
300 1123 430 1179 feci.
466 1123 582 1194 Ego
610 1122 681 1178 de
702 1120 886 1176 fructu
906 1118 1135 1175 seminis
1165 1117 1245 1171 tui
1265 1116 1317 1171 in
1341 1114 1470 1171 sede
1495 1112 1765 1184 imperiali

154 1216 346 1272 locavi.
376 1215 501 1285 Ego
530 1213 632 1269 tibi
662 1211 872 1283 subjeci
897 1210 1155 1267 nationes
1194 1207 1488 1273 barbaras,
1533 1219 1636 1275 ego
1665 1203 1759 1261 tibi

156 1324 341 1379 pacem
375 1308 534 1371 dedi,
562 1321 666 1377 ego
698 1306 794 1361 tibi
843 1304 1124 1360 inimicum
1157 1315 1308 1358 tuum
1339 1304 1392 1356 in
1434 1308 1759 1371 potestatem

152 1413 295 1459 tuam
326 1404 615 1473 captivum
644 1398 872 1456 deduxi.
900 1398 1260 1454 Frumentum
1284 1408 1394 1450 non
1424 1392 1665 1447 habebas
1694 1390 1762 1447 ad

152 1496 433 1552 exercitus
472 1493 822 1558 alimoniam,
852 1492 1097 1561 ipsorum
1122 1488 1368 1543 hostium
1412 1500 1577 1540 manu
1608 1493 1760 1554 pate—

152 1589 249 1642 Ieci
277 1588 378 1643 tibi
415 1594 630 1657 portas,
653 1583 844 1654 aperui
870 1582 1070 1637 horrea
1100 1596 1115 1633 :
1150 1579 1420 1636 dederunt
1449 1576 1545 1632 tibi
1570 1575 1759 1631 hostes

151 1682 225 1736 tui
250 1692 600 1737 commeatus
621 1692 775 1742 suos,
803 1691 944 1747 quos
966 1674 1071 1731 sibi
1103 1681 1457 1745 paraverant.
1487 1671 1601 1741 Ego
1634 1685 1758 1740 per-

1870 464 2017 531 cilia,
2068 461 2094 500 ἀ
2150 464 2342 522 Siscite
2371 506 2388 535 ,
2429 467 2727 523 Petavione
2773 484 2789 520 :
2846 466 3046 537 ubique
3084 467 3321 541 denique
3352 482 3462 530 ter-

1869 573 2051 614 rarum
2082 559 2256 617 victus
2281 571 2385 616 est.
2415 560 2554 629 Quid
2603 562 2694 632 pio
2737 575 3028 617 commune
3052 575 3180 619 cum
3223 566 3464 632 perﬁdo?

1868 654 2148 709 Abolenda
2171 669 2294 710 cum
2318 655 2491 727 impio
2517 665 2641 711 sunt
2673 655 2838 712 etiam
2866 654 3168 726 impietatis
3192 658 3463 727 exempla.

1867 744 2020 812 Quod
2065 746 2140 799 illi
2168 746 2373 811 nocuit,
2409 762 2516 816 quo
2545 747 2725 802 victus
2755 745 3017 810 offendit;
3044 746 3148 801 hoc
3180 760 3287 802 non
3314 751 3469 817 sequi

1866 837 2047 905 debet,
2078 838 2173 895 sed
2202 840 2487 908 damnare,
2520 841 2613 910 qui
2638 840 2791 897 vicit.
3287 828 3295 833 ’

1935 930 2027 985 ει.
2061 930 2249 1002 Itaque
2279 932 2365 987 illa
2397 932 2491 989 tibi
2520 933 3032 1004 nonquasiingrato
3064 933 3336 999 recensui,
3364 936 3459 990 sed

1864 1026 2017 1095 quasi
2045 1026 2169 1095 jure
2189 1027 2387 1082 collata
2412 1028 2694 1083 numeravi
2718 1043 2733 1092 ;
2763 1037 2818 1082 ut
2847 1026 2931 1080 his
2958 1024 3293 1091 admonitus,
3327 1036 3350 1062 ο
3373 1030 3460 1082 cui

1864 1122 1987 1192 plus
2008 1122 2270 1179 collatum
2298 1133 2403 1188 est,
2431 1124 2551 1194 plus
2573 1121 2792 1192 diligas.
2822 1121 3067 1191 Denique
3107 1119 3214 1176 hoc
3242 1134 3469 1190 respon-

1862 1214 2012 1270 denti
2042 1215 2253 1271 Simoni
2293 1214 2432 1271 dixit
2481 1215 2748 1271 Dominus
2797 1213 2997 1270 Iesus:
3030 1213 3186 1268 Recte
3215 1213 3472 1286 judicasti

1862 1307 2029 1378 (Luc.
2062 1323 2157 1375 vtt,
2184 1308 2317 1380 4i).
2366 1308 2674 1380 Statimque
2720 1321 3028 1364 conversus
3069 1307 3134 1361 ad
3184 1306 3468 1363 mulierem

1858 1419 1976 1476 qua:
2008 1404 2175 1474 pedes
2197 1406 2317 1475 ejus
2340 1414 2621 1475 unguento
2652 1404 2831 1469 unxit,
2860 1414 3046 1475 typum
3074 1400 3337 1457 Ecclesia:
3376 1417 3467 1471 ge.

1860 1513 2008 1565 rens,
2036 1498 2114 1552 ait
2138 1498 2377 1554 Simoni.-
2394 1497 2617 1569 Propter
2636 1496 2776 1567 quod
2799 1497 2916 1550 dico
2946 1496 3035 1550 tibi
3067 1495 3322 1550 :rentissa
3342 1506 3465 1551 sunt

1858 1602 2071 1663 peccata
2125 1594 2238 1664 ejus
2279 1595 2479 1659 multa,
2530 1594 2777 1665 quoniam
2820 1591 3003 1646 ditarit
3063 1591 3307 1645 multum.
3361 1590 3461 1645 Cui

1858 1696 2028 1741 autem
2049 1687 2220 1741 minus
2240 1688 2540 1753 dimittitur,
2566 1687 2738 1740 minus
2766 1686 2937 1755 diligit
2964 1681 3159 1753 (Ibid.,
3193 1683 3313 1753 i7).
3340 1682 3466 1739 llme

150 1774 357 1829 turhavi
385 1773 567 1829 hostis
596 1773 671 1827 tui
710 1770 968 1833 consilia,
996 1780 1059 1823 ut
1086 1783 1148 1824 se
1178 1769 1299 1837 ipse
1346 1766 1597 1821 nudaret.
1646 1765 1755 1835 Ego

1864 1789 1949 1833 est
1984 1780 2180 1835 mulier
2201 1795 2323 1851 qua:
2349 1781 2401 1835 in
2424 1780 2648 1835 domum
2675 1777 2932 1834 Pharisaei
2958 1775 3201 1842 intravit,
3230 1784 3285 1831 et
3306 1776 3471 1845 ejecit

152 1869 322 1937 ipsum
346 1874 740 1937 usurpatorem
774 1862 991 1933 imperii
1013 1866 1086 1916 ita
1114 1862 1285 1928 vinxi,
1308 1874 1373 1915 ac
1386 1870 1624 1914 mentem
1639 1856 1758 1927 ejus

153 1962 334 2031 ligavi,
373 1969 438 2017 ut
470 1975 601 2017 cum
630 1958 862 2014 haberet
904 1956 1083 2012 adhuc
1119 1955 1362 2025 fugiendi
1410 1953 1648 2023 copiam,
1676 1958 1760 2006 ta-

154 2068 270 2108 men
296 2069 427 2108 cum
478 2051 740 2108 omnibus
764 2050 881 2106 suis
907 2056 1186 2119 tamquam
1226 2057 1500 2112 metuens,
1537 2061 1606 2099 ne
1632 2046 1757 2114 quis

153 2145 237 2199 tibi
270 2146 505 2215 periret,
542 2145 659 2215 ipse
692 2158 753 2198 se
779 2141 1085 2197 clauderet.
1119 2149 1146 2177 ⁸
1176 2140 1290 2208 Ego
1331 2138 1592 2194 comitem
1635 2136 1757 2207 ejus

151 2249 308 2308 atque
329 2239 646 2295 exercitum
672 2253 740 2294 ex
760 2236 926 2309 953
953 2235 1128 2290 altera
1160 2244 1318 2304 parte
1348 2242 1586 2295 natura),
1614 2246 1755 2302 quos

150 2343 272 2388 ante
300 2335 705 2403 disperseram,
741 2347 809 2384 ne.
839 2329 906 2384 ad
946 2327 1075 2383 belli
1121 2327 1448 2382 societatem
1495 2325 1751 2391 coirent,

149 2424 210 2477 ad
230 2424 680 2494 supplementum
710 2421 807 2476 tibi
832 2419 1072 2475 victoria:
1093 2417 1438 2487 congregavi.
1465 2418 1581 2487 Ego
1597 2432 1754 2471 exer-

148 2516 307 2571 citum
342 2527 504 2570 tuum
532 2531 598 2569 ex
629 2514 818 2569 multis
860 2511 1145 2567 indomitis
1168 2509 1193 2548 ι)
1227 2524 1536 2564 convenam
1576 2510 1751 2563 natio-

151 2608 327 2675 nibus,
359 2608 527 2678 quasi
554 2606 716 2660 unius
744 2604 926 2675 gentis
948 2603 1193 2677 ﬁdemrt
1216 2601 1668 2670 tranquillitatem
1698 2611 1753 2658 et

149 2700 503 2755 concordiam
550 2713 776 2755 servare
818 2698 1081 2767 praecepi.
1118 2695 1231 2765 Ego
1274 2709 1400 2749 cum
1448 2694 1749 2763 periculum

152 2810 426 2849 summum
459 2802 609 2849 esset
642 2807 711 2847 ne
754 2791 921 2860 Alpes
964 2787 1129 2844 inﬁda
1180 2786 1539 2841 barbarorum
1588 2799 1792 2860 pcneg

152 2897 351 2943 trarent
384 2886 648 2951 consilia,
680 2886 820 2940 intra
858 2884 1031 2952 ipsum
1074 2880 1291 2951 Alpium
1325 2880 1521 2933 vallum
1575 2878 1748 2932 victo-

153 2979 279 3035 n'am
309 2982 415 3037 tibi
444 2979 676 3042 contuli,
706 2987 763 3033 ut
792 2977 912 3031 sine
940 2975 1141 3030 damno
1169 2975 1440 3029 vinceres.
1465 2971 1581 3042 Ego
1617 2986 1751 3041 ergo

154 3083 202 3125 te
231 3072 582 3144 triumphare
619 3069 723 3125 ieci
766 3068 835 3124 de
881 3066 1102 3123 inimico
1140 3076 1269 3129 tuo,
1310 3074 1366 3118 et
1407 3072 1462 3118 tu
1493 3064 1561 3119 de
1593 3063 1750 3132 plebe

154 3180 263 3221 mea
293 3167 398 3222 das
431 3164 567 3221 meis
599 3161 833 3220 inimicis
860 3159 1218 3230 triumphum.

214 3259 307 3315 23.
335 3259 537 3314 Nonne
567 3266 855 3327 propterea
886 3253 1151 3308 Maximus
1192 3250 1492 3305 destitutus
1519 3238 1626 3314 est,
1656 3249 1749 3319 qui

152 3361 271 3408 ante
317 3354 477 3424 ipsos
505 3348 874 3420 espeditionis
912 3345 1065 3409 dies,
1103 3358 1226 3398 cum
1276 3342 1518 3397 audisset
1568 3342 1751 3395 ltoma:

150 3458 483 3516 synagogam
540 3446 854 3505 incensam,
903 3434 1146 3495 edictum
1210 3436 1438 3490 Romam
1493 3436 1747 3499 miserat,

154 3535 299 3605 quasi
354 3535 565 3590 vindex
617 3532 925 3603 disciplina:
975 3530 1247 3601 publicae?
1305 3527 1458 3583 Unde
1519 3526 1750 3597 populus

152 3625 486 3683 Christianus
525 3626 636 3681 ait:
663 3623 805 3678 Nihil
845 3621 973 3678 boni
1020 3620 1146 3676 huic
1191 3620 1460 3675 immittet.
1497 3619 1613 3672 Rex
1649 3618 1750 3673 iste

151 3716 370 3775 Iudaeus
420 3719 596 3773 iactus
641 3726 764 3771 est:
799 3726 823 3754 α
851 3717 1196 3770 defensorem
1244 3712 1405 3768 istum
1448 3711 1748 3783 disciplima

154 3813 486 3876 audivimus,
533 3824 697 3879 quem
738 3823 867 3863 mox
917 3808 1172 3862 Christus
1201 3807 1471 3875 probavit,
1512 3809 1602 3874 qui
1652 3822 1750 3876 pro

155 3901 536 3970 peccatoribus
587 3910 831 3955 mortuus
880 3909 963 3955 est
1004 3899 1198 3968 (Rom.
1236 3916 1289 3966 v,
1329 3898 1405 3970 6).
1440 3898 1497 3953 Si
1528 3898 1595 3955 de
1624 3914 1744 3954 ser-

156 4010 307 4056 mone
341 3998 451 4052 lioc
487 3992 690 4049 dictum
716 4001 821 4057 est,
850 3991 980 4063 quid
1014 3990 1081 4047 de
1130 3990 1336 4046 ultione
1381 3990 1625 4046 dicetur?
1654 3991 1747 4048 Ille

223 4146 246 4171 ἰ
279 4133 540 4202 Intelligo
567 4172 582 4197 ,
638 4131 816 4200 inquit
843 4130 1088 4202 Nannius
1114 4172 1130 4199 ,
1179 4129 1412 4202 classem
1469 4131 1749 4199 navarehi,

155 4222 306 4275 quem
341 4198 613 4262 Maximus
642 4198 786 4275 bello
816 4200 1091 4275 maritimo
1118 4198 1461 4275 praefecerat,
1516 4198 1752 4272 tempes-

158 4271 259 4333 tate
296 4277 581 4346 disjectatn
629 4273 820 4331 fuisse.
869 4273 1009 4330 Sttut
1048 4276 1190 4327 enim
1224 4274 1314 4343 qui
1361 4271 1497 4328 duas
1541 4271 1751 4346 natura:

160 4358 335 4414 partes
358 4345 661 4426 appellent,
694 4356 898 4426 terram
932 4356 987 4426 et
1016 4361 1249 4414 aquam:
1283 4359 1467 4400 aerem
1493 4355 1544 4426 et
1572 4345 1750 4426 ignem

162 4434 260 4473 non
292 4414 751 4484 esseelementa,
793 4417 888 4472 sed
937 4419 1300 4478 elementata;
1336 4426 1458 4469 nata
1493 4414 1751 4470 nimirum

157 4490 769 4558 aliuttdetnougautem
798 4488 1113 4558 primordia,
1166 4495 1260 4540 aut
1304 4486 1511 4541 semina
1567 4501 1749 4540 rerum

1859 1870 2131 1937 Judaeum,
2171 1872 2448 1928 Christum
2480 1880 2664 1927 autem
2696 1868 3009 1940 acquisivit.
3044 1866 3291 1923 Ecclesia
3321 1869 3466 1924 enim

1861 1963 2204 2036 Syuagogam
2253 1965 2655 2021 exclusit:cur
2702 1964 2899 2019 iterum
2949 1969 3210 2027 tentatur,
3239 1970 3298 2015 ut
3323 1961 3466 2031 apud

1859 2057 2060 2112 Christi
2090 2058 2371 2122 famulum,
2399 2058 2504 2112 hoc
2524 2066 2630 2122 est,
2663 2056 2732 2111 de
2760 2064 2983 2125 pectore
3012 2053 3160 2118 lldei,
3191 2052 3264 2110 de
3302 2053 3468 2108 domo

1859 2149 2063 2205 Christi
2092 2151 2386 2221 Synagoga
2413 2150 2666 2206 excludat
2687 2149 3024 2206 Ecclesiam?

1909 2242 1999 2297 25.
2015 2242 2142 2297 Haec
2166 2258 2290 2313 ego,
2324 2243 2647 2312 Imperator,
2672 2257 2862 2297 amore
2880 2252 2935 2297 et
2952 2240 3136 2296 studio
3158 2239 3303 2295 tuiin
3323 2240 3464 2295 hunc

1857 2350 2169 2390 sermonem
2193 2336 2423 2391 contuli.
2453 2336 2635 2391 Debeo
2655 2334 2800 2389 enim
2827 2333 3111 2389 beneﬁciis
3141 2330 3269 2397 tuis,
3298 2329 3318 2369 ί
3345 2334 3465 2402 qui-

1857 2428 1958 2483 bus
1975 2443 2059 2482 me
2076 2437 2327 2498 petente,
2353 2426 2598 2481 liberasti
2626 2426 2890 2495 plurimos
2912 2424 2982 2480 de
3003 2423 3232 2489 exsiliis,
3255 2423 3325 2479 de
3348 2439 3470 2478 car-

1856 2520 2098 2585 ceribus,
2129 2520 2197 2573 de
2231 2519 2441 2574 ultima:
2476 2519 2630 2574 necis
2667 2519 2876 2588 pennis;
2905 2516 3074 2590 οδε
3095 2526 3154 2571 ιιι
3179 2517 3342 2572 malle
3371 2518 3465 2571 de-

1856 2613 2011 2669 beam
2039 2630 2138 2683 pro
2160 2613 2336 2668 salute
2362 2620 2450 2667 tua
2480 2613 2645 2669 etiam
2669 2611 3032 2667 oﬂ‘ensionem
3057 2610 3130 2666 tui
3159 2610 3328 2666 animi
3353 2626 3463 2665 non

1856 2708 2050 2761 timere
2081 2705 2273 2778 (nemo
2304 2704 2515 2774 majore
2560 2703 2754 2758 Ilducia
2805 2704 3013 2767 utitur,
3056 2714 3219 2771 quam
3261 2702 3353 2772 qui
3393 2717 3462 2756 ex

1855 2799 2049 2855 affectu
2076 2798 2273 2869 diligit:
2301 2812 2466 2853 nemo
2481 2805 2634 2854 certe
2654 2796 2817 2853 debet
2839 2796 3065 2861 lzedere,
3096 2797 3188 2866 qui
3210 2794 3316 2850 sibi
3329 2810 3465 2851 con-

1855 2889 2017 2959 sulit)
2043 2905 2111 2943 ne
2143 2897 2223 2943 tot
2252 2903 2516 2943 annorum
2540 2899 2863 2958 conceptam
2895 2897 2920 2932 κ
2949 2889 3337 2957 cujuscumque
3365 2901 3455 2940 sa-

1853 2982 2094 3037 cerdotis
2124 2980 2353 3050 gratiam
2385 2996 2492 3034 uno
2516 2989 2793 3035 momento
2834 2978 3102 3034 amittam.
3130 2975 3157 3014 ιι
3182 2979 3245 3031 Et
3275 2985 3456 3032 tamen

1854 3089 1960 3129 non
1983 3074 2238 3128 damnum
2264 3074 2452 3143 gratiae
2478 3073 2768 3142 deprecor,
2799 3073 2895 3128 sed
2920 3071 3113 3127 salutis
3131 3071 3455 3141 periculum.

1775 3166 1821 3229 C
1921 3166 2012 3223 26.
2040 3166 2374 3235 Quamquam
2406 3175 2668 3235 quantum
2696 3174 2814 3229 est,
2862 3165 3190 3236 Imperator,
3221 3170 3281 3218 ut
3308 3177 3459 3232 quai-

1856 3260 2085 3314 rendum
2114 3268 2208 3312 aut
2251 3258 2633 3313 vindicandum
2674 3274 2782 3313 non
2828 3266 3020 3328 putes,
3045 3256 3191 3329 quod
3235 3256 3287 3311 in
3314 3255 3459 3311 hunc

1854 3354 1998 3409 diem
2046 3368 2205 3408 nemo
2245 3353 2540 3424 qumsivit,
2599 3368 2760 3409 nemo
2818 3368 3072 3423 umquam
3129 3349 3459 3406 vindicavit?

1852 3447 2031 3504 Grave
2051 3455 2134 3501 est
2162 3445 2321 3501 [idem
2352 3455 2496 3499 tuam
2528 3462 2626 3514 pro
2649 3443 2855 3500 Judaeis
2880 3444 3206 3515 periclitari.
3225 3441 3449 3499 Gedeon

1852 3555 1973 3595 cum
2031 3538 2324 3594 occidisset
2365 3547 2639 3593 sacratum
2690 3536 2923 3590 vitulum
2953 3535 3172 3608 (Judic.
3212 3550 3287 3600 rt,
3319 3534 3454 3605 31),

1855 3632 2103 3687 dixerunt
2133 3629 2363 3700 gentiles
2394 3648 2407 3683 :
2439 3627 2524 3683 Dii
2574 3629 2672 3698 ipsi
2707 3624 2957 3698 injuriant
2973 3642 3127 3681 suam
3152 3626 3455 3680 vindicent.

1855 3724 1987 3791 Quis
2045 3723 2209 3777 habet
2254 3724 2596 3791 Synagogam
2648 3717 2963 3773 vindicare?
3008 3716 3262 3774 Christus
3290 3733 3455 3786 quem

1854 3814 2190 3878 occiderunt,
2217 3827 2374 3881 quem
2413 3810 2784 3881 negaverunt?
2814 3810 2896 3865 An
2920 3811 3064 3864 Deus
3085 3808 3237 3863 Patet
3264 3810 3412 3864 vlndi
3430 3840 3447 3850 -

1855 3906 2157 3969 eahiteos,
2203 3902 2293 3974 qui
2337 3918 2436 3956 nec
2479 3903 2693 3956 Patrem
2740 3900 3034 3971 recipiunt,
3068 3900 3195 3955 dum
3248 3898 3445 3958 Filium

1856 4012 1960 4050 non
1993 3992 2353 4065 receperunt?
2382 3995 2515 4062 Quis
2546 3990 2707 4049 habet
2740 3990 3247 4050 Valentinianorum
3279 3992 3457 4052 haere-

1933 4132 1952 4171 τ
1984 4132 2095 4188 Hoc
2137 4134 2472 4204 temporibus
2516 4132 2748 4204 relatam
2781 4131 2851 4204 de
2880 4132 3137 4204 Eugenio
3166 4134 3451 4191 victoriam

1857 4206 2059 4260 secutis
2103 4202 2445 4260 Hermannus
2478 4202 2759 4265 attribuit,
2810 4203 2990 4274 aitque
3036 4203 3234 4257 multos
3280 4209 3455 4260 sancti

1856 4276 2131 4333 Antistitis
2162 4285 2352 4347 rogatu
2376 4276 2445 4331 ab
2474 4275 2699 4341 exsilio,
2725 4284 2780 4330 et
2809 4284 3054 4347 extremo
3081 4274 3351 4347 supplicio
3384 4274 3449 4330 li-

1858 4347 2078 4403 beratos
2108 4345 2250 4402 esse.
2284 4346 2481 4403 Verum
2516 4357 2877 4418 praeterquam
2910 4345 3053 4416 quod
3086 4361 3150 4401 ex
3180 4345 3371 4401 Orosio
3397 4356 3452 4400 ct

1858 4418 2057 4475 Pacato
2107 4418 2473 4474 Theodosium
2520 4418 2748 4473 victoria
2805 4433 2899 4473 sua
2943 4418 3246 4474 clementer
3294 4430 3448 4470 usum

1858 4492 1973 4561 ipse
2022 4491 2304 4561 agnoscit,
2342 4492 2455 4560 jam
2506 4490 2843 4561 advertimus
2876 4488 3231 4561 Ambrosium
3282 4486 3449 4561 multa

158 4551 497 4639 naturaﬁlta
525 4551 894 4639 Nannius-Cn
918 4566 1092 4612 totum
1124 4557 1211 4639 hic
1243 4558 1406 4639 multa
1457 4567 1750 4639 tanguntur
1781 4551 1832 4609 D
1861 4551 2165 4628 linjusniotli
2200 4551 2522 4631 impetrasse
2552 4578 2582 4613 a
2612 4560 2942 4616 Theodosio.
2979 4561 3041 4616 Et
3070 4571 3217 4615 certe
3244 4557 3453 4639 episeo-

161 4630 401 4688 historim
431 4629 631 4702 capita,
662 4646 785 4696 quze
833 4645 956 4702 cum
1007 4628 1412 4702 narrationibus
1461 4629 1751 4683 ltistouico-

161 4717 273 4758 rum
308 4697 553 4771 ejusdem
584 4703 759 4755 inlatis
787 4699 1040 4771 conferre
1088 4717 1192 4753 non
1225 4697 1389 4753 luerit
1420 4714 1749 4771 supervaca-

163 4768 507 4854 nettmf_Vide
534 4772 789 4827 similiter
814 4788 932 4843 qutr
955 4770 1021 4826 ad
1051 4773 1185 4841 ρμιιι.
1216 4785 1324 4836 LXI,
1360 4787 1511 4825 num.
1544 4770 1636 4836 62,
1663 4773 1759 4824 ob-

161 4857 367 4899 SBI‘VaYI
377 4859 498 4899 "IIIS
508 4887 518 4897 .

230 4915 255 4953 δ
298 4914 459 4969 Pauci
491 4928 646 4973 mss.,
676 4929 1018 4967 convenarum
1047 4913 1365 4966 nationibus.

236 4999 255 5025 ε
288 4986 423 5041 Tota
456 4984 544 5040 illa
572 4984 848 5054 pericog‘e,
894 4984 1213 5055 defensorem
1258 4984 1609 5104 istum....rro
1641 4999 1757 5050 pec-

236 5058 425 5104 toribus
453 5066 683 5104 mnrluus
709 5068 803 5104 est-
839 5059 888 5104 itt
917 5072 1023 5104 uno
1056 5055 1179 5104 cod.
1212 5052 1346 5104 Reiz.
1373 5051 1511 5104 dt‘sit
1536 5062 1754 5104 oratur:

165 5058 425 5112 catoribus
453 5051 683 5111 mortuus
709 5068 803 5121 est,
839 5059 888 5110 in
917 5051 1023 5111 uno
1056 5055 1179 5108 eod.
1212 5052 1346 5120 Reg.
1373 5051 1754 5107 desideratur:

167 5128 304 5184 forte
331 5145 438 5183 non
472 5128 631 5183 male.

233 5198 259 5236 ά
291 5200 463 5270 Long.
500 5199 647 5262 eod.,
702 5197 968 5270 Scythae;
1024 5193 1224 5270 tuelius
1252 5190 1341 5270 alii
1365 5236 1379 5257 ,
1412 5194 1752 5270 atqtteﬁ‘cdit.

171 5268 378 5335 Sistite,
412 5260 552 5338 quod
587 5260 796 5324 numeri
820 5260 959 5322 male
996 5266 1252 5338 scribitur
1297 5265 1349 5320 in
1396 5260 1539 5338 Vedii.
1565 5264 1754 5338 Sicine;

168 5351 281 5396 erat
310 5335 455 5396 enim
486 5341 658 5397 Siscia
704 5338 864 5395 sedes
894 5336 1219 5407 episcopalis
1266 5352 1370 5392 non
1401 5336 1652 5406 ignobilis
1700 5335 1752 5389 in

173 5409 441 5481 Pannonia
493 5410 798 5481 superiore.
833 5408 971 5464 Infra
1004 5425 1156 5474 vero,
1190 5409 1276 5481 ubi
1306 5415 1498 5481 Omnes
1524 5407 1655 5481 edit.
1691 5422 1753 5460 ac

172 5479 335 5539 multo
364 5485 547 5553 plures
566 5479 734 5547 mss.,
769 5492 816 5535 et
840 5498 943 5550 quo
965 5482 1123 5535 victus
1149 5479 1401 5553 oﬂrndit;
1427 5480 1515 5534 alii
1552 5479 1757 5549 aliquot

181 5567 282 5619 prae
310 5548 374 5609 se
401 5557 600 5618 feriunt,
623 5564 671 5608 te
693 5548 892 5624 quoque
914 5554 1076 5606 victus
1107 5548 1341 5624 o/[cndit.

250 5635 271 5661 (⁸
304 5626 513 5681 Sensus
545 5621 817 5679 nonnihil
842 5625 1106 5677 obscurus
1135 5621 1203 5673 ob
1235 5622 1521 5677 verborum
1564 5622 1759 5691 trajec-

186 5692 416 5763 tionem,
457 5712 576 5765 qua:
605 5706 665 5750 ut
712 5696 917 5748 [acilius
959 5692 1318 5765 explicentur,
1353 5693 1420 5746 ita
1457 5693 1758 5747 ordinanda

189 5779 328 5823 sunt:
362 5762 411 5822 tu
443 5762 560 5838 plus
586 5766 797 5840 diligas,
829 5766 908 5818 cui
935 5765 1050 5837 plus
1077 5762 1322 5817 collatum
1348 5772 1437 5815 est.

1860 4648 2050 4700 porum
2078 4649 2221 4699 eSse,
2256 4642 2313 4687 ιιι
2344 4649 2441 4701 pro
2471 4633 2685 4687 miseris
2719 4631 3072 4699 imperatores
3101 4631 3450 4701 conveniant,

1859 4719 1962 4755 non
1992 4704 2160 4757 semel
2185 4720 2213 4757 a
2246 4700 2402 4758 nobis
2424 4704 2771 4757 observatum
2805 4712 2887 4756 est
2908 4700 3450 4772 apud-Ambrosium,

1856 4783 1910 4827 ct
1937 4789 2008 4827 ex
2040 4775 2287 4840 pluribus
2311 4772 2594 4842 Augustini
2623 4774 2871 4842 epistolis
2897 4777 3158 4827 advertas
3188 4772 3336 4825 licet.

1936 4855 1957 4887 κ
1992 4844 2194 4898 Omnes
2233 4843 2392 4906 cdit.,
2440 4846 2814 4914 cujuscumque
2865 4843 3177 4907 sacerdotii;
3233 4856 3451 4914 nassae

1858 4915 2131 4969 contrario
2169 4929 2336 4983 prope
2386 4912 2453 4966 ad
2504 4910 3112 4983 unum{cujuscumque
3141 4910 3447 4983 sacerdotis.

1859 4985 2067 5053 Quibus
2101 4990 2245 5053 prior
2278 4982 2457 5037 lectio
2489 4985 2659 5053 magis
2688 4984 2952 5048 arriserit,
2987 4982 3055 5037 ita
3098 4982 3397 5052 intelligant
3432 5002 3443 5035 :

1863 5060 1937 5110 Ne
1970 5055 2103 5110 mihi
2132 5065 2500 5121 comparatam
2536 5054 2841 5107 sacerdotio
2871 5068 2994 5108 meo
3016 5096 3028 5115 ,
3071 5053 3451 5122 quodcamque

1862 5126 1992 5181 illud
2024 5125 2117 5190 sit,
2148 5127 2261 5179 sive
2290 5126 2509 5193 dignum
2541 5126 2653 5177 sive
2685 5121 2983 5193 indignum,
3008 5121 3235 5193 gratiam
3275 5133 3332 5178 et
3370 5124 3449 5179 l‘a-

1862 5212 2044 5252 vorem
2095 5197 2362 5249 amittam.
2406 5193 2716 5247 Lectionem
2770 5208 2900 5263 vero
2931 5193 3282 5262 posteriorem
3325 5210 3448 5263 pos-

1859 5282 2048 5322 sumus
2075 5265 2416 5335 intcrpretari
2470 5262 2561 5336 illo
2607 5278 2769 5318 sensu
2802 5282 2815 5317 :
2845 5254 2944 5317 Ne.
2969 5254 3337 5336 cujuscumque
3364 5284 3442 5321 sa-

1858 5338 2100 5403 cerdotis,
2136 5336 2188 5391 id
2214 5334 2317 5401 eSI,
2351 5334 2589 5407 omnium
2634 5334 3266 5407 cpisc0porum‘gratiam
3295 5379 3309 5402 ,
3342 5353 3445 5407 qua

1853 5411 1963 5477 jam
1993 5427 2021 5460 a
2056 5419 2133 5461 tot
2176 5409 2335 5462 annis
2370 5405 2681 5475 principum
2704 5406 2969 5460 adversus
3011 5422 3135 5459 reos
3164 5405 3447 5476 indulgen-

1860 5479 1985 5533 tiam
2009 5479 2255 5534 ohtiuere
2286 5478 2480 5539 solent,
2510 5479 2772 5531 amittam.
3140 5488 3145 5492 ‘

1934 5547 1957 5586 ιι
1986 5550 2138 5604 Coit).
2175 5550 2324 5615 eod.,
2373 5546 2439 5601 Et
2494 5556 2661 5602 tamen
2712 5548 2903 5601 donum
2947 5547 3130 5617 gratia:
3174 5547 3442 5617 deprecor.

1864 5621 1970 5675 Sed
2014 5623 2193 5676 salutis
2237 5620 2521 5692 periculum
2574 5630 2820 5685 quantum
2867 5616 2968 5692 est,
3017 5616 3339 5691 Imperator,
3391 5632 3446 5675 ut

1865 5687 2303 5756 quwrendumdut
2328 5691 2713 5753 vindicandum,
2744 5701 2849 5762 etc.
2884 5687 3028 5745 Infra
3082 5687 3210 5745 vero
3251 5705 3348 5762 pro
3380 5692 3443 5761 fi-

1865 5763 1982 5815 dem
2012 5773 2173 5832 tuam,
2205 5764 2345 5819 idem
2370 5778 2472 5818 ms.
2501 5762 2684 5830 habet,
2717 5761 2873 5831 ﬁdem
2906 5770 3153 5819 nostram.
