4040 6166
529 297 658 351 1111
819 314 823 318 ·
1844 283 2094 342 SANCTI
2134 285 2172 340 A

2293 283 2462 340 ROSII
3697 273 3842 330 1112

524 411 626 464 sim
659 407 981 462 vindicare:
1017 414 1041 441 ει
1067 417 1230 474 quam
1255 403 1431 472 pietas
1459 406 1548 455 tua
1571 398 1846 470 quomodo
1868 397 2132 464 vindicat,
2163 396 2216 456 Α
2308 396 2399 450 '50.
2443 395 2554 450 Hoc
2581 402 2760 449 tamen
2790 392 2842 446 in
2875 391 3125 446 notitiam
3153 390 3462 446 clementia:
3494 396 3603 444 tute
3643 401 3848 458 perve—

525 516 652 557 cum
681 514 776 554 eos
814 495 1029 553 excludi
1057 495 1306 565 jusserit,
1336 509 1440 550 nec
1475 490 1838 549 conveniendi
1868 505 2136 561 usurpare
2241 489 2359 543 nire
2381 487 2560 552 volui;
2593 486 2662 541 de
2685 485 2820 552 hoc,
2847 493 2904 539 ut
2931 484 3142 553 placet,
3172 483 3403 538 arbitrio
3427 492 3526 538 tuo
3553 482 3848 538 consulere

523 593 740 660 c0piam
788 588 891 661 (IV
919 588 1051 658 Reg.
1077 603 1186 642 xxn
1207 629 1220 653 ,
1259 586 1354 656 2)?
1382 587 1439 642 Si
1485 585 1690 641 Josiam
1740 583 1835 639 tibi
1881 583 2132 652 objiciam
2237 589 2292 636 et
2321 589 2626 649 temperare
2653 576 2995 648 dignaberis:
3021 575 3154 631 illud
3177 584 3359 631 autem
3389 573 3537 645 quod
3564 589 3654 630 me
3672 573 3848 644 angit.

532 698 719 754 regem
751 683 864 738 Deo
906 682 1234 753 probatum,
1266 681 1370 736 hoc
1413 681 1470 736 in
1502 681 1623 736 istis
1652 677 1960 744 damnabis,
1993 676 2137 748 quod
2239 682 2295 728 et
2317 671 2440 742 jure
2468 673 2648 741 angit,
2694 667 2930 724 exclude
2957 677 3122 738 atque
3151 667 3309 736 ejiee.
3339 667 3467 736 Ipse
3498 667 3666 732 lacis,
3691 664 3852 735 quid-

537 779 592 833 in
625 776 720 831 illo
753 775 1040 845 probatum
1071 783 1174 829 est.
2239 764 2366 836 quid
2391 763 2506 821 ﬁeri
2528 763 2739 834 jussisti
2765 780 2778 816 :
2802 770 2895 816 aut
2923 761 2967 816 si
3008 760 3099 816 ille
3130 760 3377 815 facturus
3405 775 3514 814 non
3549 767 3672 826 est,
3703 758 3856 814 malo

601 868 692 922 27.
718 864 883 921 Certe
903 866 948 919 si
977 863 1109 919 mihi
1137 880 1328 936 parum
1353 863 1479 920 ﬁdei
1503 862 1772 930 defertur,
1796 863 1929 932 jube
1950 862 2141 917 adesse
2245 870 2296 915 te
2328 859 2502 928 magis
2530 871 2653 912 esse
2679 856 3006 911 clementem
3027 895 3043 921 ,
3085 869 3250 925 quam
3285 853 3439 909 illum
3469 868 3580 910 non
3621 853 3855 919 fecisse,

536 975 676 1030 quos
735 960 1018 1030 putaveris
1065 959 1354 1029 episcopos
1390 975 1404 1012 :
1452 966 1756 1023 tractetur,
1799 957 2139 1027 Imperator,
2249 950 2267 988 τ
2289 951 2431 1022 quod
2455 951 2639 1020 jussus
2667 957 2771 1004 est.

536 1053 662 1124 quid
695 1052 844 1107 salva
878 1051 982 1107 ﬁde
1011 1052 1095 1122 agi
1145 1051 1365 1107 debeat.
1417 1049 1474 1106 Si
1505 1050 1574 1105 de
1603 1049 1786 1104 causis
1816 1048 2145 1118 pecuniariis
2318 1043 2406 1098 5i.
2453 1041 2629 1097 Ilabcs
2671 1041 2726 1094 in
2773 1040 2968 1110 quibus
2999 1038 3213 1094 Domini
3265 1036 3446 1093 adhuc
3496 1037 3673 1094 debes
3704 1037 3862 1092 circa

537 1146 769 1202 comites
795 1155 916 1200 tuos
943 1144 1207 1209 consulis,
1232 1152 1439 1214 quanto
1467 1143 1642 1214 magis
1665 1143 1716 1196 in
1744 1156 1907 1197 causa
1930 1140 2147 1209 religio-
2250 1137 2539 1208 imperium
2589 1135 2896 1190 Romanum
2948 1132 3181 1188 invitare
3226 1139 3282 1186 et
3330 1131 3566 1186 emereri
3611 1130 3864 1187 clemen-

538 1239 625 1293 nis
647 1237 964 1294 sacerdotes
992 1236 1207 1292 Domini
1235 1251 1449 1307 acquum
1479 1246 1563 1292 est
1586 1236 1866 1291 consulas!
2253 1232 2379 1286 tiam
2405 1246 2418 1291 ;
2451 1237 2474 1274 ε
2521 1225 2690 1281 habes
2720 1225 2918 1295 quibus
2964 1223 3201 1293 amplius
3221 1264 3236 1290 ,
3265 1237 3428 1292 quam
3476 1221 3575 1276 tibi
3627 1235 3824 1292 speres
3850 1242 3863 1276 :

613 1332 706 1387 28.
738 1330 1063 1385 Consideret
1095 1330 1385 1385 clementia
1419 1340 1510 1384 tua
1537 1337 1772 1399 quantos
1804 1327 2150 1382 insidiatores
2253 1321 2471 1376 illorum
2521 1318 2724 1388 gratia,
2772 1315 2990 1371 illorum
3025 1315 3176 1369 salus
3211 1324 3263 1369 te
3308 1314 3362 1368 in
3396 1313 3499 1369 hoc
3543 1329 3809 1370 sermone
3840 1313 3865 1350 ιι

547 1426 748 1481 habeat
785 1425 1033 1479 Ecclesia
1059 1466 1074 1492 ,
1123 1435 1360 1495 quantos
1401 1424 1777 1494 exploratores
1804 1440 1817 1476 :
1853 1423 2024 1477 levem
2074 1423 2148 1496 ri-
2254 1415 2565 1471 conveniat.
2588 1412 2782 1468 Timeo
2813 1425 2882 1466 ne
2910 1424 3130 1466 causam
3160 1417 3304 1463 tuam
3333 1408 3519 1463 alieno
3545 1409 3867 1464 committas

551 1535 695 1575 mam
728 1519 772 1573 si
801 1517 1154 1582 oﬂentlerint,
1191 1517 1358 1587 ﬁgent
1405 1516 1678 1571 aculeum.
1714 1515 2027 1571 Secundum
2059 1514 2154 1568 ho-
2253 1511 2478 1582 judicio.
2511 1509 2727 1578 integra
2759 1506 2936 1562 adhuc
2984 1505 3078 1561 tibi
3125 1513 3258 1560 sunt
3285 1503 3492 1558 omnia.
3524 1502 3585 1557 In
3637 1501 3744 1557 hoc
3779 1517 3870 1556 me

549 1613 729 1668 mines
776 1611 972 1681 loquor
1012 1627 1025 1663 :
1076 1617 1336 1664 caeterum
1378 1608 1404 1644 ι)
1455 1608 1575 1678 plus
1642 1608 1959 1662 hominibus
2015 1610 2156 1662 Deus
2257 1617 2359 1673 ego
2397 1602 2510 1657 Deo
2536 1608 2726 1656 nostro
2768 1613 2867 1669 pro
2907 1607 2959 1653 te
2986 1597 3188 1665 obligo,
3221 1595 3234 1631 ί
3273 1611 3373 1651 nec
3401 1594 3652 1650 verearis
3681 1607 3872 1648 sacra-

557 1706 811 1768 timetur,
843 1705 932 1772 qui
986 1703 1152 1756 etiam
1201 1702 1626 1771 imperatoribus
1667 1701 1793 1771 jure
1845 1699 2151 1770 praefertur.
2260 1704 2524 1752 mentum.
2558 1691 2826 1762 Numquid
2869 1690 2986 1745 Deo
3015 1688 3311 1758 displicere
3353 1686 3560 1756 poterit
3587 1684 3734 1755 quod
3768 1699 3874 1753 pro

557 1807 580 1832 ε
609 1795 664 1850 Si
691 1794 868 1848 amico
894 1791 1177 1862 aliquis,si
1203 1793 1416 1861 parenti
1445 1801 1538 1845 aut
1566 1791 1876 1861 propinquo
1903 1789 2158 1845 deferen-
2188 1803 2236 1862 Β
2262 1789 2380 1860 ejus
2422 1787 2743 1843 emendatur
2769 1781 3222 1839 honorificentia?
3249 1779 3394 1836 Nihil
3422 1777 3722 1834 mutaveris
3743 1792 3878 1832 cer-

553 1884 682 1936 dum
713 1882 1012 1946 existimat,
1050 1889 1199 1934 recte
1231 1895 1332 1950 ego
1359 1889 1416 1935 et
1440 1879 1798 1935 deferendum
1822 1880 2158 1947 Deo,eteum
2265 1893 2318 1938 te
2361 1883 2414 1936 in
2449 1881 2538 1935 illa
2566 1877 2831 1949 epistola,
2863 1877 2977 1931 sive
3021 1875 3189 1929 missa
3211 1915 3225 1939 ,
3265 1873 3382 1926 sive
3424 1869 3664 1925 nondum
3697 1868 3879 1923 missa

553 1972 966 2044 prml‘erendum
999 1971 1262 2027 omnibus
1287 1971 1553 2041 judicavi.
1583 1970 1826 2027 Consule
1856 1973 1976 2035 tibi,
1998 1970 2161 2042 lmpe-
2265 1983 2381 2030 est:
2416 1971 2608 2027 dictari
2634 1969 2766 2039 jube
2793 1968 2954 2022 aliam
2976 2007 2992 2032 ,
3018 1980 3140 2036 qua:
3169 1964 3327 2035 plena
3361 1962 3487 2017 ﬁdei
3512 2002 3526 2026 ,
3560 1959 3727 2031 plena
3758 1959 3880 2029 pie-

556 2076 729 2132 rator,
764 2077 858 2120 aut
893 2075 1083 2136 patere
1115 2081 1204 2119 me
1227 2064 1524 2120 consulere
1556 2063 1710 2119 mihi.
2267 2067 2392 2120 tatis
2432 2065 2520 2119 sit.
2555 2061 2676 2117 Tibi
2707 2063 2976 2130 integrum
3012 2069 3097 2114 est
3129 2054 3422 2113 emendare
3446 2095 3462 2122 ,
3493 2051 3632 2108 mihi
3659 2068 3767 2108 non
3792 2061 3882 2107 est

626 2161 717 2215 29.
747 2159 888 2226 Quid
917 2158 1267 2228 respondebo
1297 2166 1511 2227 postea,
1542 2159 1588 2213 si
1611 2168 1952 2228 compertum
1977 2157 2162 2226 fuerit,

559 2253 690 2306 data
738 2251 863 2306 hinc
918 2251 1286 2315 auctoritate,
1335 2251 1548 2322 aliquos
1597 2253 2024 2308 christianorum
2075 2263 2168 2308 aut

562 2345 780 2416 gladio,
812 2353 908 2399 aut
954 2345 1222 2409 fustibus,
1274 2353 1367 2399 aut
1418 2344 1690 2414 plumbeis
1740 2350 2000 2402 necatos?
2029 2347 2170 2415 Quo-

566 2438 736 2493 modo
762 2439 864 2491 hoc
885 2438 1127 2508 purgabo
1155 2436 1396 2492 factum?
1422 2435 1706 2504 Quomodo
1729 2439 2004 2494 excusabo
2029 2439 2169 2508 apud

565 2531 881 2601 episcopos,
913 2530 1005 2600 qui
1039 2545 1183 2584 nunc
1211 2529 1338 2600 quia
1370 2543 1468 2598 per
1501 2529 1725 2599 triginta
1759 2538 1817 2586 et
1856 2531 2174 2586 innumeros

567 2639 741 2679 annos
771 2623 797 2658 ά
831 2623 1138 2694 presbyteri
1169 2621 1390 2693 quidam
1438 2621 1604 2694 955
1633 2623 1806 2693 gradu
1837 2623 2041 2689 functi,
2086 2625 2171 2678 vel

568 2715 810 2770 ministri
857 2714 1122 2769 Ecclesiae
1169 2714 1527 2768 retrahuntur
1563 2729 1593 2768 a
1624 2729 1855 2768 munere
1899 2728 2057 2768 sacro
2080 2756 2094 2779 ,
2121 2724 2176 2769 et

569 2806 741 2860 curiae
785 2804 1142 2874 deputantur,
1184 2805 1428 2874 graviter
1457 2805 1720 2873 gemunt?
1753 2815 1774 2841 θ
1803 2803 1935 2858 Nam
1993 2805 2040 2859 si
2081 2807 2176 2876 qui

575 2895 734 2951 vobis
781 2895 1050 2958 militant,
1096 2907 1251 2950 certo
1299 2895 1512 2950 militiae
1557 2905 1807 2966 tempore
1850 2906 2172 2962 servantur;

576 3000 783 3059 quanto
807 2989 981 3059 magis
1011 2989 1176 3044 etiam
1201 3005 1298 3045 eos
1319 2990 1677 3046 considerare
1700 2991 1930 3055 debetis,
1955 2994 2047 3064 qui
2066 2994 2178 3050 Deo

580 3081 845 3135 militant!
893 3080 1216 3146 Quomodo,
1255 3085 1472 3152 inquam
1500 3122 1513 3146 ,
1557 3082 1663 3137 hoc
1714 3084 1991 3139 excusabo
2036 3085 2178 3156 apud

2269 2161 2540 2230 integrum
2570 2155 2941 2212 dissimulare.

2342 2251 2433 2306 32.
2469 2252 2481 2299 ι
2524 2247 2887 2304 Antiochenis
2920 2256 3069 2301 tuam
3096 2245 3313 2300 donaSti
3344 2242 3637 2313 injuriam,
3668 2239 3884 2295 inimici

2273 2345 2349 2398 tui
2384 2342 2407 2380 κ
2438 2341 2578 2398 ﬁlias
2618 2341 2896 2396 revocasti
2918 2379 2932 2404 ,
2985 2337 3309 2394 nutriendas
3350 2334 3494 2405 apud
3523 2334 3745 2389 alﬁnem
3775 2332 3885 2388 de-

2271 2437 2421 2502 disti,
2447 2434 2604 2490 matri
2631 2433 2807 2489 hostis
2835 2433 2910 2487 tui
2935 2430 3128 2486 misisti
3151 2430 3220 2486 de
3245 2429 3439 2484 aerario
3473 2438 3567 2482 tuo
3599 2435 3883 2496 sumptus.

2275 2527 2402 2583 Haec
2437 2535 2583 2582 tanta
2616 2526 2820 2595 pietas,
2852 2533 3001 2578 tanta
3030 2537 3158 2594 erga
3202 2521 3371 2576 Deum
3418 2519 3553 2574 ﬁdes
3599 2517 3708 2572 hoc
3733 2517 3889 2572 facto

2275 2617 2674 2674 obfuscabitur.
2703 2617 2780 2671 Tu
2804 2616 2969 2687 igitur
2996 2615 3086 2685 qui
3119 2614 3343 2668 armatis
3373 2609 3676 2683 pepercisti
3704 2609 3884 2664 hosti-

2277 2712 2379 2766 bus
2398 2753 2412 2777 ,
2441 2720 2498 2767 et
2517 2710 2745 2765 servasti
2779 2709 3026 2763 inimicos
3049 2716 3204 2772 tuos;
3233 2720 3322 2771 ne,
3345 2718 3556 2776 quaeso,
3582 2712 3739 2758 tanto
3767 2712 3890 2756 stu-

2277 2805 2368 2860 dio
2395 2813 2554 2875 putes
2582 2803 2966 2859 vindicandum
3003 2802 3055 2856 in
3084 2799 3438 2856 christianos.

2349 2897 2438 2951 35.
2479 2896 2634 2952 Nunc
2684 2905 2764 2960 te,
2811 2895 3146 2966 Imperator,
3197 2909 3362 2964 rogo,
3415 2901 3478 2947 ut
3531 2907 3645 2948 non
3687 2905 3886 2961 asper—

2281 2999 2473 3046 nanter
2499 2989 2784 3059 acceperis
2813 3003 2900 3044 me
2927 2998 2981 3044 et
3021 3002 3122 3058 pro
3149 2999 3204 3042 te
3232 2994 3288 3042 et
3318 3001 3416 3057 pro
3442 2999 3530 3040 me
3555 2985 3840 3039 timentem
3868 2999 3885 3046 ;

2281 3084 2454 3138 saneti
2484 3083 2628 3138 enim
2660 3097 2763 3137 vox
2787 3090 2910 3136 est:
2944 3080 3013 3136 Ut
3039 3081 3164 3150 quid
3210 3082 3377 3151 factus
3399 3095 3516 3133 sum
3548 3078 3728 3133 videre
3756 3093 3883 3131 con-

581 3175 895 3243 episcopos,
922 3174 1013 3242 qui
1035 3185 1342 3243 queruntur
1368 3174 1436 3229 de
1465 3175 1708 3242 clericis,
1741 3187 1796 3231 et
1824 3178 2180 3247 impressione
2208 3189 2252 3251 C
2286 3176 2543 3230 tritionem
2568 3175 2744 3245 papuli
2774 3174 2873 3227 mei
2905 3172 2960 3242 (l
2988 3171 3166 3226 Maclt.
3196 3188 3252 3238 ιι,
3282 3171 3382 3241 7),
3407 3178 3476 3229 ,ιιι
3503 3169 3773 3225 offensam
3801 3168 3886 3221 in-

575 3267 725 3336 gravi
755 3269 957 3321 vastari
984 3266 1232 3321 scribunt
1257 3267 1564 3322 ecclesias?

643 3394 679 3422 -α
711 3383 845 3457 Reg.
879 3383 1000 3457 eod.
1046 3399 1208 3448 unus,
1249 3400 1563 3454 quamquam
1587 3401 1696 3454 prae
1721 3396 1921 3440 caeteris
1947 3387 2056 3457 ipse
2088 3397 2175 3442 tua

582 3456 840 3522 quomodo
866 3456 1120 3528 vindicas,
1153 3472 1269 3508 cum
1299 3473 1404 3528 eos
1449 3457 1656 3510 excludi
1675 3458 1931 3528 jusseris;
1971 3456 2175 3528 reliqui

579 3541 714 3580 mss.
757 3533 814 3581 et
840 3540 1029 3581 omnes
1046 3526 1178 3580 edit.
1210 3535 1267 3581 ut
1297 3527 1349 3581 in
1383 3536 1530 3581 textu
1555 3568 1569 3591 ,
1617 3526 1718 3582 nisi
1747 3529 1889 3595 quod
1926 3543 2024 3595 pro
2050 3526 2176 3594 quo-

583 3599 758 3663 modo,
791 3597 1011 3667 quidam
1045 3597 1168 3652 cod.
1203 3598 1407 3667 legunt,
1453 3614 1655 3667 quoquo
1685 3599 1857 3652 modo.
1903 3597 2172 3654 Caeterum

583 3677 802 3724 exstant
832 3669 1015 3736 plures
1055 3668 1204 3736 leges
1247 3670 1300 3723 in
1343 3667 1477 3722 Cod.
1519 3670 1600 3722 tit.
1645 3669 1712 3724 de
1749 3669 1951 3724 liceret.
1981 3673 2175 3739 quibus

584 3741 826 3793 omnium
857 3740 1238 3794 haereticorum
1291 3739 1673 3794 conventicula
1705 3741 1980 3810 prohibita
2011 3752 2170 3808 sunt,

583 3811 714 3866 licet
744 3811 858 3865 illic
893 3811 1257 3866 Valentiniani
1289 3811 1575 3880 speciatim
1605 3827 1714 3865 non
1745 3813 2114 3867 nominantur.

658 3881 685 3919 ι)
717 3881 848 3936 Mss.
883 3897 990 3936 non
1018 3881 1194 3951 pauci.
1230 3881 1482 3936 Caeterum
1502 3883 1621 3953 plus
1647 3884 1900 3949 omnibus,
1931 3895 2037 3938 etc.

665 3964 686 3989 ε
720 3953 848 4024 Mss.
896 3953 1125 4022 aliquot.
1157 3955 1201 4006 si
1228 3955 1394 4008 amico
1427 3969 1520 4007 suo
1553 3954 1750 4023 aliqui,
1781 3955 1826 4008 si
1863 3955 2062 4024 parenti
2089 3966 2176 4008 aut

589 4023 912 4091 propinquo;
943 4024 1278 4091 deferendum
1314 4025 1441 4086 Deo,
1466 4034 1512 4076 et
1540 4041 1677 4089 eum,
1701 4037 1807 4081 etc.

661 4090 687 4128 ά
719 4089 1030 4165 Nonipauci
1073 4111 1229 4156 mss.,
1272 4096 1572 4165 presbyterii
1609 4097 1840 4164 quidam,
1869 4089 1974 4150 etc:
2003 4093 2177 4150 Curia:

589 4177 754 4237 porro
775 4164 1013 4237 ofﬁcium
1034 4165 1255 4237 clericis
1277 4164 1510 4220 maxime
1537 4181 1824 4221 onerosum
1849 4177 1987 4233 erat,
2010 4165 2178 4237 quan-

590 4234 883 4307 doquidem
912 4235 980 4289 ad
1013 4235 1142 4290 illud
1191 4237 1537 4302 tributorum,
1575 4251 1638 4290 ac
1681 4234 2172 4307 publicorum'aedi-

591 4305 843 4359 ﬁciornm
893 4321 1022 4360 cura
1069 4307 1400 4374 pertinebat.
1437 4305 1734 4362 Onerosius
1786 4318 1964 4362 tamen
2005 4308 2180 4364 adhuc

589 4376 803 4448 fuisset,
837 4377 880 4430 si
907 4377 1234 4448 spectacula
1256 4377 1478 4448 profana
1505 4392 1696 4432 curare
1743 4378 1975 4432 clericos
2017 4393 2180 4448 opor-

589 4447 785 4501 tuisset
809 4488 824 4511 ,
858 4455 915 4500 ut
959 4445 1306 4501 Innocentius
1352 4447 1404 4508 l,
1437 4447 1695 4501 decretali
1727 4462 1821 4502 sua
1854 4449 1920 4501 ad
1952 4445 2174 4505 Viciric.

592 4515 851 4571 Rothom.
908 4531 1030 4586 cap.
1079 4517 1147 4570 15
1201 4516 1334 4571 edit.
1380 4516 1606 4584 Quesn.,
1665 4519 1792 4572 item
1843 4517 2001 4585 epist.
2035 4521 2069 4573 4
2111 4522 2178 4574 ad

591 4587 790 4642 Nucer.
836 4603 958 4656 cap.
989 4589 1044 4651 5,
1072 4600 1123 4640 et
1155 4586 1312 4655 epist.
1339 4588 1412 4642 23
1450 4587 1518 4641 ad
1539 4587 1708 4657 episc.
1739 4588 1932 4658 synodi
1974 4589 2176 4658 Tolet.,

592 4659 806 4731 videtur
832 4658 1157 4731 signiﬁcare.
1192 4658 1532 4731 Probabilius
1558 4667 1736 4731 tamen
1765 4670 1848 4714 est
1875 4659 2179 4731 intelligen-

589 4730 720 4783 dum
756 4729 900 4784 esse
923 4729 1172 4784 emndem
1207 4729 1522 4796 pontiﬁcem
1565 4729 1632 4784 de
1672 4730 1820 4784 Iaicis
1857 4729 2174 4797 curialibus,

589 4815 727 4868 quos
757 4811 905 4854 vetat
948 4802 999 4854 in
1038 4800 1350 4856 clericalem
1382 4799 1609 4870 gradum
1653 4801 1922 4870 adoptari.
1974 4803 2179 4858 Saltem

591 4871 844 4926 dubitare
875 4887 981 4925 non
1013 4871 1144 4925 licet
1189 4871 1421 4926 clericos
1455 4872 1694 4939 profanis
1723 4874 1829 4926 illis
1857 4873 2178 4928 ministeriis

588 4947 908 5011 neutiquam
940 4944 1107 4998 fuisse
1139 4943 1425 5009 obnoxios,
1455 4941 1582 4996 dum
1609 4943 1723 4998 lucc
1752 4943 2022 4998 scriberet
2052 4951 2179 4998 Am-

592 5015 809 5068 brosius
839 5024 1063 5067 noster:
1117 5029 1241 5066 nam
1271 5014 1469 5082 alioqui
1519 5030 1810 5083 numquam
1846 5024 1950 5068 tam
1986 5017 2176 5070 leviter

587 5101 704 5140 rem
739 5085 877 5140 adeo
930 5084 1202 5154 indignam
1234 5084 1609 5152 praeteriisset.
1643 5085 1796 5153 Quod
1828 5086 1894 5139 ad
1939 5086 2039 5140 alia
2084 5102 2180 5140 cu-

585 5157 792 5210 riarum
825 5170 1048 5209 munera
1073 5196 1088 5219 ,
1142 5169 1330 5209 eormn
1372 5155 1642 5211 immunes
1672 5156 1904 5210 clericos
1931 5172 2055 5211 esse
2086 5172 2178 5210 vo-

587 5227 767 5280 luerat
795 5224 1190 5296 Constantinus
1217 5225 1444 5294 Magnus
1472 5226 1589 5295 lege
1617 5227 1653 5280 2
1681 5227 1749 5280 de
1783 5228 2026 5296 episc0p.
2070 5228 2174 5281 Ve-

585 5313 706 5350 rum
738 5313 843 5352 non
873 5296 1036 5350 modo
1063 5295 1312 5350 Julianus
1341 5307 1584 5363 apostata
1615 5295 2171 5353 omnesclericornm

587 5369 986 5438 immunitates
1012 5365 1334 5438 resciderat,
1366 5375 1422 5418 ut
1453 5365 1794 5422 Sozomcnus
1840 5369 1934 5422 lib.
1965 5385 2014 5435 v,
2047 5383 2166 5438 cap.

587 5438 640 5503 5,
678 5439 774 5493 sed
818 5447 874 5492 et
903 5437 993 5492 alii
1036 5452 1250 5509 quoque
1305 5436 1669 5509 imperatores
1721 5439 1940 5492 easdem
1977 5436 2172 5509 partim

587 5517 1005 5574 revocaverant,
1042 5505 1238 5576 partim
1274 5505 1440 5558 variis
1466 5509 1731 5574 appositis
1768 5505 2176 5564 conditionibus

586 5584 1008 5644 restrinxerant,
1043 5586 1099 5631 ut
1129 5577 1342 5632 discere
1374 5585 1459 5629 est
1486 5591 1563 5648 ex
1604 5579 1770 5648 variis
1798 5579 2006 5648 legibus
2035 5581 2170 5636 Cod.

591 5648 801 5702 Theod.
830 5648 962 5701 Vide
987 5648 1189 5714 pariter
1217 5661 1375 5715 supra
1409 5647 1567 5714 epist.
1594 5647 1684 5712 18,
1717 5647 1867 5702 num.
1901 5651 1968 5703 13
1996 5659 2051 5703 et
2080 5652 2169 5705 14.

668 5727 690 5750 ε’
736 5718 868 5784 Reg.
903 5717 1072 5770 codex
1098 5758 1110 5780 ,
1147 5715 1284 5770 Nam
1315 5718 1360 5769 si
1386 5719 1498 5785 quis
1523 5719 1664 5771 vobis
1694 5718 1880 5771 militat
1899 5759 1915 5784 ,
1953 5733 2091 5774 certo
2120 5739 2175 5777 se

593 5785 791 5836 milititc
816 5796 1042 5851 tempore
1086 5795 1322 5840 tuetur...
1355 5788 1673 5842 considerari
1716 5798 1945 5858 oportet;
1975 5789 2170 5861 reliqui

2208 4702 2259 4762 D

2281 3285 2498 3326 curram
2546 3269 2682 3325 Dei?
2715 3268 2829 3340 Ego
2873 3277 3024 3323 certe
3067 3266 3214 3337 quod
3263 3265 3718 3330 honoriﬁcentius
3763 3265 3887 3319 fieri

2282 3396 2335 3440 et
2364 3387 2496 3441 edit.
2528 3385 2662 3440 satis
2689 3383 3056 3448 conveniunt,
3092 3382 3195 3436 nisi
3226 3381 3369 3452 quod
3402 3382 3456 3434 in
3503 3379 3588 3434 his
3625 3378 3881 3452 habetur,

2285 3457 2422 3511 Nunt
2453 3473 2569 3511 cum
2600 3457 2636 3509 ii
2665 3458 2786 3527 qui,
2817 3465 2926 3510 etc.
2962 3451 3260 3527 Fornerius
3292 3461 3444 3527 parte
3474 3467 3568 3514 ιιι,
3601 3453 3791 3506 select.
3824 3451 3882 3515 7,

2319 3543 2381 3582 ro
2419 3523 2701 3592 serventur,
2749 3537 2808 3580 ut
2854 3535 2972 3580 erat
3012 3525 3064 3578 in
3117 3523 3274 3588 edit.,
3327 3525 3444 3578 sive
3495 3531 3769 3576 servantur
3825 3532 3886 3576 ut

2304 3607 2473 3668 egunt
2502 3598 2751 3668 plerique
2786 3613 2942 3663 mss.,
2973 3595 3372 3668 emendandum
3406 3603 3558 3668 putat
3606 3594 3877 3668 ferientur,

2283 3664 2424 3724 ha'ud
2472 3664 2790 3740 incongrue.
2823 3668 3095 3740 Cteterum
3129 3667 3235 3721 hoc
3256 3665 3394 3740 _loco
3425 3664 3882 3740 At_trb_rositts_itt-

2281 3740 2426 3795 dicat
2459 3741 2563 3810 leg.
2593 3734 2664 3794 88
2701 3740 2772 3794 de
2823 3737 3110 3793 Decurion.
3153 3748 3210 3810 et
3256 3736 3430 3806 legem
3479 3735 3585 3791 100
3630 3734 3880 3810 ejusdem

2285 3811 2459 3874 tituli,
2488 3807 2683 3881 quibus
2723 3819 2846 3880 post
2881 3809 3311 3881 quinquennium
3359 3816 3584 3881 armata:
3636 3807 3878 3881 militiae.

2281 3893 2375 3936 aut
2400 3883 2468 3938 50
2492 3876 2662 3937 annos
2681 3876 2938 3949 palatina:
2965 3876 3265 3950 dignitatis,
3293 3878 3610 3950 immunitas
3630 3876 3882 3950 ab_hisce

2283 3954 2600 4009 muneribus
2629 3947 2970 4008 conceditur.
2989 3947 3089 4005 Adi
3116 3951 3370 4006 similiter
3390 3951 3494 4017 leg.
3516 3947 3583 4001 12
3604 3949 3666 4002 de
3690 3947 3878 4001 Privil.

2281 4041 2390 4080 eor.
2423 4026 2508 4094 qui
2534 4027 2588 4078 in
2619 4040 2780 4085 sacr.,
2815 4030 2947 4087 etc.,
2971 4037 3074 4094 qua
3107 4023 3337 4092 ipsemet
3363 4019 3709 4094 Theodosius
3739 4019 3885 4088 pala-

2285 4097 2410 4150 tin:c
2436 4091 2644 4150 militia:
2677 4106 2890 4165 tempus
2919 4091 3081 4148 ad’lO
3102 4091 3274 4165 annos
3297 4091 3529 4161 redegit.

2361 4165 2378 4203 ί
2419 4165 2603 4221 Codex
2639 4164 2798 4233 Reg,
2829 4165 2964 4233 quod
2996 4174 3049 4218 tu
3076 4164 3328 4229 iusseris.-

2358 4247 2382 4283 8
2431 4237 2674 4307 lntellige
2718 4232 3245 4307 Theodosiiliberos
3276 4233 3365 4288 hic
3395 4232 3695 4307 designari.

2354 4307 2382 4344 ¹ι
2420 4303 2632 4363 Omnes
2646 4307 2775 4362 edit.
2812 4321 2876 4361 ac
2898 4305 3144 4374 plurique
3173 4319 3326 4364 mss.,
3359 4303 3632 4358 conveniat
3657 4319 3793 4367 meo,
3821 4323 3886 4358 ne

2285 4396 2530 4446 causam;
2560 4379 2713 4434 Colb.
2754 4391 2926 4444 unus,
2961 4377 3244 4430 conveniat.
3293 4375 3478 4430 Moneo
3525 4390 3590 4428 ne
3625 4391 3842 4428 causam
3865 4419 3878 4436 ,

2286 4452 2418 4519 llcg.
2455 4461 2510 4503 nt
2541 4465 2640 4504 nos
2671 4450 2722 4502 in
2748 4457 2917 4503 textu.

2364 4516 2390 4557 ἶ
2423 4520 2647 4576 Scilicet
2670 4519 3336 4589 sacramentumicustodire
3377 4516 3662 4589 interdum
3683 4527 3882 4572 contra

2283 4589 2524 4646 ofﬁcium
2553 4600 2672 4654 est,
2706 4588 3166 4658 quemadmodum
3199 4590 3362 4644 tradit
3392 4591 3623 4659 ipsemet
3647 4588 3882 4643 sanctus

2289 4663 2486 4717 Doctor
2517 4663 2608 4715 lib.
2644 4677 2658 4714 ι
2685 4661 2753 4716 de
2780 4660 2938 4715 Ol‘ﬁc.
2971 4675 3092 4728 cap.
3127 4659 3228 4728 50,
3258 4658 3566 4715 ιιιιιιιζὲϐιι.

2361 4733 2372 4781 1
2423 4733 2722 4787 Antiochiae
2746 4747 2840 4800 per
2864 4730 3186 4786 seditionem
3210 4745 3428 4787 eversas
3452 4744 3575 4786 esse
3603 4729 3883 4786 Flaccillm

2283 4801 2647 4872 imperatricis
2677 4799 2838 4870 atque
2865 4805 3030 4856 etiam
3056 4801 3348 4856 Theodosii
3367 4811 3572 4855 statuas
3590 4799 3880 4867 Zosimus,

2285 4873 2618 4943 Sozomenus
2641 4873 2844 4943 aliique
2859 4873 3159 4942 scriptorcs
3179 4873 3380 4943 litteris
3397 4872 3876 4928 commendarunt.

2288 4942 2455 5013 Hujus
2509 4958 2670 5012 porro
2711 4942 2968 4998 facinoris
3010 4942 3296 4998 occasione
3344 4959 3467 4997 cum
3523 4943 3768 4996 maximo
3820 4945 3876 4997 in

2286 5025 2430 5068 metu
2456 5022 2642 5069 essent
2670 5014 3064 5069 Antiochenses
3082 5057 3096 5081 ,
3131 5015 3199 5069 ad
3239 5029 3333 5068 eos
3359 5015 3727 5068 consolandos
3756 5015 3880 5082 pul-

2281 5086 2582 5141 cherrimas
2603 5087 2878 5139 orationes
2907 5087 2976 5139 de
3001 5085 3206 5140 Statuis
3234 5086 3424 5138 habuit
3447 5082 3877 5155 Chrysostomus

2283 5156 2460 5212 adlmc
2493 5157 2793 5228 presbyter.
2834 5155 2960 5228 Sed;
2991 5170 3256 5228 converso
3288 5156 3504 5228 tandem
3547 5155 3612 5228 ad
3656 5157 3874 5228 mitiora

2282 5229 2508 5282 consilia
2535 5225 2874 5293 Theodosio,
2911 5225 3052 5281 idem
3076 5225 3362 5296 Chrysost.
3387 5226 3540 5281 Orat.
3571 5226 3643 5282 20
3669 5227 3736 5280 ad
3763 5228 3873 5280 An-

2283 5298 2446 5353 tioch.
2475 5299 2687 5368 egregie
2707 5298 2877 5368 ipsius
2903 5297 3246 5352 clementiam
3273 5296 3694 5352 commendavit.

2353 5369 2376 5406 ¹ι
2420 5367 2548 5423 Mss.
2577 5367 2753 5436 Bely.,
2772 5367 2984 5423 ‘l‘huan.
3016 5379 3070 5423 et
3093 5368 3302 5433 Carol.,
3331 5369 3469 5436 ﬁlios
3495 5369 3750 5422 revocasti
3775 5384 3872 5421 nu-

2277 5440 2539 5501 triendos,
2573 5449 2679 5492 etc.
2703 5440 2836 5505 Qua:
2865 5439 3080 5509 quidem
3128 5437 3292 5493 lectio
3321 5441 3365 5493 si
3409 5454 3536 5494 vera
3575 5452 3760 5507 esset,
3800 5455 3870 5493 eo

2279 5510 2436 5563 laude
2463 5509 2678 5578 dignior
2699 5511 2994 5564 haberetur
3014 5509 3380 5573 Theodosius,
3407 5511 3497 5579 qui
3524 5520 3718 5564 contra
3747 5525 3868 5579 pro-

2278 5582 2448 5649 priam
2491 5580 2837 5635 securitatem
2869 5581 3118 5636 masculis
3149 5580 3319 5635 hostis
3349 5585 3429 5634 sui
3461 5583 3648 5636 liberis
3676 5597 3868 5650 peper-

2275 5651 2459 5722 cisset.
2520 5650 2898 5722 verumtamen
2961 5659 3154 5720 prmter
3220 5650 3529 5722 Victorem,
3577 5667 3740 5722 quem
3796 5653 3864 5706 ab

2276 5720 2646 5791 Andragathio
2693 5722 3077 5790 interemptum
3109 5730 3295 5776 narrat
3329 5720 3615 5790 Zosimus,
3654 5723 3858 5777 virilem

2276 5792 2481 5861 prolem
2513 5791 2746 5847 Maximo
2772 5791 2940 5848 fuisse
2973 5806 3077 5847 non
3107 5795 3432 5862 reperimus.
