4042 6174
222 296 357 352 HIS

1398 295 1891 356 EPISTOLARUM
1929 300 2214 360 CLASSIS
2252 303 2292 357 l.

3380 312 3519 368 IIII

218 412 416 483 potuit,
447 411 579 479 ieci;
611 420 670 468 ut
695 427 784 470 me
807 400 985 485 magis
1004 413 1225 470 audires
1247 414 1299 470 iu
1325 415 1497 485 regia,
1525 431 1614 484 ne,
1647 417 1692 470 si
1725 432 1820 472 ne-
1846 423 1898 483 Α
1995 419 2052 476 4.
2093 420 2250 478 Unde
2276 431 2331 477 et
2375 425 2666 495 Apostolus
2709 427 2818 483 ait:
2852 427 2992 496 Quid
3035 429 3226 497 vultis,
3274 431 3329 484 in
3372 431 3520 501 uirga

219 518 376 560 cesse
407 513 590 570 esset,
621 505 842 561 audires
870 506 922 560 iu
957 506 1223 562 Ecclesia.

600 599 769 672 953
816 608 843 636 ι
897 599 1232 658 EPISTOLA
1289 600 1426 656 xu.

219 694 467 750 Sororem
499 703 558 746 ut
583 693 648 747 de
672 695 738 748 iis
775 710 892 763 qua:
927 711 1206 766 synagogas
1245 712 1306 749 ac
1352 695 1465 766 fani
1503 711 1660 764 supra
1704 696 1816 748 dic-

287 797 456 840 torum
476 802 636 841 causa
655 797 948 854 evenerant,
964 789 1230 843 certiorem
1246 790 1426 858 faciat,
1442 792 1600 858 refert
1628 805 1694 856 qu
1703 805 1814 842 em-

285 880 571 934 admodum
637 883 752 935 loco
812 880 1092 937 Hieremiae
1141 881 1206 936 de
1244 884 1571 937 sacerdotum
1614 884 1815 948 verbis,

291 972 582 1042 explicato,
622 971 993 1046 Evangelicam
1037 973 1308 1029 lectionem
1337 976 1690 1041 enarraverit,
1735 993 1820 1029 os-

288 1064 512 1118 tenderit
552 1065 664 1118 illic
709 1063 924 1119 Domini
976 1067 1390 1121 misericordiam
1432 1067 1816 1131 commendari,

291 1158 442 1225 cujus
470 1156 606 1222 idem
634 1174 666 1210 a
705 1157 854 1213 nobis
881 1159 1040 1229 exigit
1081 1159 1455 1225 imitationem,
1488 1175 1550 1213 ac
1587 1159 1818 1214 docuerit

291 1265 392 1318 qua
408 1249 612 1304 ratione
629 1251 972 1320 evangelicam
993 1252 1327 1321 peccatricem
1347 1250 1646 1305 Dominicos
1662 1251 1816 1321 pedes

292 1341 538 1406 lavando,
567 1341 809 1413 tergendo
826 1383 840 1407 ,
871 1343 1110 1410 ungenda
1137 1353 1290 1412 atque
1314 1343 1596 1396 osculando
1621 1347 1816 1414 refera-

289 1449 404 1486 mus
422 1450 440 1498 ;
461 1433 656 1502 alioqui
682 1448 776 1486 nos
803 1435 1120 1502 prophetica:
1145 1434 1534 1504 reprehensioni
1555 1477 1568 1501 ,
1593 1437 1704 1506 {ore
1729 1436 1817 1489 ob-

289 1526 497 1590 noxios;
516 1525 733 1595 denique
752 1542 853 1595 quo
879 1529 1033 1581 modo
1048 1543 1285 1582 sermone
1309 1544 1552 1583 converso
1567 1529 1636 1581 ad
1652 1527 1790 1583 Theo
1803 1559 1817 1568 -

291 1621 497 1673 dosiunt
519 1661 534 1688 ,
568 1619 776 1674 tandem
815 1631 870 1674 ut
910 1632 1169 1676 revocaret
1200 1622 1422 1677 edictum
1444 1663 1459 1687 ,
1493 1622 1784 1676 obtinuerit.

683 1711 709 1749 ι’
750 1712 1021 1768 Fumea
1071 1729 1338 1770 sonout.

291 1806 342 1859 i.
377 1804 685 1860 Sollicitam
729 1806 1075 1860 sanctitatem
1130 1814 1278 1860 tuam
1319 1818 1441 1860 esse
1479 1803 1655 1859 adhuc
1684 1803 1819 1857 scri-

221 1895 348 1952 bere
377 1896 598 1967 dignata
645 1911 706 1951 es
745 1896 880 1951 mihi
907 1937 922 1962 ,
956 1912 1022 1952 eo
1071 1896 1215 1967 quod
1244 1896 1535 1952 sollicitum
1581 1911 1667 1950 me
1697 1909 1818 1950 esse

224 1987 576 2058 scripserim;
611 1988 757 2043 unde
784 1989 958 2043 miror
984 1989 1127 2059 quod
1152 1989 1363 2044 litteras
1411 2003 1516 2043 non
1544 1989 1820 2057 acceperis

224 2096 394 2148 meas,
422 2081 628 2151 quibus
657 2081 897 2136 rel'nsam
927 2081 1057 2136 mihi
1087 2082 1413 2151 scripseram
1443 2081 1816 2135 securitatem.

221 2173 352 2228 Nam
381 2188 508 2228 cum
541 2185 563 2212 ο
598 2174 830 2230 relatum
852 2182 1001 2230 esset
1033 2189 1361 2245 synagogam
1393 2173 1704 2230 Iudaeorum
1739 2174 1819 2226 in-

220 2281 443 2323 censam
474 2281 506 2321 a
540 2267 884 2332 cbristianis,
918 2277 1141 2322 auctore
1171 2269 1463 2338 episcopo,
1496 2278 1550 2322 et
1585 2268 1821 2322 Valenti-

223 2363 511 2417 niauorum
535 2363 1010 2427 conventiculum;
1037 2364 1247 2429 jussum
1276 2372 1420 2428 erat,
1452 2378 1535 2415 me
1560 2363 1818 2431 Aquileim

225 2453 443 2524 posito,
482 2462 539 2508 ιιι
581 2469 850 2526 synagoga
880 2455 949 2508 ab
991 2455 1250 2522 episcopo
1281 2454 1725 2518 reasditicaretur,
1769 2462 1820 2505 et

224 2546 277 2600 in
325 2545 630 2600 monachos
682 2545 1072 2611 vindicaretur,
1107 2544 1198 2613 qui
1241 2543 1609 2598 incendissent
1653 2542 1821 2596 mdili-

225 2641 365 2696 cium
385 2641 916 2697 Valentiuiauorutn.
934 2641 1072 2696 Tum
1095 2656 1218 2710 ego,
1243 2656 1364 2695 cum
1384 2639 1584 2710 sapius
1609 2640 1822 2710 agendo

225 2747 413 2803 parum
445 2733 804 2804 proﬁcerem,
831 2734 1118 2803 epistolam
1141 2733 1268 2787 dedi
1291 2733 1606 2802 imperatori
1625 2774 1640 2800 ,
1660 2747 1819 2802 quam

224 2825 384 2880 simul
410 2825 563 2891 misi;
591 2835 644 2880 et
667 2826 756 2880 ubi
784 2826 1046 2895 processit
1072 2825 1140 2880 ad
1169 2825 1467 2880 Ecclesium
1495 2865 1508 2888 ,
1543 2824 1684 2878 hunc
1707 2841 1822 2880 ser-

226 2933 444 2974 monem
474 2918 636 2974 habui
661 2937 674 2974 :

292 3012 347 3064 2.
390 3010 449 3065 In
499 3010 642 3066 libro
690 3011 1009 3081 prophetico
1056 3012 1319 3083 scriptum
1361 3023 1481 3067 eSt:
1531 3012 1692 3067 Sume
1733 3013 1822 3065 tibi

224 3104 467 3158 baculum
504 3105 749 3157 uucinum
785 3105 1013 3174 (Jerem.
1043 3104 1127 3176 ι);
1153 3115 1206 3160 et
1229 3120 1332 3175 qua
1363 3105 1572 3160 ratione
1599 3104 1704 3159 hoc
1743 3104 1823 3159 di-

1919 513 2122 566 veniam
2149 514 2217 567 ad
2254 530 2342 570 vos
2364 558 2379 583 ,
2406 535 2473 571 an
2511 519 2563 572 in
2595 518 2874 587 charitate,
2907 521 3196 591 spirituque
3229 531 3526 576 mansuetu-

1921 604 2154 679 dinis_(l
2197 607 2318 662 Cor.
2351 625 2425 676 tv,
2457 609 2521 666 2i
2543 610 2600 682 )_?
2630 611 2792 667 Prius
2831 613 2977 668 enim
3007 614 3214 684 virgam
3249 613 3425 680 dixit,
3469 625 3525 670 et

1923 707 2197 768 tamquam
2225 701 2388 773 957
2417 703 2567 773 virga
2599 704 2796 760 uuciua
2840 708 3110 776 percussit
3152 717 3434 774 errantes,
3469 717 3527 763 ut

1922 797 2106 858 postea
2156 793 2536 850 consolaretur
2565 810 2661 850 eos
2698 797 2890 866 Spiritu
2923 789 3383 855 mansuetudinis.
3418 799 3525 855 Ita-

1920 896 2026 951 que
2052 896 2215 952 quem
2261 884 2406 954 virga
2440 888 2796 942 sacramentis
2845 888 3122 945 abdicavit
3167 890 3522 959 caelestibus,

1921 973 2174 1029 eumdem
2209 977 2577 1032 mansuetudo
2600 980 2861 1034 restituit.
2894 981 3174 1052 Discipulo
3202 999 3420 1053 quoque
3445 993 3523 1039 ta.

1920 1064 1992 1119 lia
2017 1068 2336 1137 praescripta
2367 1068 2550 1134 dedit,
2582 1069 2799 1125 dicens:
2825 1072 3022 1142 Argue,
3051 1074 3283 1142 obsecra,
3313 1076 3524 1146 increpa

1925 1158 1997 1228 (Il
2044 1158 2179 1214 Tim.
2212 1177 2287 1227 tv,
2335 1161 2431 1232 9.).
2482 1163 2598 1219 Duo
2638 1163 2808 1231 dura,
2844 1182 3009 1221 unum
3062 1168 3230 1222 mite:
3265 1169 3360 1223 sed
3401 1169 3524 1225 ideo

1919 1249 2088 1315 dura,
2124 1261 2184 1306 ut
2229 1254 2394 1308 ctiam
2437 1254 2553 1325 ipsa
2584 1256 2854 1322 molliret;
2889 1258 3020 1327 quia
3058 1260 3200 1313 sicut
3232 1260 3391 1329 aegris
3438 1275 3520 1314 rc-

1919 1342 2187 1398 dundauti
2220 1344 2348 1400 felle
2387 1347 2711 1415 corporibus
2751 1347 3002 1404 ciborum
3040 1360 3135 1404 aut
3187 1362 3345 1420 pctus
3375 1367 3525 1404 ama-

1922 1435 2103 1490 ritudo
2133 1435 2403 1492 dulcescit
2428 1481 2442 1503 ,
2473 1449 2528 1493 et
2558 1449 2748 1494 contra
2777 1441 3063 1511 epularum
3095 1443 3336 1497 suavitas
3377 1458 3525 1498 ama-

1921 1529 2147 1584 ritudini
2175 1541 2292 1587 est:
2319 1532 2392 1588 ita
2415 1533 2508 1588 ubi
2531 1535 2747 1590 animus
2769 1544 2855 1591 est
2882 1537 3129 1600 saucius,
3159 1535 3179 1573 τ
3206 1537 3524 1606 voluptariae

1920 1623 2035 1679 fotu
2087 1626 2420 1682 adulationis
2470 1629 2750 1699 agrescit,
2799 1639 2854 1684 et
2898 1645 3116 1685 rursum
3167 1630 3526 1686 correctionis

1922 1720 2256 1784 temperatur
2285 1719 2668 1775 amaritudine.

1847 1817 1896 1876 Β
1992 1808 2046 1862 5.
2081 1807 2206 1862 llaec
2234 1808 2303 1864 de
2345 1810 2664 1880 prOphetica
2699 1810 2936 1866 lectione
2964 1811 3130 1866 libata
3160 1812 3308 1867 sint:
3353 1811 3529 1867 Evan-

1920 1899 2046 1971 gelii
2068 1915 2287 1971 quoque
2318 1903 2482 1958 lectio
2522 1904 2651 1973 quid
2686 1903 2886 1959 habeat
2913 1904 3326 1961 consideremus
3363 1923 3376 1960 :
3419 1905 3530 1960 Ro-

1921 1995 2056 2063 gavit
2081 1995 2296 2064 quidam
2343 1995 2631 2065 pharisaeus
2661 1995 2944 2051 Dominum
2970 1996 3184 2064 Iesum,
3215 2008 3269 2051 ut
3302 1999 3516 2052 mandu-

1922 2097 2062 2140 caret
2105 2089 2444 2152 cumillo;et
2485 2090 2747 2159 ingressus
2777 2091 2988 2143 domum
3035 2089 3326 2154 Pharistci,
3353 2091 3526 2144 discu-

1923 2178 2049 2232 buit.
2084 2177 2154 2231 Et
2179 2177 2532 2246 ecce‘ntulier,
2561 2197 2675 2251 qua:
2697 2193 2808 2235 erat
2833 2183 2886 2235 in
2918 2182 3124 2236 civitate
3151 2183 3441 2252 peccatrix,
3470 2193 3528 2236 ut

1922 2273 2156 2342 cognovit
2180 2273 2318 2341 quod
2353 2271 2508 2326 Iesus
2535 2275 2776 2328 accubuit
2803 2276 2854 2326 in
2881 2275 3033 2328 domo
3065 2273 3359 2339 Pharisaei,
3393 2285 3529 2328 attu-

1923 2363 1978 2416 lit
2020 2365 2338 2417 alabastrum
2386 2368 2633 2436 unguenti
2676 2381 2694 2418 :
2740 2375 2786 2419 et
2826 2376 2970 2420 stans
2998 2375 3134 2419 retro
3183 2382 3329 2420 secus
3373 2367 3529 2436 pedes

1920 2455 2051 2525 ejus,
2078 2464 2102 2500 Β
2126 2455 2370 2524 lacrymis
2395 2456 2544 2525 ccepit
2569 2457 2740 2525 rigare
2761 2455 2918 2524 pedes
2945 2457 3058 2525 ejus
3083 2453 3239 2526 (Luc.
3265 2471 3358 2521 vn,
3390 2454 3460 2510 56
3482 2465 3530 2509 et

1921 2561 2023 2615 seq.
2043 2546 2086 2617 ).
2112 2545 2180 2599 Et
2208 2547 2414 2616 reliqua
2443 2547 2694 2600 recitavit
2722 2561 2892 2616 usque
2916 2547 2982 2601 ad
3011 2547 3189 2602 locum
3213 2564 3226 2600 :
3255 2544 3413 2602 Fides
3439 2557 3526 2600 tua

1923 2649 1969 2693 te
1995 2640 2193 2694 salvam
2236 2642 2386 2711 fecit,
2421 2640 2548 2692 vade
2579 2641 2631 2692 in
2675 2656 2817 2708 pace.
2868 2638 3042 2706 Quam
3087 2638 3356 2708 simplex,
3401 2637 3530 2692 sub-

1919 2733 2104 2802 junxi,
2139 2735 2192 2787 in
2223 2733 2405 2788 verbis
2428 2775 2441 2798 ,
2477 2747 2636 2802 quam
2677 2731 2940 2802 profunda
2974 2733 3027 2786 in
3057 2732 3304 2787 consiliis
3346 2731 3524 2786 Evan-

1922 2829 2050 2897 gelii
2085 2828 2280 2882 lectio!
2315 2827 2651 2900 Itaquequia
2677 2826 2859 2895 magni
2888 2825 3184 2880 consiliarii
3209 2839 3392 2880 sermo
3421 2835 3528 2890 est,

1922 2919 2271 2975 altitudinem
2303 2919 2422 2988 ejus
2452 2919 2868 2974 consideremus
2894 2915 3076 2988 (Esai.
3106 2931 3180 2982 ιχ,
3214 2915 3306 2986 6).

1996 3011 2048 3065 6.
2097 3010 2355 3065 Dominus
2387 3019 2574 3064 noster
2594 3009 2753 3065 Jesus
2779 3008 3031 3064 Christus
3057 3006 3321 3077 judicavit
3351 3008 3524 3078 magis

1927 3106 2179 3160 homines
2225 3103 2508 3160 beneﬁciis
2553 3103 2765 3173 alligari
2813 3117 3017 3173 posse,
3051 3112 3105 3157 et
3135 3102 3414 3172 provocari
3459 3104 3527 3156 ad

224 3196 362 3252 xerit
389 3197 653 3252 Dominus
673 3198 983 3267 prophetae,
1013 3199 1273 3254 debemus
1295 3199 1682 3263 considerare;
1710 3214 1819 3253 non
1849 3201 1894 3262 C
1925 3211 1986 3252 ea
2012 3195 2035 3232 ¹ι
2068 3211 2187 3266 qua:
2216 3205 2343 3250 sunt
2384 3205 2533 3250 recta
2578 3193 2828 3250 facienda
2851 3234 2865 3259 ,
2901 3207 3060 3264 quam
3088 3203 3266 3248 metu:
3300 3192 3527 3263 plusque

223 3289 402 3344 otiose
444 3289 645 3345 etenim
677 3291 942 3360 scriptum
991 3301 1111 3356 est;
1141 3291 1581 3361 quandoquidem
1629 3301 1682 3345 et
1709 3289 1734 3326 ἀ
1768 3293 1821 3346 in

225 3382 598 3438 Pentateucho
621 3381 854 3452 legimus
881 3382 1024 3452 quod
1050 3383 1199 3454 virga
1221 3383 1426 3437 nuciua
1445 3385 1622 3437 Aaron
1641 3396 1822 3437 sacer-

221 3473 388 3540 dotis,
424 3489 546 3529 cum
573 3474 667 3529 diu
688 3475 923 3546 reposita
952 3475 1163 3539 luisset,
1187 3474 1420 3529 efﬂoruit
1447 3473 1646 3546 (Nunt.
1673 3489 1780 3528 xvn
1802 3515 1817 3542 ,

223 3567 302 3638 8).
323 3566 457 3621 Nam
479 3567 692 3624 videtur
713 3583 810 3638 per
830 3568 1036 3639 virgam
1065 3578 1089 3603 ε
1115 3568 1422 3637 signiﬁcare
1442 3566 1586 3637 quod
1615 3566 1820 3622 directa

224 3673 347 3714 esse
392 3657 586 3713 debeat
640 3658 926 3728 prophetia
965 3659 1050 3712 vel
1091 3658 1444 3713 sacerdotalis
1487 3658 1819 3722 auctoritas;

223 3759 280 3804 ut
321 3764 431 3804 non
478 3757 588 3804 tam
631 3749 1014 3814 delectabilia,
1058 3763 1216 3819 quam
1253 3750 1404 3804 utilia
1435 3749 1782 3818 persuadeat.

295 3845 352 3899 5.
397 3843 636 3912 Ideoque
661 3843 916 3896 uucinum
940 3843 1189 3896 baculum
1221 3857 1438 3896 sumere
1458 3841 1682 3910 jnbetur
1703 3855 1823 3910 pro-

222 3937 388 4008 pheta
410 3978 425 4002 ,
458 3936 585 4006 quia
617 3943 932 3990 memorata:
965 3950 1185 4004 pomum
1234 3937 1450 3988 arboris
1479 3949 1723 3988 amarum
1768 3935 1822 3989 in

221 4034 427 4087 cortice
452 4071 468 4096 ,
509 4029 706 4084 durum
757 4030 810 4084 in
841 4039 976 4085 testa
1001 4072 1016 4095 ,
1066 4030 1214 4084 intus
1238 4041 1322 4085 est
1369 4032 1739 4098 iructuosum;
1769 4043 1826 4087 ut

222 4123 288 4178 ad
339 4123 461 4193 ejus
508 4121 922 4176 similitudinem
971 4113 1233 4190 propheta
1267 4137 1481 4193 quoque
1533 4137 1714 4178 amara
1771 4133 1826 4179 et

224 4217 358 4270 dura
383 4215 706 4284 praetendat,
730 4223 785 4269 et
804 4213 1128 4268 denuntiare
1157 4215 1326 4269 tristia
1353 4230 1459 4269 non
1484 4217 1822 4271 reformidet.

224 4308 494 4363 Similiter
536 4307 704 4362 etiam
755 4305 1046 4371 sacerdos,
1088 4306 1212 4376 quia
1253 4307 1544 4376 praeceptio
1575 4307 1694 4376 ejus
1723 4308 1824 4362 etsi

223 4399 289 4454 ad
339 4408 550 4470 tempus
597 4399 868 4469 aliquibus
915 4413 1099 4453 amara
1148 4399 1420 4464 videatur,
1451 4409 1507 4456 et
1551 4410 1822 4470 tamquam

225 4495 374 4565 virga
403 4495 584 4548 Aaron
612 4493 852 4564 reposita
881 4492 975 4547 diu
1008 4493 1060 4546 in
1081 4493 1304 4547 auribus
1325 4491 1820 4557 dissimulantium;

225 4597 404 4642 tamen
434 4586 732 4658 aliquando
757 4602 877 4642 cum
903 4587 1206 4641 aestimatur
1227 4587 1469 4652 aruisse,
1504 4586 1766 4642 ﬂorescit.

309 4740 334 4766 ⁸
374 4728 582 4798 Scripta
611 4742 755 4781 anno
785 4727 911 4782 588.

301 4799 328 4838 ι)
367 4795 528 4854 Rom.
554 4798 686 4852 edit.
712 4799 764 4852 in
793 4813 897 4867 qua
929 4797 1160 4862 primttm
1189 4796 1405 4866 vulgata
1431 4795 1827 4867 l‘uithteeepi-

226 4873 390 4936 stola,
409 4885 527 4925 eam
558 4866 840 4923 inscribit:
874 4868 1177 4921 Ambrosius
1194 4869 1468 4936 episcopus
1494 4866 1826 4919 Marcellinte

225 4946 426 5006 sorori;
454 4939 580 4993 cod.
629 4940 760 5009 Reg.
790 4940 840 4994 in
874 4955 984 5009 quo
1013 4939 1134 5009 solo
1177 4938 1422 4992 eamdem
1471 4938 1624 5009 licu_it
1660 4951 1822 5003 repe-

226 5017 364 5076 rire,
407 5004 735 5080 isitnplicius'
765 5004 1029 5079 praefigit,
1081 5007 1265 5080 Frater
1312 5009 1503 5062 sorori.
1551 5004 1820 5060 Caeterum

228 5084 368 5138 hanc
400 5078 570 5149 ipsum
596 5081 882 5149 epistolam
912 5078 1020 5134 tam
1041 5078 1297 5134 distincte
1327 5089 1541 5149 tamque
1563 5090 1822 5149 expresse

225 5146 720 5224 signat‘Pauliuns,
747 5160 808 5206 ιιι
831 5152 1114 5216 dubitare,
1143 5149 1274 5218 quin
1304 5162 1432 5201 vere
1461 5146 1822 5200 Ambrosiana

227 5226 297 5278 sit
315 5267 329 5287 ,
365 5225 495 5278 nulli
528 5224 817 5292 possimus.

303 5286 324 5333 δ
367 5297 444 5350 Ita
487 5286 621 5363 Reg.
646 5293 794 5356 cod.;
822 5301 877 5347 at
907 5293 960 5347 in
989 5289 1285 5363 Rom._edit
1309 5286 1544 5363 legitur:
1580 5287 1824 5363 Relatum

227 5378 354 5420 esset
394 5358 696 5434 imperatori
749 5365 1101 5434 Synagogant
1133 5358 1437 5434 Juda’orum
1481 5359 1536 5434 in
1589 5361 1824 5426 partibus

231 5431 475 5492 Orientis
504 5431 864 5489 incensam...
900 5431 981 5488 ’ρι’
1001 5431 1484 5486 Valentinianorum
1514 5431 1707 5486 lucum.
1733 5473 1744 5484 .
1771 5474 1783 5485 .
1808 5473 1820 5486 .

227 5509 317 5576 qui
369 5507 717 5561 incendissent
770 5507 960 5576 locum.

301 5576 328 5614 ἀ
371 5579 528 5632 Rom.
563 5577 722 5643 edit.,
761 5577 816 5629 in
859 5574 1229 5642 heptateucho,
1262 5588 1368 5642 qua
1411 5587 1546 5629 voce
1577 5574 1633 5628 in
1685 5574 1822 5642 psal.

228 5664 446 5718 quoque
471 5661 668 5710 cxvut,
697 5662 864 5718 serta.
895 5645 988 5711 21,
1025 5661 1183 5718 num.
1203 5645 1293 5708 η,
1322 5658 1456 5718 usus
1485 5652 1570 5698 est
1598 5645 1822 5718 A_mbro-

230 5715 378 5782 sius,
406 5718 498 5774 ubi
519 5720 626 5788 vim
659 5716 1190 5788 ejusdemrvocabuli
1206 5715 1592 5788 explicuimus.
1625 5715 1824 5788 Penta-

232 5789 460 5843 t'euclins
478 5783 608 5844 vero
628 5783 868 5859 quinque
890 5783 1152 5840 librorum
1173 5783 1375 5854 Moy'sis
1393 5783 1700 5852 complexio
1718 5794 1821 5839 est.

1925 3288 2246 3342 charitatem
2292 3288 2559 3357 proiicere
2581 3328 2594 3352 ,
2625 3301 2790 3357 quam
2820 3285 3164 3341 formidinem
3208 3284 3273 3339 ad
3303 3299 3526 3339 eorrec~

1927 3381 2154 3434 tionem.
2188 3381 2375 3450 Itaque
2413 3380 2678 3450 praemisit
2715 3379 2945 3449 gratiam
2968 3421 2981 3444 ,
3012 3378 3239 3434 veniens
3278 3393 3376 3448 per
3408 3376 3528 3430 νίτ-

1923 3476 2064 3546 ginis
2105 3484 2357 3546 partum;
2389 3486 2447 3533 ut
2475 3477 2530 3530 in
2560 3476 2834 3546 baptismo
2877 3484 3097 3544 peccata
3140 3474 3391 3535 donaret,
3421 3487 3531 3542 quo

1925 3569 2026 3624 sibi
2055 3568 2262 3624 iaceret
2288 3569 2574 3638 gratiores.
2606 3567 2810 3621 Deinde
2836 3566 2880 3620 si
2913 3565 3278 3634 competentia
3308 3562 3322 3598 ί
3357 3561 3528 3632 gratis

1924 3661 2057 3714 viris
2083 3660 2267 3715 ofﬁcia
2312 3673 2736 3727 reponeremus,
2769 3657 2937 3725 ipsius
2973 3656 3163 3724 gratim
3206 3667 3525 3707 remunera-

1928 3751 2129 3806 tionem
2163 3751 2395 3804 futurant
2439 3751 2680 3803 omnium
2725 3749 2779 3802 iu
2813 3747 2916 3802 hac
2949 3747 3173 3800 muliere
3203 3743 3526 3800 declaravit.

1927 3845 2058 3899 Nam
2087 3844 2133 3897 si
2177 3843 2556 3897 tantummodo
2588 3844 2760 3910 prima
2796 3840 2974 3894 debila
3004 3839 3166 3892 nobis
3193 3835 3528 3902 remisisset,

1929 3937 2202 3991 videretur
2227 3937 2456 4000 cautior,
2489 3949 2648 4003 quam
2699 3931 3104 4001 indulgentior;
3133 3927 3528 3982 correctionis-

1927 4031 2078 4098 quei
2141 4026 2511 4097 providentior
2553 4039 2713 4094 quam
2764 4021 3226 4078 remunerationis
3275 4021 3523 4091 magniﬁ-

1927 4120 2158 4174 centior.
2193 4118 2421 4188 Augusti
2465 4116 2628 4170 animi
2671 4115 2788 4169 sola
2829 4114 3028 4168 astutia
3062 4123 3179 4177 est,
3212 4123 3269 4166 ut
3300 4113 3484 4167 illiciat
3514 4131 3524 4168 :

1933 4215 2040 4266 Deo
2066 4222 2247 4266 autem
2275 4210 2564 4276 convenit,
2591 4218 2645 4263 ιιι
2668 4223 2805 4278 quos
2829 4208 3133 4261 invitaverit
3157 4221 3251 4274 per
3270 4207 3522 4274 gratiam,

1927 4306 2146 4361 eosdem
2182 4306 2368 4375 gratia:
2400 4305 2570 4373 ipsius
2593 4283 2948 4358 incrementis
2977 4300 3259 4370 provehat.
3288 4299 3526 4369 Ideoque

1930 4400 2087 4454 nobis
2135 4409 2191 4453 et
2239 4406 2363 4453 ante
2393 4398 2555 4453 donat
2603 4413 2700 4466 per
2740 4396 3106 4466 baptismum,
3137 4403 3192 4450 et
3233 4401 3353 4461 post
3385 4392 3527 4448 bene

1929 4492 2294 4549 servientibus
2324 4492 2575 4547 uberiora
2604 4491 2852 4560 largitur.
2878 4489 2952 4543 Ita
2976 4503 3109 4558 ergo
3133 4486 3333 4542 Christi
3361 4485 3527 4540 benc-

1851 4579 1902 4637 D
1931 4585 2048 4639 licia
2073 4595 2127 4640 et
2154 4585 2426 4640 incentiva
2451 4584 2672 4638 virtutis
2701 4591 2754 4637 et
2781 4580 3004 4652 praemia
3036 4589 3186 4633 sunt.

2008 4735 2030 4760 υ
2072 4723 2230 4777 Rom.
2260 4722 2417 4785 edit.,
2446 4721 2731 4792 significari
2773 4719 2911 4789 quod
2957 4718 3153 4771 directa
3203 4732 3309 4770 esse
3350 4716 3525 4772 debeat

1931 4793 2231 4865 prOphetica
2251 4835 2265 4858 ,
2298 4803 2404 4846 etc.

2009 4859 2038 4903 Γ
2069 4864 2228 4917 Rom.
2263 4877 2421 4924 mss.,
2453 4862 2870 4916 uoluntariae.....
2901 4859 3260 4925 correptionis.

2004 4947 2028 4981 ις
2068 4935 2202 5000 Reg.
2237 4935 2406 4988 codex
2427 4974 2440 4995 ,
2496 4931 2762 5001 Lacrymis
2789 4933 2991 5001 rigabat
3036 4931 3189 5002 pedes
3217 4931 3368 5000 ejus:
3399 4941 3523 4998 post

1930 5023 2048 5077 qua:
2075 5003 2322 5077 omissis,
2352 5013 2412 5077 et
2439 5003 2637 5069 reliqua
2661 5003 2900 5077 recitavit
2922 5001 3082 5077 usque
3110 5001 3180 5053 ad
3206 5001 3376 5053 locum
3394 5041 3410 5065 ,
3435 5009 3528 5077 to-

1931 5072 2035 5131 tam
2070 5074 2362 5144 evangelici
2401 5082 2577 5144 textus
2599 5073 2805 5144 seriem
2837 5072 2915 5144 ad
2935 5074 3096 5144 liuent
3116 5085 3298 5144 usque
3327 5075 3522 5144 capitis

1929 5141 2294 5216 prosequitur.
2341 5145 2406 5198 Et
2451 5143 2551 5195 hac
2579 5141 2805 5196 decursa
2839 5143 3056 5205 subdit,
3101 5141 3269 5207 Quam
3306 5142 3526 5213 simplex

1928 5223 1982 5273 in
2011 5218 2175 5272 verbis
2195 5258 2209 5280 ,
2242 5226 2345 5270 etc.

2000 5288 2024 5324 ιι
2070 5289 2211 5341 ldcm
2239 5289 2435 5348 codex,
2456 5299 2570 5354 qua:
2599 5292 2716 5337 sunt
2739 5293 2908 5356 recta,
2932 5301 3088 5354 quant
3113 5295 3281 5351 ntetu;
3310 5284 3525 5356 plusque

1929 5359 2178 5416 charitate
2211 5359 2489 5427 pro/icere,
2522 5371 2678 5424 qttant
2709 5355 3020 5427 formidine,
3053 5365 3158 5427 etc.

2010 5429 2023 5466 ί
2073 5426 2239 5493 li)id.,
2273 5431 2560 5496 gratiarum
2602 5427 2654 5479 in
2700 5441 2793 5479 nos
2837 5426 3016 5495 ofﬁcia
3066 5426 3519 5496 despenderemus,

1931 5502 2070 5556 forte
2104 5501 2546 5568 rependeretnus.
2740 5533 2746 5539 .

2005 5572 2018 5622 i
2072 5566 2362 5627 lta’codex
2407 5585 2568 5625 mantt
2616 5576 2915 5623 exaratus:
2954 5575 3009 5620 at
3037 5566 3195 5622 Rern.
3242 5567 3373 5624 edit.
3410 5567 3527 5620 haec

1931 5654 2139 5699 tantum
2170 5642 2367 5708 habet,
2417 5639 2789 5713 providentior.
2840 5640 3063 5711 Augusti
3110 5655 3325 5713 namque
3367 5639 3528 5692 animi

1930 5725 2040 5779 est,
2080 5725 2134 5768 ut
2177 5715 2393 5781 illiciat,
2418 5711 2530 5767 non
2563 5719 2732 5765 autem
2763 5719 3078 5765 promoveat.
3120 5711 3380 5775 ldeoaue,
3419 5718 3525 5764 etc.
