4042 6174
523 276 659 332 1115

1834 261 2083 320 SANCTI
2127 262 2451 320 AMBROSII

3693 270 3825 328 lllﬂ

595 393 643 446 7.
682 401 707 428 α
746 388 851 447 Sed
884 399 1041 442 nemo
1070 382 1391 437 vocabulum
1431 378 1765 437 feneratOris
1807 376 2118 435 horrescat.
2151 380 2201 438 Α
2219 377 2477 449 judicasti
2498 376 2655 448 (Luc.
2679 393 2770 446 vn,
2795 379 2888 444 Β,
2911 378 3040 451 45).
3073 380 3352 437 Laudatur
3396 380 3662 438 Pharisaei
3684 384 3826 452 judi-

523 483 742 538 Fuimus
790 488 916 533 ante
961 475 1063 531 sub
1110 473 1421 529 feneratore
1453 473 1630 541 duro,
1661 472 1753 544 qui
1804 471 1907 527 nisi
1948 479 2126 527 morte

519 571 783 630 debitoris
827 567 1034 638 expleri
1081 581 1146 623 ac
1191 566 1381 622 satiari
1415 566 1669 637 nequiret
1715 563 1879 637 (Luc.
1910 560 2122 632 λιι).

517 656 681 721 ’νθηίι
728 662 989 718 Dominus
1033 662 1231 728 Jesus,
1264 661 1402 716 vidit
1440 659 1467 698 δ
1509 660 1666 731 gravi
1714 674 1815 715 nos
1857 657 2126 730 obligatos

518 761 726 814 fenore.
773 755 943 811 Nemo
992 754 1152 810 fenus
1202 770 1362 809 suum
1415 746 1743 824 patrimonio
1792 742 2125 807 innocentia:

517 866 627 907 suae
657 856 871 920 poterat
899 848 1213 904 exsolvere:
1236 846 1306 903 de
1335 862 1458 902 meo
1477 888 1492 914 ,
1523 846 1668 904 unde
1690 860 1778 901 me
1807 843 2124 912 liberarem,

519 944 722 998 habere
774 956 883 996 non
936 950 1215 1013 poteram,
1272 956 1475 997 novum
1533 954 1708 1012 genus
1763 937 2126 994 absolutionis

519 1036 650 1091 mihi
696 1033 923 1101 detulit;
958 1043 1017 1088 ut
1064 1033 1402 1090 creditorem
1455 1042 1763 1098 mutarem,
1795 1032 1923 1101 quia
1969 1027 2126 1087 fenus

519 1126 660 1181 unde
687 1125 958 1181 solverem
979 1165 995 1191 ,
1029 1140 1138 1181 non
1173 1124 1463 1201 habebam,
1502 1124 1788 1179 Debitores
1813 1132 1995 1178 autem
2026 1135 2126 1177 nos

524 1237 630 1276 non
660 1230 881 1285 natura,
906 1219 1003 1275 sed
1025 1218 1182 1289 culpa
1212 1217 1445 1285 fecerat;
1483 1216 1721 1287 peccatis
1747 1215 1893 1270 enim
1922 1214 2126 1269 nostris

519 1330 626 1370 tera
658 1313 844 1384 gravia
875 1312 1260 1368 contraximus
1280 1353 1296 1380 ,
1327 1311 1497 1384 958
1518 1318 1574 1365 ut
1602 1323 1851 1366 essemus
1880 1307 2124 1373 obnoxii,

517 1408 608 1477 qui
656 1421 877 1462 eramus
931 1405 1122 1470 liberi;
1170 1404 1387 1459 debitor
1426 1405 1579 1459 enim
1627 1413 1748 1469 est,
1791 1402 1885 1473 qui
1915 1400 2124 1471 aliquid

520 1501 732 1571 accepit
766 1500 836 1556 de
876 1499 1213 1557 feneratoris
1263 1498 1519 1571 pecunia.
1576 1498 1870 1553 Peccatum
1920 1511 2053 1553 vero
2092 1511 2126 1552 a

519 1595 739 1650 diabolo
775 1604 891 1650 est:
926 1604 1197 1665 tamquam
1230 1595 1281 1648 in
1316 1594 1434 1663 ejus
1470 1593 1799 1663 patrimonio
1832 1592 1930 1646 has
1961 1590 2128 1649 habet

518 1687 719 1757 impius
745 1701 909 1755 opes;
935 1686 1077 1740 sicut
1097 1687 1243 1740 enim
1268 1685 1472 1740 Christi
1497 1684 1701 1739 divitia:
1725 1684 1954 1739 virtutes
1975 1691 2123 1749 sunt,

2229 468 2372 522 cium
2397 510 2411 532 ,
2441 468 2533 523 sed
2566 470 2811 540 arguitur
2848 470 3094 530 allectus.
3133 474 3206 528 De
3234 473 3356 529 aliis
3404 475 3547 531 bene
3596 475 3828 545 judicat:

2227 561 2322 617 sed
2365 561 2507 632 quod
2559 564 2630 618 de
2671 562 2792 619 aliis
2821 552 3099 635 opinatur,
3132 566 3248 636 ipse
3297 578 3406 622 non
3432 568 3634 623 credit.
3664 570 3829 624 Audis

2227 653 2540 710 laudantem
2583 654 2833 712 Judaeum
2879 658 3140 716 Ecclesia:
3180 660 3563 730 disciplinam,
3608 662 3831 733 ejusque

2228 762 2411 803 veram
2433 750 2662 819 gratiam
2689 749 3073 818 praedicantem
3090 792 3107 816 ,
3132 751 3492 809 honorautcm
3518 753 3829 810 sacerdotes

2231 839 2521 909 Ecclesiae,
2558 851 2582 879 θ
2626 842 2865 897 hortaris
2896 852 2956 898 ut
2988 844 3205 911 credat,
3239 846 3450 912 renuit;
3494 846 3570 901 ita
3600 847 3745 917 quod
3777 849 3827 903 in

2228 935 2386 991 nobis
2429 935 2645 1002 laudat,
2690 937 2809 1006 ipse
2855 952 2966 993 non
3015 940 3281 1009 sequitur.
3323 939 3440 996 Non
3491 956 3626 1011 ergo
3676 941 3829 1012 plena

2227 1030 2345 1099 ejus
2370 1028 2608 1085 laudatio
2633 1037 2745 1098 est,
2777 1031 2904 1100 quia
2933 1031 3143 1086 audivit
3169 1046 3200 1087 a
3222 1031 3480 1088 Christo:
3513 1032 3670 1088 Recte
3685 1035 3831 1106 judi-

2226 1125 2390 1189 casti;
2435 1139 2560 1178 nam
2603 1132 2658 1178 et
2709 1124 2843 1178 Cain
2894 1131 3048 1180 recte
3085 1124 3327 1191 obtulit,
3376 1126 3473 1181 sed
3518 1142 3629 1181 non
3684 1135 3829 1182 recte

2226 1214 2413 1271 divisit
2442 1232 2458 1270 :
2490 1216 2723 1287 ideoque
2763 1216 2900 1271 dixit
2937 1216 3020 1272 illi
3087 1217 3234 1277 Deus
3281 1218 3391 1273 :Si
3437 1227 3575 1273 recte
3604 1217 3828 1287 oderas,

2229 1324 2331 1362 non
2362 1316 2501 1362 recte
2540 1317 2711 1363 autem
2751 1308 2955 1362 dividas
2975 1325 2995 1363 :
3025 1309 3279 1379 peccasti,
3308 1310 3518 1380 quiesce
3542 1308 3714 1381 (Gen.
3754 1326 3828 1377 tv,

2230 1399 2318 1472 7).
2352 1401 2498 1472 Ergo
2537 1410 2593 1457 et
2634 1400 2725 1456 hic
2766 1409 2917 1456 recte
2962 1400 3133 1473 959
3178 1401 3412 1465 obtulit,
3460 1402 3592 1471 quia
3625 1401 3831 1471 judicat

2227 1492 2507 1549 Christum
2558 1508 2586 1546 a
2643 1492 2960 1549 christianis
3007 1494 3243 1563 amplius
3289 1493 3669 1565 diligendum;
3709 1494 3829 1564 quia

2228 1586 2396 1641 multa
2437 1586 2592 1641 nobis
2624 1595 2840 1655 peccata
2872 1585 3135 1642 donavit:
3164 1585 3261 1642 sed
3294 1602 3403 1641 non
3431 1595 3584 1642 recte
3612 1586 3827 1651 divisit,

2227 1678 2354 1750 quia
2411 1680 2622 1749 putavit
2653 1679 2802 1750 quod
2846 1690 3066 1749 peccata
3106 1679 3390 1736 hominum
3443 1690 3631 1751 posset
3676 1681 3825 1751 igno-

521 1780 591 1833 ita
621 1778 823 1833 diaboli
873 1793 1006 1847 opes
1032 1776 1262 1832 crimina
1303 1785 1454 1831 sunt.
1490 1776 1799 1847 Redegerat
1830 1775 2126 1830 humanum
2160 1777 2207 1838 B
2234 1787 2389 1837 rare,
2417 1773 2509 1841 qui
2543 1772 2864 1827 hominibus
2898 1782 3124 1842 peccata
3150 1772 3477 1828 dimitteret.

515 1888 688 1941 genus
716 1871 769 1926 in
804 1879 1126 1941 perpetuam
1152 1869 1527 1940 captivitatem
1560 1880 1581 1905 ε
1610 1869 1866 1925 obnoxia:
1894 1868 2126 1923 haeredi-

521 1964 646 2017 tatis
673 1962 825 2033 gravi
852 1962 1038 2016 fenore
1055 2001 1069 2027 ,
1092 1960 1236 2032 quod
1259 1964 1534 2016 obteratus
1559 1966 1750 2016 auctor
1779 1959 1847 2014 ad
1874 1970 2124 2030 posteros

519 2056 587 2110 de
613 2055 855 2110 fenerata
878 2054 1230 2109 successione
1260 2053 1662 2109 transmiserat.
1687 2051 1846 2107 Venit
1864 2051 2126 2107 Dominus

520 2147 679 2201 .lesus
705 2187 719 2208 .
752 2154 986 2200 mortem
1026 2160 1182 2201 suam
1239 2160 1337 2215 pro
1384 2153 1562 2200 morte
1601 2145 1844 2199 omnium
1893 2144 2122 2209 obtulit,

520 2240 839 2310 sanguinem
870 2254 1028 2293 suum
1058 2254 1161 2310 pro
1190 2240 1455 2309 sanguine
1482 2238 1616 2294 fudit
1647 2239 2051 2294 universorum.

593 2333 648 2386 8.
692 2332 1020 2388 Mutavimus
1065 2347 1195 2403 ergo
1246 2331 1609 2399 creditorem,
1657 2347 1768 2387 non
1821 2331 2123 2397 ονειεὶιιιιιες

522 2425 687 2481 immo
727 2424 1021 2489 evasimus,
1050 2432 1231 2480 manet
1259 2424 1403 2479 enim
1449 2424 1723 2488 debitum,
1756 2423 1913 2479 fenus
1960 2424 2128 2479 inter-

519 2516 669 2582 cidit,
689 2516 906 2571 dicente
933 2516 1164 2571 Domino
1189 2515 1321 2572 Jesu
1347 2517 1504 2587 quiin
1531 2517 1748 2571 vinculis
1763 2525 1883 2570 sunt
1902 2532 1917 2568 :
1937 2513 2125 2581 Exite;

520 2620 567 2663 et
588 2611 667 2663 his
693 2612 777 2680 qui
801 2611 855 2663 in
883 2626 1087 2664 carcere
1113 2619 1232 2663 sunt
1252 2626 1270 2662 :
1298 2608 1835 2673 Procedite;dimissa
1854 2618 2128 2678 suntergo

523 2709 740 2769 peccata
773 2710 952 2753 vestra
999 2698 1184 2770 (Esai.
1218 2715 1344 2753 χιιι
1367 2739 1381 2764 ,
1405 2697 1501 2770 9).
1535 2699 1800 2753 Omnibus
1853 2698 2016 2767 igitur
2045 2697 2127 2752 di-

523 2793 707 2856 misit,
734 2806 835 2846 nec
860 2791 1148 2860 quisquam
1171 2800 1287 2856 est,
1320 2790 1406 2845 cui
1433 2805 1539 2844 non
1563 2789 1841 2844 relaxarit.
1867 2788 1959 2845 Sic
1982 2790 2125 2843 enim

520 2884 782 2950 scriptum
808 2890 912 2946 est,
932 2882 1056 2951 quia
1089 2881 1312 2935 donavit
1338 2881 1514 2935 omnia
1538 2880 1729 2934 delicta
1745 2920 1762 2946 ,
1790 2879 1967 2934 deletis
1990 2882 2128 2950 quod

518 2978 788 3028 adversum
831 2990 925 3028 nos
964 2984 1072 3028 erat
1115 2973 1524 3044 chirographum
1565 2972 1758 3027 decreti
1791 2968 2027 3046 (Coloss.
2057 2988 2124 3041 ll,

522 3068 620 3131 l5,
668 3064 794 3134 14).
845 3062 955 3119 Cur
1001 3080 1099 3118 nos
1144 3064 1374 3119 aliorum
1434 3075 1682 3125 tenemus
1731 3064 2125 3135 chirographa,

2304 1867 2388 1920 ll.
2414 1865 2645 1936 Ideoque
2671 1866 2744 1921 ait
2764 1866 2971 1921 Simoni
3004 1884 3017 1919 :
3062 1866 3217 1921 Vides
3246 1870 3382 1922 lianc
3402 1868 3712 1923 mulierem?
3740 1867 3831 1922 In-

2228 1960 2359 2013 traui
2384 1959 2437 2013 in
2464 1958 2675 2013 domum
2703 1968 2867 2026 tuam,
2893 1976 3080 2030 aquam
3110 1960 3329 2031 pedibus
3361 1961 3489 2014 meis
3517 1976 3621 2014 non
3659 1961 3832 2016 dedis-

2226 2052 2264 2106 ti
2295 2068 2313 2105 :
2340 2051 2448 2105 licet:
2488 2061 2663 2106 autem
2704 2051 2947 2123 lacrumis
2972 2054 3080 2107 suis
3105 2054 3292 2123 rigavit
3317 2055 3473 2124 pedes
3495 2069 3631 2107 meos
3658 2053 3825 2126 (Luc.

2229 2160 2298 2199 vn
2316 2185 2332 2210 ,
2360 2144 2477 2215 44).
2505 2144 2708 2201 Omnes
2729 2163 2896 2202 unum
2922 2161 3121 2217 corpus
3147 2146 3350 2201 Christi
3381 2162 3593 2213 sumus,
3627 2147 3712 2201 cui
3735 2162 3828 2201 ca-

2230 2244 2329 2305 put
2351 2238 2511 2301 Deus,
2540 2239 2784 2292 membra
2809 2246 2990 2293 autem
3014 2253 3116 2292 nos
3135 2252 3325 2293 sumus
3358 2238 3419 2311 (Ι
3436 2239 3558 2294 Cor.
3577 2254 3669 2305 xu,
3698 2238 3787 2310 η)
3811 2256 3825 2293 :

2229 2328 2320 2382 alii
2353 2328 2587 2385 fortasse
2634 2330 2809 2395 oculi,
2844 2340 2897 2385 ut
2954 2332 3232 2400 propheta:
3263 2350 3278 2386 :
3309 2330 3538 2388 dentes:
3582 2341 3642 2386 ut
3698 2348 3829 2403 apo-

2228 2424 2355 2479 stoli
2382 2463 2398 2491 ,
2444 2425 2535 2494 qui
2569 2424 2912 2494 Evangelica:
2952 2426 3356 2495 praedicationis
3391 2427 3574 2481 cibum
3626 2428 3828 2481 nostris

2230 2514 2477 2570 infudere
2510 2516 2860 2584 pectoribus;
2890 2517 3195 2586 meritoque
3229 2517 3492 2586 scriptum
3519 2529 3601 2573 est
3628 2537 3643 2573 :
3678 2520 3827 2573 Oculi

2229 2614 2343 2683 ejus
2382 2610 2573 2665 hilares
2614 2628 2647 2665 a
2682 2612 2822 2676 vino,
2851 2620 2909 2669 et
2933 2612 3110 2665 dentes
3138 2610 3466 2666 candidiores
3503 2613 3638 2666 lacte
3666 2613 3819 2683 (Gen.

2230 2719 2382 2771 χιιι,
2408 2704 2514 2774 12).
2533 2704 2671 2759 Sunt
2691 2716 2746 2759 et
2775 2718 2968 2759 manus
2988 2704 3110 2774 ejus
3130 2704 3207 2759 illi
3228 2745 3242 2769 ,
3270 2705 3360 2775 qui
3389 2705 3643 2773 videntur
3671 2720 3826 2761 exsc-

2228 2806 2447 2851 cutores
2474 2797 2743 2851 bonorum
2774 2811 3024 2866 operum.
3069 2796 3208 2853 Sunt
3245 2806 3299 2852 et
3329 2807 3520 2853 venter
3540 2798 3696 2867 ejus,
3734 2799 3821 2868 qui

2229 2889 2372 2942 vires
2400 2888 2674 2943 alimonia:
2710 2889 3040 2958 pauperibus
3086 2889 3405 2959 largiuntur.
3439 2889 3577 2945 Sunt
3620 2905 3744 2959 ergo
3768 2898 3823 2944 et

2232 2984 2396 3053 pedes
2439 2983 2561 3051 ejus
2606 2982 2770 3052 aliqui
2801 3001 2814 3036 :
2855 2993 3019 3052 atque
3062 2982 3268 3037 utinam
3302 2998 3517 3038 merear
3549 2984 3669 3053 ejus
3705 2996 3819 3037 esse

2230 3074 2542 3129 calcancum
2569 3076 2583 3128 l
2608 3075 2816 3145 Aquam
2840 3076 3002 3145 igitur
3025 3075 3182 3130 mittit
3213 3075 3265 3129 in
3297 3075 3463 3145 pedes
3481 3075 3703 3137 Christi,
3732 3075 3822 3145 qui

521 3168 573 3209 ει
616 3156 865 3210 volumus
908 3155 1128 3224 exigere
1172 3155 1384 3221 aliena,
1430 3157 1519 3225 (ιιιί
1564 3165 1877 3212 nostrorum
1923 3156 2124 3211 utimur
2152 3158 2197 3221 C
2229 3168 2390 3224 etiam
2426 3168 2629 3224 ultimis
2672 3169 2980 3239 quibusque
3024 3179 3242 3239 peccata
3282 3170 3565 3234 concedi];
3596 3179 3652 3225 οι
3700 3170 3821 3223 dum

525 3248 901 3319 indulgentia?
934 3248 1035 3316 Qui
1062 3247 1285 3301 donavit
1310 3248 1597 3314 omnibus,
1628 3249 1698 3305 ab
1727 3250 1984 3306 omnibus
2009 3256 2126 3309 exi—

522 3342 633 3410 git;
669 3339 899 3410 utquod
947 3341 1321 3409 unusquisque
1363 3339 1467 3395 sibi
1511 3341 1794 3397 dimissum
1846 3345 2120 3412 meminit,

523 3435 610 3487 alii
645 3430 763 3504 ipse
788 3434 1047 3489 dimittat.
1456 3423 1463 3430 ’

594 3525 649 3580 9.
697 3526 827 3582 Vide
878 3543 945 3582 ne
996 3528 1305 3598 graviorem
1356 3542 1577 3582 causam
1633 3527 1862 3599 incipias
1922 3529 2125 3586 habere

526 3618 826 3684 fctictatnr,
870 3634 1030 3687 quam
1076 3618 1323 3673 debitor:
1368 3620 1508 3675 sicut
1549 3619 1644 3673 ille
1702 3619 1756 3674 in
1800 3619 2122 3691 Evangelia,

524 3718 612 3771 cui
641 3717 900 3772 Dominus
927 3732 1057 3773 suus
1089 3716 1296 3774 dimisit
1322 3715 1349 3754 ι¹
1371 3732 1535 3774 omne
1560 3718 1826 3784 debitum,
1852 3718 1944 3773 ille
1974 3727 2123 3788 post-

524 3826 583 3863 ea
630 3825 659 3864 a
705 3825 972 3865 conservo
1023 3826 1123 3865 suo
1168 3811 1336 3880 coepit
1365 3812 1619 3882 exigere,
1662 3810 1807 3882 quod
1859 3812 1975 3881 ipse
2015 3825 2123 3865 non

526 3904 803 3969 solverat;
834 3903 978 3958 unde
1015 3904 1187 3959 iratus
1213 3903 1469 3960 dominus
1498 3907 1616 3975 ejus
1642 3904 1712 3961 de
1740 3907 1858 3975 ipso
1897 3907 2126 3962 summis

526 3996 705 4064 exegit
727 3996 938 4064 injuriis
956 4038 970 4061 ,
997 3996 1140 4065 quod
1170 3997 1219 4052 ei
1242 4008 1368 4053 ante
1397 3997 1699 4053 donaverat
1720 3997 1943 4068 (Matth.
1970 4013 2121 4067 xvm,

527 4086 596 4140 27
625 4097 672 4140 et
699 4103 801 4156 seq.
822 4086 862 4157 ).
898 4088 1200 4144 Caveamus
1220 4106 1354 4161 ergo
1384 4105 1451 4145 ne
1478 4092 1635 4147 nobis
1666 4093 1768 4147 hoc
1794 4092 2039 4157 accidat,
2069 4103 2125 4149 ut

529 4196 639 4236 non
672 4184 996 4239 remittendo
1016 4226 1030 4251 ,
1060 4201 1182 4254 qum
1214 4187 1369 4242 nobis
1399 4188 1688 4256 debentur,
1723 4190 2042 4259 incipiamus
2069 4200 2127 4247 et

525 4274 615 4326 illa
640 4274 859 4330 solvere
885 4291 1007 4344 qua:
1039 4272 1265 4330 remissa
1297 4285 1429 4333 sunt
1455 4279 1640 4345 nobis;
1674 4280 1745 4334 ita
1775 4282 1921 4337 enim
1950 4283 2124 4351 scrip.

526 4376 638 4420 tum
669 4377 784 4432 est,
836 4368 1051 4424 dicente
1100 4369 1329 4425 Domino
1371 4371 1539 4427 Jesu:
1573 4372 1668 4429 Sic
1694 4384 1741 4428 et
1779 4375 1922 4428 vobis
1967 4376 2124 4445 faciet

530 4457 689 4513 Pater
727 4477 888 4525 meus,
913 4461 1000 4528 qui
1029 4462 1083 4514 iu
1127 4461 1267 4515 cwlis
1292 4472 1386 4525 est.
1414 4464 1461 4516 si
1498 4479 1602 4519 non
1626 4466 1924 4520 remiseritis
1955 4481 2121 4520 unus-

2232 3258 2469 3330 plebeios
2500 3258 2720 3323 liberat,
2750 3256 2953 3314 Christi
2989 3268 3169 3315 tamen
3191 3260 3332 3315 lavat
3355 3260 3664 3331 vestigium.

2302 3350 2387 3405 li.
2440 3351 2599 3406 Mittit
2640 3362 2695 3406 et
2737 3351 2825 3407 ille
2874 3367 3068 3421 aquam
3100 3350 3153 3407 in
3187 3352 3350 3422 pedes
3396 3353 3636 3421 Christi,
3674 3354 3822 3423 quia

2231 3453 2570 3511 peccatorum
2604 3443 2909 3497 colluvione
2949 3443 3171 3498 mu-dat
3207 3444 3601 3499 conscientiam
3630 3458 3817 3507 suam;

2228 3534 2473 3588 ambulat
2510 3536 2652 3589 enim
2703 3535 2950 3590 Christus
2996 3536 3050 3590 in
3103 3537 3417 3604 peetoribus
3467 3536 3817 3607 singulorum.

2229 3626 2373 3684 Cave
2399 3628 2561 3697 igitur
2593 3644 2659 3682 ne
2683 3627 2948 3697 pollutam
2977 3627 3181 3684 habeas
3204 3627 3626 3693 conscientiam,
3655 3639 3710 3682 et
3735 3643 3822 3697 pe-

2229 3722 2325 3775 des
2352 3718 2558 3775 Christi
2589 3720 2816 3791 incipias
2843 3720 3149 3791 inquinare.
3176 3721 3319 3775 Cave
3344 3735 3412 3775 ne
3448 3720 3661 3789 spinam
3692 3720 3742 3773 in
3772 3729 3822 3774 te

2231 3813 2595 3884 improbitatis
2620 3811 2896 3880 olfendat,
2944 3827 3049 3883 qua
3096 3812 3215 3882 ejus
3246 3814 3299 3868 in
3334 3823 3386 3867 te
3430 3812 3819 3868 deambulantis

2228 3908 2542 3963 calcaneum
2569 3908 2842 3961 saucietur
2872 3905 3025 3976 (Luc.
3057 3921 3160 3973 vn,
3183 3905 3301 3976 44).
3328 3905 3460 3961 Nam
3492 3906 3617 3961 ideo
3634 3921 3818 3976 aquam

2227 3998 2456 4068 pedibus
2483 3998 2686 4054 Christi
2714 4015 2820 4053 non
2846 3998 2996 4055 dedit
3020 4000 3339 4069 pharisaius,
3363 3999 3490 4070 quia
3513 3998 3770 4054 mundum
3791 4013 3819 4051 a

2226 4091 2531 4147 colluvione
2555 4092 2791 4161 perfidia
2821 4092 3058 4147 animum
3082 4109 3189 4147 non
3204 4092 3467 4147 .Iiabebat.
3498 4091 3652 4147 Unde
3679 4092 3817 4146 enim

2227 4197 2379 4237 suam
2414 4184 2698 4240 nmndaret
2724 4184 3150 4251 conscientiam,
3201 4184 3293 4252 qni
3330 4199 3523 4255 aquam
3569 4199 3675 4238 non
3709 4196 3823 4236 sus—

2226 4285 2447 4344 ceperat
2482 4276 2733 4333 Christi?
2784 4278 3025 4334 Ecclesia
3068 4288 3251 4335 nntem
3281 4288 3337 4333 et
3385 4294 3579 4347 aquam
3622 4277 3819 4342 habet,

2228 4380 2279 4424 et
2326 4370 2592 4441 lacrymas
2635 4371 2843 4426 habet:
2889 4386 3081 4440 aquam
3129 4369 3511 4440 baptismatis,
3562 4370 3823 4439 lncrymas

2229 4463 2583 4531 pmniteutim.
2636 4462 2798 4518 Fides
2830 4476 3096 4531 namque,
3146 4478 3266 4533 qua:
3295 4463 3575 4530 superiora
3615 4471 3821 4530 peccata

529 4552 742 4622 quisque
758 4552 1016 4619 fratrisuo
1043 4553 1106 4607 de
1130 4554 1370 4609 cordibus
1393 4556 1571 4611 vestris
1597 4556 1909 4627 (ιιεάηδι).
1928 4557 2126 4614 Dimit-
2154 4547 2208 4609 D
2234 4557 2513 4626 deplorat,
2550 4572 2685 4613 nova
2714 4572 2909 4612 cavere
2945 4557 3250 4612 consuevit.
3288 4555 3430 4626 Ergo
3463 4555 3650 4612 Simon
3693 4553 3821 4624 pha-

528 4655 707 4700 tamus
743 4663 872 4717 ergo
915 4663 1123 4718 pauca,
1183 4650 1377 4718 quibus
1428 4650 1582 4719 plura
1637 4651 1834 4705 donata
1877 4661 2039 4706 sunt:
2073 4661 2130 4707 et

526 4738 895 4810 intelligamus
921 4755 989 4797 eo
1017 4757 1116 4796 nos
1148 4740 1259 4797 Deo
1281 4744 1623 4812 acceptiores
1646 4743 1795 4811 fore,
1823 4760 1932 4817 quo
1962 4747 2125 4802 etiam

525 4833 678 4901 plura
711 4833 1014 4901 donamus;
1044 4836 1170 4907 quia
1198 4837 1300 4891 hoc
1328 4838 1600 4908 gratiores
1628 4839 1736 4894 Deo
1757 4853 1946 4895 sumus
1967 4881 1983 4905 ,
2010 4855 2123 4911 quo

525 4926 682 4981 nobis
708 4927 932 4983 dimissa
968 4938 1116 4983 sunt.

600 5022 683 5077 l0.
734 5021 977 5093 Denique
1026 5022 1392 5095 interrogatus
1435 5040 1463 5078 a
1508 5025 1739 5082 Domino
1780 5023 2118 5095 pharisaeus:

530 5114 678 5182 Quis,
714 5116 916 5186 inquit,
948 5134 1061 5172 eum
1106 5119 1224 5185 plus
1270 5120 1477 5189 diligit?
1507 5119 1848 5189 Respondit:
1889 5118 2124 5175 Ai'stimo

524 5210 645 5276 quia
692 5210 735 5262 is
763 5211 848 5263 cui
891 5211 1007 5281 plus
1036 5212 1267 5267 donauit.
1319 5212 1418 5268 Cui
1449 5213 1708 5269 Dominus
1738 5214 1878 5268 dixit
1918 5231 1932 5268 :
1966 5213 2125 5269 Recte

599 5357 624 5381 η
668 5347 957 5403 Praunittit
997 5352 1125 5408 edit.
1175 5354 1361 5419 Rum.,
1410 5355 1572 5408 Erunt
1601 5354 1707 5406 duo
1748 5354 2007 5407 debitores
2028 5354 2144 5406 eui-

534 5418 993 5494 da_ut_[ene_ratori,
1033 5424 1178 5493 quod
1208 5427 1259 5479 in
1304 5418 1491 5481 codice
1521 5425 1655 5494 Reg.
1681 5425 2140 5493 praetermittitur.

600 5490 870 5571 h__ltegins
895 5490 1065 5571 cades
1084 5541 1098 5563 ,
1125 5500 1270 5567 gravi
1302 5498 1554 5571 obligatos
1583 5490 1692 5551 iure
1712 5501 1929 5566 funereo
1954 5510 1969 5560 ;
2003 5498 2142 5549 forte

537 5563 738 5634 melius
773 5563 920 5631 legas
937 5603 951 5624 ,
981 5563 1198 5634 (mereo.

617 5648 631 5670 σ
690 5633 849 5688 Rom.
890 5633 1049 5703 edit.,
1082 5642 1305 5697 obnoxia
1334 5644 1640 5703 hereditas;
1669 5653 1777 5694 non
1810 5638 1943 5691 satis
1972 5643 2151 5691 recte:

713 5718 851 5758 usus
889 5709 1032 5776 quod
1072 5712 1195 5782 legit
1254 5716 1536 5779 οῡωταιω,
1569 5712 1660 5768 ubi
1705 5708 1939 5781 scriptus
1980 5705 2151 5762 codex

729 5785 822 5837 ενι,
855 5791 1127 5850 operatus,
1154 5786 1528 5856 anteponenda
1556 5793 1660 5840 est.

2238 4650 2449 4715 riszeus,
2474 4650 2566 4721 qui
2592 4664 2783 4719 aquam
2816 4664 2922 4702 non
2972 4648 3234 4713 habebat,
3268 4648 3453 4718 utique
3479 4656 3535 4702 et
3565 4646 3825 4717 lacrymas

2240 4758 2345 4796 non
2379 4742 2629 4798 habebat.
2659 4741 2945 4808 Quomodo
2979 4741 3124 4797 enim
3157 4741 3383 4798 haberet
3409 4736 3702 4810 lacrymas,
3739 4740 3824 4809 qui

2239 4838 2612 4907 pmtiitentiam
2632 4852 2739 4892 non
2757 4837 3000 4908 gerebat;
3025 4837 3282 4908 quoniam
3308 4851 3439 4891 vero
3459 4850 3564 4890 non
3579 4834 3829 4890 credebat

2234 4932 2286 4985 in
2302 4929 2600 4996 Christum,
2627 4943 2727 4984 nec
2751 4929 2984 4983 habebat
3003 4927 3299 4999 lacrymas?
3319 4926 3449 4981 Nam
3468 4927 3512 4982 si
3534 4925 3823 4988 habuisset,

2233 5023 2452 5079 lavisset
2477 5022 2662 5076 Oculos
2679 5036 2827 5087 suos;
2846 5026 2902 5076 ut
2919 5020 3194 5076 Christum
3223 5018 3428 5075 vidi-ret
3447 5034 3604 5090 quem
3631 5018 3827 5081 adhuc,

2230 5132 2352 5174 cum
2375 5116 2536 5171 simul
2560 5115 2930 5180 accumberet,
2953 5130 3059 5169 non
3088 5112 3322 5168 videbat.
3352 5111 3482 5165 Nam
3507 5112 3553 5166 si
3583 5110 3823 5171 vidisset,

2231 5226 2337 5265 non
2372 5210 2555 5280 utique
2584 5209 2654 5265 de
2705 5208 2824 5278 ejus
2852 5215 3118 5277 potestate
3156 5204 3475 5259 dubitasset.

2319 5346 2344 5386 ³
2389 5349 2590 5403 Eadem
2614 5349 2740 5403 edit.
2756 5390 2771 5412 ,
2795 5362 2943 5402 omne
2963 5346 3212 5400 debitum.
3244 5342 3381 5397 Nam
3407 5344 3531 5410 quia
3556 5344 3712 5397 ille...
3734 5358 3828 5394 non

2251 5423 2490 5482 solverat.
2522 5422 2689 5474 iratus
2715 5418 2970 5473 Dominus
2997 5421 3109 5486 ejus
3134 5416 3323 5480 deipso
3350 5417 3527 5483 exigit,
3553 5415 3709 5484 quod,
3730 5425 3825 5465 etc.

2252 5492 2358 5546 Sed
2405 5507 2511 5545 non
2545 5501 2663 5545 erat
2706 5506 2803 5545 cur
2828 5490 3171 5560 jugularetur
3204 5486 3417 5560 summis
3442 5486 3685 5560 injuriis;
3715 5498 3828 5560 nant

2252 5564 2362 5633 jam
2394 5576 2499 5616 non
2524 5562 2691 5617 semel
2723 5555 3111 5633 annotavimus
3123 5570 3220 5628 per
3248 5556 3473 5627 injurias
3496 5555 3826 5611 Ambrosium

2254 5630 2525 5688 tormenta
2555 5643 2607 5688 et
2639 5634 2914 5689 cruciatus
2939 5630 3266 5699 significare.

2330 5716 2353 5741 ο
2395 5704 2530 5776 Reg.
2564 5705 2734 5761 codex
2756 5744 2773 5772 ,
2802 5702 3028 5757 hortaris
3075 5710 3127 5755 ut
3157 5699 3365 5766 credat,
3403 5708 3455 5753 et
3481 5698 3620 5768 quod
3645 5698 3698 5751 in
3741 5710 3825 5749 tto-

2251 5778 2359 5845 οὔτε
2395 5785 2502 5834 etc.
