4042 6174
258 262 405 326 1117

1450 262 1937 328 EPlS'l‘OLARUM
1977 257 2267 328 CLASSIS
2307 271 2354 327 l.

3442 270 3580 329 1118

331 386 422 441 13.
464 384 582 440 Non
634 385 873 441 habebnt
898 358 1130 453 capillos
1181 385 1512 455 pharisaeus,
1564 384 1653 451 qui
1700 383 1869 440 Nata-
1896 382 1942 448 Α
1971 384 2215 440 timorum
2242 425 2256 450 ,
2286 381 2522 454 ideoque
2563 384 2766 439 dictum
2799 392 2887 439 est
2914 402 2926 438 :
2964 381 3195 452 Populus
3226 385 3307 439 hic
3330 384 3476 440 labiis
3504 400 3585 439 me

264 490 437 532 meum
476 479 625 533 seire
666 492 774 532 non
816 487 1030 546 poterat
1059 494 1073 533 :
1102 477 1334 534 habebat
1385 476 1661 543 Ecclesia,
1695 484 1868 549 aqua:

256 571 578 627 Nummum
606 573 904 644 quaerebat.
936 566 1130 644 Capilli
1162 572 1328 629 veluti
1349 575 1405 628 in
1430 572 1721 642 super-nuis
1743 587 1866 630 cor-

256 666 411 736 poris
448 668 823 732 aestimantur;
854 666 1020 722 iidem
1049 675 1235 722 tamen
1264 667 1311 722 si
1336 676 1627 738 uagantur,
1661 666 1864 723 bonum

254 758 501 813 reddunt
540 758 788 825 odorem,
817 767 873 814 et
895 766 1223 815 ornamento
1250 765 1380 814 sunt
1413 759 1578 829 capiti
1633 775 1648 813 :
1681 759 1726 813 si
1759 774 1865 815 non

256 862 534 923 iungantur
556 852 711 918 oleo,
746 853 1062 924 ingravant;
1102 852 1175 907 ita
1213 860 1269 906 et
1295 851 1501 906 divitia:
1523 851 1677 906 oneri
1703 859 1863 920 sunt,

254 946 303 999 si
332 944 417 1000 his
444 944 523 999 uti
558 945 792 1011 nescias,
820 945 865 1000 si
894 956 1003 999 non
1026 954 1286 1015 aspergas
1311 944 1376 998 iis
1388 942 1592 998 Christi
1614 942 1864 999 odoratu.

252 1035 310 1092 Si
332 1051 464 1093 vero
486 1037 600 1091 alas
623 1050 890 1107 pantieres
906 1077 921 1101 ,
946 1036 1092 1091 laves
1113 1049 1305 1091 eorum
1318 1036 1562 1103 vulnera,
1593 1034 1866 1092 illuviem.

252 1142 364 1199 que
389 1128 674 1198 deterges;
709 1129 916 1184 torsisti
944 1128 1129 1199 utique
1159 1126 1324 1198 pedes
1352 1126 1572 1182 Christi.

328 1218 421 1275 14.
450 1219 699 1275 Osculum
730 1220 859 1275 mihi
906 1236 1009 1276 non
1034 1221 1224 1277 dedisti
1255 1238 1273 1276 :
1314 1222 1424 1275 lucc
1456 1230 1627 1276 autem
1664 1237 1730 1277 ea:
1764 1230 1866 1290 quo

255 1313 478 1378 intuli,
511 1327 616 1367 non
642 1314 858 1368 cessavit
889 1314 1118 1369 osculari
1157 1316 1312 1387 pedes
1342 1330 1480 1371 meos
1502 1315 1521 1386 (
1541 1313 1707 1379 ιδίαη
1746 1312 1862 1385 45).

252 1406 517 1461 Osculum
537 1406 721 1477 utique
748 1406 960 1478 insigne
981 1415 1066 1463 est
1091 1408 1391 1464 cbaritatis.
1423 1407 1581 1465 Unde
1607 1421 1738 1478 ergo
1764 1405 1864 1461 Ju-

252 1499 378 1555 dmo
403 1501 650 1556 osculum
671 1542 687 1567 ,
716 1503 809 1572 qui
834 1515 1021 1571 pacem
1050 1510 1156 1558 non
1188 1503 1523 1574 recognovit,
1550 1500 1646 1573 qui
1678 1512 1864 1570 pacem

254 1611 282 1645 a
315 1591 538 1649 Christo
566 1606 675 1649 non
705 1597 912 1666 accepit
956 1596 1174 1653 dicente
1202 1613 1217 1653 :
1266 1597 1454 1652 Pacem
1488 1610 1655 1651 meum
1682 1594 1748 1647 do
1777 1604 1864 1648 vo-

257 1685 333 1739 bis
352 1726 366 1749 ,
401 1701 582 1755 pacem
610 1698 777 1739 meam
799 1687 1035 1756 relinque
1060 1688 1201 1743 vobis
1226 1687 1407 1761 (Ionii.
1438 1701 1553 1749 xiv,
1583 1684 1719 1756 27)?
1745 1682 1861 1739 Non

1969 476 2219 543 honorat,
2258 491 2346 530 cor
2380 488 2548 531 autem
2579 493 2752 531 eorum
2783 478 2934 552 longe
2963 487 3035 532 est
3071 496 3102 532 a
3130 494 3207 532 me
3236 476 3452 549 (Matth.
3489 492 3579 545 xv,

1968 564 2062 638 8).
2094 565 2239 638 Ergo
2276 580 2384 622 non
2418 566 2579 623 habet
2608 569 2854 623 osculum
2880 612 2894 634 ,
2925 570 3016 640 qui
3066 568 3224 624 iidem
3254 578 3308 624 et
3344 571 3579 625 Charita-

1970 665 2082 713 tem
2113 672 2219 713 non
2249 658 2441 723 habet;
2472 660 2664 715 osculo
2686 660 2830 715 enim
2855 658 2880 696 '1
2906 661 2984 712 vis
3008 666 3209 715 amoris
3232 661 3580 730 imprimitur.

1972 748 2074 804 Ubi
2107 762 2216 803 non
2249 760 2330 805 eet
2359 764 2544 817 amor,
2580 765 2687 805 non
2730 759 2816 805 est
2844 750 3009 814 ﬁdes,
3060 766 3165 805 non
3208 759 3291 806 est
3326 751 3578 817 dilectio;

1969 857 2088 913 qua:
2117 850 2296 913 potest
2320 858 2444 898 esse
2469 844 2714 898 suavitas
2744 843 3096 899 oscillorum?

2041 936 2129 991 18.
2192 936 2441 992 Ecclesia
2490 946 2672 992 autem
2723 952 2831 991 non
2896 947 3075 993 cessat
3125 937 3363 992 osculari
3413 936 3580 1008 pedes

1965 1026 2200 1094 Christi;
2245 1038 2301 1085 et
2348 1029 2473 1085 ideo
2512 1044 2620 1085 non
2650 1044 2849 1095 unum,
2897 1029 2993 1085 sed
3029 1030 3197 1085 multa
3246 1030 3300 1084 in
3340 1028 3580 1086 Canticis

1967 1130 2306 1186 canticorum
2354 1129 2517 1200 exigit
2568 1129 2750 1185 oscula
2798 1128 2984 1199 (Cant.
3028 1145 3076 1195 1,
3114 1130 3137 1183 1
3174 1128 3224 1199 ),
3272 1143 3393 1199 qua:
3431 1127 3581 1183 velut

1967 1230 2152 1276 sancta
2192 1220 2360 1276 Maria
2402 1222 2468 1275 ad
2500 1234 2693 1275 omnes
2742 1223 2861 1289 ejus
2903 1230 2987 1275 est
3016 1221 3223 1275 intenta
3251 1234 3536 1275 sermones
3561 1261 3577 1288 ,

1967 1315 2151 1369 omnia
2179 1315 2297 1385 ejus
2329 1315 2492 1370 verba
2525 1314 2756 1383 exeipit;
2788 1328 2911 1368 cum
2963 1315 3161 1384 legitur
3191 1314 3538 1384 Evangelium
3562 1356 3577 1383 ,

1967 1408 2051 1463 vel
2075 1408 2363 1478 propheta,
2387 1417 2442 1463 et
2469 1409 2651 1462 omnia
2687 1409 2803 1477 ejus
2836 1407 2979 1462 dicta
3007 1418 3297 1463 conservat
3319 1407 3372 1461 in
3414 1406 3579 1463 corde

1967 1500 2259 1573 suo(l.uc.
2295 1516 2366 1566 11,
2411 1503 2536 1573 Si).
2571 1501 2696 1557 Sola
2725 1516 2858 1573 ergo
2909 1501 3151 1557 Ecclesia
3191 1502 3353 1556 habet
3394 1501 3580 1556 oscula

1966 1595 2121 1665 quasi
2146 1608 2382 1664 sponsa;
2412 1595 2658 1650 osculum
2701 1596 2846 1650 enim
2880 1596 3035 1665 quasi
3083 1595 3275 1666 pignus
3314 1604 3398 1649 est
3445 1606 3581 1663 nup-

1966 1687 2185 1751 tiarum,
2215 1702 2271 1744 et
2301 1687 2659 1759 praerogativa
2685 1689 2940 1759 conjugii.
2981 1687 3134 1744 Unde
3160 1687 3347 1742 .ludmo
3376 1685 3581 1751 oscula,

256 1774 422 1831 habet
444 1776 730 1848 Syuagoga
761 1779 1041 1843 osculum;
1076 1779 1236 1834 habet
1264 1778 1532 1842 Ecclesia.
1559 1772 1727 1850 960
1752 1792 1872 1846 qua:
1904 1790 1951 1851 Β
1976 1780 2067 1850 qui
2096 1794 2204 1833 non
2235 1779 2419 1835 credit
2440 1780 2493 1833 in
2516 1776 2828 1849 Sponsum?
2853 1778 3006 1834 Unde
3032 1777 3219 1833 Judzeo
3247 1776 3430 1832 oscula
3453 1818 3466 1841 ,
3489 1776 3582 1846 qui

253 1868 631 1935 exspectavit,
680 1880 803 1938 quae
847 1869 1076 1935 dilexit,
1122 1882 1242 1940 qua:
1272 1871 1451 1926 dixit:
1485 1868 1865 1925 Ortaleturme

251 1962 318 2015 ob
345 1962 542 2017 osculis
573 1964 677 2017 oris
705 1965 788 2018 sui
814 1961 993 2036 (Cant.
1025 1979 1074 2030 1,
1104 1965 1198 2036 1);
1227 1965 1501 2021 diuturna:
1542 1965 1688 2021 enim
1714 1964 1867 2036 cupi-

252 2053 442 2108 ditatis
468 2053 753 2125 ardorem,
782 2066 949 2128 quem
982 2057 1247 2114 adventus
1280 2059 1545 2114 nominiel
1575 2060 1864 2129 exspecta-

253 2147 406 2202 tinlte
445 2147 789 2213 adoleverat,
828 2152 1023 2206 osculo
1062 2152 1181 2220 ejus
1212 2151 1431 2207 volebat
1473 2151 1741 2208 stillanter
1769 2166 1861 2207 es-

251 2239 561 2309 stinguere,
593 2241 696 2296 hoc
733 2242 957 2312 explere
983 2242 1129 2298 sitim
1157 2252 1311 2299 suam
1350 2256 1595 2298 munere.
1630 2243 1865 2312 Ideoque

250 2329 279 2370 1·
301 2338 526 2386 sanctus
554 2330 822 2403 Propheta
847 2335 959 2389 ait:
986 2334 1059 2389 Os
1072 2346 1243 2389 meum
1268 2336 1487 2406 aperies,
1505 2345 1553 2390 et
1576 2337 1862 2391 annuntia-

251 2425 326 2479 ιε(
355 2426 564 2480 tandem
593 2434 730 2481 tuam
776 2420 965 2497 (Pani.
995 2446 1025 2484 L
1048 2471 1063 2496 ,
1096 2428 1211 2501 17).
1241 2428 1342 2496 Qui
1371 2444 1500 2499 ergo
1547 2426 1730 2485 laudat
1758 2429 1865 2484 Do.

252 2518 462 2573 mininn
486 2518 695 2586 Jesum,
714 2522 990 2577 osculatur
1014 2538 1136 2579 eum
1170 2543 1185 2579 :
1215 2522 1307 2595 qui
1336 2522 1537 2586 laudat.
1562 2524 1734 2580 credit
1759 2525 1866 2579 liii-

251 2626 386 2684 que.
407 2614 784 2685 Deniqueipse
810 2613 979 2671 David
1000 2617 1105 2672 ait:
1133 2616 1364 2684 Credidi,
1402 2628 1609 2691 propter
1629 2620 1767 2690 quod
1783 2618 1862 2673 lo-

251 2714 405 2761 cum
432 2714 550 2761 sum
578 2709 599 2780 (
634 2698 781 2763 Pani.
828 2720 955 2773 cxv,
988 2710 1059 2766 10
1082 2710 1129 2782 );
1160 2722 1213 2767 et
1255 2720 1418 2783 supra
1452 2729 1467 2767 :
1502 2712 1784 2782 Repleatar
1806 2726 1864 2768 os

254 2815 426 2854 meum
448 2801 604 2856 laude
632 2806 742 2867 tua,
771 2813 820 2857 et
845 2812 1042 2859 omnem
1062 2804 1282 2877 gloriam
1312 2804 1488 2875 tuam(
1513 2804 1601 2861 Ps.
1631 2818 1758 2873 LXX,
1782 2806 1859 2876 8).

328 2892 416 2947 15.
473 2892 552 2947 De
577 2890 832 2963 specialis
870 2906 1087 2966 quoque
1125 2896 1626 2966 gratias-inlusione
1672 2897 1860 2954 eadem

251 2994 311 3042 te
338 2984 622 3055 Scriptura
650 2986 833 3055 docet,
855 2984 1001 3059 quod
1027 2988 1305 3045 osculetur
1329 2988 1630 3057 Christum,
1661 2989 1751 3062 qui
1775 3000 1864 3046 a‘c-

252 3078 388 3149 cipit
422 3076 689 3148 Spiritum
712 3122 725 3141 .
756 3077 971 3134 dicente
1016 3078 1278 3152 propheta
1322 3086 1514 3136 sancto
1549 3100 1561 3137 :
1595 3078 1666 3138 Os
1694 3096 1860 3137 meum

1971 1870 2249 1940 Sponsum
2276 1871 2454 1926 adhuc
2475 1870 2694 1926 venisse
2723 1884 2829 1924 non
2852 1869 3040 1925 novit?

2042 1964 2131 2019 i9.
2173 1963 2284 2018 Nec
2312 1963 2489 2019 solum
2516 1964 2703 2019 oscula
2757 1978 2865 2018 non
2904 1962 3096 2031 habet,
3130 1960 3222 2017 sed
3253 1976 3353 2016 nec
3399 1961 3578 2016 oleum

1968 2055 2162 2121 habet,
2192 2069 2302 2125 quo
2330 2065 2494 2125 ungat
2522 2054 2685 2126 pedes
2713 2055 2917 2110 Christi
2946 2055 3108 2126 (an.
3140 2070 3208 2110 vn
3230 2098 3245 2123 ,
3280 2053 3421 2125 46);
3454 2070 3576 2110 nam

1965 2145 2269 2201 slsltabrrel
2308 2146 2489 2201 oleum
2510 2188 2523 2211 ,
2552 2148 2822 2201 cervicem
2853 2146 3037 2217 utique
3060 2162 3211 2200 suam
3239 2157 3366 2213 ante
3398 2145 3576 2201 molli-

1965 2246 2070 2293 ret.
2104 2237 2348 2307 Denique
2390 2237 2605 2309 Moyses
2637 2237 2807 2292 dicit:
2846 2236 3078 2307 Populus
3120 2239 3202 2290 hic
3231 2237 3363 2290 dura
3387 2238 3581 2293 cervice

1966 2338 2040 2383 est
2074 2327 2286 2400 (Exod.
2321 2340 2505 2393 suum,
2537 2328 2645 2401 9);
2677 2340 2732 2385 et
2762 2330 3022 2385 Dominus
3054 2329 3129 2383 ait
3157 2329 3299 2398 quod
3334 2330 3497 2383 levita
3526 2342 3580 2386 et

1965 2422 2227 2477 sacerdos
2273 2424 2682 2489 praeterierunt,
2727 2436 2831 2478 nec
2876 2422 3162 2492 quisquam
3196 2439 3383 2478 eorum
3413 2422 3573 2497 961

1965 2514 2144 2570 oleum
2175 2526 2268 2569 aut
2304 2516 2488 2569 vitium
2512 2516 2657 2571 illius
2681 2530 2710 2569 a
2736 2514 3037 2570 latronibus
3066 2515 3307 2585 percussi
3344 2516 3579 2571 vulneri-

1966 2608 2069 2662 bus
2114 2600 2310 2663 iniudit
2348 2608 2521 2680 (Luc.
2567 2622 2629 2674 ι,
2680 2610 2740 2664 51
2768 2650 2782 2675 ,
2816 2606 2948 2680 52):
2983 2622 3087 2663 non
3130 2608 3274 2663 enim
3302 2607 3578 2663 habebant

1965 2698 2108 2769 quod
2155 2699 2690 2764 inl‘underent;nam
2738 2701 2782 2755 si
2835 2700 3154 2755 habuissent
3194 2701 3414 2763 oleum,
3463 2700 3575 2755 suis

1965 2804 2181 2862 quoque
2216 2791 2531 2849 vulneribus
2583 2791 2930 2847 inl‘udisseut.
2963 2790 3072 2847 Sed
3113 2792 3309 2847 clamat
3342 2793 3525 2845 Esaias
3554 2807 3568 2844 :

1968 2881 2090 2937 Non
2131 2894 2204 2939 est
2233 2885 2492 2956 malagma
2531 2886 2824 2954 imponere,
2860 2900 3017 2954 neque
3041 2883 3239 2950 oleum,
3274 2899 3432 2953 neque
3454 2883 3576 2936 alli-

1966 2984 2205 3047 gaturam
2229 2974 2408 3048 (Esai.
2441 2993 2489 3044 t,
2520 2977 2611 3049 6).

2034 3067 2126 3122 $0.
2172 3067 2414 3123 Ecclesia
2472 3077 2653 3123 autem
2696 3069 2858 3125 habet
2912 3068 3092 3124 oleum
3121 3111 3134 3133 ,
3177 3083 3287 3140 quo
3350 3084 3571 3123 suorum

252 3173 467 3239 αρεηιί,
497 3179 545 3224 ει
570 3173 764 3227 ,πίνακί
791 3172 1046 3243 spiritum
1079 3168 1253 3244 (Ρςαι,
1283 3187 1481 3241 cm“,
1519 3174 1663 3247 ιδι),
1692 3175 1860 3230 Οςοη-
1889 3174 1934 3236 C
1965 3162 2187 3217 vulnera
2223 3160 2397 3227 fovet;
2430 3178 2495 3217 nc
2523 3163 2722 3217 duritia
2753 3163 2995 3219 vulneris
3021 3163 3133 3218 alte
3161 3173 3343 3234 serpat
3374 3181 3385 3215 :
3411 3156 3580 3216 habet

253 3264 397 3317 lator
448 3276 581 3332 ergo
628 3262 948 3327 Christum,
994 3264 1099 3334 qui,
1130 3258 1423 3326 confitetur
1475 3266 1664 3321 illum:
1697 3264 1862 3322 Corde

254 3355 393 3407 enim
422 3353 651 3408 creditur
678 3355 746 3407 ad
764 3355 1045 3428 justitiam,
1104 3368 1194 3410 ore
1221 3360 1394 3411 autem
1433 3357 1685 3427 confessio
1709 3358 1767 3427 ﬁt
1795 3361 1861 3413 ad

253 3446 473 3499 salutem
502 3444 691 3517 (Rom.
727 3462 755 3501 κ
782 3488 796 3512 ,
829 3445 952 3517 lli).
981 3446 1271 3503 Osculalur
1291 3460 1422 3503 vero
1442 3449 1610 3519 pedes
1635 3444 1856 3517 Christi,

256 3538 345 3606 qui
381 3535 733 3607 Evangelinm
765 3539 980 3609 legens,
1008 3538 1220 3594 Domini
1253 3539 1380 3595 .icsu
1407 3551 1559 3612 gesta
1583 3543 1863 3611 cngnoscit

256 3637 311 3686 ct
342 3631 428 3697 pio
452 3630 679 3685 miratur
705 3630 932 3697 adectu;
966 3631 1195 3703 ideoque
1218 3631 1477 3704 religioso
1498 3632 1685 3690 osculo
1716 3634 1862 3690 velut

255 3723 502 3793 quzudani
529 3722 930 3779 deatnbulantis
961 3718 1171 3778 Domitii
1204 3712 1395 3779 lambit
1429 3726 1676 3796 vestigia.
1708 3737 1732 3767 ο
1763 3726 1864 3783 Os-

255 3815 507 3868 eulamur
552 3827 683 3883 ergo
731 3813 1004 3870 Christum
1036 3816 1438 3873 communionis
1489 3819 1677 3873 osculo
1711 3837 1723 3872 :
1763 3820 1863 3888 Qui

256 3903 688 3975 legit,inleiligat
718 3903 943 3975 (Matth.
979 3920 1125 3974 xxtv,
1164 3906 1278 3979 15).

330 3997 416 4052 16.
445 3995 597 4051 Unde
622 3996 725 4051 hoc
754 3996 942 4053 Judzco
980 3998 1265 4056 osculum?
1294 4002 1396 4069 Qui
1436 4003 1578 4058 enim
1608 4014 1714 4057 non
1745 4018 1865 4060 cre-

256 4091 394 4145 didit
432 4091 485 4145 in
518 4088 812 4145 adventum
851 4091 1000 4161 ejus,
1042 4108 1143 4149 nec
1179 4095 1233 4149 in
1266 4097 1576 4166 passiOnem
1609 4096 1859 4153 credidit.

255 4180 544 4250 Quomodo
583 4182 730 4235 enim
778 4181 954 4237 credit
989 4192 1245 4253 passum,
1293 4201 1451 4257 quem
1497 4187 1711 4243 venisse
1757 4204 1864 4245 non

254 4272 524 4328 credidit?
546 4271 663 4327 Non
685 4286 819 4344 ergo
846 4273 1079 4330 habebat
1124 4276 1367 4332 osculum
1403 4277 1705 4348 pharismus
1722 4322 1735 4344 ,
1762 4279 1864 4336 nisi

255 4368 394 4421 forte
421 4366 576 4421 ludas
618 4366 930 4437 proditoris.
961 4367 1068 4425 Sed
1100 4380 1203 4425 nec
1226 4369 1393 4427 ludas
1420 4370 1687 4437 habebat.
1713 4372 1865 4430 ideo-

253 4472 361 4529 que
382 4473 505 4515 cum
539 4459 738 4515 Judzris
787 4461 1112 4531 promissum
1143 4462 1389 4518 osculum
1417 4506 1432 4529 ,
1466 4470 1742 4535 tamquam
1792 4468 1865 4523 sl-

252 4564 418 4622 guunt
444 4550 767 4623 proditionis
795 4554 962 4609 vellet
984 4554 1275 4611 ostendere
1292 4598 1306 4621 ,
1338 4556 1468 4611 dicit
1489 4558 1537 4611 ei
1559 4555 1816 4614 Dominus
1842 4578 1854 4614 :

252 4643 415 4709 Iuda,
445 4644 624 4699 osculo
651 4642 851 4699 Filium
879 4644 1102 4700 hominis
1144 4646 1304 4702 tradis
1328 4647 1493 4719 (Luc.
1532 4662 1647 4706 χχιι
1668 4694 1682 4718 ,
1714 4650 1805 4723 18)
1839 4670 1851 4705 :

260 4737 361 4793 hoc
392 4744 496 4803 est,
514 4737 763 4793 osculum
785 4737 977 4806 offers,
999 4739 1088 4809 qui
1108 4748 1216 4795 non
1236 4738 1408 4796 habes
1429 4742 1601 4798 osculi
1619 4738 1857 4801 charita-

256 4839 362 4885 tein
385 4844 401 4887 :
426 4832 672 4887 osculum
697 4830 883 4899 oii‘ers,
905 4832 993 4902 qui
1026 4834 1207 4888 nescis
1227 4835 1399 4889 osculi
1426 4845 1849 4894 sacramentum.

252 4923 509 4980 Osculum
531 4941 635 4981 non
650 4927 915 4982 labiorum
930 4927 1215 4998 quzcrltur,
1240 4924 1333 4985 sed
1354 4926 1536 4985 cordis
1557 4938 1612 4987 et
1633 4932 1850 4989 mentis.

326 5020 415 5077 17.
464 5020 570 5077 Sed
616 5020 751 5078 dicis
784 5043 795 5076 :
829 5020 1116 5079 Osculatns
1155 5030 1239 5077 est
1285 5022 1594 5080 Dominum.
1653 5026 1862 5103 Verum

253 5114 527 5172 osculatus
554 5126 637 5173 est
679 5114 857 5173 labiis.
888 5115 999 5173 Hoc
1027 5116 1189 5173 habet
1217 5119 1464 5173 osculum
1498 5120 1727 5190 populus
1761 5118 1856 5179 Ju-

328 5285 354 5312 ⁸
397 5276 553 5329 Rom.
584 5275 741 5341 edit.,
769 5291 882 5345 qua;
915 5275 1268 5331 Nazarwnum
1295 5277 1572 5345 qutzrebat.

325 5345 352 5383 ιι
395 5346 593 5420 Regius
616 5346 813 5412 codex,
840 5356 1047 5402 sanctus
1085 5350 1160 5402 ait
1200 5365 1219 5404 :
1254 5347 1328 5404 Os
1365 5362 1534 5405 meum
1564 5351 1770 5420 aperui,
1801 5362 1848 5408 et

208 5470 211 5473 λ
254 5418 581 5474 annuttliavt’.

327 5497 351 5525 ο
392 5487 537 5560 Idem
565 5488 757 5552 codex,
794 5489 1102 5545 Oscutemur
1139 5488 1406 5546 Christum
1427 5532 1444 5559 ,
1474 5500 1609 5560 etc.,
1639 5493 1726 5549 ubi
1757 5493 1855 5550 ob-

254 5558 595 5635 servabimus
633 5560 916 5635 vestigium
967 5561 1204 5635 religiosi
1255 5564 1404 5635 illius
1451 5558 1700 5631 silentii,
1744 5578 1854 5635 quo

256 5629 612 5706 Eucharistia:
653 5631 972 5706 mysterium
1000 5641 1029 5685 a
1060 5629 1252 5702 priscis
1308 5634 1560 5689 Patribus
1586 5676 1601 5699 ,
1636 5629 1853 5706 quoties

254 5716 434 5759 coram
459 5716 568 5761 non
592 5703 818 5769 initiatis
842 5704 1005 5761 verba
1029 5706 1322 5769 faciebant,
1344 5703 1742 5763 occultahatur.

327 5773 353 5815 ‘1
397 5774 555 5833 ilum.
580 5777 737 5843 edit.,
772 5766 867 5833 Vis
894 5779 1089 5834 amoris
1106 5766 1416 5853 exprimitur
1439 5793 1456 5832 :
1478 5778 1654 5850 aptius
1683 5778 1854 5837 codex

1962 3255 2175 3321 oleum,
2206 3254 2349 3326 quod
2392 3265 2416 3292 θ
2442 3256 2654 3326 accepit
2682 3256 2966 3311 alisconse.
3005 3253 3120 3311 Hoc
3159 3255 3281 3310 oleo
3325 3255 3461 3310 Aser
3484 3269 3575 3323 pc-

1960 3340 2085 3401 deni
2117 3358 2274 3401 suum
2308 3347 2458 3413 lavit,
2491 3348 2633 3402 sicut
2658 3348 2922 3417 scriptum
2952 3354 3035 3401 est
3065 3364 3077 3399 :
3111 3346 3414 3401 Benedictus
3435 3346 3575 3414 ﬁlius

1963 3438 2123 3503 Aser;
2163 3447 2210 3492 et
2239 3439 2333 3493 erit
2357 3447 2591 3510 acceptus
2620 3441 2868 3509 fratribus
2889 3441 3016 3502 suis,
3047 3450 3095 3493 et
3138 3441 3354 3511 inliuget
3380 3440 3431 3492 in
3463 3439 3574 3493 oleo

1964 3531 2328 3597 pedamentum
2359 3529 2547 3601 (Deut.
2580 3546 2746 3584 χχχιιι
2767 3574 2779 3595 ,
2809 3530 2927 3602 21).
2976 3529 3089 3585 Hoc
3122 3544 3251 3601 ergo
3279 3533 3400 3585 oleo
3424 3531 3575 3599 ungit

1966 3621 2211 3676 Ecclesia
2260 3623 2512 3677 cervices
2568 3630 2830 3685 suarum,
2904 3630 2959 3675 ut
3025 3623 3323 3691 suscipiant
3381 3624 3569 3692 jngnni

1962 3711 2163 3767 Christi
2201 3728 2213 3765 :
2249 3712 2351 3766 hoc
2383 3713 2507 3768 oleo
2534 3711 2685 3767 unxit
2717 3722 2987 3784 martyres
3015 3755 3027 3776 ,
3060 3721 3120 3767 ut
3151 3714 3467 3767 steculareui
3502 3715 3570 3769 ab

1962 3804 2041 3856 eis
2064 3798 2347 3872 pulverem
2371 3803 2711 3873 detergeret:
2740 3803 2843 3858 hoc
2864 3805 2986 3857 oleo
3010 3805 3353 3859 conlessnrcs
3376 3805 3569 3870 unxit;

1965 3908 2033 3949 ne
2059 3895 2227 3949 labori
2249 3894 2538 3959 cederent,
2571 3910 2639 3950 ne
2661 3896 3082 3950 succumberent
3112 3894 3344 3965 fatigati,
3381 3910 3445 3948 ne
3470 3910 3574 3949 :rs-

1965 3998 2022 4043 tu
2053 3987 2239 4043 mundi
2290 3988 2444 4041 istius
2486 3988 2837 4042 vincerentur
2886 4007 2899 4040 :
2945 3987 3066 4041 ideo
3116 3988 3426 4055 uinxitcns,
3467 3988 3481 4024 ί
3516 3999 3575 4043 ut

1966 4079 2197 4151 spiritali
2230 4080 2379 4151 ipsos
2402 4080 2528 4135 oleo
2551 4081 2918 4149 retrigeraret.

2038 4175 2130 4231 2i.
2172 4176 2456 4247 Synagoga
2490 4175 2595 4230 hoc
2630 4175 2807 4228 oleum
2841 4188 2946 4227 non
2985 4173 3178 4239 habet,
3222 4188 3341 4243 quae
3372 4172 3569 4228 olivam

1966 4284 2075 4328 non
2101 4272 2293 4337 habet,
2318 4282 2440 4342 qua:
2470 4282 2575 4324 non
2610 4265 2881 4323 intellexit
2910 4268 3052 4321 illam
3082 4260 3414 4330 columbam,
3448 4278 3571 4335 qua:

1968 4376 2175 4420 ramum
2221 4363 2359 4418 oletc
2384 4358 2579 4418 detulit
2627 4366 2748 4431 post
2794 4359 3056 4414 diluvium
3091 4359 3252 4430 (Gen.
3299 4373 3422 4425 vni,
3453 4358 3566 4430 11).

1966 4459 2057 4513 illa
2084 4458 2230 4513 enim
2262 4455 2512 4513 columba
2558 4462 2740 4525 postea
2792 4452 3112 4518 descendit,
3161 4462 3282 4507 Clllll
3317 4451 3570 4505 Christus

1967 4550 2349 4619 baptizaretur,
2372 4557 2427 4604 et
2448 4548 2646 4604 mansit
2672 4560 2837 4617 super
2858 4560 3005 4609 eum,
3028 4545 3167 4598 sicut
3194 4544 3245 4596 in
3280 4541 3571 4609 Evangelia

1962 4646 2194 4696 testatur
2214 4641 2449 4696 Joannes
2462 4641 2652 4695 dicens
2672 4655 2684 4692 :
2716 4637 2850 4706 Quia
2861 4636 2964 4690 vidi
2981 4635 3238 4705 Spiritum
3255 4635 3567 4689 descenden-

1959 4740 2062 4789 le’m
2090 4734 2156 4786 de
2184 4734 2309 4787 (mlo
2335 4734 2481 4802 quasi
2501 4732 2810 4794 columbam,
2827 4738 2871 4783 rt
2887 4724 3071 4783 mansit
3086 4741 3238 4797 super
3263 4724 3564 4795 eum(.loau.

1967 4838 2020 4891 1,
2053 4822 2482 4894 52).Qttomodo
2503 4840 2636 4894 ergo
2672 4824 2807 4878 vidit
2831 4821 3137 4878 columbum
3157 4862 3169 4881 .
3195 4821 3282 4889 qui
3307 4834 3411 4871 non
3436 4819 3571 4874 vidit

1957 4933 2080 4974 eum
2107 4960 2120 4984 ,
2154 4932 2318 4987 super
2338 4933 2498 4988 quem
2520 4918 2759 4986 Spiritus
2784 4918 2934 4989 quasi
2966 4914 3215 4971 columba
3245 4910 3565 4964 descendit?

2029 5008 2124 5064 2‘2.
2168 5007 2409 5063 Ecclesia
2451 5008 2615 5078 igitur
2660 5018 2715 5064 et
2758 5012 2905 5064 lavat
2938 5009 3101 5078 pedes
3128 5005 3325 5061 Christi
3352 5045 3365 5066 ,
3393 5008 3447 5056 et
3479 5018 3570 5056 ra-

1962 5102 2107 5173 pillis
2131 5101 2247 5155 suis
2286 5100 2481 5170 tergit,
2508 5109 2533 5146 8
2564 5110 2619 5154 et
2646 5104 2770 5155 oleo
2815 5104 3006 5172 ungit,
3056 5111 3112 5157 et
3152 5097 3423 5171 perfundit
3471 5112 3570 5149 un-

1958 5297 2120 5335 manu
2149 5286 2475 5334 exaratos...
2507 5275 2847 5344 imprimitur,
2882 5280 2987 5331 hoc
3016 5289 3122 5342 est,
3159 5294 3264 5333 non
3291 5278 3564 5331 extrinse-

1956 5367 2053 5405 cus
2084 5361 2291 5407 tantum
2338 5344 2674 5408 ostenditur,
2698 5346 2807 5401 sed
2859 5349 3023 5401 etiam
3059 5350 3475 5415 transmittitur,
3505 5364 3569 5403 ac

1952 5422 2382 5478 transfunditur.

2031 5504 2056 5532 e
2078 5494 2207 5549 Post
2237 5493 2459 5547 verbum
2480 5488 2701 5558 accepit,
2726 5484 2883 5540 Rom.
2911 5485 3044 5539 edit.
3069 5486 3419 5554 adverbium;
3455 5490 3572 5544 ubs-

1961 5578 2120 5619 rouse
2149 5576 2257 5619 non
2289 5558 2555 5633 agnoscit.

2033 5635 2052 5675 ί
2103 5636 2302 5707 Regius
2323 5625 2557 5699 "codex,
2616 5640 2669 5685 ut
2718 5630 2798 5683 his
2849 5625 3080 5700 spiritale
3138 5626 3306 5678 oleum
3348 5632 3571 5700 refriqe-

1955 5712 2127 5762 roret.

2027 5788 2051 5827 ε
2074 5778 2233 5837 item.
2257 5773 2415 5846 edit.,
2448 5786 2495 5832 et
2523 5778 2640 5835 ideo
2661 5776 2826 5861 ungit.
