4042 6174
473 243 614 302 1119

1795 243 2044 300 SANCTI
2086 242 2413 301 AMBROSll

3641 241 3785 296 1120

469 370 708 434 guento;
731 363 854 434 quia
878 375 984 416 non
1030 359 1206 415 solum
1245 358 1460 415 saucios
1485 369 1677 425 curat,
1709 368 1765 414 et
1796 359 1968 414 lassos
1997 358 2075 415 fo-
2105 370 2157 428 Α
2251 360 2340 414 25.
2371 358 2452 414 Ad
2487 358 2659 428 ipsum
2681 373 2862 427 regem
2883 358 3074 424 David,
3097 359 3250 415 illum
3267 361 3414 430 pium
3438 367 3607 430 atque
3629 372 3785 412 man-

469 465 595 522 vet;
651 470 836 510 verum
879 454 1041 509 etiam
1099 453 1250 507 suavi
1297 453 1487 523 gratiae
1539 453 1710 508 odore
1759 453 2073 524 respergit:

472 561 577 604 nec
601 545 861 601 divitibus
887 554 1094 599 tantum
1121 559 1186 599 ac
1215 545 1628 614 potentioribus,
1663 545 1756 600 sed
1780 545 1943 599 etiam
1965 545 2081 614 ple-

473 639 616 696 beiae
644 637 866 692 familia:
893 637 1024 692 viris
1041 637 1288 692 eamdem
1309 636 1636 692 transfundit
1653 638 1908 706 gratiam,
1925 651 2079 706 aequa

469 747 664 788 omnes
691 732 844 787 lance
870 732 1181 797 examinat,
1215 746 1406 787 omnes
1443 731 1635 787 eodem
1665 731 1788 786 sinu
1815 730 2076 800 suscipit;

472 825 666 882 eodem
691 825 902 895 gremio
933 824 1098 882 fovet.

543 916 635 973 23.
682 917 866 974 Semel
913 927 1160 974 mortuus
1208 917 1458 974 Christus
1508 929 1613 986 est,
1639 919 1807 974 semel
1839 919 2081 987 sepultus

473 1019 560 1066 est
590 1029 604 1066 τ
633 1019 689 1064 et
716 1011 1069 1066 nihilominus
1097 1011 1340 1082 quotidie
1368 1014 1479 1067 vult
1514 1013 1566 1068 in
1593 1014 1758 1084 pedes
1781 1029 1914 1068 suos
1941 1013 2080 1067 mitti

475 1112 836 1173 unguentum.
869 1104 926 1159 lu
954 1120 1092 1176 quos
1113 1106 1470 1177 ergoLChristi
1502 1107 1666 1176 pedes
1696 1107 1964 1162 mittimus
1987 1124 2084 1160 un-

477 1197 776 1265 guentum?
804 1196 977 1252 Pedes
1007 1196 1207 1253 Christi
1252 1199 1328 1253 illi
1356 1210 1518 1265 sunt,
1549 1200 1618 1255 de
1648 1199 1843 1268 quibus
1867 1201 1980 1269 ipse
2003 1198 2084 1254 di-

477 1287 551 1342 cit
588 1306 600 1342 :
656 1287 809 1354 Quod
858 1290 950 1342 uni
995 1291 1178 1344 horum
1221 1291 1547 1344 minimarum
1588 1291 1822 1358 fecistis,
1851 1291 1977 1344 mihi
2008 1293 2085 1360 fe-

477 1379 621 1433 cistis
653 1379 669 1450 (
705 1379 893 1434 Matth.
929 1397 1056 1448 xxv,
1089 1384 1202 1451 ιιι).
1236 1382 1343 1437 llos
1374 1382 1536 1452 pedes
1563 1382 1656 1437 illa
1685 1383 1882 1437 mulier
1909 1383 2084 1437 Evan-

477 1474 654 1542 gelica
683 1474 988 1547 refrigerat,
1023 1477 1121 1532 hos
1146 1478 1402 1549 lacrymis
1431 1478 1543 1532 suis
1570 1479 1760 1548 irrigat
1788 1478 1956 1549 (Luc.
1989 1495 2082 1542 vn,

481 1564 608 1638 '58);
640 1568 856 1637 quando
902 1570 1101 1625 infimis
1139 1581 1418 1640 peccatum
1450 1572 1766 1637 remittitur,
1810 1573 1971 1642 culpa
2010 1573 2088 1628 la-

484 1667 681 1724 vatur,
729 1659 962 1714 donatur
1012 1662 1361 1731 indulgentia.
1430 1663 1542 1718 ilos
1582 1664 1747 1733 pedes
1811 1665 2088 1720 osculatur

485 1748 600 1815 ille,
633 1751 724 1820 qui
757 1753 920 1806 etiam
949 1752 1166 1808 infnnos
1201 1753 1374 1822 plebis
1400 1769 1571 1809 sacra:
1600 1755 1802 1826 diligit.
1835 1755 1944 1810 Hos
1989 1773 2083 1826 pe-

489 1839 590 1895 des
620 1853 897 1910 ungttento
929 1845 1075 1913 ungit
1101 1845 1210 1909 ille,
1235 1846 1326 1915 qui
1371 1846 1533 1900 etiam
1564 1847 1906 1902 tenuioribus
1931 1862 2085 1902 man-

490 1934 798 1990 suetudinis
811 1951 924 1990 sum
945 1937 1170 2008 gratiam
1193 1939 1452 2008 impertit.
1475 1941 1529 1994 ln
1552 1941 1634 1996 his
1647 1954 1705 1995 se
1729 1949 2018 2011 martyres,
2038 1942 2090 1996 in

493 2024 582 2080 his
593 2028 907 2097 apostoli,in
924 2030 1007 2084 his
1021 2031 1134 2100 ipse
1147 2031 1407 2087 Dominus
1423 2033 1580 2088 .lesus
1595 2033 1852 2088 honorari
1869 2034 2089 2088 indicat.

563 2117 654 2172 24.
687 2117 856 2174 Vides
883 2115 1043 2189 quam
1072 2122 1300 2177 moralis
1327 2123 1592 2178 Dominus
1631 2125 1724 2190 sit,
1756 2135 1816 2179 ut
1842 2126 2095 2195 exemplo

493 2209 579 2264 sui
608 2217 660 2265 te
687 2211 754 2264 ad
782 2211 1038 2280 pietatem
1072 2226 1326 2282 provocet
1357 2233 1371 2268 :
1401 2216 1623 2271 moralis
1645 2225 1728 2271 est
1757 2217 1945 2283 etiam,
1971 2233 2092 2272 eum

493 2301 692 2370 arguit.
751 2302 989 2373 Denique
1017 2319 1277 2362 accusans
1303 2306 1521 2363 «Ιιιάωοε
1543 2309 1619 2363 ait
1653 2328 1664 2362 :
1700 2308 1900 2380 Popule
1923 2327 2093 2376 meus,

493 2393 619 2463 quid
644 2393 742 2461 feci
764 2395 874 2461 tibi,
907 2408 1000 2450 aut
1027 2399 1152 2467 quid
1174 2401 1474 2454 contrislavi
1500 2410 1569 2466 te,
1598 2411 1687 2455 aut
1711 2403 1836 2472 quid
1854 2404 2098 2458 molestus

494 2487 572 2556 fui
589 2488 716 2542 tibi?
741 2487 1018 2560 Responde
1038 2493 1184 2550 mihi.
1207 2493 1341 2560 Quia
1359 2511 1385 2549 e
1399 2494 1526 2548 duxi
1550 2504 1597 2550 te
1612 2498 1676 2549 de
1691 2505 1826 2551 terra
1852 2496 2095 2568 ZEgypti,

497 2587 546 2631 et
590 2580 654 2634 de
697 2580 850 2636 domo
879 2585 1135 2637 servitutis
1167 2585 1376 2640 liberavi
1405 2596 1454 2640 te
1478 2586 1666 2656 (Miclt.
1693 2604 1765 2652 vi,
1791 2589 1843 2655 5,
1868 2589 1926 2658 4)
1952 2591 1974 2640 it
2035 2589 2101 2642 Et

499 2669 705 2723 addidit
735 2685 746 2722 :
778 2671 844 2724 Et
871 2673 989 2726 misi
1013 2685 1131 2728 ante
1160 2677 1344 2746 [aciem
1364 2686 1502 2729 tuam
1542 2676 1756 2747 Moysen
1786 2689 1834 2732 et
1857 2680 2030 2732 Aaron
2054 2689 2100 2732 et

502 2758 725 2813 Mariam
753 2761 941 2833 (Nunt.
966 2781 1114 2830 χχιιι,
1134 2768 1168 2820 :2
1194 2778 1238 2820 et
1260 2770 1415 2839 seq.).
1455 2769 1507 2821 In
1542 2780 1724 2824 mente
1753 2770 1950 2825 habeto
1973 2771 2099 2839 quid

501 2853 828 2923 cogitaverit
874 2856 927 2910 in
970 2867 1022 2911 te
1053 2857 1213 2911 Balac
1240 2902 1253 2922 ,
1294 2861 1397 2915 hoc
1423 2869 1508 2916 est
1541 2902 1556 2926 ,
1601 2861 1694 2916 ille
1719 2863 1941 2930 magicre
1969 2863 2104 2916 artis

502 2959 660 3014 opem
691 2962 974 3016 qumrens;
1005 2949 1099 3003 sed
1134 2959 1313 3005 tamen
1344 2968 1465 3006 cum
1498 2953 1591 3007 tibi
1623 2968 1727 3006 non
1764 2955 1984 3022 permisi
2009 2971 2105 3008 no-

502 3052 650 3091 cere.
683 3037 1078 3106 Deprimebaris
1103 3040 1287 3111 utique
1314 3044 1364 3096 in
1391 3044 1692 3113 peregrinis
1713 3045 1974 3100 exsulans
1999 3054 2106 3100 ter-

507 3130 606 3194 ris,
634 3131 889 3199 gravibus
909 3130 1074 3202 962
1096 3141 1121 3168 ιι
1161 3134 1443 3201 urgebaris
1475 3137 1736 3189 oneribus
1771 3153 1782 3188 :
1818 3137 1941 3190 misi
1981 3145 2106 3191 ante

2184 465 2421 518 suetum,
2450 455 2624 524 qualis
2648 469 2744 523 per
2771 453 2983 508 Nathan
3015 454 3335 524 prophetam
3360 452 3738 526 expostulatio
3762 452 3786 505 ?

2185 549 2320 620 Ego,
2354 549 2525 617 inquit
2557 547 2633 616 (ll
2664 547 2792 617 Reg.
2828 563 2922 611 xu,
2949 547 2979 600 7
3007 557 3053 600 et
3085 547 3241 618 seq.),
3267 557 3318 603 te
3349 548 3621 602 minorem
3645 545 3786 614 elegi

2183 641 2252 696 de
2275 641 2534 696 fratribus
2563 641 2671 694 tuis
2705 657 2716 691 :
2746 654 2849 708 ego
2873 650 2925 694 te
2973 639 3409 695 mansuetudinis
3436 637 3645 705 replevi
3670 637 3789 706 spi-
3821 681 3823 683 .

2185 734 2332 788 ritu:
2385 747 2486 801 ego
2514 742 2565 785 te
2614 747 2710 801 per
2751 731 3082 797 Samnelem,
3133 733 3186 786 in
3228 746 3337 801 quo
3375 745 3476 800 ego
3530 743 3704 792 eram,
3732 736 3790 784 et

2186 839 2364 880 meum
2390 839 2610 893 nomen,
2647 824 2774 877 unxi
2803 825 2855 877 in
2889 838 3095 892 regem.
3134 834 3154 861 ο
3192 823 3306 892 Ego
3339 832 3413 889 te,
3442 821 3661 876 sublato
3693 819 3788 874 illo

2189 933 2315 986 rege
2342 917 2649 985 superiore,
2681 931 2842 984 quem
2877 915 3052 969 malus
3093 915 3318 983 Spiritus
3357 913 3695 985 exagitabat,
3729 922 3790 966 ιιι

2190 1019 2607 1081 persequeretur
2655 1008 2973 1064 sacerdotes
3029 1009 3267 1074 Domini,
3317 1009 3386 1063 de
3437 1008 3632 1062 exsule
3679 1007 3787 1061 feci

2189 1103 2788 1174 tritnnphatorem.Ego
2812 1103 2880 1158 de
2902 1103 3222 1158 seminetuo
3253 1104 3304 1157 in
3327 1104 3526 1158 throno
3551 1111 3647 1157 tuo
3680 1116 3788 1157 non

2189 1199 2341 1268 prius
2362 1197 2633 1252 hacredem
2665 1213 2825 1267 quam
2853 1208 3161 1252 consortem
3190 1198 3386 1252 locavi.
3423 1197 3532 1267 Ego
3566 1196 3664 1250 tibi
3686 1195 3790 1250 feci

2189 1293 2349 1347 etiam
2401 1292 2738 1362 alienigenas
2765 1291 3033 1357 subditos,
3069 1300 3126 1346 ut
3151 1291 3245 1346 tibi
3290 1291 3576 1356 serviant,
3615 1291 3708 1360 qui
3740 1299 3793 1344 te

2191 1384 2613 1454 impugnabant:
2637 1394 2689 1437 ct
2715 1392 2768 1438 tu
2795 1384 3101 1438 servientes
3117 1382 3248 1437 mihi
3278 1383 3330 1437 in
3350 1390 3676 1452 potestatem
3697 1382 3794 1436 de-

2191 1475 2358 1531 duces
2397 1475 2747 1530 inimicorum
2778 1491 3021 1532 meorum
3048 1491 3061 1529 :
3087 1486 3143 1531 et
3172 1485 3226 1528 tu
3254 1474 3473 1530 auferes
3500 1474 3650 1547 quod
3673 1485 3792 1530 erat

2191 1569 2394 1624 servuli
2429 1570 2556 1633 mei,
2585 1569 2638 1623 in
2659 1585 2767 1638 quo
2799 1578 2853 1622 et
2885 1569 2978 1623 tibi
3013 1578 3296 1638 peccatum
3328 1567 3586 1632 inuritnr,
3615 1576 3672 1622 et
3699 1566 3794 1621 lia-

2191 1660 2396 1714 bebunt
2418 1660 2484 1713 de
2500 1675 2608 1730 quo
2629 1661 2732 1714 mei
2763 1661 3058 1714 adversarii
3087 1660 3383 1730 glorientur
3407 1659 3430 1712 ?

2263 1754 2355 1807 26.
2399 1753 2541 1823 Ergo
2575 1755 2890 1822 imperator,
2920 1761 2978 1807 ut
3001 1753 3110 1823 jam
3140 1767 3244 1807 non
3278 1753 3452 1807 solum
3482 1751 3551 1806 de
3582 1761 3670 1817 te,
3695 1751 3790 1806 sed

2192 1847 2355 1902 etiam
2378 1847 2444 1900 ad
2471 1857 2522 1901 te
2545 1845 2704 1899 verba
2728 1856 3072 1908 convertam;
3095 1847 3352 1915 quoniam
3373 1844 3614 1899 advertis
3635 1859 3793 1914 quam

2197 1937 2433 2005 graviter
2480 1936 2740 1990 Dominus
2794 1935 3090 1990 convenire
3121 1935 3331 2000 soleat,
3363 1950 3473 2005 quo
3510 1935 3797 2004 gloriosior

2197 2030 2370 2085 factus
2399 2045 2478 2093 es,
2511 2045 2577 2084 eo
2605 2030 2838 2099 amplius
2867 2030 3072 2084 auctori
3108 2039 3200 2083 tuo
3243 2027 3591 2084 deferendum
3621 2043 3792 2082 nove-

2199 2125 2294 2175 ris.
2328 2119 2599 2188 Scriptum
2631 2130 2712 2172 est
2735 2119 2879 2174 enim
2904 2119 3084 2191 (Deut.
3111 2118 3261 2188 1x,4)
3294 2116 3466 2173 :Cnm
3491 2127 3542 2174 te
3566 2118 3796 2173 induxe-

2200 2214 2271 2266 rit
2304 2212 2566 2266 Dominus
2592 2212 2734 2265 Deus
2762 2219 2887 2266 tuus
2931 2211 2983 2265 in
3019 2220 3219 2266 terram
3266 2211 3498 2265 alienam
3531 2220 3588 2265 et
3643 2226 3798 2264 man-

2201 2303 2481 2358 ducaveris
2514 2303 2718 2358 fructus
2740 2303 2974 2368 alienos,
3007 2319 3114 2357 non
3157 2303 3308 2381 dicas
3339 2322 3352 2356 :
3385 2303 3568 2358 Virtus
3597 2318 3717 2357 mea
3743 2313 3799 2358 et

2197 2397 2408 2465 justitia
2448 2412 2566 2451 mea
2612 2397 2713 2452 hoc
2754 2398 2883 2451 mihi
2931 2397 3112 2462 dedit;
3147 2397 3239 2452 sed
3275 2385 3534 2452 Dominus
3575 2396 3799 2451 donavit

2203 2491 2366 2555 Deus,
2397 2491 2490 2546 sed
2515 2489 2762 2545 Christus
2791 2490 3166 2546 misericordia
3191 2507 3285 2545 sua
3308 2490 3538 2545 contulit
3564 2507 3578 2555 ;
3603 2501 3661 2546 et
3681 2490 3804 2546 ideo

2203 2599 2405 2653 corpus
2450 2585 2564 2653 ejus
2587 2626 2600 2650 ,
2632 2585 2737 2639 hoc
2780 2593 2865 2639 est
2888 2626 2902 2650 ,
2941 2585 3244 2640 Ecclesiam
3275 2583 3570 2654 diligendo,
3604 2598 3803 2654 aquam

2205 2677 2272 2730 da
2303 2676 2532 2746 pedibus
2563 2676 2681 2745 ejus
2704 2718 2717 2740 ,
2744 2677 2993 2730 osculare
3027 2676 3191 2745 pedes
3216 2676 3335 2746 ejus
3364 2674 3546 2747 (Joan.
3575 2691 3681 2740 xu,
3705 2675 3762 2743 3)
3789 2694 3802 2741 ;

2206 2779 2265 2822 ιιι
2296 2785 2401 2823 non
2447 2769 2621 2823 solum
2654 2769 2905 2823 absolvas
2935 2783 3028 2824 eos
3049 2811 3062 2834 ,
3091 2769 3182 2839 qui
3231 2769 3282 2823 in
3329 2768 3572 2838 peccatis
3611 2767 3806 2838 deprc-

2208 2860 2362 2915 hensi
2395 2870 2540 2926 sunt,
2579 2877 2766 2915 verum
2790 2862 2953 2915 etiam
2988 2876 3118 2930 pace
3145 2871 3233 2914 tua
3261 2861 3432 2916 dones
3463 2861 3802 2922 concordiae,

2209 2961 2265 3007 et
2293 2952 2458 3021 quieti
2490 2953 2722 3006 relaxes.
2755 2953 2904 3006 Mitte
2938 2962 3269 3022 unguentum
3300 2953 3352 3007 iu
3388 2953 3556 3022 pedes
3581 2953 3718 3022 ejus,
3748 2963 3804 3008 ut

2213 3053 2320 3098 tota
2352 3044 2546 3099 domus
2591 3047 2642 3098 in
2674 3061 2778 3116 qua
2805 3043 3059 3100 Christus
3087 3045 3375 3110 recumbit,
3409 3055 3503 3099 tuo
3533 3047 3804 3116 repleatur

2213 3146 2510 3206 unguento,
2540 3153 2730 3193 omnes
2760 3139 3144 3194 recumbentes
3173 3154 3293 3194 cum
3317 3154 3382 3194 eo
3408 3139 3681 3208 gaudeant
3704 3141 3806 3194 tuis

507 3221 699 3275 faciem
733 3230 877 3276 tuam
909 3223 1130 3312 Moysen
1151 3234 1204 3278 et
1225 3224 1406 3278 Aaron
1437 3236 1490 3279 et
1520 3225 1762 3291 Mariam,
1790 3238 1843 3282 et
1872 3228 2104 3297 primum
2136 3227 2181 3288 (Ἰ
2213 3227 2239 3265 ά
2267 3230 2553 3295 odoribus,
2586 3230 2688 3285 hoc
2738 3240 2854 3296 est,
2881 3231 2973 3314 sic‘
3003 3230 3210 3284 honora
3262 3230 3498 3295 ultimos,
3533 3241 3591 3284 ιιι
3619 3246 3803 3285 eorum

509 3314 620 3378 ille,
641 3316 728 3386 qui
744 3316 1073 3385 Spoliaverat
1094 3319 1357 3382 exsulem,
1383 3320 1776 3388 spoliatusipse
1798 3329 1883 3376 est
1904 3319 2100 3386 (Exod.

511 3423 622 3472 xiv,
650 3409 766 3479 29).
798 3409 897 3475 Τιι,
933 3411 1024 3480 qui
1049 3411 1314 3465 amiseras
1339 3421 1452 3478 tua,
1500 3413 1781 3483 acquisisti
1811 3413 2010 3479 aliena,
2042 3414 2107 3468 li-

513 3500 736 3556 beratus
779 3503 847 3556 ab
882 3503 1128 3558 hostibus
1157 3503 1726 3572 circumvallantibus,
1762 3517 1926 3578 atque
1967 3508 2109 3562 inter

513 3607 684 3663 aquas
715 3594 920 3648 medias
951 3605 1095 3650 tutus
1124 3604 1360 3666 stragem
1393 3599 1572 3654 vidisti
1615 3600 1952 3654 inimicorum
1985 3609 2108 3654 tuo-

515 3702 658 3751 rum,
691 3703 810 3742 cutn
840 3691 1028 3744 eadem
1063 3691 1225 3757 unda,
1252 3705 1374 3760 qua!
1400 3699 1454 3746 te
1481 3691 1809 3747 circumfusa
1843 3708 2108 3762 provexe-

516 3789 622 3845 rat,
647 3781 859 3837 hostem
890 3783 1065 3837 relusa
1095 3783 1457 3852 demergeret.
1511 3783 1702 3840 Nonne
1731 3801 1854 3839 cum
1891 3785 1987 3838 tibi
2020 3801 2114 3853 per

515 3871 792 3928 desertum
821 3874 1055 3928 venienti
1103 3874 1360 3928 alimenta
1393 3876 1686 3940 deessent,
1734 3878 1981 3932 altricem
2015 3877 2112 3930 tibi

521 3965 777 4032 pluviam,
808 3976 864 4019 et
913 3976 1247 4021 commeatus
1271 4009 1284 4032 ,
1327 3982 1671 4036 quocumque
1703 3983 1982 4037 pergeres,
2011 3968 2118 4022 cir-

522 4057 791 4114 cumfluos
844 4059 1142 4114 ministravi
1203 4060 1398 4132 (Exod.
1428 4078 1540 4127 xvt,
1571 4062 1606 4114 4
1635 4072 1684 4116 et
1713 4062 1846 4134 seq.)
1876 4063 1898 4116 ?
1925 4062 2116 4119 Nonne

525 4161 596 4215 te,
625 4149 908 4206 debellatis
928 4153 1162 4207 inimicis
1191 4155 1466 4219 omnibus,
1493 4157 1544 4208 in
1577 4157 1857 4226 regionem
1890 4156 2117 4228 liotryo-

523 4243 607 4298 nis
657 4244 842 4299 induxi
893 4244 1082 4316 (Num.
1123 4262 1244 4312 χιιι,
1292 4246 1428 4318 24)?
1459 4246 1648 4301 Nonne
1705 4248 1881 4318 ipsum
1933 4249 2116 4304 Sehon

524 4338 969 4392 Atnorrhteorum
1001 4353 1184 4408 regem
1213 4337 1404 4408 (Num.
1433 4337 1690 4408 “1.26),
1717 4338 1820 4392 hoc
1858 4347 1946 4394 est
1970 4381 1984 4402 ,
2025 4355 2117 4394 su-

524 4431 774 4501 perbum,
799 4429 1243 4499 exasperantiutn
1275 4428 1301 4466 ι’
1333 4430 1524 4484 ducem
1557 4447 1569 4482 :
1603 4445 1786 4484 nonne
1809 4446 1990 4500 regent
2023 4431 2120 4486 Hai

525 4525 799 4578 viventem
833 4524 927 4577 tibi
959 4521 1177 4586 tradidi,
1206 4537 1367 4590 quem
1392 4521 1647 4576 suffixum
1679 4522 1829 4591 ligno
1852 4536 1916 4576 ac
1937 4523 2124 4578 subla-

2211 3323 2558 3378 absolutione
2586 3323 2859 3394 gaudeant
2888 3325 3084 3394 angeli,
3116 3327 3260 3380 sicut
3289 3341 3456 3396 super
3482 3340 3593 3380 uno
3620 3339 3806 3395 pecca-

2212 3424 2328 3470 tore
2353 3417 2722 3486 pmuitentiam
2746 3427 2940 3488 agente
2968 3417 3118 3490 (Luc.
3150 3433 3242 3484 xv,
3269 3418 3357 3488 40)
3376 3435 3390 3483 ;
3412 3419 3665 3473 lmtentur
3685 3433 3807 3488 apo-

2213 3507 2360 3572 stoli,
2393 3506 2732 3562 delectentur
2767 3507 3069 3578 prophetae.
3117 3509 3235 3562 Non
3284 3509 3427 3563 enim
3462 3518 3694 3578 possunt
3730 3509 3808 3563 di-

2214 3613 2341 3654 cere
2370 3597 2516 3653 oculi
2550 3601 2732 3652 manui
2767 3621 2778 3654 :
2828 3600 3053 3668 Operam
3085 3610 3229 3653 tuam
3278 3617 3384 3654 non
3420 3599 3810 3663 desideramus;

2216 3689 2305 3741 aut
2334 3699 2488 3757 caput
2522 3690 2736 3754 pedibus
2778 3707 2796 3742 :
2837 3690 3001 3762 963
3052 3689 3175 3743 Non
3222 3691 3342 3744 estis
3383 3690 3508 3743 mihi
3539 3691 3812 3744 necessarii

2218 3779 2262 3849 (l
2291 3779 2413 3834 (.‘or.
2449 3796 2546 3845 xu,
2574 3780 2688 3850 21).
2744 3781 2883 3852 Ergo
2928 3781 3053 3851 quia
3100 3796 3291 3835 Omnes
3338 3781 3636 3835 necessarii
3670 3791 3812 3844 sunt,

2221 3882 2371 3928 tuere
2411 3890 2571 3928 omne
2622 3890 2820 3944 corpus
2867 3875 3076 3930 Domini
3127 3875 3292 3938 Jesu;
3339 3882 3396 3929 ut
3441 3875 3558 3944 ipse
3605 3889 3815 3945 quoque

2220 3981 2445 4035 regnum
2480 3977 2626 4020 tuum
2666 3968 2870 4022 cmlesti
2901 3983 2996 4022 sua
3028 3967 3349 4036 dignatione
3378 3968 3676 4022 custodiat.

2291 4059 2382 4110 27.
2421 4068 2442 4094 θ
2484 4058 2584 4114 Ubi
2625 4059 2906 4125 descendi,
2947 4061 3024 4114 ait
3065 4059 3196 4114 Inilti
3244 4076 3256 4112 :
3299 4059 3375 4114 De
3417 4060 3576 4113 nobis
3615 4074 3817 4129 propo-

2222 4150 2403 4204 suisti.
2438 4151 2713 4219 Βρεμι-πάι
2749 4171 2760 4205 :
2799 4152 2910 4206 Hoc
2945 4153 3194 4218 tractavi,
3238 4152 3381 4221 quod
3422 4151 3490 4205 ad
3533 4151 3817 4205 utilitatem

2225 4255 2370 4300 tuam
2405 4247 2726 4315 pertineret.
2752 4246 2903 4301 Tunc
2927 4245 3004 4298 ait
3031 4264 3044 4299 :
3078 4246 3154 4301 Re
3186 4261 3312 4300 vera
3335 4245 3404 4300 de
3425 4259 3704 4316 synagoga
3732 4260 3820 4297 re-

2225 4339 2463 4409 paranda
2505 4340 2574 4394 ab
2602 4343 2864 4410 episcopo
2902 4339 3092 4394 durius
3130 4347 3456 4402 statueram,
3496 4338 3591 4392 sed
3635 4353 3818 4392 emen-

2225 4429 2406 4484 datutn
2435 4441 2537 4484 est.
2563 4431 2808 4486 Monachi
2842 4431 3014 4484 multa
3059 4431 3268 4484 scelera
3302 4430 3530 4483 faciunt.
3556 4429 3711 4483 Tunc
3737 4428 3822 4483 Ti—

2229 4523 2431 4577 masius
2472 4525 2732 4592 magister
2769 4523 3013 4592 equitum
3055 4531 3108 4576 et
3147 4522 3389 4592 peditum
3432 4521 3601 4588 ρωιιίι
3639 4521 3825 4575 ather-

526 4627 638 4672 tunt
672 4617 725 4672 in
755 4631 920 4671 cruce
963 4615 1254 4670 maledicto
1306 4623 1494 4668 vetere
1523 4613 1901 4668 condemnas“
1937 4613 2120 4684 (Josue
2147 4611 2202 4670 1)
2226 4631 2344 4671 sum
2379 4618 2681 4671 monachos
2707 4631 2828 4672 esse
2854 4616 3254 4672 vehementior.
3287 4613 3565 4684 Restiondi
3590 4616 3640 4670 ei
3677 4633 3689 4668 ε
3719 4614 3825 4684 Ego

525 4727 641 4776 VIII,
661 4711 736 4766 2'5
760 4722 807 4765 et
825 4710 993 4781 seq.)?
1013 4709 1151 4776 Quid
1179 4707 1356 4762 dicam
1389 4721 1529 4762 caesa
1551 4709 1790 4777 quinque
1819 4722 2005 4776 regum
2028 4722 2123 4777 ag-

530 4805 696 4870 mina,
745 4817 867 4873 quae
893 4799 1220 4856 dubitastihi
1266 4810 1441 4852 terras
1471 4813 1668 4869 negare
1722 4796 2128 4852 contendebant

533 4897 714 4968 (Iosue
749 4913 802 4961 κ,
832 4895 922 4965 26)
944 4897 966 4948 Ἰ
989 4893 1058 4949 Ει
1103 4907 1248 4948 nunc
1279 4907 1377 4962 pro
1407 4891 1494 4947 his
1541 4891 1792 4946 omnibus
1819 4891 1943 4960 quid
1973 4890 2121 4944 aliud

529 5007 558 5045 a
585 5002 638 5046 te
655 4991 940 5060 quaaritur,
966 4989 1150 5051 homo,
1177 4987 1279 5040 nisi
1315 4995 1369 5039 ut
1404 4985 1568 5040 facias
1590 4985 1852 5055 judicium
1885 4994 1940 5039 et
1964 4984 2129 5053 justi-

533 5087 684 5151 tiam,
703 5094 757 5138 et
781 5083 975 5152 diligas
998 5079 1456 5141 misericordiam,
1472 5088 1524 5132 et
1552 5084 1775 5147 paratus
1794 5076 1868 5129 sis
1894 5078 1973 5130 ire
2002 5090 2126 5130 cum

535 5177 767 5234 Domino
796 5177 904 5230 Deo
937 5185 1027 5230 tuo
1058 5171 1248 5242 (Miclt.
1280 5187 1354 5238 vl,
1383 5170 1488 5239 8)?

610 5352 635 5379 ει
666 5337 848 5393 Codex
871 5349 1033 5391 manu
1081 5340 1362 5394 exaratus,
1390 5327 1658 5400 urgebaris
1681 5326 1986 5400 fraudibus.

609 5417 638 5456 ι)
665 5410 812 5465 Idem
833 5405 1232 5473 codex,‘ducem
1254 5397 1499 5456 virentem
1528 5399 1618 5452 tibi
1641 5397 1824 5463 obtuli,
1855 5412 2004 5468 quem
2021 5399 2135 5466 suf-

540 5485 1037 5631 ﬁxgwt’eziccodex,
1062 5562 1155 5617 ego
1195 5555 1243 5600 et
1296 5544 1496 5598 sublato
1541 5541 1632 5594 illo
1679 5548 1884 5592 tuarum
1912 5546 2135 5614 paruum

543 5641 660 5693 rege
675 5641 736 5677 su
743 5636 962 5691 pertore.
1651 5683 1662 5692 ν

615 5694 640 5731 ἀ
665 5693 744 5746 ld.
761 5692 892 5757 Reg.
908 5689 1078 5744 codex
1091 5731 1104 5752 ,
1121 5687 1386 5750 odoribus,
1401 5685 1476 5737 sic
1487 5692 1661 5757 estqui
1677 5681 1894 5739 honora:
1908 5687 2133 5740 animos,

623 5772 643 5794 τ’
675 5753 944 5827 Quidquid
992 5762 1060 5812 ab
1109 5759 1212 5814 hoc
1257 5768 1482 5809 numero
1508 5753 1572 5806 ad
1616 5758 1930 5817 sequentem
1970 5773 2138 5827 usque

2231 4723 2354 4763 cum
2399 4709 2727 4777 imperatore
2765 4724 2867 4779 ago
2891 4751 2905 4774 ,
2953 4719 3011 4763 ιιι
3050 4716 3307 4777 oportet;
3346 4708 3472 4776 quia
3511 4706 3638 4760 novi
3685 4704 3824 4775 quod

2233 4801 2430 4854 haheat
2460 4801 2668 4855 Domini
2702 4801 2952 4855 timorem
2997 4819 3008 4854 :
3045 4810 3220 4855 tecum
3251 4809 3432 4854 autem
3473 4798 3635 4852 aliter
3664 4813 3826 4868 agen-

2232 4891 2384 4960 dum,
2412 4897 2502 4963 qui
2533 4904 2639 4948 tam
2662 4893 2802 4948 dura
2836 4892 3091 4964 loqueris.

2305 4986 2394 5040 28.
2430 4987 2630 5041 Deinde
2659 5000 2782 5040 cum
2811 4984 3136 5054 aliquamdiu
3165 4992 3365 5038 starem
3393 5023 3408 5046 ,
3437 4981 3561 5036 dico
3593 4981 3828 5051 impera-

2236 5079 2340 5132 tori
2375 5097 2387 5133 :
2419 5078 2524 5133 Fac
2557 5094 2642 5133 me
2681 5093 2931 5134 securum
2975 5093 3072 5146 pro
3112 5085 3166 5130 te
3195 5075 3420 5138 offerre,
3454 5075 3688 5129 absolve
3719 5073 3829 5128 ani-

2237 5187 2383 5226 mum
2426 5187 2626 5226 meum.
2676 5173 2692 5206 ί
2736 5173 2868 5226 Cutn
2918 5169 3223 5232 assideret,
3269 5175 3687 5237 annueretque,
3728 5181 3828 5221 non

2237 5326 2739 5394 comprehenditur.
2785 5339 2852 5379 ex
2887 5338 2986 5378 ms.
3035 5321 3522 5394 reg.rrestitnitur.
3573 5319 3642 5394 Et
3677 5327 3831 5394 certe

2241 5388 2438 5465 praeter
2455 5396 2757 5466 argumenti
2779 5397 2996 5466 serium,
3015 5388 3535 5466 εἰιιῑιιζιιιιιίιιιξιιιιιιιθ
3559 5388 3828 5466 dictionis,

2239 5461 2400 5522 etiam
2434 5461 2553 5536 qua:
2587 5467 2842 5520 Paulinus
2866 5465 2934 5520 de
2958 5461 3416 5536 sanctiPrazsnlis
3447 5475 3570 5514 cum
3609 5462 3831 5536 impera-

2243 5548 2360 5593 tore
2409 5530 2475 5591 ac
2534 5536 2652 5606 ejus
2703 5537 3015 5606 purpuratis
3070 5534 3342 5602 colloquio
3370 5541 3680 5596 memorat,
3726 5530 3830 5582 hac

2241 5605 2597 5664 Ambrosiaua
2620 5623 2742 5662 esse
2775 5605 3120 5676 persuadent.

2319 5679 2337 5718 ί
2383 5679 2582 5749 Regius
2611 5678 2759 5741 cod.,
2783 5675 2910 5732 Cum
2934 5675 3180 5749 assideret
3204 5715 3222 5749 ,_
3242 5688 3343 5749 non
3373 5681 3545 5749 tamen
3568 5680 3827 5749 aperte...

2243 5753 2371 5805 dixit
2401 5739 2883 5805 se‘emmdoturum.
2921 5747 3072 5800 Stare
3095 5745 3243 5810 cmpi.
3271 5741 3434 5811 Lege,
3465 5739 3675 5795 Instare
3690 5740 3826 5810 arpi.
