4042 6174
241 224 373 278 1121

1423 212 1910 272 EPISTOLARUM
1950 212 2233 271 CLASSIS
2274 214 2312 267 1.

3397 211 3537 268 1122

238 353 414 395 tamen
448 351 638 408 :tpet‘le
680 339 1048 405 polliceretur,
1090 346 1251 407 atque
1291 351 1391 406 ego
1429 344 1657 400 starem,
1697 333 1832 388 dixit
1860 336 1913 394 A
1941 345 2111 389 totum
2167 331 2444 386 hominem
2494 329 2864 398 praecipitaret
2912 328 2964 382 in
3016 336 3288 383 mortem:
3337 339 3391 385 et
3436 331 3540 387 nisi
3601 386 3612 396 ,

241 448 300 487 se
344 429 756 484 emendaturum
800 430 1146 499 rescriptum.
1191 429 1388 484 Statim
1426 427 1607 482 dicere
1644 426 1782 494 coepi
1816 466 1830 488 ,

242 533 303 578 ut
330 539 544 580 omnem
585 523 946 594 cognitionem
991 523 1226 586 tolleret;
1256 533 1282 560 ἰ
1315 538 1382 577 ne
1420 522 1710 576 occasione
1748 534 1835 576 co-

238 615 496 686 gnitionis
537 629 722 669 comes
748 615 926 684 aliqua
958 613 1292 670 christianos
1316 622 1578 669 attereret
1607 611 1827 682 injuria.

141 721 144 726 '
241 707 496 762 Promisit
532 707 796 761 futurum.
838 705 940 761 Aio
981 705 1061 759 illi
1091 722 1105 761 :
1140 704 1255 776 Ago
1283 705 1389 760 ﬁde
1431 713 1541 769 tua;
1585 713 1643 760 et
1679 718 1829 774 repe-

241 801 333 853 tivi
359 818 370 852 :
401 800 517 869 Ago
546 797 650 854 ﬁde
676 808 785 852 tua.
815 797 842 836 δ
871 799 1007 868 Age,
1042 797 1236 868 inquit,
1265 797 1369 852 fide
1401 813 1542 852 mea.
1573 797 1641 851 Et
1668 797 1743 851 ita
1764 796 1833 851 ad

241 894 408 948 altare
429 891 659 956 accessi,
687 905 794 945 non
824 890 984 946 aliter
1013 905 1350 956 accessurus,
1387 889 1490 944 nisi
1519 888 1648 943 mihi
1677 889 1834 958 plene

243 985 602 1056 promisisset.
638 983 706 1038 Et
741 999 870 1038 vere
901 992 1044 1037 tanta
1072 982 1364 1037 oblationis
1392 981 1492 1036 fuit
1512 981 1686 1051 gratia
1717 1023 1729 1044 ,
1775 989 1836 1035 ut

241 1079 498 1132 sentirem
526 1075 691 1132 etiam
722 1075 838 1146 ipse
878 1089 998 1131 eam
1043 1075 1157 1130 Deo
1197 1082 1383 1128 nostro
1425 1076 1447 1101 °
1487 1071 1836 1126 commenda-

243 1173 433 1228 tiorem
465 1170 636 1226 fuisse
663 1171 912 1242 gratiam,
956 1180 1008 1224 et
1047 1170 1292 1224 divinam
1335 1169 1685 1238 prresentiam
1726 1181 1835 1222 non

241 1265 499 1320 defuisse.
529 1264 724 1319 Omnia
757 1264 938 1334 itaque
967 1279 1034 1319 ex
1061 1263 1331 1320 sententia
1359 1273 1512 1333 gesta
1543 1271 1689 1317 sunt.

244 1401 266 1435 ιι
312 1399 645 1456 EPISTULA
685 1399 938 1456 SYRlCll
979 1399 1182 1454 PAWE
1224 1400 1316 1454 AD
1356 1398 1838 1456 MEDIOLANEN-

745 1494 883 1549 δεδι
918 1493 1330 1566 ,Εεειιῑδιλιι

246 1611 666 1666 Μεάὶοιαηειιδεε
706 1610 853 1664 docet
893 1609 1087 1663 diaboli
1130 1611 1324 1678 factum
1350 1609 1575 1676 invidia,
1610 1619 1665 1663 ut
1694 1624 1839 1664 nocte

310 1706 530 1760 hwreses
565 1705 848 1774 irrepet-ent
884 1705 937 1758 in
973 1702 1282 1757 Ecclesiam.
1328 1703 1498 1768 Quam
1534 1703 1838 1772 perniciosa:

278 1824 286 1831 ο
313 1799 421 1852 illa:
449 1799 555 1851 sint
581 1839 595 1864 ,
622 1798 827 1868 prodit;
860 1806 907 1852 et
934 1797 987 1850 in
1013 1806 1262 1850 conventu
1288 1797 1637 1851 ecclesiastico
1657 1811 1837 1850 eorum

311 1901 546 1945 auctores
574 1931 588 1955 ,
628 1906 850 1960 quorum
885 1890 1194 1960 singillatim
1232 1891 1443 1944 nomina
1471 1900 1836 1958 recensentur,

311 1987 588 2040 damnatos
610 1985 788 2054 refert.

495 2122 512 2154 ι
548 2102 796 2158 Svntcws
829 2111 851 2137 ο
886 2100 1278 2156 Mediolanensi
1311 2100 1593 2155 Ecclesiae.

316 2197 364 2249 l.
401 2212 420 2245 ι
458 2193 713 2264 Optarem
743 2207 975 2262 semper,
1007 2192 1201 2246 fratres
1231 2191 1562 2259 charissimi,
1593 2191 1842 2246 dilectio-

236 2292 322 2344 nis
361 2297 417 2343 et
452 2288 602 2360 pacis
635 2296 832 2342 vestrae
873 2287 1177 2342 sinceritati
1206 2285 1402 2356 gaudia
1447 2287 1731 2352 nuntiare,
1768 2287 1840 2340 ita

237 2390 295 2434 ut
328 2379 566 2434 vicissim
596 2378 1030 2434 discurrentibus
1063 2378 1260 2432 litteris
1289 2376 1305 2414 ί
1338 2378 1620 2448 sospitatis
1643 2387 1840 2432 vestrae

155 2468 157 2470 ’
231 2473 554 2541 juvaremur
577 2470 804 2542 judicio.
839 2473 910 2526 At
934 2480 958 2517 8
992 2485 1124 2525 vero
1153 2472 1277 2541 quia
1305 2470 1472 2543 965.
1498 2486 1604 2525 non
1639 2472 1840 2541 patitur

234 2570 423 2636 quiete
452 2579 550 2618 nos
572 2579 766 2619 vacare
793 2564 863 2618 ab
891 2565 1208 2620 incursione
1232 2579 1326 2619 sua
1357 2565 1534 2620 hostis
1563 2566 1838 2636 antiquus,

235 2660 306 2714 ab
335 2658 494 2712 initio
526 2656 761 2713 mendax
783 2699 797 2722 ,
828 2658 1083 2713 inimicus
1109 2657 1374 2723 veritatis,
1409 2657 1636 2712 aemulus
1668 2657 1841 2712 homi-

236 2753 324 2806 nis
353 2793 366 2815 ,
400 2765 561 2820 quem
594 2757 650 2804 ut
679 2749 998 2820 deciperet,
1038 2766 1099 2806 sc
1123 2761 1251 2805 ante
1279 2750 1531 2820 decepit,
1566 2751 1840 2819 pudicitia:

235 2848 617 2911 adversarius,
648 2847 878 2902 luxuria:
907 2848 1187 2916 magister,
1224 2846 1640 2902 crudelitatibns
1669 2846 1842 2916 pasci-

238 2950 362 3006 tur,
389 2939 416 2976 ¹ι
455 2941 789 2996 abstinentia
835 2941 1088 3010 punitur,
1130 2941 1246 2995 odit
1278 2941 1482 3011 jejunia
1508 2983 1521 3004 ,
1577 2940 1842 2996 ministris

237 3034 354 3088 suis
382 3031 828 3102 przedicantibns,
856 3030 1022 3087 idum
1051 3031 1183 3086 dicit
1204 3048 1325 3088 esse
1355 3031 1655 3103 superﬂua,
1687 3047 1839 3103 spem

1940 429 2206 486 Dominus
2237 425 2478 481 Sabaoth
2507 423 2780 491 laqueum,
2815 437 2976 492 quem
3006 432 3352 492 paraverant,
3384 424 3540 478 diru-

1941 525 2130 593 pisset,
2159 533 2322 574 scena
2349 517 2481 571 tanti
2512 517 2662 581 ntali,
2698 524 2753 570 et
2777 514 3085 585 hypocrisis
3110 513 3381 584 publicata
3407 515 3545 570 mul-

1941 630 2119 672 torum
2154 611 2482 683 simplicium
2519 610 2684 665 corda
2734 609 2987 664 traxisset
3017 608 3073 664 in
3113 609 3367 671 ruinam;
3413 609 3543 678 quia

1937 708 2097 765 facile
2125 706 2194 762 ad
2227 705 2556 762 deteriorem
2591 711 2798 773 partem
2843 717 2995 758 mens
3040 701 3271 756 humana
3305 700 3542 755 traduci-

1938 811 2046 868 tur,
2081 800 2093 850 i
2144 799 2353 854 malens
2381 812 2480 868 per
2505 797 2748 867 spatiosa
2780 794 2967 850 volare
2995 835 3009 862 ,
3040 809 3204 864 quam
3240 808 3337 863 per
3375 804 3541 849 arcta:

1939 897 2041 951 viae
2072 895 2175 950 iter
2200 909 2325 948 cum
2355 891 2544 947 labore
2576 890 2834 946 transire.

2010 991 2062 1042 '5.
2104 1007 2122 1039 ι
2156 987 2270 1055 Qua
2298 986 2367 1041 de
2408 999 2469 1040 re
2497 985 2867 1039 necessarium
2896 982 3031 1038 satis
3062 981 3162 1036 fuit
3186 1023 3202 1050 ,
3241 980 3542 1038 dilectissi-
3623 1001 3628 1004 ·

1941 1081 2050 1145 mi,
2083 1093 2204 1149 quae
2250 1078 2337 1133 hic
2377 1085 2528 1148 gesta
2557 1087 2719 1140 sunt,
2751 1075 2818 1129 ad
2861 1081 3098 1129 vestram
3144 1071 3543 1130 conscientiam

1937 1171 2314 1245 cognoscenda
2341 1169 2629 1234 mandare;
2665 1184 2735 1224 ne
2767 1167 3068 1238 ignorantia
3098 1165 3408 1223 sacerdotis
3441 1181 3543 1221 cu-

1935 1265 2168 1334 juspiam
2195 1263 2556 1334 pessimorum
2586 1260 2865 1315 hominum
2901 1260 3204 1316 Ecclesiam
3234 1261 3546 1330 irrumpen-

1941 1359 2072 1412 tium
2103 1357 2204 1412 sub
2244 1357 2499 1426 religioso
2530 1355 2748 1409 nomine
2788 1355 3042 1426 contagio
3081 1354 3344 1423 violaret,
3383 1356 3528 1411 sicut

1939 1451 2194 1520 scriptum
2220 1456 2325 1513 est,
2359 1448 2591 1503 Domino
2621 1446 2842 1502 dicente
2870 1464 2883 1502 :
2910 1445 3068 1501 Multi
3104 1448 3316 1502 veniunt
3345 1447 3414 1500 ad
3444 1463 3534 1503 vos

1938 1545 1992 1596 in
2029 1542 2340 1596 vestimentis
2369 1542 2540 1594 ovium
2563 1580 2576 1604 ,
2605 1541 2746 1593 intus
2777 1548 2948 1594 autem
2977 1548 3100 1594 sunt
3125 1541 3239 1610 lupi
3280 1556 3496 1609 rapaces
3527 1555 3550 1596 :

1940 1652 1971 1688 a
2002 1633 2258 1703 fructibus
2285 1649 2463 1687 eorum
2485 1633 2799 1703 cognoscetis
2827 1649 2910 1686 eos
2943 1631 3159 1701 (Matth.
3184 1649 3280 1698 vn,
3307 1634 3398 1701 15,
3429 1632 3545 1703 16).

1867 1749 1914 1809 Β
1944 1726 1968 1764 ¹ί
2004 1727 2066 1781 lli
2106 1737 2236 1781 sunt
2271 1725 2530 1780 videlicet
2561 1764 2576 1791 ,
2609 1724 2702 1794 qui
2747 1725 2849 1779 sub
2875 1724 3108 1779 vestium
3135 1725 3346 1780 vilitate
3374 1725 3550 1782 chris-

1949 1822 2126 1877 tianos
2164 1834 2290 1876 sese
2327 1819 2574 1889 jactant;
2620 1826 2680 1872 ut
2713 1817 2815 1873 sub
2846 1818 3156 1873 velamento
3196 1817 3271 1888 pii
3311 1818 3552 1875 nominis

1945 1913 2300 1984 gradientes,
2350 1911 2568 1966 domum
2612 1910 2874 1965 orationis
2921 1909 3192 1982 ingressi,
3239 1925 3550 1967 sermonem

1947 2006 2276 2077 serpentium
2322 2004 2708 2075 diSputationis
2743 2002 3029 2059 eﬁ'undant
3071 2023 3084 2058 :
3128 2014 3184 2057 ut
3224 2005 3467 2076 sagittent
3496 2005 3552 2059 in

1948 2101 2165 2156 obscuro
2197 2110 2364 2154 rectos
2393 2099 2546 2152 corde
2577 2096 2765 2168 (Psal.
2801 2112 2855 2162 x,
2885 2096 2978 2166 5),
3011 2105 3174 2166 atque
3209 2094 3223 2132 ι
3261 2112 3290 2150 a
3319 2097 3552 2152 veritate

1945 2193 2214 2248 catholica
2249 2189 2570 2255 avertendo,
2601 2189 2666 2243 ad
2695 2202 2807 2242 suae
2834 2187 3099 2243 doctrinae
3125 2189 3333 2244 rabiem
3362 2189 3552 2244 diabo-

1945 2285 2051 2339 lico
2075 2298 2226 2338 more
2259 2282 2545 2337 traducant
2567 2321 2581 2345 ,
2610 2288 2773 2348 atque
2803 2277 2989 2333 ovium
3014 2278 3423 2348 simplicitatem
3452 2279 3552 2342 de:

1945 2377 2219 2432 fraudem.

2016 2471 2073 2525 4.
2115 2489 2132 2519 ‹
2172 2469 2241 2524 Ει
2268 2469 2486 2538 quidem
2520 2469 2816 2522 multarum
2846 2466 3117 2522 haeresum
3149 2467 3548 2538 malignitatem

1947 2574 1985 2600 ιη
2020 2563 2088 2618 ab
2109 2562 2375 2633 apostolis
2400 2576 2540 2617 nunc
2569 2575 2742 2630 usque
2770 2559 3090 2626 didicimus,
3109 2569 3160 2614 et
3181 2561 3394 2630 experti
3423 2577 3553 2630 pro-

1944 2657 2195 2712 bavimus
2246 2675 2258 2709 :
2315 2656 2413 2711 sed
2468 2670 2761 2726 numquam
2811 2663 2835 2689 ιι
2871 2654 3009 2709 tales
3064 2669 3231 2710 canes
3287 2654 3554 2712 Ecclesia:

1949 2749 2265 2820 mysterium
2314 2748 2601 2803 latratibus
2627 2746 3036 2818 fatigaverunt,
3069 2748 3260 2819 quales
3289 2749 3379 2805 isti
3407 2765 3552 2807 nunc

1948 2843 2127 2898 subito
2141 2844 2413 2911 irrumpen
2423 2850 2527 2908 tes,
2541 2841 2790 2896 doctrina
2808 2839 3050 2910 perfiditc
3065 2841 3349 2912 pullulata.
3365 2841 3554 2903 hostes

1949 2935 2117 3002 ﬁdei,
2159 2937 2249 3007 qui
2281 2936 2435 3006 cujus
2473 2936 2580 2991 sint
2611 2935 2909 3006 discipuli,
2953 2935 3243 2990 verborum
3284 2936 3554 2994 fructibus

1950 3030 2326 3099 prodiderunt.
2355 3029 2602 3100 Namque
2637 3044 2758 3085 cum
2785 3028 2878 3083 alii
2922 3028 3167 3085 haeretici
3200 3031 3413 3102 singula
3448 3032 3555 3089 sibi

237 3143 348 3182 non
383 3126 588 3181 habens
615 3125 684 3182 de
711 3125 930 3191 futuris,
965 3126 1212 3197 Apostoli
1245 3127 1516 3182 sententia
1549 3143 1840 3197 repercus—
1871 3152 1914 3212 ρ
1947 3140 2147 3195 genera
2190 3124 2556 3194 quaestionum
2588 3123 2729 3178 male
2772 3122 3134 3194 intelligendo
3163 3125 3554 3194 proposuerint

237 3235 336 3275 sus
366 3218 603 3275 dicentis
632 3237 645 3272 :
672 3218 1046 3274 Manducemus
1069 3228 1117 3272 et
1148 3218 1546 3281 bibamus;crus
1571 3222 1705 3274 enim
1733 3237 1840 3274 mo-

239 3312 438 3366 riemur
466 3310 527 3382 (l
556 3309 676 3364 Cor.
707 3326 836 3376 xxv,
867 3309 936 3365 ’52
957 3311 998 3381 ).

311 3404 367 3456 2.
420 3421 438 3453 ι
483 3403 526 3456 0
565 3402 754 3457 infelix
781 3401 1048 3458 audacia!
1083 3417 1115 3457 ο
1169 3401 1474 3472 ᾱεερετειιω
1516 3405 1716 3460 mentis
1751 3420 1841 3461 as-

237 3495 410 3552 tutia!
443 3493 561 3549 Jam
589 3494 897 3565 incognitus
929 3510 1110 3551 sermo
1140 3497 1518 3552 hrcreticorum
1559 3497 1700 3552 intra
1739 3498 1842 3553 Ec-

235 3587 463 3643 clesiam
498 3588 680 3643 cancri
712 3603 866 3642 more
892 3589 1147 3658 serpebat
1171 3631 1184 3656 ,
1219 3599 1277 3644 ut
1306 3605 1580 3661 occupans
1614 3601 1835 3661 pectus,

315 3714 340 3741 ιι
378 3703 724 3778 Βοιιιτθᾶίῑη
758 3721 820 3778 ne
841 3706 994 3777 hujus
1017 3707 1283 3760 occasione
1303 3707 1611 3778 c0gnitionis
1637 3710 1845 3762 comites

236 3777 417 3848 aliqua
446 3777 752 3848 christianos
770 3777 961 3848 injuria
978 3779 1264 3848 ofﬁcerent.
1293 3777 1538 3832 Promisit
1562 3781 1841 3848 facturum.

242 3847 418 3918 Magis
449 3845 656 3918 arridet
685 3845 848 3918 lectio
879 3863 980 3901 ius.
1014 3845 1179 3917 quam
1212 3859 1266 3902 et
1295 3845 1592 3916 sequimur.

318 3915 359 3955 δ’
390 3917 525 3984 Reg.
554 3915 700 3977 cod.,
733 3915 858 3985 Age,
887 3915 1069 3981 inquit.
1100 3918 1184 3970 Ita
1206 3919 1274 3970 ad
1294 3915 1486 3983 altare,
1514 3931 1618 3975 etc.

321 3999 342 4028 ε
377 3987 522 4057 Idem
549 4001 675 4046 ms.,
695 3988 1177 4041 commendatiorem
1199 3989 1377 4057 fuisse,
1399 4002 1444 4042 et
1465 3989 1713 4053 divinant,
1733 4003 1840 4048 etc.

315 4058 343 4094 ιι
385 4056 598 4126 Scripta
631 4066 862 4110 exeunte
894 4072 1034 4110 anno
1061 4056 1205 4124 589,
1243 4062 1323 4113 vel
1357 4061 1578 4115 ineunte
1604 4061 1730 4117 590.

320 4140 342 4164 θ
367 4128 426 4182 In
459 4128 646 4182 codice
675 4126 955 4182 Canouum
985 4129 1282 4184 etConstit.
1307 4129 1452 4184 Eccl.
1479 4131 1637 4186 Rom.
1671 4135 1842 4199 Ques-

242 4200 398 4256 nellii
427 4213 590 4267 opera
618 4199 850 4266 primum
873 4200 1126 4268 evulgato
1149 4201 1264 4253 hazc
1284 4209 1338 4254 et
1359 4215 1592 4270 sequens
1616 4205 1844 4270 epistola

241 4273 405 4328 editae
433 4281 557 4325 sunt
589 4285 710 4324 cum
737 4270 899 4323 variis
924 4271 1087 4324 etiam
1128 4271 1449 4325 lectionibus
1470 4313 1485 4336 ,
1529 4287 1651 4341 quae
1689 4273 1775 4327 hic
1817 4289 1846 4328 a

244 4343 404 4399 nobis
433 4341 849 4396 exhibebantur.
888 4341 1012 4396 Haec
1041 4356 1172 4410 ergo
1197 4341 1351 4397 istius
1395 4342 1538 4410 apud
1572 4342 1724 4396 illttm
1754 4343 1850 4398 ba-

244 4415 406 4468 betur
439 4413 716 4481 inscriptio
741 4455 754 4475 ,
788 4411 855 4485 ad_
887 4428 1059 4466 omnes
1095 4414 1358 4484 episcopos
1391 4412 1563 4468 Italia
1593 4413 1846 4485 (Thuan.

244 4499 375 4548 ms.,
407 4484 476 4536 ad
501 4485 730 4538 diversos
757 4481 1020 4554 episcopos
1045 4487 1064 4552 )
1108 4481 1275 4552 super
1293 4481 1676 4540 damnationem
1703 4485 1852 4541 Jovi-

246 4557 416 4618 niani,
429 4565 497 4628 ‘et
520 4557 840 4628 reliquorum
868 4555 1229 4628 luereticorum
1244 4624 1252 4628 _
1267 4557 1552 4628 virginitati
1597 4559 1853 4628 derogan-

252 4629 404 4680 tium.
422 4624 527 4680 Sed
552 4629 619 4680 ab
634 4626 1012 4695 edit.0perum
1039 4624 1850 4685 Ambr.etConciliorumLabb.

248 4699 304 4752 in
331 4697 531 4765 quibus
553 4698 694 4752 idem
719 4697 916 4750 lemma
946 4699 1264 4768 praeligitur,
1289 4714 1397 4753 non
1424 4701 1756 4756 recedimus.

331 4769 346 4806 τ
390 4769 622 4842 Quesn.,
655 4769 920 4842 sospitatis
949 4769 1456 4842 indiciojuvaretur.

325 4850 348 4887 8
392 4839 537 4894 Edit.
565 4837 752 4913 Atubr.
783 4849 839 4894 et
869 4837 1060 4906 Conc.,
1089 4837 1212 4913 quia
1241 4857 1342 4896 non
1363 4844 1562 4913 patitur
1589 4859 1680 4897 nos
1707 4845 1853 4913 quie-

251 4921 329 4964 tos
359 4912 424 4964 ab
454 4912 746 4965 incursione
763 4927 859 4965 sua
888 4925 1088 4966 vacare.
1126 4912 1218 4966 His
1249 4912 1461 4968 accedit
1509 4914 1643 4969 edit.
1693 4912 1848 4969 Rom.

253 4983 357 5037 nisi
402 4983 542 5052 quod
577 4997 673 5050 pro
722 4998 825 5036 non
879 4983 1000 5051 quia
1055 4985 1262 5051 posuit,
1315 5000 1615 5052 numquam.
1670 4985 1854 5040 Lectio

250 5055 453 5124 QueSn.
485 5053 802 5124 concinnior
828 5062 932 5117 est,
965 5069 1123 5124 quam
1148 5055 1547 5121 amplectimur.

321 5122 352 5161 h
393 5125 468 5178 Ita
501 5124 658 5178 Rom.
687 5123 820 5179 edit.
875 5133 930 5178 et
983 5122 1225 5191 Quesn.;
1259 5124 1382 5178 Vet.
1421 5137 1602 5180 autem
1634 5127 1766 5182 edit.
1801 5134 1856 5180 et

251 5197 446 5260 Conc.,
497 5197 802 5249 abstinentia
847 5196 1176 5264 puniendus;
1221 5195 1439 5264 quidam
1488 5197 1648 5250 Rom.
1705 5196 1852 5262 cod.,

251 5269 488 5338 punitur.
515 5337 520 5338 γ
549 5266 664 5319 Νοιι
691 5268 862 5338 male;
906 5282 1102 5338 verum
1137 5266 1478 5321 antecedenti
1509 5268 1778 5332 membro,
1811 5270 1856 5338 si

250 5337 379 5408 quid
404 5337 732 5406 conjecturis
766 5337 1195 5407 indulget-emus,
1229 5353 1326 5408 pro
1361 5351 1497 5392 voce
1527 5337 1855 5391 crudelitati-

252 5410 375 5473 bus,
412 5409 769 5464 libentissime
798 5424 1216 5476 reponeremus,
1250 5409 1716 5474 cruditatibus,cui
1741 5424 1851 5462 mu-

255 5481 444 5536 talioni
481 5480 806 5548 sull’ragatur
837 5490 891 5535 et
936 5494 1130 5534 sensus
1158 5480 1296 5534 ratio
1322 5491 1377 5535 et
1419 5482 1703 5550 scriptura:
1736 5479 1858 5533 affi-

255 5551 432 5618 nitas;
465 5551 607 5605 undc
639 5551 845 5605 similes
876 5551 1204 5618 scriptorum
1235 5553 1416 5619 lapsus
1462 5553 1516 5606 in
1550 5567 1679 5607 mss.
1715 5550 1856 5606 haud

254 5623 632 5694 infrequenter
647 5621 1130 5694 deprehendimus.

338 5693 355 5731 ί
403 5691 563 5748 Rom.
595 5692 727 5746 edit.
755 5692 901 5764 sola,
925 5691 1253 5764 eademdicit
1289 5708 1398 5745 esse
1423 5696 1710 5764 super/ina.
1750 5733 1760 5746 .
1788 5735 1799 5745 .
1839 5734 1854 5748 .

260 5765 510 5824 sententia
533 5778 824 5833 percussus.
853 5763 956 5820 Per
993 5763 1270 5821 ministros
1295 5763 1493 5820 autem
1524 5765 1727 5821 diaboli
1772 5765 1862 5822 hic

1880 4455 1932 4515 D

1948 3219 2260 3274 convellere
2303 3228 2466 3288 atque
2493 3232 2833 3288 concerpere
2865 3217 2934 3273 de
2964 3217 3166 3275 divinis
3196 3219 3558 3277 institutioni-

1949 3312 2047 3366 bus
2083 3329 2094 3366 :
2131 3311 2223 3366 isti
2255 3325 2360 3365 non
2395 3309 2658 3366 habentes
2689 3319 2896 3366 vestem
2928 3311 3224 3381 nuptialem
3251 3349 3268 3377 ,
3302 3313 3556 3370 sauciant

1948 3405 2272 3471 catholicos,
2305 3405 2426 3458 novi
2451 3419 2515 3459 ac
2543 3405 2746 3460 veteris
2773 3403 3137 3469 Testamenti,
3171 3413 3227 3460 ut
3256 3405 3394 3471 dixi,
3423 3421 3555 3462 con-

1951 3497 2234 3552 tincntiam
2277 3507 2687 3566 perverteutes,
2727 3509 2750 3531 υ
2783 3505 2836 3551 et
2862 3496 3026 3568 965
3055 3497 3250 3568 spiritu
3279 3498 3555 3556 diabolica

1949 3591 2415 3659 interpretantes,
2468 3587 2800 3644 illecebroso
2865 3599 3033 3657 atque
3105 3589 3232 3643 licto
3297 3604 3560 3648 sermone

1957 3706 2266 3760 indicantur
2316 3703 2665 3769 Joviuianus,
2724 3713 2779 3759 et
2823 3704 2941 3772 ejus
2983 3705 3241 3771 asseclac,
3294 3709 3559 3768 adversus

1953 3792 2184 3846 quorum
2217 3789 2434 3846 errores
2469 3777 2636 3830 libros
2662 3777 2799 3830 duos
2820 3816 2835 3840 ,
2879 3789 2948 3846 ac
2962 3784 3079 3846 tres
3109 3775 3403 3846 Apologias
3425 3796 3557 3836 con-

1955 3845 2174 3923 scripsit
2198 3845 2580 3916 Hieronymus.
2601 3846 2658 3900 lu
2683 3846 2900 3901 illorum
2917 3845 3180 3923 librorum
3198 3845 3405 3923 priore,
3433 3866 3557 3923 cap.

1951 3917 2007 3982 2,
2033 3917 2250 3992 eosdem
2266 3915 2483 3971 errores
2510 3926 2794 3992 enumerat
2810 3934 2822 3970 :
2837 3930 2973 3992 quos
2994 3915 3326 3992 Augustinus
3341 3915 3563 3992 quoque

1951 3987 2183 4042 strictim
2236 3997 2484 4060 recenset
2508 3988 2604 4042 lib.
2638 3988 2706 4042 de
2734 3987 3048 4060 Haeresibus
3070 3987 3234 4060 ,icap.
3267 3987 3373 4045 82f
3409 3987 3561 4050 Idem

1951 4067 2216 4185 prtetcrea
2261 4059 2424 4113 variis
2473 4060 2708 4128 Operum
2741 4074 2964 4113 suorum
3005 4058 3136 4114 locis
3183 4058 3383 4129 multa,
3438 4080 3563 4135 qua:

1984 4130 2218 4184 oviuiani
2252 4129 2499 4184 haresim
2529 4138 2802 4185 soectent.
2847 4129 3030 4185 tradit.
3065 4140 3122 4184 ut
3148 4143 3271 4185 nuta
3298 4134 3389 4185 lib.
3417 4150 3455 4185 ιι
3495 4137 3563 4185 de

1984 4130 2218 4184 oviuiani
2252 4129 2499 4184 hmresim
2529 4138 2802 4199 spectent,
2847 4129 3030 4195 tradit,
3065 4140 3122 4184 ut
3148 4143 3271 4200 puta
3298 4134 3389 4189 lib.
3416 4129 3472 4190 η’
3495 4137 3565 4192 de

1953 4202 2120 4271 Nupt.
2155 4209 2208 4256 et
2256 4201 2501 4273 floncup.
2532 4216 2654 4270 cap.
2685 4201 2783 4265 25,
2817 4216 2883 4273 ac
2918 4200 3020 4273 lib.
3075 4203 3329 4259 similiter
3351 4221 3420 4273 ιι,
3460 4221 3564 4263 nec

1959 4289 2065 4327 non
2098 4287 2218 4340 cap.
2248 4271 2320 4326 25
2357 4271 2620 4337 Retract.,
2650 4283 2815 4341 atque
2840 4271 2988 4326 alibi.

2035 4345 2046 4392 ι
2099 4343 2177 4397 lta
2217 4354 2327 4416 vel.
2351 4343 2483 4399 edit.
2515 4354 2675 4412 atque
2703 4343 2866 4416 etiam
2888 4343 3054 4416 Rom.
3085 4345 3188 4400 nisi
3219 4346 3363 4416 quod
3391 4349 3562 4406 verbo

1958 4416 2130 4468 volare
2161 4414 2439 4470 substituit
2487 4416 2774 4469 ambulare.
2804 4414 2974 4470 Labb.
3017 4424 3073 4470 et
3123 4414 3352 4484 Quesn.,
3385 4420 3562 4477 volens

1960 4503 2051 4556 per
2079 4487 2303 4559 spatiosa
2329 4487 2552 4555 volitare
2574 4503 2593 4541 .·
2641 4487 2787 4558 prior
2815 4487 2867 4541 in
2901 4501 3099 4558 marg.,
3154 4504 3243 4559 per
3279 4491 3564 4558 spatiosum

1955 4559 2092 4610 viam
2125 4558 2357 4612 volitare.
2892 4607 2899 4616 ,

2031 4626 2054 4664 ³(
2100 4627 2220 4681 Vet.
2247 4629 2407 4701 edit.,
2429 4631 2466 4682 ii
2488 4629 2594 4683 vid.
2647 4631 2736 4700 qui
2761 4632 2912 4701 quasi
2943 4630 3165 4686 utilitate
3189 4631 3381 4688 Christi
3412 4651 3564 4692 nosse

1954 4703 2256 4781 sejactant;
2286 4699 2444 4781 Rom.
2490 4710 2546 4756 et
2573 4699 2820 4781 Labb.,”
2854 4704 2940 4772 qui
2969 4702 3062 4755 sub
3098 4701 3422 4781 Christianos
3452 4722 3565 4762 sese

1948 4775 2189 4842 jactant:
2214 4773 2462 4842 omnium
2492 4774 2699 4841 optime
2729 4773 2935 4839 Quesu.
2969 4783 3027 4828 ut
3054 4788 3155 4828 nos
3186 4774 3240 4828 iu
3277 4783 3451 4831 textu.

2033 4838 2051 4876 ι
2095 4841 2295 4895 Omnes
2325 4841 2458 4895 edit.
2481 4838 2546 4896 ac
2570 4838 2830 4898 Labbfin
2863 4853 3015 4898 textu
3043 4886 3059 4911 ,
3094 4847 3356 4899 veritatem
3383 4848 3563 4903 catho-

1957 4911 2108 4982 licam
2141 4911 2411 4982 vertendo,
2463 4911 2626 4968 Rom.
2680 4915 3057 4982 pervertendo:
3110 4917 3393 4972 nobiscum
3431 4935 3564 4976 vero

1957 4981 2357 5058 faciun_t__Labb_.
2389 4981 2442 5036 in
2474 4981 2739 5054 margine,
2763 4993 2827 5058 et
2850 4985 3053 5052 Quesn.
3089 4987 3142 5041 in
3165 5001 3430 5058 corpore,
3458 4992 3564 5047 nisi

1957 5053 2100 5122 quod
2134 5052 2226 5107 ille
2248 5052 2411 5122 legit,
2444 5052 2826 5108 antevertendo.

2030 5134 2067 5160 ω
2097 5124 2257 5178 Rom.
2285 5123 2417 5196 edit.
2449 5135 2506 5178 et
2526 5124 2698 5181 Labb.
2718 5127 2770 5180 in
2795 5141 2988 5196 marg.,
3015 5130 3079 5183 ab
3099 5131 3402 5196 apostolicis
3430 5149 3566 5188 nunc

1959 5212 2118 5267 usque
2148 5195 2485 5264 temporibus.
2508 5196 2579 5252 At
2622 5197 2882 5252 continuo
2908 5195 3062 5267 post,
3089 5195 3179 5254 ubi
3213 5202 3404 5257 eadem
3427 5204 3562 5260 edit.

1961 5266 2116 5343 Rom.
2139 5282 2272 5343 cum
2302 5267 2470 5343 Labb.
2503 5277 2558 5322 et
2584 5267 2786 5336 Quesn.
2828 5266 3023 5337 habet,
3051 5271 3378 5341 probavimus
3405 5318 3419 5343 ,
3447 5286 3558 5333 vet.

1960 5339 2093 5393 edit.
2133 5337 2348 5404 ferunt,
2382 5339 2763 5410 abrogavimus.

2033 5419 2059 5446 ιι
2101 5410 2312 5490 Thuan.
2339 5411 2487 5490 cod._,
2521 5412 2648 5467 tales
2670 5410 2916 5490 Ecclesia:
2945 5421 3100 5484 myst.
3131 5415 3350 5490 latratus
3375 5420 3568 5490 fatiga-

1959 5491 2099 5554 runt.
2135 5481 2200 5535 Et
2233 5497 2339 5537 non
2371 5485 2539 5538 multo
2565 5496 2716 5554 post,
2751 5483 2842 5538 ubi
2862 5497 2963 5538 nos
2982 5481 3104 5539 cum
3130 5481 3569 5554 Quesn.,'pul'lu-

1963 5553 2083 5636 lata:
2176 5561 2284 5606 vet.
2309 5554 2465 5636 pedit.
2486 5553 2571 5636 _et'
2600 5556 2770 5612 Labb.
2803 5564 3045 5626 ponunt,
3081 5557 3316 5625 oolluta;
3346 5553 3567 5636 ’Rom.,

1964 5623 2186 5693 polluti;
2217 5623 2551 5679 meliuscule.

2037 5704 2060 5728 0
2107 5692 2174 5746 Et
2202 5695 2673 5776 spirituaiabolicc
2729 5702 3118 5773 interpretantes
3165 5717 3234 5760 ex
3284 5702 3456 5763 Labb.
3513 5717 3570 5770 et

1965 5763 2173 5831 Quesn.
2203 5763 2563 5828 restituimus.
