4040 6166
539 178 670 233 1127

1864 166 2112 226 SANCTI
2151 165 2479 226 AMBROSII

3703 176 3842 232 “28

527 303 738 364 partum
769 293 926 347 Anna
949 291 1110 347 vidua
1133 292 1483 363 subrogetur,
1508 305 1622 360 qua:
1645 290 1842 344 vixerat
1868 307 1985 343 cum
2021 289 2132 343 viro
2158 283 2210 344 A
2239 293 2413 341 tectus
2451 295 2534 340 est
2561 328 2575 352 ,
2632 294 2686 342 et
2737 286 2915 342 nudus
2937 328 2952 354 ,
2983 295 3037 342 et
3068 295 3216 358 patet
3250 286 3480 343 vulneri.
3520 288 3767 359 Denique
3799 291 3847 347 si

527 403 623 441 suo
650 387 806 440 annis
834 394 1025 454 septem
1049 401 1080 437 a
1110 383 1405 456 virginitate
1429 401 1545 449 sua,
1576 394 1625 438 et
1653 385 1760 438 haec
1788 383 1946 437 vidua
1972 399 2134 437 anno-

529 493 648 531 rum
676 477 937 546 octoginta
955 485 1202 543 quatuor,
1222 491 1338 544 qua:
1361 490 1466 529 non
1499 473 1792 528 discedebat
1821 475 1883 528 de
1909 475 2096 544 templo
2115 515 2130 540 ,

530 570 744 639 ieiuniis
761 577 809 622 et
838 568 1276 624 obsecrationibus
1298 570 1523 624 serviens
1543 569 1627 622 die
1654 584 1714 621 ac
1739 566 2051 644 nocte(Luc.
2070 583 2132 633 ll,

533 663 624 730 36,
651 663 767 732 37).

603 773 658 827 9.
690 755 762 811 Et
783 756 981 814 merito
1011 756 1079 811 ab
1109 756 1220 812 illis
1245 755 1483 811 viduitas
1519 754 1854 825 despicitur,
1885 768 2007 825 quae
2048 767 2136 807 so-

530 849 606 904 let
635 849 935 904 observare
967 857 993 885 α
1017 849 1248 920 jejunia,
1280 834 1478 920 quibus
1503 862 1565 903 se
1615 846 1800 902 dolent
1832 846 1923 902 isti
1949 845 2135 914 aliquo

540 949 792 1010 tempore
807 951 1275 1008 essemaceratos,
1301 940 1650 1010 etpropriam
1682 940 2022 995 ulciscuntur
2054 939 2136 992 in-

526 1035 748 1104 juriam,
775 1034 1105 1106 quotidianis
1127 1048 1346 1105 quoque
1373 1032 1645 1090 conviviis
1673 1047 1878 1103 usuque
1905 1030 2136 1086 luxuriae

536 1127 777 1184 laborem
807 1129 1155 1185 abstinentia:
1199 1128 1524 1199 propulsare
1559 1126 1894 1183 desiderant.
1925 1126 2028 1194 Qui
2056 1127 2139 1179 ni-

537 1222 614 1280 hil
643 1224 846 1280 rectius
874 1223 1125 1290 faciunt,
1157 1239 1318 1294 quam
1353 1221 1498 1293 quod
1523 1223 1624 1292 ipsi
1656 1236 1757 1276 suo
1797 1235 1858 1276 se
1884 1235 1982 1276 ore
2006 1233 2138 1276 con-

531 1315 820 1373 demnant.

609 1409 697 1464 10.
725 1407 754 1446 δ
782 1407 890 1465 Sed
919 1417 976 1464 et
1001 1419 1250 1466 metuunt
1274 1425 1342 1465 ne
1375 1410 1427 1464 in
1461 1409 1579 1464 istis
1601 1407 1736 1464 illud
1754 1406 2020 1478 jejunium
2053 1421 2138 1462 re-

533 1508 772 1572 putetur.
807 1501 1023 1570 Eligant
1053 1501 1197 1572 quod
1241 1502 1432 1558 volunt
1462 1518 1476 1555 :
1513 1501 1561 1556 si
1595 1499 1894 1570 aliquando
1919 1499 2139 1569 jejuna-

529 1593 727 1660 verint,
765 1601 958 1663 gerant
1007 1609 1143 1663 ergo
1189 1594 1317 1648 boni
1361 1593 1486 1649 facti
1515 1594 1597 1648 sui
1629 1593 2007 1664 paenitentiam
2039 1608 2052 1645 :
2087 1590 2138 1646 si

2232 376 2405 432 Adam
2441 393 2501 433 se
2534 377 2764 434 texisset
2792 379 2847 434 in
2865 379 3100 450 jejunio,
3122 395 3233 435 non
3253 379 3446 436 fuisset
3470 380 3644 452 969
3672 379 3700 418 ἀ
3733 399 3840 438 nu-

2234 471 2336 528 dus
2356 472 2580 528 effectus
2606 472 2766 544 (Gen.
2797 489 2877 541 nt,
2909 474 2996 546 7)-
3025 473 3217 530 Ninive
3244 491 3302 531 se
3347 490 3377 530 a
3407 486 3584 530 morte
3624 475 3846 546 jejunio

2237 564 2495 620 liberavit
2523 565 2541 634 (
2570 565 2726 622 Jona:
2756 583 2831 634 tn,
2867 566 2946 638 5).
3003 567 3072 623 Et
3118 569 3232 638 ipse
3281 568 3540 624 Dominus
3567 568 3683 623 ait:
3719 567 3851 624 Non

2233 659 2471 730 ejicietur
2495 659 2592 713 hoc
2613 676 2774 730 genus
2803 661 3198 729 dwmoniorum,
3226 660 3329 716 nisi
3358 677 3451 731 per
3483 661 3776 716 orationem
3803 671 3853 716 et

2228 751 2498 821 jejunium
2533 751 2754 820 (Matth.
2781 769 2911 820 xvn,
2943 752 3060 822 20).

2313 843 2400 897 l2.
2431 844 2538 899 Sed
2569 845 2696 915 quid
2731 846 2884 916 plura
2920 846 3063 917 apud
3109 848 3428 919 magistrum
3459 858 3627 921 atque
3652 850 3851 908 docto-

2238 939 2392 994 rem?
2421 954 2544 994 eum
2573 939 2683 1010 jam
2715 951 2737 978 ε
2760 941 2982 1012 dignum
3007 943 3286 1012 prtemium
3317 944 3700 1000 retulerintilli
3727 960 3852 1016 per-

2238 1031 2382 1088 fidiae
2412 1048 2545 1100 suae,
2576 1033 2672 1104 qui
2716 1033 2840 1089 ideo
2887 1049 3059 1105 usque
3099 1034 3204 1091 huc
3263 1046 3570 1104 venerunt,
3627 1053 3698 1094 ne
3747 1055 3844 1094 su-

2242 1134 2484 1196 peresset
2512 1126 2686 1194 locus,
2706 1129 2760 1182 in
2786 1142 2894 1198 quo
2917 1143 3023 1182 non
3049 1127 3470 1194 damnarentur;
3500 1127 3592 1201 qui
3627 1146 3757 1187 vere
3788 1146 3852 1187 se

2246 1219 2266 1255 τ
2296 1219 2627 1276 Manichteos
2658 1221 3066 1290 probaverunt,
3101 1237 3208 1277 non
3237 1221 3529 1279 credentes
3566 1223 3695 1294 quia
3727 1234 3752 1271 ε
3781 1239 3851 1279 ex

2243 1313 2462 1385 Virgine
2490 1314 2677 1384 utique
2697 1314 2959 1370 venisset.
2985 1314 3244 1383 Quaenam
3273 1314 3388 1370 hmc
3409 1325 3494 1371 est
3522 1329 3732 1387 suppar
3752 1331 3852 1370 no-

2241 1422 2432 1462 verum
2461 1406 2774 1462 Judteorum
2799 1408 3074 1463 amentia?
3103 1407 3160 1464 Si
3194 1410 3414 1465 venisse
3442 1424 3554 1466 non
3579 1409 3849 1477 creditur,

2242 1516 2344 1557 nec
2368 1516 2590 1558 carnem
2632 1501 2874 1557 creditur
2901 1502 3208 1573 suscepisse
3241 1520 3258 1559 :
3297 1517 3430 1574 ergo
3482 1504 3538 1559 in
3588 1503 3850 1574 phantas-

2243 1602 2388 1650 mate
2417 1593 2568 1649 visus
2599 1601 2716 1658 est,
2752 1593 2804 1648 in
2839 1593 3223 1663 phantasmate
3263 1595 3555 1651 cruciﬁxus
3590 1604 3700 1652 est.
3736 1596 3846 1653 Sed

535 1700 856 1756 numquam,
887 1701 1044 1741 suam
1075 1701 1206 1757 ergo
1253 1687 1357 1757 ipsi
1387 1689 1865 1757 intemperantiam
1896 1695 1952 1743 et
1976 1687 2132 1742 luxu-
2161 1665 2212 1726 Β
2240 1685 2467 1742 nobisin
2496 1686 2726 1741 veritate
2746 1685 3154 1753 cruciﬁxusest,
3191 1687 3244 1742 in
3272 1689 3504 1744 veritate
3528 1689 3845 1761 redemptor

535 1781 674 1835 riam
718 1780 1103 1836 confiteantur.
1126 1793 1147 1821 ε
1180 1782 1246 1836 Ει
1273 1782 1398 1838 ideo
1422 1782 1612 1838 dicunt
1639 1783 1865 1838 Paulum
1903 1781 2142 1848 luxuriae,

539 1871 858 1942 magistrum
889 1871 1082 1928 fuisse.
1112 1874 1188 1928 At
1223 1873 1344 1944 quis
1373 1874 1481 1930 erit
1509 1874 1822 1930 sobrietatis
1855 1873 2133 1946 magister,

534 1961 580 2017 si
605 1961 706 2017 fuit
736 1962 827 2018 ille
857 1963 1112 2034 luxuriae,
1143 1965 1234 2036 qui
1281 1965 1572 2037 castigavit
1613 1981 1813 2036 corpus
1857 1983 2013 2022 suum
2034 2007 2050 2033 ,
2081 1975 2137 2023 et

535 2058 790 2115 servituti
819 2057 1052 2128 redegit,
1084 2066 1249 2129 atque
1289 2057 1516 2128 jejuniis
1571 2061 1758 2115 multis
1789 2076 1848 2115 se
1893 2059 2132 2117 debitam

537 2149 758 2207 Christo
799 2150 1208 2207 observantiam
1251 2150 1517 2208 detulisse
1563 2152 1888 2210 memoravit
1927 2153 2131 2224 (ICor.

537 2259 610 2310 lx,
640 2242 761 2314 27);
787 2258 896 2298 non
920 2251 978 2298 ut
1006 2257 1067 2299 se
1096 2257 1306 2314 suaque
1341 2242 1618 2310 laudaret,
1644 2244 1740 2300 sed
1777 2253 1837 2299 ut
1867 2260 1968 2303 nos
2007 2246 2136 2317 quid

532 2352 912 2409 sequeremur,
965 2336 1270 2393 edaceret?
1325 2338 1420 2394 Ille
1468 2353 1603 2410 ergo
1625 2339 1896 2394 luxuriam
1927 2340 2134 2406 docuit,

533 2431 626 2502 qui
657 2432 732 2486 ait
765 2450 779 2485 :
823 2431 963 2497 Quid
991 2433 1162 2486 adhuc
1197 2433 1335 2486 velut
1360 2432 1585 2487 viventes
1610 2432 1674 2487 de
1697 2432 1797 2488 hoc
1824 2434 2021 2488 mundo
2049 2433 2138 2488 de—

542 2530 797 2585 cernitis?
827 2527 912 2584 Ne
939 2530 1228 2600 tetigeritis,
1271 2545 1334 2582 ne
1360 2529 1788 2583 attaminaveritis
1820 2571 1833 2594 ,
1866 2546 1931 2584 ne
1953 2538 2137 2602 gusta-

535 2624 734 2688 veritis,
763 2637 879 2692 quae
905 2631 1025 2676 sunt
1054 2623 1229 2676 omnia
1258 2621 1311 2674 in
1339 2621 1688 2691 corruptelam
1716 2620 1785 2693 (ll
1809 2619 1932 2677 Cor.
1955 2621 2138 2690 v1,5)?

537 2715 640 2782 Qui
660 2715 823 2769 etiam
843 2714 918 2768 ait
943 2731 955 2766 :
980 2712 1104 2768 Non
1121 2716 1176 2768 in
1200 2714 1520 2783 indulgentia
1557 2715 1810 2782 corporis,
1844 2715 2019 2769 nonin
2046 2715 2138 2771 lto-

535 2823 660 2862 nore
689 2807 865 2875 aliqua
894 2807 962 2859 ad
985 2808 1310 2860 saturitatem
1330 2815 1377 2859 et
1407 2806 1725 2876 diligentiam
1745 2808 1938 2873 carnis,
1963 2812 2137 2864 nonin

537 2897 813 2953 desideriis
843 2897 1035 2952 erroris
1061 2913 1079 2950 :
1101 2896 1191 2952 sed
1213 2897 1267 2950 in
1290 2896 1518 2966 Spiritu,
1533 2913 1634 2968 quo
1652 2914 1983 2968 renovamur,
2016 2917 2138 2959 esse

538 2989 838 3045 vivendum
874 2987 1101 3056 (Coloss.
1135 3005 1197 3056 tt,
1229 2988 1299 3045 19
1325 2998 1375 3044 et
1401 2988 1560 3060 seq.).

607 3083 696 3138 ll.
726 3082 786 3138 Si
832 3097 1020 3150 parum
1050 3091 1135 3137 est
1179 3083 1325 3153 quod
1364 3083 1663 3154 Apostolus
1701 3086 1876 3153 dixit,
1915 3089 2138 3146 audiant

536 3173 866 3244 Prophetam
892 3157 1164 3229 dicentem
1191 3189 1205 3229 :
1238 3173 1304 3228 Et
1330 3176 1574 3246 coeperui
1597 3177 1650 3230 in
1671 3179 1879 3251 jejunio
1908 3182 2136 3238 animant

535 3266 898 3339 meam(Psal.
935 3282 1123 3334 vant,
1155 3267 1210 3321 ll
1242 3267 1296 3339 ).,
1321 3266 1466 3338 Ergo
1497 3268 1586 3338 qui
1632 3284 1740 3324 non
1774 3270 2015 3341 jejunat,
2049 3275 2168 3360 in-.

533 3392 644 3440 vet.
677 3383 814 3439 edit.
846 3399 907 3439 ac
920 3383 1091 3440 Labb.
1106 3425 1119 3449 ,
1142 3384 1283 3453 virgo
1305 3383 1934 3452 Hebrworum,nimirum
1956 3406 2115 3448 soror

2243 1787 2430 1834 noster
2451 1789 2554 1834 est.

2311 1873 2400 1927 l5.
2437 1870 2768 1927 Manichacus
2829 1881 2914 1927 est
2961 1873 3053 1943 qui
3117 1873 3353 1944 abnegat
3394 1874 3712 1944 veritatem,
3747 1878 3845 1946 qui

2251 1979 2476 2020 carnem
2507 1962 2708 2020 Christi
2733 1974 2896 2035 negat
2918 1981 2933 2029 ς
2955 1976 3011 2021 et
3040 1964 3165 2021 ideo
3195 1981 3304 2022 non
3335 1977 3421 2023 est
3443 1967 3554 2022 illis
3591 1967 3849 2025 remissio

2239 2065 2591 2127 peccatorum
2627 2073 2641 2110 :
2673 2057 2767 2112 sed
2799 2066 2885 2112 est
2913 2058 3166 2128 impietas
3193 2057 3617 2115 Manichaeorum
3647 2100 3663 2126 ,
3684 2076 3848 2131 quam

2243 2157 2300 2205 et
2326 2147 2354 2184 ιι
2383 2149 2851 2205 clementissimus
2877 2159 3195 2206 exsecratus
3210 2151 3630 2222 estimperator,
3657 2161 3711 2208 et
3726 2167 3848 2208 om-

2244 2259 2344 2300 nes
2371 2245 2463 2316 qui
2494 2243 2620 2300 illos
2660 2243 2914 2299 viderunt
2950 2245 3106 2314 quasi
3135 2244 3389 2317 [quaedam
3419 2247 3674 2317 contagia
3701 2247 3848 2303 refu-

2237 2350 2468 2412 gerunt;
2499 2340 2644 2396 sicut
2687 2347 2856 2395 testes
2899 2347 3028 2394 sunt
3078 2338 3276 2394 fratres
3312 2348 3369 2396 et
3408 2341 3847 2413 compresbyteri

2239 2435 2412 2490 nostri
2435 2432 2750 2500 Crescens,i
2772 2431 3171 2502 LeOpardus,et
3185 2432 3730 2502 Alexander,sancto
3745 2435 3847 2491 fer-

2239 2542 2431 2589 ventes
2449 2531 2683 2602 Spiritu,
2703 2530 2797 2601 qui
2821 2545 2917 2586 eos
2945 2530 3186 2585 omnium
3207 2531 3589 2586 exsecratione
3616 2531 3844 2587 damna-

2241 2623 2748 2693 tos,lllediolanensi
2773 2637 2836 2677 ex
2853 2621 3018 2677 urbe]
3042 2622 3197 2692 quasi
3220 2621 3481 2692 profugos
3499 2624 3837 2692 repulerunt.

2311 2719 2400 2773 ﬂ.
2415 2714 2985 2788 ItaqueJovinianum,
3003 2712 3358 2781 Auxentium,
3377 2710 3843 2784 Gerniinatorem,

2241 2810 2483 2866 Felicem
2505 2851 2519 2872 ,
2552 2808 2821 2864 Plotinum
2843 2847 2857 2872 ,
2891 2805 3198 2871 Genialem,
3247 2806 3576 2862 Martianum
3598 2849 3615 2873 ,
3647 2807 3845 2863 Janua-

2241 2903 2407 2969 rium,
2449 2909 2506 2957 et
2541 2899 2916 2972 Ingeniosum,
2955 2913 3092 2970 quos
3133 2898 3392 2954 sanctitas
3418 2909 3505 2954 tua
3528 2899 3840 2966 damnavit,

2242 2995 2389 3052 scias
2413 2994 2554 3064 apud
2574 3007 2674 3048 nos
2693 3007 2909 3063 quoque
2937 2991 3238 3047 secundum
3264 2991 3530 3060 judicium
3555 3003 3704 3048 tuum
3722 3009 3844 3051 esse

2244 3089 2549 3144 damnatos.
2566 3084 2896 3142 Incolumem
2921 3093 2972 3138 te
2991 3091 3048 3140 et
3072 3083 3525 3139 ﬂorentissimum
3544 3084 3694 3141 Deus
3717 3101 3840 3142 nos-

2243 3189 2326 3238 ter
2365 3189 2581 3236 tueatur
2610 3178 2982 3248 omnipotens,
3013 3177 3238 3234 domine
3257 3176 3616 3235 dilectissime
3647 3178 3837 3237 frater.

2315 3272 2338 3310 ¹ί
2371 3274 2504 3330 Item
2524 3271 2876 3341 subscriptio.

2286 3394 2314 3432 ιι
2354 3392 2642 3461 Quodnam
2689 3389 3038 3459 imperatoris
3086 3390 3326 3447 edictum
3380 3391 3470 3447 hic
3523 3391 3835 3457 indicetur,

533 3455 754 3535 gloysis.
789 3456 998 3535 _Rursus
1025 3471 1156 3535 vero
1186 3456 1280 3535 ubi
1303 3457 1604 3535 vetr‘ediL,
1635 3460 1790 3535 virgo
1807 3465 2029 3535 generis,
2063 3475 2120 3520 et
2221 3455 2537 3535 ambiguum
2571 3471 2674 3535 est.
2703 3455 3258 3535 occurritntquidem
3284 3471 3396 3535 tres
3424 3463 3579 3534 leges
3609 3464 3668 3518 in
3699 3455 3835 3519 Cod.

530 3526 691 3604 item.
712 3571 726 3593 ,
751 3527 900 3604 virga
924 3528 1062 3604 regis
1083 3544 1107 3604 ;_
1131 3527 1301 3604 Labb.
1335 3538 1390 3604 e_t
1417 3528 1620 3604 Q_ue_su.
1657 3526 1860 3604 rectius
1907 3526 2120 3604 legunt,

530 3599 672 3681 virgo
699 3600 882 3726 regi”.
901 3608 961 3653 ut
986 3598 1312 3681 Ambrosius
1356 3598 1410 3654 in
1445 3598 1674 3655 Exhort.
1709 3601 1777 3656 ad
1815 3598 2026 3677 Virgin.
2069 3598 2125 3662 et

530 3671 629 3726 ltb.
659 3670 728 3725 de
781 3679 932 3726 nsttt.
968 3669 1114 3726 Vtra.
1149 3685 1257 3725 non
1281 3671 1474 3726 semel.

530 3669 629 3726 lib.
659 3670 728 3725 de
755 3669 932 3726 lnstit.
968 3669 1114 3740 Virg.
1149 3685 1257 3725 non
1281 3671 1474 3727 semel.

601 3751 626 3779 ει
647 3742 803 3811 Quod
826 3741 1150 3798 Ambrosius
1175 3741 1521 3797 Jovinianum
1543 3743 1774 3820 ejusque
1795 3748 2126 3820 sociosjeju-

449 3879 456 3882 _
527 3815 634 3890 niis
661 3828 886 3890 carnem
911 3828 1412 3890 suam__ma_cerasse
1467 3816 1828 3890 testificatur,
1857 3834 1923 3874 eo
1953 3815 2128 3890 respi-

525 3886 620 3948 cit,
646 3885 790 3955 quod
817 3885 1155 3955 aliquamdiu
1183 3887 1234 3940 in
1258 3887 1597 3942 monasterio
1616 3885 2129 3947 Mediolanisanc'tis

528 3956 975 4033 illis_exerci_t_i_is
1018 3970 1239 4026 operam
1270 3955 1570 4033 dederant,
1600 3975 1834 4028 quorum
1887 3976 1982 4017 eos
2019 3963 2131 4033 jam

527 4025 1014 4100 pmniteret._ilinc
1043 4025 1129 4084 est
1160 4029 1305 4100 quod
1334 4025 1727 4100 Epicureorum
1761 4033 1982 4086 nomine
2000 4025 2130 4088 s'ub-

529 4094 684 4172 inde_
699 4098 1075 4172 appellantur_
1089 4101 1159 4153 ab
1175 4094 1520 4171 ~Hieronymo
1547 4111 1602 4156 et
1634 4101 1965 4172 Augustino.

543 4239 554 4250 .
598 4165 879 4250 {Quesn.,
906 4171 1013 4226 Sed
1043 4169 1208 4226 Deum
1236 4165 1498 4238 metuant,
1532 4188 1594 4226 ne
1638 4174 1691 4226 in
1720 4165 1843 4229 istis
1891 4174 2027 4228 illud
2048 4179 2132 4247 je-

523 4255 738 4309 juntum
765 4251 990 4310 reputet.

613 4320 637 4380 ἒ
669 4311 815 4367 Idem
843 4313 1077 4380 Quesn.,
1106 4322 1152 4367 et
1177 4314 1331 4368 iidem
1352 4315 1525 4367 dicant
1547 4313 1797 4368 Paulum.

601 4379 628 4457 fl
659 4379 1248 4457 Quesn.sol‘us,nudus
1279 4388 1486 4457 ejectus.
1509 4386 1853 4457 At'continuo
1870 4396 1991 4456 post
2016 4395 2126 4442 vet.

530 4451 660 4528 edit.
685 4451 898 4526 ponunt
915 4453 1182 4528 :_Niniven
1205 4451 1352 4528 amor
1368 4456 1561 4528 jejunii
1583 4455 1814 4528 liberavit
1838 4451 1964 4522 {ubi
1984 4457 2127 4513 idem

527 4522 729 4591 Quesn.
774 4541 898 4582 eum
927 4526 1087 4580 Rom.
1120 4534 1176 4581 et
1203 4522 1383 4582 Labbi
1418 4522 1549 4597 legit
1569 4567 1583 4589 .
1613 4536 1671 4580 ut
1697 4526 1749 4580 in
1774 4538 2054 4583 contextu.

604 4605 627 4631 ο
659 4598 893 4667 Quesn.,
923 4598 1145 4670 dignum
1175 4598 1489 4669 pretium...
1525 4597 1643 4651 ideo
1671 4597 1773 4651 Imc
1810 4614 2016 4670 quoque
2043 4615 2128 4654 ve-

531 4681 714 4724 nerunt
721 4711 734 4724 .

613 4741 632 4780 ί
665 4741 932 4798 Baronius
970 4741 1039 4796 ad
1094 4755 1293 4796 annum
1341 4741 1446 4797 389
1478 4741 1581 4797 hoc
1621 4740 1797 4796 sancti
1849 4741 2127 4798 Ambrosii

528 4817 653 4872 loco
682 4815 893 4878 fretus,
938 4811 1290 4884 Jovinianum
1335 4811 1420 4884 his
1466 4814 1803 4884 temporibus
1847 4813 2028 4884 aliqua
2063 4828 2130 4868 ex

527 4895 683 4958 parte
705 4885 1080 4958 sensissecum
1104 4883 1414 4958 Maniehaeis
1437 4883 1695 4940 afﬁrmat.
1717 4883 2122 4958 verumtamen

526 4954 650 5014 cum
699 4956 1017 5012 Jovinianus
1066 4955 1374 5022 catholicis,
1410 4970 1479 5012 ex
1529 4971 1596 5011 eo
1638 4954 1785 5026 quod
1833 4956 2123 5026 Deiparam

524 5031 692 5086 etiam
739 5037 861 5098 post
889 5036 1104 5098 partum
1148 5026 1518 5098 virginitatem
1565 5043 1720 5082 suam
1763 5041 2128 5082 conservasse

525 5097 943 5172 profiterentur,
998 5097 1327 5172 calumniam
1394 5098 1660 5172 lneresis~
1696 5097 2124 5172 Manichaeorum

519 5168 810 5238 conflaret,
857 5171 939 5226 uti
990 5169 1135 5240 apud
1188 5171 1572 5240 Augustinum,
1607 5170 1705 5224 lib.
1767 5185 1782 5223 ι
1828 5170 1884 5240 in
1913 5168 2120 5223 Julian.

523 5258 647 5310 cap.
683 5243 741 5305 2,
776 5243 958 5310 legere
996 5239 1108 5306 est;
1169 5242 1341 5295 multo
1385 5240 1703 5297 credibilius
1751 5239 1964 5296 videtur
2010 5254 2119 5293 non

521 5312 671 5368 aliud
726 5311 1021 5368 Joviniano
1065 5313 1149 5368 hic
1195 5311 1357 5381 objici
1388 5326 1413 5363 a
1450 5322 1642 5366 sancto
1670 5313 1922 5376 Hectore,
1956 5325 2119 5381 quam

520 5383 966 5440 consecutionem
993 5398 1061 5438 ex
1092 5383 1210 5452 ejus
1239 5380 1550 5446 erroribus,
1581 5393 1638 5436 ut
1670 5384 1720 5435 in
1757 5380 2122 5452 disceptatio-

521 5456 684 5512 nibus
702 5455 818 5510 lieri
859 5455 1018 5510 solet.
1048 5451 1227 5524 Atque
1256 5454 1331 5524 ita
1357 5453 1566 5508 crimen
1597 5452 1740 5521 quod
1766 5451 1886 5524 ille
1933 5452 2122 5524 ortho—

520 5527 676 5583 doxis
704 5540 994 5597 perperam
1039 5522 1382 5590 intentabat,
1432 5525 1483 5578 in
1538 5534 1714 5579 semet
1758 5522 1881 5593 jure
1925 5523 2122 5579 merito

528 5606 793 5654 retortum
815 5597 1010 5652 sensit.

536 5737 553 5744 η
599 5677 622 5714 ε
655 5668 884 5738 Quesn.,
913 5683 977 5722 ea:
1003 5667 1198 5741 virgine
1223 5666 1412 5724 venerit
1435 5665 1694 5724 Christus.

2160 4386 2298 4456 Diti
2347 4387 2736 4443 Admonitione
2789 4386 3146 4440 observatum
3189 4397 3291 4441 est.

2224 3533 2439 3593 Theod.
2468 3535 2552 3588 tit.
2589 3533 2653 3588 de
2686 3533 2978 3604 haereticis,
3013 3549 3244 3602 quarum
3273 3534 3447 3604 prima
3489 3533 3835 3598 Manicbmis.

2230 3624 2299 3664 ne
2353 3613 2656 3663 conventus
2702 3604 2846 3658 ullos
2903 3603 3126 3671 faciant,
3186 3603 3507 3670 prohibetur
3546 3623 3559 3660 :
3596 3607 3837 3662 secunda

2231 3693 2364 3735 vero
2387 3688 2443 3748 et
2467 3676 2630 3730 tertia
2653 3675 2814 3730 iidem
2848 3673 3090 3748 literatici
3126 3675 3251 3748 pelli
3282 3677 3571 3746 jubentur.
3606 3677 3694 3732 Ad
3722 3680 3837 3748 pri-

2237 3765 2380 3805 mam
2428 3747 2578 3802 illam
2634 3761 2757 3802 cnm
2803 3761 2832 3799 a
2891 3745 3293 3817 Valentiniano
3331 3748 3550 3804 seniore
3597 3745 3738 3817 jam'
3770 3750 3836 3804 ab

2237 3837 2382 3877 anno
2399 3819 2504 3875 572
2534 3818 2658 3872 data
2681 3817 2869 3883 fuerit,
2901 3817 3046 3872 hunc
3066 3815 3343 3874 Ambrosii
3374 3819 3555 3875 locum
3577 3815 3689 3873 non
3718 3834 3838 3888 per-

2241 3894 2415 3948 tinere
2443 3892 2497 3945 in
2521 3887 3024 3960 confessorestzsed
3045 3903 3170 3943 eum
3187 3889 3255 3944 ad
3273 3890 3592 3954 secundam,
3617 3906 3740 3960 quae
3766 3907 3834 3944 xv

2238 3963 2348 4017 kal.
2382 3961 2488 4016 Jul.
2514 3975 2601 4014 an.
2633 3960 2737 4016 589
2770 3958 2870 4014 fuit
2899 3960 3194 4014 constituta
3224 4000 3239 4026 ,
3292 3958 3648 4017 referendum
3679 3972 3834 4016 autu-

2238 4044 2348 4088 mat
2376 4031 2638 4087 Baronius
2661 4050 2676 4096 ;
2700 4046 2823 4087 cum
2851 4029 3193 4086 Godolredus
3223 4047 3252 4085 e
3278 4033 3558 4088 contrario
3580 4033 3833 4088 eumdem

2237 4105 2418 4160 locum
2450 4103 2518 4174 de
2547 4101 2706 4157 tertia
2739 4101 2858 4172 lege
2881 4143 2896 4165 ,
2924 4103 3012 4174 cui
3045 4116 3220 4174 annus
3247 4101 3347 4159 591
3381 4105 3714 4174 assignatur,
3750 4104 3832 4156 iu-

2240 4173 2593 4245 Ielligendum
2619 4187 2741 4245 esse
2755 4171 3082 4245 centendat.
3117 4171 3316 4228 Verum
3351 4171 3530 4230 tamen
3553 4172 3717 4242 hujus
3737 4175 3833 4229 lir-

2241 4243 2577 4301 mamentum
2619 4243 2856 4299 debilius
2884 4254 2999 4310 est,
3023 4258 3184 4315 quam
3228 4254 3287 4299 ut
3320 4260 3386 4301 eo
3411 4247 3507 4301 niti
3529 4248 3830 4315 possimus;

2245 4318 2670 4388 opinionemque
2701 4315 2917 4388 Baronii
2954 4317 3248 4370 certiorem
3296 4331 3419 4388 esse
3461 4317 3744 4388 ducimus,
3779 4327 3835 4372 ut

3326 4387 3483 4456 Quod
3512 4402 3645 4442 vero
3691 4387 3832 4443 idem

2237 4458 2548 4514 Cardinalis
2580 4459 2686 4529 leg.
2717 4474 2733 4511 ι
2772 4456 2841 4511 de
2867 4456 3148 4512 Monaehis
3179 4459 3306 4529 anni
3329 4459 3436 4514 390
3469 4467 3662 4515 contra
3689 4458 3835 4514 Jovi-

2237 4529 2504 4584 nianistas
2526 4528 2687 4583 latam
2710 4529 3026 4596 arbitratur,
3043 4543 3166 4584 cum
3186 4528 3440 4586 illa‘solos
3468 4529 3702 4585 orientis
3721 4546 3832 4584 mo-

2235 4600 2440 4656 nachos
2452 4600 2771 4670 respiceret,
2793 4614 2892 4655 nec
2909 4601 3080 4654 multo
3099 4607 3220 4666 post
3238 4599 3399 4656 fuerit
3414 4611 3689 4666 revocata,
3714 4616 3830 4656 eam

2236 4673 2430 4727 horum
2453 4671 2830 4726 haereticorum
2845 4686 3003 4726 causa
3020 4671 3204 4726 datam
3228 4686 3330 4725 non
3349 4687 3471 4728 esse
3483 4671 3831 4729 manifestum

2233 4752 2351 4815 est.
2365 4741 2517 4815 Quod
2534 4742 2600 4796 ad
2621 4743 2723 4815 leg.
2745 4742 2818 4815 55
2836 4743 2904 4798 de
2932 4742 3131 4797 Haeret.
3158 4757 3302 4815 anno
3323 4741 3433 4798 412
3458 4742 3661 4815 factam
3682 4785 3696 4808 ,
3729 4760 3830 4815 qua

2232 4813 2584 4869 Jovinianum
2616 4813 2824 4883 plumbo
2863 4824 3134 4868 contusum
3175 4814 3230 4868 in
3270 4815 3504 4869 insulam
3538 4814 3710 4868 Boam
3739 4813 3833 4872 dc-

2235 4883 2446 4956 portari
2469 4883 2714 4954 jubetur,
2745 4899 2851 4939 non
2886 4885 3060 4956 solum
3089 4898 3150 4940 ea
3178 4884 3396 4956 videtur
3422 4885 3770 4956 Hieronymi,
3798 4902 3826 4941 a

2231 4970 2343 5026 quo
2371 4955 2690 5027 Jovinianus
2710 4969 2854 5010 anno
2882 4955 3008 5020 409,
3038 4970 3145 5024 quo
3175 4955 3450 5012 scribebat
3494 4956 3548 5011 in
3590 4955 3832 5027 Vigilant-

2233 5025 2390 5094 tium,
2419 5025 2534 5080 vita
2554 5026 2770 5082 functus
2788 5027 3148 5098 significatur,
3171 5027 3486 5083 testimonio
3511 5025 3826 5094 contraria;

2231 5100 2614 5171 verumet‘iam
2647 5097 3124 5171 cum_GOdofredi,
3153 5113 3319 5171 a_quio
3345 5108 3524 5171 tamen
3549 5113 3661 5171 pro
3695 5099 3828 5171 legi-

2231 5171 2363 5224 tima
2431 5168 2696 5238 habetur,
2755 5169 3015 5225 Chronol.
3082 5169 3136 5223 in
3180 5168 3316 5224 Cod.
3374 5169 3587 5227 Theod.
3637 5168 3829 5241 aperte

2234 5249 2654 5385 ῗῖεξόῃιηεε
2684 5311 2816 5385 edit.
2842 5353 2855 5377 ,
2889 5311 3079 5385 Amhr.
3111 5322 3272 5382 atque
3297 5311 3492 5379 Lahb.,
3518 5322 3574 5368 at
3603 5323 3829 5385 praeter-

2228 5383 2464 5437 mittitur
2489 5380 2796 5453 Leopardus
2824 5397 2854 5436 a
2885 5382 3088 5450 Quesn.

2303 5453 2581 5526 t_Quesn.A
2608 5454 2797 5526 _solus_,
2838 5454 2986 5523 quasi
3025 5456 3275 5526 profugos
3326 5454 3672 5526 reliquerunt.
3723 5456 3824 5512 Sed

2230 5523 2391 5596 paulo
2417 5532 2541 5596 post
2568 5523 2727 5596 idem,
2751 5524 2954 5590 Quesn.
2988 5523 3310 5596 eum'Labb.
3362 5525 3496 5596 legit
3526 5525 3821 5593 Plotinum,

2226 5595 2317 5648 ubi
2346 5593 2618 5647 Ambrosii
2647 5594 2779 5649 edit.
2807 5596 3136 5650 exhibebant
3165 5593 3458 5649 Protinuni.

2309 5663 2337 5702 ¹ι
2367 5663 2528 5721 Rom.
2559 5665 2714 5735 edit.,
2751 5666 3096 5738 Subscriptio.
3127 5665 3241 5739 Ego
3270 5666 3570 5724 Ambrosius
3602 5668 3815 5726 Mediol.
