4040 6166
205 203 333 261 Ητὶῦ

1394 197 1887 257 EPISTOLARUM
1928 197 2208 257 CLASSIS
2246 203 2285 256 Ι.

3370 203 3509 262 1130

273 314 537 374 Evenlius
583 312 874 388 episcopus
922 317 1105 375 saluto
1157 320 1514 378 Sanctitatem
1549 331 1694 377 tuam
1747 322 1799 376 in
1834 323 1875 382 Λ
1908 335 2070 376 mano
2100 321 2222 376 usui
2251 320 2305 376 in
2335 321 2552 376 caeteris
2591 321 2758 376 rebus
2788 319 2906 391 ipse
2934 319 3509 387 Dominusinfuderit,

209 411 457 475 Domino,
481 419 538 468 et
565 409 694 466 huic
721 411 974 479 epistolae
1006 413 1328 486 subscripsi.

277 505 538 561 Maximus
563 506 876 576 episcopus.

278 583 424 654 Felix
451 598 766 670 episcopus.

283 689 573 746 Bassianus
601 692 911 762 episcopus.

279 783 598 840 Theodorus
627 784 938 856 episcopus.

215 920 218 924 .
280 875 632 933 Constantius
652 877 964 948 episcopus.

282 969 360 1027 Ex
379 970 538 1042 jussu
564 969 776 1027 domini
824 972 1069 1044 episcopi
1123 973 1456 1041 Geminiani,
1500 975 1623 1046 ipso
1668 988 1808 1046 prte-

212 1073 384 1126 seote.
417 1063 564 1134 Aper
591 1065 880 1138 presbyter
908 1065 1235 1138 subscripsi.

275 1161 440 1234 970
467 1161 750 1218 Eustasius
777 1162 1090 1235 episcopus,
1125 1173 1180 1220 et
1203 1179 1392 1220 omnes
1423 1164 1646 1221 ordines
1672 1164 1802 1220 sub-

213 1257 567 1326 scripserunt.

671 1357 694 1385 ο
719 1347 1057 1405 EPISTOLA
1078 1347 1264 1405 XLIII.

215 1462 562 1521 HORONTIANO
591 1464 795 1535 roganti
820 1479 911 1518 cur
930 1463 1080 1519 homo
1102 1463 1257 1519 rebus
1283 1463 1425 1529 aliis,
1452 1463 1636 1534 quibus
1659 1463 1810 1532 longe

281 1555 805 1626 prterellit,conditus
831 1557 986 1629 fuerit
1016 1557 1297 1628 posterior,
1329 1574 1422 1612 nec
1443 1559 1518 1611 rei
1553 1556 1711 1629 hujus
1732 1557 1810 1610 vel

284 1649 584 1705 Ambrosius
609 1650 720 1720 ipse
751 1650 830 1704 vel
863 1648 1072 1722 Moyses
1109 1652 1363 1705 rationem
1392 1650 1808 1719 deprompserit;

282 1744 367 1798 ubi
404 1745 676 1813 respondit
707 1742 925 1816 Moysen
951 1747 1278 1818 conjecturas
1308 1760 1428 1798 suas
1465 1743 1675 1798 miscere
1711 1759 1808 1796 no-

286 1837 444 1892 luisse
468 1836 614 1891 libris
641 1836 849 1903 divinis,
869 1837 1017 1891 addit
1046 1855 1100 1892 se
1116 1853 1372 1912 congruas
1405 1853 1589 1893 causas
1622 1853 1813 1906 propo-
1847 1842 1852 1846 ’

282 1931 528 1985 siturum.
556 1928 731 1985 Utitur
752 1947 876 2001 ergo
898 1930 1132 2001 exemplo
1161 1930 1400 1995 convivii,
1425 1929 1562 2001 quod
1588 1928 1814 1984 hominis

283 2039 444 2077 causa
475 2023 542 2077 sit
573 2032 815 2094 paratum
837 2039 856 2078 :
887 2023 1072 2077 deinde
1111 2023 1439 2088 certaminis,
1473 2025 1623 2095 cujus
1661 2020 1813 2076 homo

283 2116 485 2172 athleta
515 2115 724 2185 futurus
763 2116 935 2169 varias
966 2131 1170 2187 pugnas
1210 2115 1343 2169 inire
1371 2115 1589 2170 debeat:
1611 2116 1815 2168 demum

282 2208 336 2262 id
367 2209 425 2262 in
447 2222 590 2262 more
614 2223 723 2262 esse
749 2207 1017 2275 praedicat,
1048 2216 1103 2260 ut
1131 2206 1560 2276 praestantissima
1590 2206 1642 2259 in
1673 2207 1818 2277 prin-

283 2299 428 2370 cipio
467 2307 513 2354 et
553 2298 656 2368 ﬁne
698 2293 1055 2364 collocentur;
1109 2296 1248 2351 unde
1295 2313 1411 2351 cum
1441 2296 1625 2352 calum
1651 2296 1818 2366 primo

283 2391 403 2447 loco
443 2400 670 2444 creatum
725 2390 827 2455 sit,
863 2389 1122 2444 hominem
1143 2387 1328 2442 ultimo
1357 2389 1522 2442 creari
1563 2386 1816 2441 docuerit.

287 2483 471 2553 Hujus
510 2497 628 2536 cum
655 2482 781 2537 coelo
809 2481 1155 2553 comparatio,
1189 2492 1460 2553 postquam
1482 2479 1625 2534 dotes
1655 2480 1820 2534 eidem

280 2591 544 2632 concessis
573 2575 881 2648 aperiuntur
901 2615 915 2640 ,
944 2591 1036 2629 nec
1061 2589 1164 2628 non
1196 2573 1361 2643 ipsius
1397 2572 1452 2626 in
1494 2572 1746 2626 elementa
1773 2579 1821 2626 et

281 2669 478 2724 bestias
504 2669 783 2739 imperium
811 2685 829 2723 :
857 2684 922 2724 ea:
967 2667 1155 2740 quibus
1202 2666 1341 2721 alias
1389 2672 1654 2720 creaturas
1698 2678 1824 2718 con-

283 2777 417 2834 grue
441 2761 738 2831 prazmissas
763 2759 990 2815 elicitur.

631 2892 938 2950 Aueaosws
977 2891 1354 2949 HORONTIANO.

289 3011 344 3066 Ι.
378 3008 584 3066 Moveri
640 3014 695 3064 te
739 3008 1026 3065 insinuasti
1066 3009 1220 3076 mihi,
1272 3009 1416 3064 lecto
1463 3008 1824 3076 llexaemero,

1907 414 2121 484 opinari
2140 413 2395 484 quoniam
2423 413 2605 470 decuit
2633 413 2911 469 hominem
2931 423 3267 485 postremum
3298 415 3506 471 creari.

1978 508 2032 563 5.
2061 506 2274 562 Etenim
2307 508 2398 578 qui
2421 507 2730 563 convivium
2763 506 3031 575 adornat,
3059 517 3117 562 ut
3145 507 3234 562 ille
3255 506 3507 579 Evange-

1907 602 2047 657 licus
2075 601 2229 657 dives
2257 601 2510 675 (oportet
2536 603 2680 657 enim
2713 601 2878 672 (Luc.
2912 617 3002 657 xw
3025 643 3039 666 ,
3069 601 3139 657 16
3186 610 3234 656 et
3263 601 3397 673 seq.)
3427 602 3511 656 di-

1908 697 2029 751 vina
2063 695 2264 751 divinis
2293 695 2664 759 conferamus,
2693 711 2802 767 quo
2821 695 3019 752 melius
3049 695 3310 766 colligere
3337 696 3512 765 possi-

1909 790 2078 862 mus),
2099 792 2288 862 utique
2307 791 2489 845 omnia
2515 790 2665 861 prius
2679 799 2968 861 praeparat,
2989 799 3175 845 tauros
3197 797 3251 845 et
3266 789 3511 860 saginata

1909 883 2132 948 occidit,
2161 893 2217 939 et
2239 893 2365 940 tunc
2388 884 2592 940 amicos
2624 883 2691 940 ad
2723 895 2935 941 caenam
2963 884 3177 940 invitat.
3202 884 3358 940 Prius
3383 899 3515 956 ergo

1909 991 2032 1047 quae
2056 977 2264 1033 leviora
2297 985 2447 1045 sunt,
2478 986 2763 1047 parantur,
2793 987 2851 1034 et
2881 987 3007 1034 tunc
3035 986 3260 1048 rogatur
3282 978 3517 1033 honora-

1910 1068 2034 1123 tior.
2060 1067 2216 1124 Unde
2243 1077 2300 1125 et
2321 1069 2582 1125 Dominus
2610 1070 2814 1126 homini
2843 1070 3004 1143 971
3036 1079 3163 1126 ante
3192 1071 3506 1127 animalium

1911 1169 2236 1216 emterorum
2257 1163 2586 1231 praeparavit
2607 1162 2820 1233 epulas,
2845 1171 2974 1216 tunc
2999 1163 3172 1232 ipsum
3197 1161 3353 1234 quasi
3380 1164 3516 1218 ami-

1912 1267 2034 1308 cum
2062 1253 2127 1307 ad
2174 1269 2333 1309 suum
2371 1255 2588 1311 vocavit
2623 1255 2967 1321 convivium;
3001 1265 3054 1310 et
3087 1270 3216 1310 vere
3245 1256 3477 1311 amicum
3503 1295 3516 1318 ,

1913 1348 2068 1416 quasi
2097 1347 2384 1402 eharitatis
2413 1348 2611 1404 divinat
2635 1349 2982 1419 participem,
3011 1355 3066 1401 ct
3096 1348 3367 1404 luercdcm
3399 1349 3516 1418 glo-

1913 1439 2029 1495 ri.e.
2067 1439 2308 1511 Denique
2343 1440 2444 1510 ipsi
2492 1441 2626 1496 dicit
2655 1458 2668 1494 :
2693 1440 2888 1507 Amice,
2919 1441 3174 1510 quomodo
3201 1441 3302 1495 huc
3331 1441 3516 1495 venisti

1914 1532 1983 1584 ad
2001 1533 2212 1603 nuptias
2240 1531 2457 1602 (Matth.
2491 1548 2601 1586 χχιι
2622 1572 2637 1599 ,
2663 1531 2780 1605 12)?
2816 1532 3191 1588 Pra'cedeutia
3221 1548 3351 1603 ergo
3371 1575 3384 1598 ,
3417 1533 3519 1588 mi-

1917 1625 2138 1679 nisteria
2167 1634 2328 1689 sunt;
2353 1625 2583 1690 amicus,
2614 1625 2704 1695 qui
2739 1635 3049 1694 postremus
3077 1635 3323 1696 rogatur.

1840 1703 1888 1762 Β
1983 1715 2039 1770 4.
2075 1713 2276 1784 Accipe
2320 1715 2488 1769 aliud.
2521 1712 2659 1781 Quid
2691 1722 2777 1770 est
2818 1715 3090 1783 mundus,
3144 1718 3247 1772 nisi
3296 1717 3518 1788 quidam

1914 1822 2052 1878 agon
2078 1807 2272 1878 plenus
2293 1809 2695 1864 certaminum?
2723 1807 2880 1865 Unde
2905 1819 2961 1865 et
2987 1810 3041 1865 in
3067 1809 3398 1883 Apocalypsi
3419 1811 3524 1868 Do-
3585 1804 3590 1808 ’

1915 1901 2100 1955 minus
2121 1899 2196 1955 ait
2220 1919 2231 1954 :
2273 1899 2508 1956 Vincenti
2535 1901 2668 1956 dabo
2697 1917 2943 1957 coronam
2960 1903 3080 1958 vita:
3105 1904 3291 1974 (Apoc.
3315 1902 3378 1970 ll,
3406 1903 3520 1976 10);

1917 2001 1972 2047 et
2000 1992 2203 2048 Paulus
2233 1991 2308 2047 ait
2335 2010 2349 2047 :
2383 1991 2657 2049 Certamen
2701 1994 2891 2049 bonum
2922 1996 3115 2050 certaui
3145 1997 3165 2067 (
3184 1996 3228 2050 ll
3255 1995 3396 2051 Tim.
3442 2013 3517 2064 tv,

1919 2084 1999 2155 7);
2031 2093 2084 2138 et
2127 2083 2256 2139 alibi
2291 2102 2303 2136 :
2335 2083 2503 2140 Nemo
2533 2085 2636 2139 nisi
2665 2087 2755 2154 qui
2786 2086 3013 2158 legitime
3039 2090 3331 2153 certaverit,
3374 2105 3526 2144 coro-

1917 2184 2074 2228 natur
2098 2173 2325 2244 (llTim.
2361 2191 2419 2240 tt,
2453 2175 2533 2246 5).
2565 2175 2741 2242 Hujus
2763 2177 2956 2246 agonis
2985 2178 3319 2234 instaurator
3344 2181 3533 2252 utique

1921 2268 2270 2337 omnipotens
2299 2268 2441 2322 Deus
2471 2279 2574 2323 est.
2607 2269 2709 2336 Qui
2741 2269 2906 2338 igitur
2934 2283 3166 2339 agonem
3213 2272 3445 2340 suscipit
3476 2275 3531 2329 in

1922 2362 2027 2418 hoc
2055 2362 2280 2429 saeculo,
2314 2377 2497 2418 nonne
2525 2363 2708 2416 omnia
2735 2371 3007 2433 praeparat
3037 2379 3158 2433 qum
3212 2364 3370 2434 agoni
3401 2373 3530 2421 sunt

1922 2455 2232 2511 necessaria
2259 2471 2273 2508 :
2303 2464 2360 2510 et
2383 2465 2512 2511 tunc
2539 2455 2773 2510 athletas
2815 2463 2994 2522 vocat,
3041 2459 3247 2527 paratis
3280 2461 3556 2528 prmmio-v

1921 2563 2042 2604 rum
2084 2546 2269 2602 infulis
2290 2589 2305 2614 ,
2340 2556 2650 2604 certaturos
2679 2548 2744 2603 ad
2772 2563 3068 2615 coronam;
3101 2565 3170 2605 ne
3200 2565 3408 2608 moram
3441 2569 3533 2623 pa-

1925 2641 2089 2695 tiatur
2119 2639 2211 2710 qui
2234 2639 2449 2708 vicerit,
2479 2639 2574 2696 sed
2602 2640 2830 2712 praemio
2851 2641 3090 2697 donatus
3112 2644 3368 2699 recedat?
3388 2643 3536 2700 Prte-

1925 2735 2035 2790 mia
2067 2748 2200 2800 ergo
2231 2733 2469 2789 hominis
2517 2743 2783 2790 terrarum
2835 2733 3044 2790 fructus
3085 2745 3250 2804 sunt,
3303 2746 3360 2794 et
3407 2737 3531 2794 coeli

1924 2827 2130 2883 lumina
2157 2845 2169 2880 :
2201 2825 2291 2882 illa
2319 2825 2385 2881 ad
2417 2825 2543 2880 vitae
2571 2827 2859 2897 praesentis
2903 2841 3060 2883 usum
3080 2869 3096 2894 ,
3140 2827 3257 2884 haec
3285 2827 3351 2884 ad
3378 2843 3532 2900 spem

1926 2922 2054 2976 vitae
2086 2929 2327 2976 internae.

2000 3013 2054 3069 5.
2075 3013 2236 3081 Quasi
2261 3011 2464 3068 athleta
2490 3012 2653 3084 igitur
2672 3020 2989 3082 postremus
3009 3013 3309 3084 ingreditur
3331 3015 3384 3071 in
3404 3030 3533 3087 ago-

217 3101 364 3174 quod
391 3102 507 3173 ipse
528 3101 748 3171 scripsi,
777 3101 908 3173 quia
933 3116 1056 3156 cum
1100 3109 1308 3156 tantum
1341 3100 1542 3157 divinae
1581 3099 1826 3174 Seriplu-
1855 3089 1899 3155 C
1931 3123 2054 3163 nem
2083 3126 2096 3161 :
2129 3107 2287 3179 erigit
2318 3105 2384 3162 ad
2417 3108 2616 3163 coelum
2648 3107 2860 3176 oculos,
2892 3107 3037 3164 videt
3060 3111 3184 3181 quia
3214 3121 3267 3166 et
3296 3111 3537 3168 caelestis

217 3213 289 3253 ne
321 3196 496 3264 serie,
518 3195 603 3251 vel
625 3195 766 3267 stylo
791 3194 1060 3250 sermonis
1089 3194 1196 3250 mei
1225 3194 1484 3250 collatum
1507 3194 1823 3250 adverteres

217 3290 455 3357 homini,
501 3299 763 3362 quantum
814 3289 950 3345 nulli
1002 3289 1057 3345 in
1108 3289 1211 3345 hac
1243 3299 1387 3345 terra
1436 3288 1819 3356 animantium,

217 3386 374 3456 prius
402 3382 582 3440 omnia
609 3382 693 3439 vel
725 3382 992 3447 volatilia,
1016 3380 1104 3437 vel
1130 3381 1438 3448 terrestria,
1461 3385 1547 3436 vel
1574 3396 1694 3453 qu:e
1717 3381 1745 3420 ι’
1767 3382 1820 3437 in

215 3477 381 3549 aquis
409 3485 557 3543 sunt,
589 3475 910 3547 produxerit
942 3485 1085 3530 terra
1117 3473 1199 3530 vel
1222 3489 1358 3546 aqua
1383 3516 1398 3542 ,
1422 3489 1584 3546 quam
1613 3477 1778 3530 homo
1801 3516 1818 3542 ,

216 3577 443 3642 propter
471 3585 632 3641 quem
663 3570 757 3625 illa
789 3579 972 3626 creata
1000 3577 1148 3635 sunt,
1171 3579 1567 3640 generaretur;
1593 3569 1821 3639 ejusque

215 3665 294 3720 rei
331 3662 603 3718 rationem
629 3661 700 3718 de
727 3677 814 3718 me
839 3661 1124 3730 requirere
1152 3702 1167 3727 ,
1212 3675 1372 3731 quam
1411 3671 1466 3716 et
1498 3660 1714 3731 Moyses
1741 3659 1819 3714 si-

217 3756 407 3823 luerit,
437 3763 493 3812 et
520 3769 624 3826 ego
651 3769 759 3810 non
788 3755 1025 3810 auset-im
1053 3754 1338 3822 attingere.

286 3849 348 3904 9..
379 3848 450 3903 Ει
482 3847 627 3902 forte
656 3845 749 3901 ille
793 3847 999 3902 oraculi
1051 3845 1323 3915 interpres
1347 3844 1520 3899 divini
1545 3882 1560 3907 ,
1590 3841 1820 3898 consilio

217 3941 580 4009 conticuerit;
606 3955 676 3996 ne
705 3940 948 3998 cmlestis
972 3939 1352 4011 dispositionis
1379 3941 1644 3994 arbitrum
1674 3953 1734 3993 sc
1765 3947 1822 3994 et

215 4031 592 4096 consiliarium
611 4043 873 4102 praestare
896 4031 1204 4094 videretur;
1233 4030 1376 4086 aliud
1400 4041 1484 4086 est
1503 4029 1646 4086 enim
1674 4029 1821 4100 loqui

215 4128 368 4203 quod
396 4123 836 4182 inlundebatura
889 4124 983 4180 Dei
1015 4123 1246 4195 spiritu,
1287 4122 1446 4203 aliud
1485 4122 1817 4178 voluntatem

219 4198 316 4282 Dei
360 4219 710 4291 interpretari
751 4235 764 4273 :
805 4233 907 4274 nos
935 4227 1116 4275 autem
1161 4233 1270 4274 non
1302 4198 1458 4290 quasi
1489 4219 1819 4289 interpretes

220 4319 343 4385 Dei,
377 4314 472 4372 sed
500 4314 657 4387 quasi
696 4329 766 4371 ex
812 4330 910 4370 usu
962 4313 1200 4369 humano
1241 4313 1471 4370 rationis
1526 4312 1817 4368 seminaria

217 4412 565 4482 colligentes,
597 4408 974 4465 caestimamus
1001 4421 1164 4479 posse
1191 4421 1292 4463 nos
1332 4420 1399 4463 ex
1431 4419 1501 4463 eo
1538 4404 1682 4476 quod
1714 4404 1818 4460 hu-

1926 3213 2176 3260 creatura
2201 3201 2425 3258 vanitati
2457 3201 2701 3273 subjecta
2728 3211 2813 3258 est
2849 3217 2955 3258 non
2983 3213 3208 3274 Sponte,
3241 3204 3336 3260 sed
3369 3220 3538 3275 prop-

1927 3305 2012 3353 ter
2033 3311 2158 3352 eum
2185 3295 2277 3365 qui
2305 3293 2540 3365 subjecit
2566 3309 2686 3350 eam
2717 3293 2771 3349 in
2803 3309 2899 3363 Spe
2929 3294 3110 3366 (Rom.
3143 3311 3260 3362 VIII,
3289 3296 3406 3369 20).
3445 3298 3535 3353 Vi-

1924 3391 2010 3448 det
2043 3391 2166 3461 quia
2197 3390 2377 3445 omnis
2403 3397 2657 3444 creatura
2685 3389 3065 3460 congemiscit,
3094 3401 3422 3462 exSpectans
3448 3408 3534 3448 re—

1923 3484 2320 3556 demptionem.
2351 3481 2513 3538 Videt
2541 3485 2667 3554 quia
2715 3484 2895 3537 omnis
2928 3491 3115 3538 manet
3157 3484 3333 3540 labor.
3366 3486 3534 3556 Erigit

1923 3577 2136 3639 oculos,
2159 3573 2188 3612 ἀ
2209 3574 2356 3630 videt
2382 3588 2616 3629 coronas
2661 3573 2948 3638 luminum,
2977 3573 3119 3627 lunae
3153 3583 3210 3629 et
3247 3576 3530 3632 stellarum

1922 3667 2118 3737 globos
2149 3665 2463 3720 considerat
2494 3680 2507 3716 :
2543 3663 2804 3730 Quoniam
2822 3663 2981 3734 justi,
3007 3664 3095 3732 qui
3121 3663 3356 3729 uicerint,
3381 3676 3530 3720 erunt

1921 3759 2056 3812 sicut
2087 3757 2250 3810 stellae
2273 3755 2327 3808 in
2357 3754 2484 3808 coelo
2525 3753 2690 3823 (Dan.
2726 3769 2823 3816 xu.
2853 3754 2912 3822 5)
2937 3769 2952 3817 ;
2982 3739 3037 3808 et
3065 3754 3297 3826 castigat
3329 3771 3530 3827 corpus

1924 3863 2106 3911 suum,
2140 3862 2208 3901 ne
2237 3846 2343 3900 sibi
2388 3845 2710 3900 adversetur
2748 3845 2801 3898 in
2847 3845 3147 3901 certamine
3180 3864 3192 3900 :
3226 3849 3376 3920 ungit
3405 3851 3530 3908 oleo

1923 3937 2337 4002 misericordiae,
2367 3947 2590 3992 exercet
2613 3937 2808 3991 diurna
2827 3935 3046 3994 virtutis
3063 3939 3338 4009 palaestra,
3366 3953 3390 3981 θ
3409 3946 3530 4017 pul-

1924 4046 2056 4088 vere
2078 4045 2139 4087 se
2177 4029 2392 4095 oblinit,
2421 4028 2583 4084 stadii
2611 4037 2811 4084 metam
2839 4030 3014 4084 currit
3040 4047 3146 4088 non
3175 4037 3330 4105 quasi
3359 4039 3412 4095 in
3444 4041 3527 4096 in-

1922 4134 2154 4193 certum,
2185 4125 2325 4179 ictus
2369 4122 2587 4193 dirigit,
2636 4122 2870 4178 lacertos
2901 4126 3138 4191 excutit,
3183 4129 3278 4184 sed
3327 4146 3435 4187 non
3470 4135 3522 4190 in

1921 4233 2148 4275 vacuum
2176 4235 2188 4270 :
2215 4215 2446 4288 percutit
2465 4213 2862 4280 adversarium,
2891 4229 3052 4286 quem
3077 4231 3186 4272 non
3209 4219 3374 4288 videt;
3398 4226 3520 4294 quia

1921 4312 2078 4370 illum
2105 4308 2280 4364 solum
2318 4303 2584 4372 attendit,
2615 4303 2704 4360 cui
2731 4303 2934 4360 cedunt
2977 4321 3191 4373 omnes.
3223 4316 3387 4370 etiam
3431 4319 3523 4387 qui

1921 4421 2032 4462 non
2060 4401 2335 4466 videntur,
2367 4399 2420 4454 in
2463 4397 2620 4469 cujus
2660 4397 2882 4455 nomine
2921 4408 3222 4468 potestates
3247 4407 3408 4464 aeria:
3433 4409 3521 4466 di-

219 4527 379 4598 episc.
412 4522 930 4598 εαὺεενὶρεὶκΕυεηι.
959 4522 1439 4598 episc._Ce_netensis
1469 4521 1807 4598 saluto.......
1834 4524 1889 4584 D
1915 4521 2038 4598 teri,
2060 4529 2116 4577 et
2157 4530 2348 4598 omnes
2376 4514 2510 4598 edit.
2551 4524 2613 4570 ut
2644 4514 2695 4569 in
2721 4523 3001 4571 contextu.
3033 4516 3304 4598 Cancrum
3342 4522 3521 4584 obiter

221 4592 490 4654 Maximus
529 4592 1030 4668 episc._Emonensis
1056 4637 1071 4661 ,
1097 4594 1257 4668 F_eli:c
1298 4595 1461 4668 episc.
1505 4592 1811 4668 Jadrensis,

219 4669 480 4725 Basianus
506 4664 660 4739 episc.
687 4666 1048 4739 Laudunensis
1073 4707 1088 4733 ,
1130 4664 1431 4739 Theodorus
1459 4666 1620 4739 epist;2
1653 4665 1811 4739 Octo-

220 4739 493 4804 durensis‘,
533 4736 874 4793 Constantius
920 4738 1080 4807 episc.
1134 4737 1526 4804 Arausicanus,
1582 4736 1810 4791 Sabinus

225 4813 388 4882 episc.
422 4809 782 4864 Placentinus.
824 4807 910 4864 Ea:
927 4812 1179 4882 jussu.._..
1212 4807 1812 4882 Eustathiusepiscnet

220 4877 396 4938 omnes
422 4882 628 4936 ordines
655 4877 1087 4948 subscripserunt.
1119 4880 1225 4936 Sed
1250 4896 1373 4935 cum
1408 4877 1631 4934 nomina
1661 4877 1808 4932 sedis

216 4953 565 5024 singulorum
602 4947 984 5024 episcoporum
1028 4951 1104 5024 in_
1129 4949 1312 5021 Antiq.
1357 4952 1515 5011 edit..
1549 4951 1601 5004 iu
1638 4947 1806 5004 Labb.

218 5033 276 5080 et
302 5021 506 5092 Quesn.
536 5021 934 5084 desiderentur.
960 5037 1068 5092 non
1093 5021 1210 5076 leve
1230 5030 1606 5091 argumentum
1638 5026 1809 5092 estea

218 5090 455 5166 repetita
499 5110 622 5151 esse
670 5094 1011 5166 exgcoucilio
1039 5091 1223 5164 Aquil.
1273 5090 1508 5166 nitasime
1537 5107 1672 5166 cum
1701 5090 1811 5166 duo

219 5161 485 5236 episcopi,
511 5167 710 5236 quibus
756 5165 844 5222 hic
881 5165 1042 5222 sedes
1089 5161 1196 5218 non
1224 5163 1502 5236 tribuitur.
1535 5161 1810 5236 incudem

219 5231 458 5293 concilio
484 5231 588 5292 non
613 5240 972 5306 reperiantur.
986 5236 1206 5306 Qtnues
1223 5234 1342 5288 alia:
1364 5231 1642 5306 edit.satis
1672 5233 1812 5287 inter

221 5321 284 5362 se
309 5317 640 5377 congruunt,
665 5304 770 5362 nisi
801 5307 947 5378 quod
977 5305 1252 5378 Eustasius
1280 5304 1588 5378 geminatur
1617 5304 1670 5378 in
1703 5311 1810 5378 vet.

220 5379 354 5432 edit.
385 5373 443 5431 ei
468 5378 638 5433 Lahb.
671 5393 735 5432 ac
764 5373 861 5447 pro
884 5393 1058 5431 omnes
1083 5373 1306 5430 Ordines
1330 5375 1384 5429 in
1413 5373 1604 5431 eodem
1636 5373 1809 5429 Labb.

221 5458 283 5504 et
310 5451 514 5519 Quesu.
550 5449 767 5519 punitur
789 5464 964 5501 omnes
994 5448 1195 5519 ordine.

298 5529 323 5556 ει
353 5517 565 5587 Scripta
587 5520 731 5574 circa
761 5533 965 5572 annum
995 5517 1122 5573 589.

292 5589 320 5628 b
353 5588 607 5664 Nonnulli
648 5603 808 5664 ωερε.2
839 5592 891 5641 in
936 5590 1084 5660 aquis
1128 5599 1288 5654 sunt,
1332 5605 1446 5659 quae
1491 5588 1815 5664 produxerat

220 5669 361 5716 terra
405 5662 482 5714 uel
537 5675 690 5734 aqua,
740 5658 808 5711 ad
855 5658 1010 5728 quam
1045 5658 1502 5734 causantpr’opter'
1537 5678 1689 5734 quem
1715 5662 1815 5716 illa

221 5738 394 5788 creata
409 5737 548 5798 sunt,
576 5729 794 5784 ultimus
826 5741 1178 5800 generaretur.
1208 5731 1524 5804 Elegantius
1546 5729 1681 5790 vero
1705 5746 1813 5789 cat-

503 5903 507 5906 ,
544 5825 824 5889 ΡΑτιιοι.
871 5824 1044 5888 XVI.

1916 4587 2176 4667 lectorem
2205 4587 2778 4667 admgnehimusnnon
2810 4601 3158 4667 paucae'sse"
3178 4591 3228 4667 in
3276 4592 3377 4667 hac
3402 4599 3517 4667 epi-

1913 4665 2074 4728 stola,
2098 4677 2220 4730 qu:e
2246 4676 2312 4716 ex
2338 4658 2581 4730 Philonis
2611 4657 2708 4730 lih.
2733 4659 2800 4712 de
2821 4657 3003 4730 Mundi
3023 4658 3253 4730 Opiticio
3276 4657 3519 4725 hauserit

1913 4727 2259 4790 Ambrosius.
2293 4729 2403 4804 Sed
2443 4729 2776 4804 eademilla
2833 4731 2885 4782 in
2923 4727 3176 4804 formam
3222 4735 3408 4804 pietati
3460 4750 3517 4796 et

1913 4805 2227 4862 Christianae
2255 4800 2503 4872 religioni
2531 4800 2700 4870 magis
2727 4801 3193 4858 accommodatam
3223 4800 3518 4868 convertit

1911 4886 2133 4934 sanctus
2167 4876 2385 4929 Doctor.

1990 4961 2011 4988 ο
2045 4947 2188 5002 Edit.
2233 4960 2297 5000 ac
2318 4945 2428 4999 duo
2450 4957 2608 5017 mss.,
2636 4943 2990 5017 existimamus
3009 4961 3175 5017 posse.

1991 5017 2019 5091 ρ
2052 5018 2142 5091 Ve!
2174 5017 2406 5091 311%...“
2434 5013 2500 5068 ad
2521 5029 2783 5091 pponam
2811 5013 3095 5080 Ariadnes,
3123 5018 3206 5072 vel
3232 5018 3285 5074 in
3306 5035 3508 5091 genere

1917 5090 2097 5164 sidera
2127 5087 2216 5143 hic
2245 5086 2360 5164 illic
2382 5083 2538 5156 quasi
2564 5084 2727 5140 liores
2756 5099 2941 5164 sparsa
2971 5102 3205 5164 coronas
3233 5083 3504 5164 appellat;

1919 5161 2180 5216 nimirum
2231 5155 2376 5213 unde
2404 5155 2628 5212 corona:
2668 5156 2952 5214 stellantes
2983 5156 3098 5214 ﬁeri
3140 5155 3386 5230 possunt.
3429 5155 3512 5223 Ita

1917 5232 2181 5289 Nannius.

1996 5313 2020 5340 ο
2051 5302 2274 5371 Omnes
2298 5298 2434 5355 edit.
2465 5313 2530 5355 ac
2563 5298 2934 5371 msstaliquot
2954 5341 2969 5365 ,
2999 5302 3208 5371 pulvere
3241 5321 3295 5359 se
3326 5307 3515 5366 oblinit

1913 5373 2106 5438 stadii,
2139 5370 2333 5445 currit,
2362 5379 2465 5426 etc.
2486 5387 2508 5445 _;
2540 5384 2671 5445 mss.
2701 5370 2850 5445 Belv.
2880 5381 2936 5426 et
2957 5370 3176 5445 Albim,
3210 5377 3419 5445 pulvere
3453 5399 3508 5438 se

1917 5446 2131 5510 oblinit,
2159 5443 2327 5514 stadio
2358 5443 2559 5506 currit;
2586 5441 2841 5508 Lmtieu.,
2859 5442 3096 5514 stadium
3125 5441 3325 5514 currit;
3356 5448 3508 5507 Prat.

1917 5517 2152 5589 denique
2179 5529 2244 5570 ac
2265 5511 2437 5589 gem.
2473 5521 2529 5567 ut
2553 5514 2620 5589 _in_
2631 5521 2842 5589 _tex__tu._
2841 5513 2979 5589 Quid
3011 5531 3179 5589 porro
3204 5521 3277 5573 sit
3301 5511 3510 5589 pulvere

1917 5605 1973 5644 se
1995 5587 2223 5716 o7béinere
2246 5583 2489 5640 diximus
2501 5583 2570 5640 ad
2586 5583 2682 5640 lib.
2710 5584 2787 5642 De
2806 5585 2922 5642 Elia
2943 5593 2999 5642 et
3013 5585 3242 5658 jejunio,
3271 5583 3394 5663 cap.
3409 5593 3504 5665 21,

1921 5675 1978 5716 n.
2085 5697 2100 5714 .

1921 5675 1978 5717 n.
2010 5675 2100 5716 γυ.

2885 5821 2964 5884 36
