4040 6166
490 207 627 266 ΗΜ

1823 189 2075 249 SANCTI
2116 185 2440 247 AMBROSII

3661 173 3807 235 “Si

487 323 861 384 vertebantur.
887 319 984 380 Ille
997 331 1128 387 ergo
1156 317 1321 372 ictum
1341 313 1598 379 librat,et
1623 310 1878 367 Christus
1899 325 2093 381 percu-
2120 309 2166 368 Α
2197 315 2251 362 et
2280 309 2443 361 homo
2471 304 2606 359 dicit
2636 319 2649 357 :
2679 303 2866 358 Manus
2897 311 2997 356 tua:
3030 302 3258 373 fecerunt
3286 313 3394 367 me,
3429 295 3457 335 ἀ
3488 305 3536 353 et
3576 297 3808 367 plasma-

494 420 557 476 tit
591 437 603 471 :
633 418 721 472 ille
748 416 952 470 calcem
989 411 1156 472 levat,
1197 419 1252 464 et
1279 406 1531 461 Christus
1562 405 1614 459 in
1661 405 1859 460 vulnus
1887 402 2096 473 dirigit.

494 513 739 580 Denique
781 507 881 563 etsi
923 520 1030 560 non
1058 502 1274 558 videbat
1303 501 1499 556 Paulus
1526 513 1662 568 quos
1686 497 1956 562 caederet,
1989 509 2097 550 non

493 604 646 676 quasi
678 614 806 656 aera
837 606 1020 653 tamen
1065 594 1305 654 caedebat
1337 592 1380 663 (Ι
1427 589 1572 656 Cor.,
1607 607 1678 654 is,
1709 588 1826 657 26);
1875 588 2003 657 quia
2046 587 2100 640 in

493 693 696 753 Christi
727 690 1112 762 praedicatione
1140 701 1332 740 omnes
1355 682 1631 752 spiritales
1659 679 1951 748 nequitias,
1982 691 2102 746 quas

493 790 598 848 sibi
613 785 1060 849 adversabantur,
1081 778 1529 836 convulnerabat.
1545 775 1662 832 Non
1683 772 1957 829 immerito
1974 784 2104 840 ergo

500 891 812 954 postremus
835 876 997 932 homo
1026 874 1303 944 ingressus
1330 882 1413 926 est
1434 869 1688 931 stadium,
1711 865 1796 921 cui
1817 863 2104 934 parabatur

497 988 721 1037 corona;
737 982 930 1026 uteum
944 965 1510 1039 prmcederetcmlum,
1530 961 1685 1032 quasi
1699 959 1777 1014 sui
1800 957 2102 1028 praemium.

571 1064 623 1119 6.
643 1063 753 1119 Sed
778 1077 882 1115 non
905 1059 1086 1116 Solum
1107 1058 1370 1112 adversus
1396 1054 1651 1124 nequitiae
1671 1049 1960 1122 spiritalia,
1985 1062 2107 1117 qum

497 1168 624 1213 sunt
647 1157 701 1211 in
725 1153 1060 1218 cmlestibns,
1082 1150 1176 1210 sed
1196 1149 1358 1204 etiam
1383 1147 1645 1204 adversus
1663 1159 1883 1200 carnem
1907 1150 1962 1196 et
1981 1155 2105 1194 san-

497 1251 719 1322 guinem
767 1247 909 1308 lucta
941 1245 1093 1300 nobis
1123 1241 1347 1315 (Ephes.
1391 1255 1464 1306 vt,
1500 1238 1610 1309 12).
1641 1237 1809 1292 Lucta
1848 1234 2109 1288 adversus

496 1341 839 1403 satietatem,
884 1338 1025 1393 lucta
1064 1349 1187 1390 cum
1242 1333 1376 1403 ipsis
1422 1330 1670 1400 frugibus
1718 1337 1914 1390 terrae,
1964 1325 2109 1378 lucta

498 1448 624 1494 Cum
654 1433 780 1488 vino
805 1472 819 1494 ,
869 1445 975 1500 quo
998 1429 1162 1482 etiam
1189 1425 1468 1495 virjustus
1502 1423 1800 1478 inebriatus
1834 1428 1919 1474 est
1949 1415 2106 1486 (Gen.

499 1541 550 1582 ts
569 1566 585 1590 ,
613 1523 736 1591 21),
768 1537 875 1594 quo
919 1521 1082 1575 etiam
1114 1519 1320 1588 integer
1349 1515 1660 1571 ludaaorum
1687 1512 1960 1567 exercitus
1985 1524 2110 1579 sup-

502 1618 774 1688 plantatus
827 1623 910 1670 est
953 1612 1159 1681 (Exod.
1196 1625 1385 1671 sxxii,
1441 1606 1568 1677 6):
1617 1606 1760 1661 lucta
1813 1619 1939 1659 cum
1983 1601 2112 1658 feris

2200 410 2376 454 uerunt
2418 414 2496 451 me
2524 395 2696 466 (Psal.
2726 411 2910 462 cxvtu,
2941 393 3062 465 73);
3095 392 3350 447 similiter
3379 405 3601 462 quque
3631 406 3647 444 :
3679 389 3810 444 Cati

2202 501 2443 546 enarrant
2471 489 2568 544 Dei
2613 489 2835 562 gloriam
2882 485 3059 559 (Psal.
3088 501 3238 549 xvrn,
3287 486 3382 555 l);
3414 494 3470 540 et
3516 493 3577 538 ut
3605 483 3808 539 celum

2203 586 2485 641 stellarum
2515 583 2681 654 fulget
2709 579 3111 653 splendoribus,
3143 581 3213 634 ita
3245 589 3301 633 et
3344 577 3596 632 homines
3644 576 3812 631 meri-

2205 687 2382 734 torum
2408 677 2703 732 luminibus
2725 674 2950 741 micant,
2979 687 3210 742 quorum
3235 685 3403 741 opera
3431 683 3619 733 coram
3651 669 3813 723 Patre

2205 787 2305 828 suo
2347 772 2560 835 lucent,
2602 769 2694 840 qui
2738 777 2818 824 est
2854 769 2905 822 in
2933 766 3090 823 caelis
3122 763 3339 838 (Matth.
3365 779 3419 829 v,
3450 759 3567 832 η).
3601 761 3816 816 Firma-

2207 876 2448 921 mentum
2477 863 2600 918 coeli
2633 877 2929 932 supernum
2956 859 3108 925 illud,
3141 858 3243 913 hoc
3267 872 3484 929 quoque
3510 870 3621 911 non
3649 855 3816 911 dissi-

2209 957 2342 1012 mile
2366 956 2794 1015 lirmamentum,
2827 952 2896 1008 de
2941 966 3048 1022 quo
3086 951 3288 1006 dictum
3322 959 3408 1005 est
3437 948 3649 1016 :Super.
3677 947 3814 1000 hanc

2209 1060 2410 1117 petram
2436 1048 2704 1117 wdi/icabo
2730 1044 3024 1100 Ecclesium
3058 1059 3223 1098 meam
3253 1041 3468 1116 (Matth.
3502 1056 3622 1105 xw,
3665 1040 3756 1107 l8)
3796 1054 3813 1093 :

2208 1141 2342 1196 illud
2371 1141 2772 1196 firmamentum
2801 1139 3222 1201 elernentorum,
3244 1137 3349 1191 hoc
3375 1135 3661 1198 virtutum.
3693 1133 3814 1190 lam

2211 1233 2344 1288 illud
2390 1232 2738 1303 prmstantius
2767 1248 2780 1286 :
2814 1241 3075 1286 suxerunt
3121 1230 3298 1285 oleum
3349 1228 3418 1283 de
3461 1227 3619 1282 firma
3659 1235 3814 1296 petra

2213 1325 2395 1397 (Deut.
2424 1341 2600 1390 xxxii,
2637 1324 2724 1394 15)
2748 1340 2762 1388 ;
2795 1331 2945 1392 petra
2970 1324 3113 1379 enim
3138 1337 3268 1378 caro
3298 1322 3522 1385 Christi,
3543 1336 3665 1391 qua:
3695 1335 3812 1376 cm-

2175 1452 2183 1460 -
2213 1417 2322 1473 lum
2352 1427 2406 1472 et
2438 1426 2606 1472 totum
2630 1416 2893 1472 mundum
2924 1415 3154 1470 redemit
3177 1413 3223 1486 (l
3250 1413 3370 1469 Cor.
3404 1429 3457 1476 ι,
3486 1414 3566 1481 4).

2285 1512 2372 1568 to.
2407 1510 2544 1580 Quid
2573 1509 2668 1564 illa
2700 1517 2963 1575 attexam,
2993 1519 3049 1564 et
3073 1508 3233 1579 quasi
3265 1517 3376 1564 toto
3404 1505 3582 1562 stadia
3623 1514 3680 1564 te
3718 1521 3814 1561 ur-

2211 1618 2392 1674 geam,
2423 1602 2565 1673 quod
2599 1601 2879 1658 hominem
2925 1601 3066 1656 Deus
3108 1599 3307 1655 divinae
3351 1598 3476 1656 fecit
3500 1608 3813 1658 consortem

503 1679 724 1778 chtiis,
754 1706 893 1762 lucta
926 1679 1050 1758 cum
1090 1700 1401 1756 volatilibus
1423 1698 1566 1763 (βαίη,
1591 1697 1788 1766 quibus
1817 1709 1945 1750 caro
1967 1691 2108 1760 sagi-
2141 1698 2188 1759 B
2215 1705 2440 1758 naturae,
2471 1695 2614 1750 sicut
2645 1695 2698 1748 in
2727 1693 2962 1762 epistola
2993 1692 3138 1748 Petri
3161 1691 3480 1764 lcgimus(ll
3500 1679 3646 1760 Petr.
3672 1705 3710 1754 ι,
3730 1689 3816 1762 ιγρ

504 1807 629 1872 nata
676 1810 783 1850 non
838 1792 1098 1862 redigitur
1140 1791 1194 1844 in
1229 1788 1587 1844 servitutem:
1625 1787 1765 1840 lucta
1798 1799 1922 1839 cum
1967 1783 2109 1852 peri-

504 1891 640 1951 culis
669 1889 948 1952 itinerum,
983 1884 1237 1952 periculis
1279 1881 1586 1945 llutninum,
1621 1889 1679 1934 ut
1705 1880 1781 1933 ait
1811 1878 2008 1932 Paulus
2035 1873 2112 1946 (ll

505 1984 626 2042 Cor.
657 1999 729 2040 κι.
770 1979 904 2052 29);
947 1980 1085 2033 lucta
1133 1992 1260 2032 cum
1306 1974 1552 2045 virgultis
1597 1971 1878 2035 arborum,
1916 1969 2111 2038 quibus

407 2121 410 2124 -
485 2076 856 2132 caedebantur
881 2069 1111 2142 aposwli
1131 2071 1265 2140 (Act.
1288 2083 1398 2132 xvi,
1423 2065 1709 2137 22).97²
1728 2063 1889 2118 Vides
1911 2071 2114 2131 quanta

506 2167 824 2228 certamina.
873 2165 1042 2220 Terra
1076 2177 1204 2232 ergo
1255 2171 1279 2196 ιι
1331 2160 1657 2214 exet-citium
1708 2166 1792 2210 est
1843 2151 2110 2218 hominis,

509 2265 707 2320 caalum
759 2273 983 2314 corona.
1018 2257 1127 2310 Aut
1156 2253 1309 2323 quasi
1355 2251 1587 2306 amicum
1618 2248 1777 2319 igitur
1808 2245 2116 2317 prxcedere

509 2356 816 2414 debuerunt
836 2349 1157 2413 ministeria,
1177 2358 1271 2402 aut
1291 2345 1317 2384 δ
1345 2346 1497 2417 quasi
1515 2343 1773 2400 athletam
1799 2339 2038 2409 praemia.

585 2448 638 2501 7.
674 2447 871 2515 Specta
899 2441 1068 2498 aliud.
1119 2440 1176 2494 In
1223 2440 1477 2494 omnibus
1525 2438 1688 2492 rebus
1739 2434 2116 2504 prazstantiora

505 2551 636 2599 sunt
664 2540 933 2612 principia
954 2548 1008 2593 et
1031 2536 1173 2592 linis.
1205 2537 1261 2590 Si
1291 2534 1516 2590 domum
1540 2533 1881 2596 consideres,
1909 2531 2118 2600 potiora

510 2633 764 2689 omnibus
793 2631 1140 2686 fundamenta
1166 2637 1219 2682 et
1249 2627 1486 2682 culmina
1524 2643 1536 2680 :
1568 2625 1614 2680 si
1644 2639 1864 2694 agrum,
1897 2621 2036 2678 satio
2063 2629 2119 2675 et

513 2729 732 2790 messis,
766 2724 1026 2792 plantatio
1045 2719 1410 2776 etviudemia.
1439 2719 1614 2786 Quam
1642 2718 1878 2788 jucunda
1903 2716 2118 2770 insitiva

515 2818 795 2878 arborum,
825 2829 985 2884 quam
1026 2812 1238 2866 fructus
1270 2813 1465 2866 votivi-2
1520 2811 1592 2865 lta
1635 2826 1765 2880 ergo
1811 2818 1867 2865 et
1919 2808 2119 2864 ccelum

515 2910 696 2981 primo
759 2917 844 2962 cst
903 2906 1234 2970 conditum,
1303 2904 1632 2958 novissimus
1695 2906 1908 2968 homo,
1965 2899 2120 2970 quasi

513 3000 760 3072 qumdam
793 2997 1034 3052 cmlestis
1066 2997 1121 3050 in
1153 2997 1310 3049 terris
1353 3004 1628 3051 creatura.
1672 2993 1802 3048 Nam
1830 3004 1885 3050 et
1911 2994 1958 3048 si
1993 3007 2119 3048 cur-

2214 1788 2368 1845 Unde
2397 1804 2504 1842 non
2534 1787 2810 1843 immerito
2841 1787 3064 1858 quidam
3086 1787 3162 1840 ait
3196 1807 3208 1839 -.
3238 1784 3401 1859 Cujus
3441 1798 3488 1839 et
3531 1801 3691 1854 genus
3727 1801 3821 1840 su-

2212 1901 2324 1936 ntus
2356 1883 2492 1954 (Act.
2526 1899 2656 1948 xvii,
2684 1882 2798 1953 28);
2822 1882 2969 1936 dedit
2996 1883 3140 1936 enim
3166 1879 3325 1936 nobis
3354 1889 3376 1917 ε
3400 1879 3825 1950 decognatione

2214 1990 2329 2038 sua,
2366 1987 2419 2029 et
2453 1975 2791 2029 rationabilis
2819 1974 3024 2029 scilicet
3052 1982 3294 2038 naturas,
3323 1983 3383 2028 ut
3411 1986 3730 2044 quat-amns
3762 1973 3826 2024 il-

2215 2068 2304 2122 lud
2335 2068 2576 2122 divinum
2601 2109 2616 2134 ,
2647 2067 2790 2136 quod
2829 2081 2935 2122 non
2970 2067 3127 2136 longe
3158 2073 3244 2124 est
3270 2065 3338 2120 ab
3363 2079 3692 2134 unoquoque
3726 2080 3826 2119 no-

2215 2169 2408 2225 strum,
2435 2162 2489 2214 in
2521 2176 2630 2229 quo
2656 2169 2710 2216 et
2733 2160 2968 2214 vivimus
2998 2170 3054 2214 et
3083 2172 3272 2214 sumus
3293 2167 3348 2213 et
3379 2173 3683 2214 movemur.

2291 2254 2377 2308 tt.
2409 2253 2542 2310 Cum
2571 2253 2752 2323 itaque
2771 2251 3093 2307 contulisset
3117 2250 3322 2312 homini
3350 2249 3493 2320 quod
3513 2259 3600 2305 est
3625 2250 3826 2320 gratia-

2218 2360 2340 2400 rum
2369 2345 2687 2409 maximum,
2724 2345 2880 2414 quasi
2921 2342 3248 2410 charissima
3284 2351 3338 2400 et
3367 2340 3678 2400 domestico
3703 2342 3826 2408 ani-

2220 2443 2384 2498 manti
2417 2441 2696 2498 concessit
2725 2454 2812 2503 ea,
2845 2454 2968 2509 quae
3011 2439 3064 2492 in
3095 2437 3200 2492 hoc
3239 2435 3445 2493 mundo
3472 2445 3604 2492 sunt
3647 2436 3829 2492 omnia

2220 2533 2374 2610 (Gen.
2406 2549 2446 2592 ι.
2478 2533 2594 2601 28);
2615 2542 2677 2588 'ut
2701 2532 2903 2586 nullius
2930 2531 3219 2601 indigeret,
3243 2529 3386 2600 quod
3403 2538 3552 2584 esset
3576 2543 3832 2588 necessa-

2222 2626 2357 2681 rium
2391 2627 2472 2681 vel
2502 2625 2569 2681 ad
2598 2625 2784 2688 vitam,
2815 2624 2902 2678 vel
2936 2623 3004 2678 ad
3029 2623 3226 2678 bonam
3265 2623 3453 2678 vitam.
3493 2620 3832 2692 9730:10-

2221 2735 2340 2774 rum
2387 2719 2491 2772 alia
2538 2717 2876 2772 ministraret
2912 2714 2929 2752 ί
2959 2716 3292 2770 abundantia
3333 2713 3616 2785 comarum
3659 2723 3832 2772 terre-

2222 2812 2412 2865 strium
2457 2813 2523 2864 ad
2571 2811 2866 2879 voluptatis
2898 2807 3328 2880 perfunctionem
3373 2825 3387 2862 :
3436 2808 3543 2862 alia
3586 2807 3832 2878 cognitio

2222 2912 2561 2958 secretorum
2585 2901 2908 2964 cmleSIium,
2940 2916 3059 2969 qua:
3084 2909 3319 2955 mentem
3347 2897 3718 2954 inflammaret
3735 2898 3832 2952 ho-

2225 2999 2388 3052 minis
2415 3010 2602 3051 amore
2632 3005 2686 3050 et
2717 2995 2996 3052 desiderio
3024 2995 3457 3064 disciplinarum,
3486 3007 3586 3064 per
3611 3008 3748 3062 quas
3763 2992 3831 3048 ad

515 3107 650 3164 pore
679 3106 801 3145 cum
833 3088 1022 3143 bestiis
1051 3087 1347 3153 confertur,
1383 3087 1570 3142 animo
1595 3098 1774 3141 tamen
1806 3088 2122 3146 caelestibus
2148 3087 2193 3150 C
2226 3089 2459 3144 sublime
2489 3087 2620 3142 illud
2651 3087 2958 3142 divinorum
2992 3087 3352 3155 penetralium
3400 3084 3677 3155 possimus
3711 3100 3834 3155 per-

520 3192 932 3247 annumcratur;
957 3181 1100 3234 sicut
1129 3179 1272 3234 enim
1317 3181 1654 3248 portavimus
1692 3179 1979 3250 imaginem
2014 3190 2122 3237 ter-
2222 3182 2430 3237 venire.
2462 3179 2768 3250 Utrumque
2791 3179 2956 3250 igitur
2980 3179 3512 3249 praestantissimum,
3540 3187 3599 3232 ut
3626 3186 3683 3232 et
3707 3177 3835 3232 sub-

514 3278 636 3334 reni
657 3319 671 3341 ,
707 3277 776 3328 ita
807 3283 1085 3344 portamus
1117 3280 1173 3325 et
1208 3272 1498 3340 imaginem
1532 3271 1773 3326 caelestis
1804 3271 1849 3342 (l
1875 3271 1997 3326 Cor.
2029 3288 2120 3340 xv,
2219 3273 2394 3344 iectas
2424 3273 2652 3328 haberet
2679 3287 2872 3328 omnes
2902 3271 3086 3327 mundi
3130 3286 3264 3342 apes
3287 3311 3301 3335 ,
3352 3270 3538 3326 omnia
3567 3270 3832 3338 volatilia,

515 3368 633 3438 49).
658 3365 942 3436 Quomodo
973 3379 1078 3420 non
1109 3362 1353 3420 caelestis
1374 3402 1388 3426 ,
1419 3363 1512 3432 qui
1547 3363 1614 3418 ad
1645 3362 1934 3434 imaginem
1965 3376 2018 3420 et
2049 3367 2124 3420 si-

518 3461 883 3520 militudinem
911 3459 1084 3513 factus
1113 3464 1198 3512 est
1223 3457 1314 3512 Dei
1345 3455 1500 3528 (Gen.
1531 3472 1570 3524 ι,
1598 3455 1729 3527 26)?

591 3555 644 3610 8.
668 3554 831 3608 llecte
864 3565 994 3621 ergo
1029 3551 1080 3603 in
1115 3548 1505 3606 constitutione
1539 3548 1728 3602 tnundi
1767 3549 2000 3620 primum
2015 3566 2128 3608 caa-

521 3650 660 3713 lum,
682 3656 738 3702 et
759 3644 1123 3701 novissimum
1147 3643 1370 3705 coelum,
1395 3641 1450 3694 in
1473 3657 1580 3711 quo
1598 3642 1740 3711 quod
1764 3644 1904 3697 ultra
1925 3643 2126 3700 ccelum

525 3748 629 3804 est,
669 3738 810 3793 Deus
840 3735 965 3792 caeli
997 3743 1102 3790 cst.
1136 3734 1379 3803 Denique
1404 3732 1473 3790 de
1500 3749 1566 3788 eo
1608 3734 1780 3804 magis
1814 3737 2125 3806 accipitur,:

532 3834 729 3890 Caelum
755 3832 882 3886 milii
908 3831 1124 3883 thronits
1145 3826 1298 3898 (Esa.
1322 3843 1468 3894 vat,
1487 3826 1561 3898 l);
1589 3843 1695 3882 non
1711 3830 1853 3884 enim
1878 3829 2019 3885 Deus
2041 3846 2133 3885 su-

527 3944 623 3999 pra
653 3927 982 3983 elementum
1010 3923 1185 3988 sedet,
1219 3923 1320 3980 sed
1347 3923 1400 3986 in
1428 3922 1595 3980 Corde
1624 3922 1880 3977 hominis.
1908 3924 2060 3980 Unde
2077 3933 2136 3980 et

528 4019 794 4074 Dominus
825 4019 900 4071 ait
934 4034 947 4070 :
992 4015 1261 4072 Venientus
1291 4015 1359 4068 ad
1397 4031 1532 4079 eum,
1565 4024 1612 4068 et
1645 4017 1962 4071 titanaionem
1991 4017 2136 4088 apud

530 4129 643 4166 eum
668 4111 914 4183 faciemus
937 4107 1114 4181 (Joan.
1148 4125 1260 4174 XIV,
1286 4107 1402 4179 25).
1436 4107 1766 4178 Principium
1797 4124 1928 4180 ergo
1954 4113 2136 4180 operis

534 4205 791 4262 mundani
823 4205 1043 4270 caelum,
1075 4204 1196 4257 linis
1227 4204 1411 4258 homo.

2224 3367 2526 3435 terrestria,
2569 3367 2733 3424 etiam
2766 3367 2965 3438 pisces,
3016 3355 3073 3422 ei.
3119 3381 3279 3420 nsum
3319 3365 3509 3429 maris,
3555 3375 3833 3434 tamquam

2226 3476 2320 3515 rex
2351 3459 2773 3526 elementorum,
2805 3474 2870 3514 ac
2899 3460 3020 3514 sine
3045 3458 3253 3523 labore,
3278 3457 3397 3513 sine
3438 3456 3742 3526 indigentia
3767 3457 3832 3510 ad

2227 3551 2588 3606 imitationem
2639 3561 2696 3607 et
2757 3550 3172 3606 similitudinem
3234 3548 3530 3604 venerandi
3591 3549 3835 3604 auctoris

2227 3642 2529 3698 abundaret
2568 3641 2842 3709 cronibus,
2889 3651 3056 3712 atque
3086 3643 3138 3695 in
3165 3656 3378 3696 summa
3400 3639 3637 3709 degeret
3658 3638 3834 3709 c0pia,

2230 3748 2285 3794 et
2315 3739 2429 3792 vias
2451 3737 2553 3793 sibi
2581 3738 2841 3807 aperiret,
2870 3735 3178 3807 gradusque
3204 3735 3542 3800 admoveret,
3580 3748 3678 3804 per
3703 3748 3838 3804 quos

2233 3833 2301 3888 ad
2324 3835 2447 3890 (ιωιί
2480 3833 2740 3889 ascendat
2768 3834 2994 3904 regiam.

2308 3927 2394 3980 12.
2425 3926 2594 3997 Cujus
2621 3925 2858 3981 difficilis
2903 3924 3116 3979 itineris
3144 3933 3168 3972 8
3193 3923 3458 3978 viatorem
3490 3921 3648 3978 facile
3678 3937 3836 3992 repe—

2200 4032 2202 4034 '
2234 4020 2344 4076 sies
2369 4021 2518 4075 illum
2543 4021 2742 4084 virum,
2773 4019 2870 4088 qui
2896 4021 2966 4072 ita
2994 4017 3068 4072 sit
3093 4017 3257 4071 animi
3287 4015 3614 4072 inductione
3639 4016 3839 4069 forma-

2237 4123 2323 4168 tus
2352 4128 2416 4168 ac
2449 4112 2750 4177 voluntate,
2775 4120 2837 4165 ut
2865 4110 3086 4164 minima
3118 4109 3221 4163 sibi
3241 4123 3366 4162 cum
3391 4123 3494 4162 suo
3517 4119 3749 4176 corpore
3770 4107 3841 4161 sit

2237 4206 2609 4271 familiaritas,
2650 4221 2825 4276 neque
2871 4205 2922 4264 in
2971 4204 3140 4259 ullum
3193 4202 3528 4274 ingrediatur
3577 4199 3838 4256 vitiorum

601 4300 655 4356 9.
691 4298 902 4356 Caelum
924 4296 992 4363 de
1021 4295 1247 4360 mundo,
1280 4295 1444 4354 homo
1475 4311 1636 4364 supra
1668 4295 1924 4352 mundum
1959 4314 1970 4350 :
2007 4297 2140 4353 illud
2237 4301 2680 4367 contubernium,
2717 4299 2880 4354 nullis
2898 4300 3287 4353 assentantium
3320 4294 3346 4334 ιι
3379 4295 3695 4366 pumicetur
3721 4309 3837 4350 ser-

535 4393 681 4451 enim
709 4391 892 4446 mundi
926 4389 1104 4459 portio
1122 4430 1136 4454 ,
1169 4389 1274 4448 iste
1301 4387 1534 4456 paradisi
1555 4389 1730 4442 incola
1749 4430 1763 4452 ,
1788 4389 1985 4446 Christi
2013 4405 2138 4460 pos-

2241 4394 2492 4449 monibns
2521 4410 2534 4446 :
2560 4407 2737 4460 neque
2765 4390 2821 4445 in
2851 4390 2988 4444 rotis
3015 4388 3381 4446 secundorum
3411 4396 3720 4456 temporum
3748 4400 3839 4455 po-

536 4487 732 4542 sessio.
763 4483 971 4540 Caelum
1024 4481 1437 4550 incorruptibile
1467 4488 1683 4549 putatur
1704 4523 1718 4548 ,
1763 4489 1818 4536 et
1861 4485 2134 4551 praeterit;
2166 4507 2222 4569 Β
2243 4488 2380 4542 situs
2402 4529 2416 4552 ,
2446 4486 2679 4542 humiles
2709 4482 2984 4548 fastidiat,
3041 4491 3240 4537 maesta
3288 4479 3477 4550 fugiat,
3529 4489 3842 4535 sanctorum

538 4579 704 4634 homo
720 4574 1092 4647 corruptibilis
1113 4575 1361 4640 habetur,
1376 4585 1424 4629 et
1450 4573 1912 4644 incorruptionem
1932 4576 2136 4631 induit:

537 4672 686 4726 illius
717 4681 739 4709 ε
771 4669 940 4740 figura
968 4667 1109 4737 perit
1135 4707 1149 4730 ,
1199 4667 1300 4721 iste
1338 4665 1491 4737 quasi
1521 4667 1840 4722 immortalis
1871 4671 2136 4738 resurgit;

540 4773 834 4831 utrumque
862 4770 1040 4815 tamen
1085 4773 1276 4814 manus
1315 4758 1530 4813 Domini
1557 4761 1803 4815 fecerunt
1843 4763 2140 4818 secundum

543 4857 838 4925 Scriptum
860 4854 1260 4908 auctoritatem.
1281 4851 1432 4907 Sicut
1455 4854 1600 4908 enim
1623 4852 1689 4908 de
1711 4855 1864 4910 caelis
1882 4855 2140 4925 legimus:

544 4947 614 5003 Et
639 4965 795 5020 Opera
824 4963 1068 5002 manuum
1096 4955 1300 5004 tuarum
1320 4956 1439 5001 sunt
1467 4948 1582 5002 caeli
1605 4945 1778 5016 (Psal.
1804 4963 1874 5016 ct,
1900 4945 1995 5019 26)
2020 4967 2034 5017 ;
2068 4950 2139 5005 ita

619 5094 645 5120 ει
676 5083 998 5144 Exercitium
1024 5083 1163 5138 idem
1185 5082 1327 5151 quod
1358 5083 1629 5152 palaestra,
1655 5085 1832 5155 inquit
1853 5084 2126 5154 Nannius;

546 5156 698 5212 lor-us
743 5155 996 5209 nimirum
1038 5155 1124 5220 ubi
1156 5155 1362 5225 pugiles
1387 5170 1510 5210 sese
1549 5166 1824 5212 exercent.
1861 5156 1972 5211 Aut.
1995 5159 2131 5212 allu-

550 5229 622 5281 sit
651 5225 716 5279 ad
754 5225 885 5279 illud
923 5225 1058 5279 Gen.
1088 5224 1164 5287 in,
1207 5224 1392 5280 Emisit
1433 5228 1582 5280 illuni
1623 5225 1880 5281 Dominus
1908 5240 1960 5281 ut
1989 5245 2135 5283 exer-

551 5308 681 5350 ceret
713 5306 919 5351 terrum.
949 5297 1075 5352 Haec
1100 5298 1208 5350 ille.
1291 5323 1294 5326 -

622 5363 646 5404 ι)
680 5359 752 5420 Ita
778 5384 965 5424 omnes
989 5384 1142 5430 mss;
1165 5378 1218 5428 at
1246 5366 1379 5422 edit.
1409 5383 1440 5424 c
1469 5369 1766 5433 contrario,
1791 5372 1940 5441 quasi
1969 5369 2136 5426 athle-

554 5450 656 5493 tam
681 5455 872 5506 corona
901 5449 948 5492 et
971 5456 1201 5505 prmium.

629 5510 836 5580 erilium.
871 5510 1024 5572 cdit.,
1056 5511 1197 5564 illius
1227 5511 1392 5580 ﬁgura
1413 5511 1657 5578 praeterit.

624 5579 908 5634 dEndem.
943 5583 1098 5642 Itoni.
1130 5579 1282 5637 cdit..
1319 5579 1385 5634 Et
1417 5591 1725 5648 pararerunt
1760 5599 1861 5636 me.

633 5663 665 5723 °_
687 5652 884 5723 Eadem
910 5651 1067 5723 edit.,
1101 5650 1174 5704 De
1199 5653 1487 5723 cognitione
1510 5669 1623 5705 sua.
1644 5653 1760 5706 Non
1795 5664 1944 5708 recte
1974 5661 2034 5709 ut
2051 5668 2139 5708 su.-

557 5721 768 5788 periora
802 5719 890 5774 illa
914 5721 1176 5789 indicant,
1208 5719 1356 5793 cujus
1385 5729 1434 5777 et
1453 5737 1614 5795 genus
1641 5737 1838 5778 sumus.

2245 4580 2432 4637 laudes
2454 4579 2692 4637 excutiat
2711 4589 2876 4648 atque
2899 4577 3099 4643 elevet,
3124 4590 3306 4646 neque
3321 4573 3512 4646 gloria:
3532 4572 3734 4627 ardore
3753 4577 3844 4626 aut

2248 4674 2488 4743 pecunia:
2513 4681 2879 4742 praesumptae,
2894 4671 3008 4739 spei
3031 4683 3249 4723 omnem
3265 4664 3704 4736 exuratcupidita
3715 4674 3836 4719 tem.

2242 4763 2410 4831 Cujus
2462 4764 2702 4818 animum
2755 4777 2861 4817 non
2895 4759 3133 4820 inflectat
3172 4756 3462 4822 maestitia,
3497 4770 3603 4810 nan
3636 4754 3842 4824 frangat

2245 4858 2462 4928 injuria,
2491 4857 2638 4910 nulla
2665 4855 2926 4912 sollicitet
2950 4854 3210 4925 suspicio,
3246 4851 3264 4889 ί
3288 4851 3457 4906 libido
3485 4864 3598 4903 non
3616 4849 3840 4914 excitet,

2245 4965 2352 5006 non
2377 4954 2689 5019 expugnent
2711 4948 2993 5018 passiones
3022 4944 3293 5016 corporis,
3319 4958 3424 4998 non
3464 4941 3731 5012 inquietet
3753 4954 3841 4995 va-

2317 5088 2333 5125 ῐ
2367 5086 2616 5142 Nonnulli
2646 5099 2803 5150 mss.,
2843 5084 3281 5140 abundantiam...
3310 5081 3380 5136 ad
3404 5080 3696 5136 uoluntatis
3722 5096 3835 5150 per-

2241 5160 2582 5229 fnnctionem,
2616 5159 2723 5212 alia
2741 5160 3100 5227 cognitionem,
3130 5165 3240 5229 etc.

2315 5239 2338 5277 ε
2372 5224 2575 5285 Omnes
2593 5229 2752 5294 edit.,
2791 5224 3032 5282 uiatorem
3072 5243 3173 5280 non
3217 5227 3374 5291 facile
3395 5224 3614 5294 reperiet
3649 5239 3667 5276 :
3703 5239 3830 5278 mss.

2243 5299 2360 5356 fere
2387 5315 2582 5356 omnes
2601 5301 2920 5356 concinnius
2949 5307 3265 5368 cxpungunt
3289 5300 3660 5368 negationem.

2315 5369 2344 5408 ¹¹
2376 5372 2687 5438 Metapliora
2720 5381 2806 5426 est
2844 5385 2873 5424 a
2897 5365 3076 5440 lapide
3106 5365 3340 5440 pumice,
3366 5365 3484 5437 qun
3513 5366 3754 5440 artifices
3774 5365 3837 5421 ad

2246 5437 2604 5510 laivigandum
2637 5457 2698 5496 ac
2729 5437 3036 5508 pallendum
3071 5440 3145 5492 uti
3177 5439 3388 5510 solent,
3421 5437 3565 5509 quod
3595 5438 3836 5492 adulatu-

2242 5527 2332 5583 res
2370 5509 2703 5583 blandiendo
2731 5525 2893 5582 atque
2921 5510 3195 5583 palpando
3213 5509 3394 5583 ferme
3425 5510 3733 5583 imitantur.

2319 5582 2333 5619 ί
2373 5582 2496 5663 Indis
2521 5584 2670 5663 binas.
2698 5599 2762 5639 ac
2783 5581 3044 5653 seqq—non
3072 5581 3316 5654 exagitet.
3348 5581 3574 5637 Amerb.
3599 5588 3658 5635 et
3682 5593 3832 5644 mss,

2243 5669 2344 5708 non
2371 5661 2580 5709 excitet.
