4040 6166
290 183 438 244 1153

1514 198 2000 260 Ειιιετοωιιυιι
2041 203 2320 266 ειΑεειδ
2360 210 2400 264 l.

3468 225 3607 280 1151

289 299 536 356 uitatum
568 305 882 372 appetentis
907 347 920 371 ,
965 306 1301 378 voluptatum
1332 311 1531 380 gratia.
1567 311 1686 367 Jam
1733 314 1781 369 si
1823 313 1918 370 ad-
1943 319 1996 379 Α
2022 319 2220 387 tentia,
2254 330 2503 391 penetrat
2524 322 2738 378 occulta
2765 325 2935 381 maris
2953 334 3114 398 atque
3131 330 3372 388 omnium
3405 333 3602 392 dilfusa

285 391 496 463 iungas
525 393 776 461 virtutes,
809 398 1210 468 castimoniam,
1240 401 1613 472 sobrietatem,
1656 421 1721 461 ac
1768 415 1906 463 telu-

294 485 608 555 perantiam
629 529 644 554 ,
681 487 836 550 facile
875 491 1155 548 refrenare
1190 503 1384 564 potens
1413 497 1483 551 sit
1523 498 1909 554 immoderatos

290 579 535 649 impetus
581 581 784 638 levium
816 587 1168 655 passionum,
1211 604 1630 662 mensuramque
1670 593 1910 663 imponat

290 670 760 731 delectationibus
797 678 909 732 suis
931 689 987 733 et
1009 679 1424 750 cupiditatibus,
1457 685 1720 752 equitate
1737 686 1909 742 ambi-

289 780 398 838 gua
421 767 743 840 distinguat,
767 773 1158 842 tranquillitate
1183 776 1380 831 utentis
1400 776 1566 832 dubia
1591 789 1904 848 componat,

294 870 349 913 et
382 861 538 916 velut
561 866 883 934 compositis
911 868 1162 922 omnibus
1189 871 1437 940 corporis
1471 881 1528 927 et
1565 874 1766 928 mentis
1791 874 1908 944 jur-

287 953 398 1023 giis
419 996 434 1019 ,
479 955 637 1026 quasi
665 955 842 1012 bonus
871 959 1078 1015 arbiter
1105 960 1430 1018 iuoﬂ’ensam
1459 974 1640 1020 teneat
1669 969 1904 1022 exterio-

286 1046 369 1102 ris
397 1046 640 1104 hominis
679 1060 841 1121 atque
887 1051 1169 1109 interioris
1217 1056 1593 1121 concordiam,
1630 1058 1906 1126 placidans
1945 1084 1958 1093 ~

286 1153 388 1195 eos
419 1140 476 1195 in
507 1153 681 1197 semet.
713 1145 867 1213 ipso,
902 1162 966 1201 ac
993 1149 1038 1202 si
1087 1164 1248 1204 causa
1297 1153 1508 1222 exigat,
1559 1154 1738 1207 nullus
1781 1170 1902 1210 eum

285 1231 474 1287 malus
497 1234 850 1292 consiliarius
875 1247 902 1274 ιι
925 1253 1152 1295 revocet
1182 1251 1372 1296 metua
1395 1230 1665 1312 passionis
1679 1253 1900 1310 cernua;

286 1321 336 1378 is
369 1325 536 1393 plane
583 1339 692 1380 non
743 1327 918 1384 solum
951 1332 1118 1400 quasi
1151 1333 1378 1397 amicus,
1413 1333 1508 1388 sed
1538 1335 1702 1390 etiam
1747 1336 1904 1405 quasi

285 1412 437 1470 ﬁlius
464 1427 781 1473 assumatur
817 1436 848 1473 a
880 1432 1032 1491 patre
1053 1464 1068 1490 ,
1099 1432 1155 1478 ut
1185 1423 1403 1481 divitias
1429 1425 1619 1496 glorite
1648 1433 1705 1481 et
1730 1425 1904 1483 inere-

283 1505 484 1562 ditatis
516 1509 636 1579 ejus
661 1509 1012 1580 adipiscatur.

362 1597 456 1655 18.
488 1599 686 1692 Merito
703 1617 840 1674 ergo
863 1615 1194 1676 postremus,
1222 1610 1374 1679 quasi
1404 1609 1530 1667 ﬁnis
1559 1621 1768 1667 natura:
1791 1612 1900 1668 fur-

2011 419 2281 467 terrarunt
2309 412 2528 468 latibula
2553 457 2566 478 ,
2619 414 2899 487 utriusque
2944 429 3221 477 scrutator
3251 433 3463 483 natura:
3483 471 3498 496 ,
3533 430 3600 486 ad

2009 503 2424 559 similitudinem
2449 505 2540 561 Dei
2569 509 2770 562 summi
2797 525 2957 580 quem
2984 511 3227 569 imitatur
3253 527 3306 572 et
3333 522 3600 590 sequitur,

2008 597 2167 665 cujus
2193 595 2371 667 imago
2398 613 2498 667 pro
2518 600 2730 669 exiguis
2752 603 3094 670 portionibus
3125 605 3180 660 in
3199 607 3429 678 singulis
3461 611 3600 683 ﬁgu-

2009 701 2182 756 ratur;
2220 691 2447 746 elevans
2481 708 2698 764 quoque
2728 710 2788 751 se
2820 697 2873 751 in
2905 713 3092 755 aerem
3123 710 3177 756 et
3205 701 3323 772 ejus
3345 705 3596 765 nubilosa

2012 788 2466 858 przetergrediens
2488 831 2502 856 ,
2533 790 2599 844 ad
2624 792 2746 847 coeli
2773 792 2879 848 alta
2903 810 2962 849 se
2989 794 3177 867 dirigit
3202 800 3386 855 studio
3416 804 3603 873 cogni-

2011 881 2196 945 tionis,
2230 892 2280 938 et
2315 883 2512 939 ardore
2544 886 2864 955 sapientiae;
2897 888 2989 943 ubi
3021 891 3298 962 pauliSper
3327 895 3600 964 Stupel'ac—

2008 981 2094 1027 tus
2142 973 2500 1030 admiratione
2544 978 2824 1034 stellarum
2864 982 3171 1039 calestium
3195 1026 3210 1050 ,
3243 996 3296 1041 et
3336 987 3599 1046 luminum

2006 1064 2310 1122 detestatus
2353 1068 2602 1124 claritate
2628 1110 2642 1134 ,
2686 1073 3027 1142 prospiciens
3061 1075 3299 1146 desuper
3327 1081 3599 1136 mundana

2008 1155 2134 1224 ista,
2159 1158 2450 1214 ctntferens
2477 1175 2693 1230 quoque
2718 1178 2780 1218 se
2801 1164 2868 1219 ad
2899 1166 3192 1236 hesperom
3224 1178 3384 1241 atque
3414 1183 3600 1229 aretu-

2005 1262 2130 1302 rum
2153 1289 2168 1315 ,
2199 1257 2254 1305 et
2277 1260 2509 1307 caeteros
2537 1253 2660 1308 illos
2688 1256 2932 1318 ἀπλανεῖς
2957 1268 2980 1296 ε
3013 1259 3302 1326 «towns.
3327 1274 3384 1320 et
3413 1266 3603 1322 videns

2012 1338 2196 1410 fquod
2231 1343 2528 1400 inoffensus
2582 1347 2674 1402 ille
2717 1350 2788 1404 sit
2828 1365 3002 1420 error,
3051 1369 3210 1425 quem
3248 1357 3368 1413 sine
3413 1375 3600 1416 errore

2005 1449 2116 1502 quo
2153 1436 2326 1505 magis
2356 1437 2536 1492 omnia
2568 1439 2799 1508 obeant,
2843 1443 3090 1501 intulere
3133 1456 3299 1518 atque
3334 1451 3598 1510 aberrare

2006 1525 2326 1594 videantur;
2371 1529 2578 1600 majore
2617 1547 2676 1586 se
2718 1536 3016 1602 cupiditate
3069 1540 3269 1595 attollit
3299 1543 3366 1598 ad
3418 1545 3596 1614 ipsum

2002 1618 2270 1685 gremium
2321 1619 2519 1685 Patris,
2576 1621 2629 1676 in
2675 1639 2783 1693 quo
2827 1637 2910 1680 est
2954 1629 3265 1700 unigenitus
3304 1633 3400 1690 Dei
3425 1636 3603 1694 Filius

281 1705 472 1750 matus
503 1696 571 1751 ad
600 1696 888 1767 justitiam,
932 1701 1074 1756 inter
1094 1715 1292 1758 cetera
1321 1704 1618 1760 animantia
1653 1706 1784 1775 justi
1811 1721 1899 1762 ar-
1934 1711 1982 1773 Β
2007 1727 2272 1768 enarrans
2309 1725 2518 1771 secreta
2553 1717 2686 1784 Dei,
2717 1728 2772 1773 et
2800 1718 2948 1777 iacio
2974 1696 3263 1781 ad'iaciem
3295 1739 3484 1798 postea
3515 1747 3602 1787 re-

283 1785 460 1844 biter.
500 1787 572 1843 Et
617 1790 664 1844 si
722 1791 846 1846 licet
890 1796 1196 1866 exemplum
1228 1809 1542 1864 arcessere,
1571 1799 1712 1853 sicut
1759 1799 1901 1855 inter

283 1877 547 1934 homines
574 1880 700 1936 ﬂuis
739 1881 1005 1952 legis.est
1048 1885 1296 1941 Christus
1342 1889 1408 1943 ad
1449 1888 1718 1959 justitiam
1751 1891 1898 1945 omni

277 1972 536 2029 credenti
564 1973 744 2045 (Rom.
779 1993 833 2044 ιι,
866 1976 943 2047 4),
975 1987 1030 2034 et
1069 1996 1168 2037 nos
1195 1993 1467 2054 tamquam
1492 1985 1736 2056 jumenta
1769 2002 1900 2043 con-

279 2070 652 2139 templatione
677 2072 914 2140 Domini;
947 2075 1027 2130 sic
1067 2078 1209 2132 enim
1253 2078 1523 2148 Proliheta
1549 2081 1664 2136 ait:
1699 2086 1902 2140 κτηνὼ-

277 2161 374 2224 δης
392 2164 623 2237 ἐγενέθην
647 2167 791 2241 παρά
812 2187 915 2231 σοι,
951 2166 1003 2222 id
1033 2180 1139 2236 est,
1165 2173 1457 2241 jnmentum
1479 2174 1766 2229 testimonia
1786 2191 1898 2228 sum

275 2255 432 2324 apud
461 2266 510 2310 te
534 2253 710 2328 (Ptol.
743 2273 912 2323 Lxxn,
940 2261 1054 2330 93).
1089 2259 1116 2298 ι)
1147 2261 1215 2315 Et
1240 2279 1362 2332 quae
1393 2263 1576 2320 tamen
1607 2281 1892 2336 compara-

277 2346 394 2413 tio,
431 2361 554 2420 cum
589 2348 681 2404 ille
713 2363 1003 2420 pereuntes
1032 2352 1347 2418 redemerit,
1379 2371 1477 2410 nos
1506 2358 1899 2412 immolemus?

276 2437 374 2493 ille
409 2453 602 2494 servos
628 2439 698 2494 ad
730 2441 1044 2499 libertatem
1073 2446 1369 2512 vocaverit,
1410 2461 1509 2502 nos
1537 2447 1726 2503 liberis
1757 2449 1899 2505 irro-

276 2548 482 2604 gctnus
525 2535 932 2604 captivitatem?
980 2536 1089 2594 Sed
1141 2538 1266 2610 quis
1315 2540 1505 2596 similis
1550 2541 1663 2597 Deo
1717 2540 1894 2614 (Ptol.

278 2640 347 2680 ιι
357 2640 532 2680 χ-ινιιι
545 2666 560 2690 ,
593 2629 652 2696 9)
674 2626 698 2681 ?

349 2718 527 2791 9",
555 2719 642 2774 16.
667 2719 944 2778 Processit
978 2724 1163 2780 tamen
1180 2735 1493 2795 postremus
1516 2735 1894 2782 creaturarum

278 2815 532 2866 animum
563 2812 765 2880 homo,
811 2817 994 2884 specie
1032 2826 1240 2888 gratus,
1290 2827 1473 2874 mente
1517 2819 1803 2885 sublimis;
1839 2831 1897 2876 ut

278 2906 436 2961 omni
479 2915 626 2962 esset
656 2919 924 2964 creatura:
952 2911 1231 2966 miraculo.
1267 2913 1324 2966 ιιι
1354 2929 1462 2982 quo
1483 2915 1547 2967 ad
1585 2913 1895 2970 similitudi-

278 3014 412 3055 nem
440 3001 628 3054 aeterni
652 3001 749 3057 Dei
776 3014 797 3041 ο
825 3010 945 3064 νοῦς
971 3014 1118 3060 esset
1141 3005 1464 3074 invisibilis,
1501 3007 1737 3062 humana
1769 3024 1893 3075 spe-

2004 1796 2232 1860 levauda
2267 1805 2446 1874 (Joan.
2477 1824 2516 1873 ι,
2548 1809 2660 1882 18).
2700 1810 2854 1868 Nunc
2889 1796 3600 1891 tamenquibusdignatur,

2002 1911 2067 1952 ex
2100 1905 2255 1968 parte
2284 1899 2624 1956 demonstrat
2645 1943 2661 1968 ,
2705 1913 2870 1976 atque
2911 1907 2962 1961 ia
3007 1911 3298 1982 muigmate
3325 1915 3601 1987 simulque

2002 1988 2070 2044 de
2111 1989 2315 2060 Spiritu
2357 2001 2412 2046 et
2433 1992 2584 2048 vultu
2629 2009 2729 2051 suo
2749 1997 3102 2066 splendorem
3147 2003 3396 2072 luminis,
3446 2024 3600 2066 more

2005 2084 2264 2138 torrentis
2303 2085 2569 2152 effundit;
2614 2095 2672 2142 ut
2694 2104 2761 2144 eo
2793 2091 3134 2150 illuminatus
3169 2096 3317 2154 dicat
3349 2117 3364 2154 :
3397 2098 3466 2154 Et
3494 2113 3602 2156 erat

2001 2175 2139 2243 ignis
2175 2176 2560 2247 ﬂaittniigerana
2586 2179 2640 2232 in
2679 2181 2879 2236 ossibus
2907 2187 3034 2239 meis
3053 2223 3068 2249 ,
3107 2197 3156 2241 et
3179 2189 3462 2246 dissolutus
3487 2211 3597 2248 sunt

2001 2267 2229 2338 undique
2252 2276 2302 2323 et
2333 2273 2471 2338 ferre
2505 2286 2607 2348 non
2638 2287 2851 2341 possum
2881 2274 3110 2345 (Jerem.
3162 2296 3259 2345 xx,
3289 2281 3366 2353 9).
3400 2284 3468 2338 Et
3497 2286 3604 2340 Da-

2001 2359 2090 2413 vid
2117 2358 2230 2414 ait:
2277 2358 2358 2415 De
2386 2361 2529 2415 vultu
2558 2373 2647 2417 tuo
2659 2364 2924 2436 judicium
2959 2384 3128 2424 meum
3155 2373 3368 2441 prodeat
3416 2375 3594 2446 (Ptol.

2001 2467 2110 2515 xw,
2139 2452 2216 2517 2).

2071 2541 2161 2598 16.
2204 2543 2320 2600 Hoc
2358 2545 2522 2616 igitur
2560 2548 2760 2604 mentis
2795 2550 2979 2622 vigore
3003 2596 3017 2620 ,
3062 2563 3119 2609 ut
3157 2569 3410 2616 revertar
3451 2563 3598 2620 unde

1999 2635 2278 2707 digressus
2306 2653 2425 2693 sum
2448 2681 2463 2705 ,
2513 2655 2626 2710 quo
2653 2652 2706 2696 et
2740 2652 2970 2699 externa
2999 2645 3224 2719 subigit,
3255 2658 3312 2706 et
3339 2665 3596 2722 separata

1998 2737 2054 2784 et
2082 2729 2340 2785 distantia
2366 2731 2551 2800 videt,
2576 2743 2630 2788 et
2663 2734 2922 2792 validiora
2948 2738 3152 2796 viribus
3182 2745 3437 2801 animalia
3469 2749 3600 2804 sub-

1992 2820 2135 2890 jicit,
2187 2831 2390 2878 tantam
2441 2827 2656 2882 cancris
2697 2830 3106 2887 venerationem
3149 2837 3230 2890 sui
3258 2837 3488 2906 infudit;
3542 2852 3602 2898 ut

1997 2915 2249 2969 certatim
2272 2917 2425 2985 quasi
2449 2917 2562 2987 regi
2592 2918 2872 2987 obediaut,
2905 2924 3024 2978 voci
3052 2926 3172 2995 ejus
3194 2930 3596 2992 obseeundent.

1997 3007 2066 3064 Et
2103 3024 2227 3063 cum
2256 3010 2367 3064 sint
2397 3011 2813 3082 irrationabilia,
2849 3017 3118 3073 rationem
3155 3035 3456 3092 agnoscant
3484 3037 3508 3075 ις
3541 3039 3598 3084 et

279 3093 370 3149 cie
399 3093 656 3148 atnictus.
690 3095 790 3151 Hic
815 3107 897 3152 est
923 3105 1042 3160 νοῦς
1087 3101 1283 3154 animus
1314 3102 1489 3170 vigor,
1529 3102 1892 3171 principatum
1922 3103 1966 3166 C
1999 3102 2344 3172 disciplinam
2382 3117 2502 3158 eam
2547 3105 2899 3175 imprimunt,
2940 3124 3102 3180 quam
3132 3123 3324 3171 natura
3361 3133 3471 3173 non
3502 3123 3598 3176 tri-

281 3189 483 3241 animm
513 3197 564 3241 et
593 3189 845 3259 corporis
871 3191 972 3244 sibi
997 3193 1150 3261 quasi
1181 3203 1362 3248 rector
1389 3191 1694 3250 vindicans.
1717 3197 1889 3263 Quem

282 3281 498 3335 etiamsi
533 3297 638 3336 non
669 3283 854 3338 vident
877 3270 1136 3340 animalia
1165 3293 1359 3340 caetera
1379 3327 1395 3352 ,
1431 3296 1611 3342 tamen
1637 3280 1892 3343 refermi-

283 3374 455 3441 dant;
492 3365 633 3431 Sicut
661 3392 760 3432 uos
783 3377 976 3444 Deum,
1007 3375 1034 3414 ά
1065 3394 1231 3449 quem
1273 3395 1380 3434 non
1423 3381 1695 3450 videmus,
1729 3383 1893 3438 time-

286 3477 510 3534 mus;et
532 3486 599 3525 eo
631 3471 751 3540 plus
782 3471 1095 3546 metuimus,
1126 3475 1250 3544 quia
1279 3491 1385 3529 non
1418 3476 1686 3532 videmus.

239 3562 248 3566 ⁷
361 3560 448 3616 15.
491 3561 736 3634 Namque
777 3575 834 3618 ut
862 3565 929 3620 ad
975 3565 1266 3636 imaginem
1309 3567 1430 3636 ejus
1472 3578 1528 3623 et
1583 3568 1894 3624 similitudi-

288 3669 438 3722 nem,
463 3656 602 3710 sicut
621 3657 884 3726 scriptum
908 3667 994 3712 est
1013 3657 1162 3726 (Gen.
1185 3675 1224 3725 ι,
1241 3660 1358 3730 ‘26),
1380 3675 1774 3730 praesumamus
1813 3661 1895 3715 di-

288 3759 441 3809 cere,
469 3761 594 3800 cum
627 3746 720 3800 ille
746 3763 806 3802 se
831 3747 1022 3802 fundat
1048 3749 1346 3818 majestatis
1375 3765 1488 3804 suae
1518 3750 1852 3818 plenitudine
1874 3791 1889 3813 ,

285 3849 344 3892 et
372 3839 554 3893 videat
573 3839 776 3903 omnia,
808 3842 1032 3906 cmlum,
1051 3855 1258 3907 aerem,
1287 3851 1508 3902 terram,
1539 3857 1708 3905 mare,
1738 3857 1890 3894 cotu-

287 3931 529 4001 plectcus
565 3930 814 3984 universa
859 3943 912 3985 et
944 3945 1233 4000 penetrans
1266 3949 1360 4002 per
1391 3933 1635 4001 singula;
1671 3941 1729 3987 ut
1767 3948 1890 3989 cum

289 4021 425 4078 nihil
454 4031 760 4090 pratereat,
779 4032 834 4078 et
861 4023 996 4078 nihil
1025 4024 1099 4078 sit
1122 4026 1265 4094 quod
1299 4043 1403 4079 mm
1432 4027 1692 4081 consistat
1725 4026 1774 4080 in
1803 4041 1890 4092 eo,

289 4124 454 4186 atque
475 4129 542 4170 ex
573 4114 694 4184 ipso
732 4115 960 4185 pendeat
988 4157 1002 4182 ,
1057 4127 1110 4170 et
1155 4117 1320 4186 ipsius
1350 4117 1568 4186 plenum
1599 4118 1703 4180 sit,
1755 4119 1896 4173 sicut

292 4211 410 4283 ipse
441 4213 556 4267 ait:
585 4210 782 4267 Caelum
822 4223 870 4266 et
911 4223 1098 4267 terram
1141 4229 1230 4282 ego
1256 4213 1520 4283 compleo,
1560 4213 1684 4268 dicit
1709 4211 1890 4268 Domi.

291 4321 386 4359 nus
401 4303 616 4376 (1mm.
648 4319 799 4373 mn,
833 4304 949 4378 24),
991 4305 1069 4360 ita
1100 4313 1218 4368 νοῦς
1248 4306 1480 4362 hominis
1517 4307 1661 4362 videt
1710 4306 1892 4362 omnia

291 4409 348 4456 et
371 4416 478 4456 non
509 4400 742 4466 videtur,
771 4400 978 4456 habens
1007 4401 1089 4456 sui
1142 4401 1468 4456 invisibiletn
1511 4401 1892 4468 substantiam,

1994 3194 2129 3250 buit.
2179 3195 2421 3266 Denique
2460 3195 2709 3254 videntes
2760 3197 2891 3256 ferte
2933 3202 3056 3271 ejus
3088 3211 3590 3282 mansuetudinem,

1993 3286 2114 3356 ejus
2143 3287 2374 3357 imperio
2391 3287 2558 3360 975
2575 3303 2983 3348 mansuescunt.
3005 3294 3166 3366 Saepe
3189 3304 3598 3372 suSpenderunt

1993 3394 2209 3432 morsus
2235 3394 2367 3436 suos
2387 3419 2404 3445 ,
2435 3391 2730 3438 revocante
2762 3397 2900 3439 sono
2941 3388 3091 3443 vocis
3122 3389 3397 3450 humanm.
3432 3397 3596 3455 Vide-

1995 3487 2116 3526 mus
2144 3473 2372 3527 innoxio
2398 3487 2594 3528 canum
2625 3475 2787 3532 dente
2811 3478 3028 3546 lepores
3048 3482 3166 3539 sine
3195 3489 3422 3545 vulnere
3449 3499 3594 3565 capi,

1995 3563 2183 3619 leones
2216 3581 2435 3636 quoque
2466 3566 2648 3635 ipsos,
2698 3569 2744 3623 si
2784 3585 2887 3624 vox
2938 3571 3176 3630 hominis
3222 3563 3591 3653 resultaverit,

1996 3660 2234 3727 praedam
2281 3658 2559 3712 dimittere
2587 3676 2599 3712 :
2635 3661 2836 3729 pardos
2858 3671 3022 3731 atque
3050 3679 3208 3722 ursos
3229 3670 3442 3728 incitari
3473 3672 3500 3711 δ
3529 3692 3595 3733 ac

1996 3751 2241 3804 revocari
2287 3750 2550 3805 vocibus:
2580 3767 2752 3822 equos
2794 3754 2992 3823 plausu
3022 3757 3304 3818 hominum
3331 3765 3591 3839 l‘rentcrc,

1993 3841 2214 3894 silentio
2246 3840 2459 3894 mollire
2489 3856 2737 3910 cursum,
2767 3844 3004 3916 denique
3036 3864 3182 3916 saepe
3210 3854 3330 3910 sine
3361 3859 3590 3920 verbere

1998 3942 2333 4001 praitereuut
2365 3933 2712 3998 verberatos,
2742 3937 2812 3990 ita
2837 3938 3219 4001 vehementius
3251 3948 3376 4007 illos
3407 3953 3596 4015 incitat

1996 4022 2195 4093 linguai
2227 4024 2522 4092 ﬂagellum.

2071 4118 2156 4172 17.
2199 4116 2336 4186 Quid
2367 4131 2494 4172 vero
2525 4116 2592 4171 de
2619 4121 2934 4178 muneribus
2957 4123 3195 4198 loquar?
3236 4134 3418 4195 Nutrit
3442 4144 3590 4202 aries

1999 4209 2222 4274 vellera,
2257 4219 2309 4262 ut
2338 4209 2548 4278 placeat
2579 4211 2827 4266 homini:
2858 4225 3022 4286 atque
3069 4221 3120 4276 in
3171 4224 3338 4282 ﬂuvio
3385 4247 3594 4292 mersa-

2001 4312 2107 4368 tur,
2139 4312 2197 4357 ιιι
2226 4302 2458 4358 nitorem
2486 4311 2701 4374 augeat.
2729 4305 2873 4363 Oves
2897 4324 3114 4384 quoque
3155 4319 3384 4377 meliora
3418 4327 3592 4394 palm-

2001 4397 2051 4452 la
2080 4398 2259 4468 legunt
2287 4405 2405 4480 ,lut
2450 4397 2700 4454 suaviore
2725 4414 2890 4458 succo
2936 4405 3096 4463 lactis
3143 4410 3250 4468 feta
3279 4413 3595 4493 distendant

293 4493 596 4563 disciplinis
645 4503 708 4557 et,
731 4494 981 4549 cons-iliis
1014 4508 1078 4550 ac
1107 4495 1358 4551 sensibus
1381 4493 1796 4564 comprehendit
1820 4494 1897 4549 la—
1922 4485 1976 4547 D
2003 4491 2166 4547 ubera
2199 4509 2211 4544 :
2255 4490 2490 4546 subeunt
2520 4501 2708 4562 partus
2733 4493 2978 4565 dolores,
3031 4510 3093 4558 ut
3119 4487 3452 4568 homini-sua
3478 4530 3598 4572 mu-

365 4644 388 4671 η
422 4633 648 4703 Quidam
677 4647 876 4692 mss.et
905 4651 1096 4691 omnes
1125 4636 1285 4699 edit.,
1311 4645 1508 4690 revocet
1536 4643 1699 4689 metus
1726 4651 1756 4686 a
1783 4651 1894 4702 pas-

220 4714 223 4717 '
296 4706 455 4759 sionis
477 4723 686 4760 corona.

365 4776 393 4815 δ
422 4777 570 4832 I’rat.
601 4776 722 4848 cod.
748 4792 813 4832 ac
835 4777 1017 4842 Genu,
1041 4789 1086 4832 et
1113 4793 1261 4848 wqua
1289 4789 1453 4832 tamen
1484 4779 1888 4846 comparatione.

368 4858 390 4886 ε
421 4848 644 4903 Miratur
671 4847 932 4914 Nannius,
966 4865 1062 4903 cur
1081 4849 1138 4905 S.
1173 4847 1494 4905 Ambrosius
1525 4847 1768 4904 Graecam
1801 4864 1892 4901 v0-

294 4934 415 4975 cem
447 4922 752 4976 retinuerit.
787 4925 868 4974 Au
910 4922 1034 4990 quia
1063 4921 1238 4976 Latini
1274 4923 1424 4975 varie
1464 4922 1604 4973 hanc
1637 4919 1886 4982 etii-runt,

294 5005 418 5045 cum
441 5006 560 5046 eam
595 4995 756 5071 tuo-do
781 5004 1041 5071 mentenl,
1077 4993 1235 5046 modo
1259 4991 1891 5071 animumjntet'pretun-

296 5062 520 5142 tur?‘An
553 5063 693 5127 quod
727 5075 946 5133 etytuon
985 5062 1234 5142 Graecum
1271 5061 1888 5142 illi_ntagishplacuerit,

295 5131 437 5202 quod
463 5140 578 5194 νοῦς
599 5135 702 5188 ἀπὸ
725 5131 815 5188 τοῦ
849 5143 1004 5200 νοεῖν,
1040 5136 1146 5188 hoc
1191 5142 1293 5198 est,
1326 5136 1395 5186 ab
1434 5133 1786 5202 ittljeliigettdn
1823 5133 1893 5185 sit

295 5200 498 5274 dictus,
523 5220 644 5259 cum
671 5220 822 5258 utens
847 5222 874 5256 a
902 5208 1238 5269 meminisse,
1263 5205 1477 5257 animus
1499 5200 1680 5274 ἄνεμος
1709 5202 1894 5270 appel-

296 5273 438 5328 latus
478 5278 548 5329 sit
577 5276 600 5328 ?
627 5290 858 5356 quorum
901 5279 1191 5330 verborum
1236 5277 1340 5328 vim
1386 5273 1748 5356 naturamque
1775 5279 1893 5356 νοῦέ

298 5347 470 5415 probe
525 5346 728 5416 esplet.
781 5350 862 5398 An
907 5362 1030 5412 quia
1085 5353 1432 5412 Anaxagoras
1474 5344 1655 5399 omnia
1699 5344 1898 5398 dixerit

298 5417 524 5471 tnateria
565 5425 620 5470 et
661 5424 731 5487 νῷ
759 5417 1110 5470 conservari?
1153 5416 1354 5487 Verum
1381 5433 1485 5470 non
1518 5426 1634 5470 erat
1664 5432 1759 5471 cur
1787 5425 1893 5468 tam

298 5490 458 5542 anxie
501 5490 616 5541 haec
659 5487 966 5554 disputaret
1006 5503 1090 5541 Vir
1120 5486 1400 5552 eruditus;
1441 5489 1527 5542 hic
1566 5490 1712 5542 enim
1747 5488 1898 5540 locus

298 5573 407 5612 non
437 5558 544 5610 alio
559 5556 895 5628 referendus
919 5567 1002 5612 est
1028 5599 1041 5622 ,
1075 5573 1234 5628 quam
1269 5562 1334 5611 ad
1365 5558 1609 5614 Philonis
1638 5559 1898 5613 imitatio—

301 5643 449 5691 nem,
482 5626 572 5697 qui
594 5627 762 5681 citato
788 5626 930 5683 libro
961 5626 1154 5684 eodem
1182 5632 1344 5700 plane
1371 5630 1532 5686 modo
1557 5631 1904 5702 philosopha-

302 5707 408 5752 tur.
1783 5737 1787 5742 '

2073 4627 2098 4667 ἀ
2129 4630 2340 4714 omnes
2357 4630 2489 4686 edit.
2518 4645 2582 4686 ac
2613 4633 2767 4714 pauci
2792 4649 2948 4703 mss.,
2983 4655 3130 4714 quem
3168 4646 3290 4714 quia
3315 4665 3414 4704 non
3447 4654 3591 4709 vide-

2002 4719 2147 4767 mus;
2175 4703 2262 4784 alii
2292 4701 2512 4792 pltltres,
2539 4717 2601 4792 τις
2630 4705 2868 4792 potiores
2895 4701 3088 4765 melius
3111 4701 3411 4792 eit'cludnnt
3573 4745 3587 4790 ;

2002 4790 2106 4828 non
2139 4775 2282 4828 enim
2318 4773 2523 4851 idcirco
2554 4773 2721 4828 Deum
2754 4779 3034 4845 timemus,
3069 4785 3190 4850 quia
3221 4803 3342 4842 eum
3377 4773 3590 4851 pontii:

1999 4847 2213 4924 demus,
2241 4845 2335 4899 sed
2358 4847 2484 4924 quia
2506 4845 2890 4924 iustitiumque
2911 4845 3336 4924 omnipotentem
3360 4845 3586 4924 5.35555,

2073 4926 2096 4952 ⁰
2123 4916 2266 4970 Ρ¹’³¹’
2295 4926 2347 4993 ei
2371 4914 2550 4982 G""“-.
2581 4914 2848 4983 ἀπλανεῖξ,
2872 4914 3165 4979 (ιιισηιίὶιεε.
3199 4928 3306 4985 δρα
3350 4914 3589 4993 ιῇέξᾞῇ

1996 4987 2259 5067 ¹ί¹“³.ν⁰³
2291 4987 2470 5056 8¹⁰⁵⁵³
2501 4997 2632 5067 ⁸⁸⁸).
2665 5005 2784 5067 (1⁸³³ιῖ
2817 4994 2870 5067 i"_
2905 5001 3084 5067 W05
3112 4997 3271 5067 eiecti
3315 4987 3592 5064 locuntu-

2002 5059 2196 5128 repsit,
2222 5055 2464 5142 "numque
2490 5055 2725 5138 explicat
2754 5061 3091 5142 Ambrosius,
3125 5055 3221 5123 c'ur
3253 5055 3590 5142 "unde;

2003 5140 2133 5212 esi...
2171 5129 2651 5212 ειιξιῐιιξοριυιοιιιὶοςη2
2693 5135 2896 5216 erroris
2944 5144 3119 5216 tamen
3162 5129 3271 5216 sint
3301 5129 3586 5216 inuidia;

2005 5202 2259 5279 nimirum
2276 5202 2398 5268 quia
2421 5213 2609 5279 eorum
2631 5201 2942 5279 ina/feritati
2955 5210 3185 5271 pessime
3211 5213 3434 5274 Anterb.

2006 5273 2276 5343 plerisque
2304 5285 2459 5343 mss.,
2493 5270 2744 5342 infensus)
2768 5274 2856 5327 ille
2877 5270 3134 5343 sit'error,
3166 5294 3272 5339 etc,

2083 5341 2099 5378 ί
2133 5341 2258 5414 diss.
2294 5342 2522 5414 aliquot,
2555 5358 2654 5408 quo
2679 5345 2839 5414 magis
2862 5349 3034 5402 omnia
3062 5341 3264 5407 obeunt.

2079 5421 2104 5495 εξ
2132 5412 2256 5466 Mss.
2284 5413 2507 5483 aliquot,
2538 5421 2586 5466 et
2607 5412 2885 5486 disriplina
2914 5434 3024 5471 eam
3049 5422 3370 5496 imprimunt,
3405 5437 3594 5506 supple

2005 5495 2292 5539 rationem.

2079 5553 2106 5592 h
2147 5553 2392 5648 NmLtnulli
2428 5568 2580 5648 mss:
2611 5572 2672 5609 ac
2697 5560 2972 5648 revocarit:
2990 5565 3386 5648 vocariopcibus
3413 5591 3595 5648 equos;

2011 5627 2198 5698 plausu
2229 5625 2494 5707 ιιοηιξηυηε
2532 5628 2769 5696 fremere,
2801 5630 3004 5707 silentio
3030 5636 3244 5705 molliri,
3274 5625 3600 5707 σισὶιὶᾌὲῑᾶὶ

2012 5695 2128 5768 que,
2166 5707 2272 5752 etc.
2307 5713 2321 5749 :
2355 5695 2767 5769 haudquaquam
2802 5702 2961 5759 male.
