4040 6166
423 221 559 280 1155

417 335 776 397 nera-ferant.
814 338 838 370 ει
861 322 1024 380 Tauri
1056 319 1318 386 depresso
1340 306 1509 366 sulcis
1538 319 1637 375 per
1663 309 1833 357 totum
1862 296 2007 352 diem
2036 295 2092 356 Α

421 434 603 485 aratro
625 427 870 495 gemunt.
919 409 1124 469 Cameli
1165 415 1362 478 prmter
1395 395 1663 458 subeundi
1707 389 1891 447 oneris
1919 386 2017 442 ob-

419 491 971 592 sequiaItondendos
999 519 1058 560 se
1087 499 1373 561 exhibent,
1405 502 1463 549 ut
1491 491 1731 552 arietes;
1782 497 1889 555 quo
1919 494 2013 536 ve-

418 577 645 682 lut.regi
679 609 893 663 diversa
924 596 1178 654 animalia
1207 593 1470 649 tributum
1499 599 1656 642 suum
1695 577 2014 639 conferant,

423 673 769 781 pendentque
793 695 1024 766 vectigal
1055 704 1318 754 annuum.
1336 685 1524 754 Equus
1549 684 1699 735 tanto
1721 690 1779 730 se
1804 673 2018 744 iactans

422 763 605 875 equite
633 797 661 837 δ
683 763 966 869 glomeral
989 799 1212 860 gressus
1243 779 1510 853 superbos
1532 819 1547 842 ,
1599 781 1762 842 atque
1806 766 1873 821 ad
1913 763 2018 818 do-

423 895 558 953 mini
597 901 884 947 ascensum
906 883 1069 939 dorsa
1091 879 1362 939 sinuatus,
1395 867 1555 926 herili
1587 875 1734 932 terga
1777 857 2021 914 subster-

423 991 504 1046 nit
533 985 718 1043 sedili.
743 979 852 1037 Sed
884 993 952 1033 ne
981 974 1122 1030 forte
1143 970 1320 1026 adhuc
1365 968 1585 1020 moveat
1610 953 1758 1028 quod
1783 946 2020 1006 novissi-

424 1097 550 1139 mus
579 1079 743 1134 homo
772 1075 942 1129 iactus
972 1070 1064 1134 sit,
1096 1063 1241 1120 idem
1270 1073 1443 1130 equus
1473 1069 1572 1110 nos
1602 1050 1796 1106 doceat
1822 1056 1930 1098 non
1954 1037 2021 1092 ad

423 1171 884 1243 contemptionem
916 1158 1261 1219 referendum
1285 1166 1431 1217 esse,
1459 1144 1556 1203 sed
1579 1146 1866 1199 honorem.
1889 1137 2024 1193 Por-

425 1279 505 1326 tat
537 1262 898 1338 posteriorem
929 1270 1110 1317 suum,
1142 1264 1244 1306 nec
1269 1241 1527 1315 despicit,
1557 1236 1652 1294 sed
1677 1229 2023 1293 reformidat,

427 1373 484 1422 et
504 1378 600 1436 per
630 1361 845 1415 diversa
877 1359 1002 1409 eum
1041 1361 1142 1404 suo
1171 1337 1489 1400 circumfert
1515 1333 1725 1388 labore.
1760 1327 1882 1383 Uno
1909 1337 2026 1378 mo—

426 1414 613 1513 mernto
643 1451 808 1506 homo
833 1443 1132 1514 longinqua
1155 1435 1291 1502 obit,
1322 1432 1685 1488 circumerrat
1728 1414 1985 1476 distantia
2008 1455 2024 1481 ,

433 1563 455 1590 ε
487 1560 599 1606 tum
635 1544 793 1618 equis
819 1508 1188 1609 singularibus
1212 1571 1227 1597 ,
1275 1536 1388 1582 tum
1413 1517 1692 1590 quadrigis
1722 1508 2030 1580 triumpha-

427 1643 590 1701 libus.

430 1836 658 1883 neeesse
681 1825 768 1876 est
789 1824 1028 1872 attexam
1058 1809 1125 1865 iis
1147 1817 1345 1862 currus
1371 1798 1507 1856 Elia:
1525 1838 1540 1863 ,
1565 1793 1764 1866 quibus
1786 1803 1883 1860 per
1901 1797 2030 1840 aera

429 1879 619 1976 vectus
649 1922 733 1970 est
763 1911 783 1982 (
810 1908 878 1963 ιν
914 1906 1047 1976 Reg.
1081 1919 1141 1967 ιι,
1167 1896 1268 1970 H)
1297 1914 1313 1963 ;
1340 1891 1783 1964 elephantorum,
1834 1879 2031 1950 quibus

435 2015 600 2070 homo
641 2008 814 2062 victor
859 1999 1120 2057 assistens
1147 2034 1163 2061 ,
1211 2005 1333 2048 eum
1364 1987 1437 2043 sit
1461 1990 1789 2056 postremus,
1821 1973 2032 2045 priores

432 2106 595 2180 regit.
626 2103 719 2160 Sic
747 2109 964 2170 quoque
990 2093 1326 2162 gubernator
1352 2079 1507 2137 navis
1529 2077 1583 2132 in
1624 2071 1789 2144 puppi
1835 2065 1989 2124 sedet
2015 2105 2030 2130 ,

432 2160 684 2258 etutotam
713 2160 906 2248 navem
934 2160 1219 2258 gubernat.
1237 2175 1394 2234 Unde
1422 2182 1556 2244 puto
1597 2166 1732 2223 illud
1764 2179 1870 2219 non
1895 2160 2034 2216 otio-

433 2308 552 2350 sum
580 2304 705 2347 esse
735 2288 787 2342 in
813 2279 1133 2351 Evangelia,
1167 2272 1312 2346 quod
1334 2267 1595 2325 Dominus
1622 2263 1780 2319 Jesus
1806 2259 1859 2314 in
1891 2271 2032 2327 pup-

432 2388 488 2458 pi
526 2380 831 2441 dormiebat
861 2396 874 2431 :
906 2374 1141 2445 denique
1163 2368 1432 2426 excitatus
1469 2356 1755 2429 imperavit
1790 2359 1952 2407 vento
1979 2357 2036 2404 et

433 2442 597 2544 inari,
625 2487 681 2533 et
703 2470 917 2531 sedavit
939 2442 1366 2538 tempestatem_(
1393 2453 1584 2510 Matth.
1618 2463 1732 2514 vnt,
1753 2444 1825 2502 24
1848 2442 1867 2516 )
1889 2483 1905 2510 ,
1947 2456 2036 2498 os-

436 2571 671 2630 tendens
699 2567 822 2623 ideo
847 2579 907 2618 se
934 2557 1290 2616 novissimum
1321 2548 1540 2604 venisse
1564 2584 1579 2610 ,
1605 2539 1730 2611 quia
1759 2538 2033 2610 guberna-

436 2677 523 2722 tor
544 2665 776 2720 venerit.
822 2655 984 2714 Unde
1023 2649 1300 2722 apostolus
1349 2643 1424 2698 ait
1459 2660 1471 2694 :
1504 2638 1703 2693 Factus
1731 2641 1805 2687 est
1837 2630 2034 2700 primus

439 2760 591 2812 homo
616 2753 784 2808 Adam
804 2750 858 2803 in
881 2748 1111 2800 animam
1133 2743 1402 2800 viventem,
1459 2729 1769 2786 novissimus
1793 2722 1956 2776 Adam
1981 2718 2035 2770 in

436 2852 676 2922 spiritum
730 2843 1098 2908 viviﬁcantem.
1134 2834 1240 2892 Sed
1293 2846 1395 2884 non
1446 2827 1592 2898 prius
1615 2819 1753 2894 quod
1797 2811 2036 2885 spiritale

437 2905 535 3006 est.
565 2941 656 2997 sed
682 2905 1094 3010 quodanimale,
1122 2926 1308 2981 deinde
1353 2920 1492 2993 quod
1530 2913 1769 2987 spiritale
1819 2905 2031 2980 (lCor.

437 3055 528 3104 xv,
559 3035 654 3098 45,
684 3009 787 3102 46)
814 3047 829 3095 ;
871 3022 1154 3084 etaddidit
1179 3038 1193 3072 :
1220 3019 1437 3072 Primus
1460 3015 1610 3067 homo
1648 3009 1711 3062 de
1763 3017 1901 3060 terra
1928 3012 2035 3056 ter-

439 3096 614 3194 renus,
642 3096 901 3184 secundus
931 3120 1083 3173 homo
1113 3116 1182 3168 de
1195 3113 1321 3168 caelo
1355 3107 1573 3164 caelestis
1598 3101 1801 3178 (Ibid.,
1829 3098 1898 3151 47
1921 3096 1960 3166 ).

511 3223 601 3278 19.
647 3219 815 3273 Recte
869 3225 1000 3282 ergo
1049 3206 1378 3263 novissimus
1418 3197 1574 3271 quasi
1620 3193 1784 3250 totius
1826 3201 2039 3244 summa

441 3313 645 3388 operis,
677 3308 835 3382 quasi
865 3319 1027 3362 causa
1061 3298 1272 3364 mundi,
1303 3302 1524 3365 propter
1550 3304 1712 3362 quem
1747 3285 1888 3341 facta
1913 3289 2043 3338 sunt

441 3408 664 3472 omnia;
712 3400 867 3474 quasi
894 3395 1136 3452 omnium
1171 3390 1445 3446 habitator
1475 3386 1872 3442 elementorum
1896 3376 2042 3431 inter

441 3505 582 3557 feras
607 3469 769 3562 vivit,
804 3507 928 3548 cum
957 3486 1196 3560 piscibus
1227 3489 1378 3537 natat
1407 3523 1421 3547 ,
1482 3490 1646 3547 super
1672 3487 1806 3528 aves
1848 3469 1999 3524 volat
2023 3508 2038 3534 ,

439 3597 797 3650 conversatur
824 3569 949 3642 cum
972 3578 1180 3652 angelis
1201 3619 1216 3642 ,
1250 3584 1454 3631 terram
1482 3567 1749 3625 inhabitat
1773 3607 1788 3632 ,
1821 3571 1877 3621 et
1902 3559 2041 3617 caelo

441 3687 673 3751 militat,
705 3682 880 3738 sulcat
905 3689 1078 3742 mare,
1111 3685 1242 3728 aere
1268 3667 1530 3740 pascitur,
1555 3661 1732 3718 cultor
1760 3656 1884 3724 soli,
1930 3655 2044 3710 via-

440 3791 526 3838 tor
571 3777 860 3851 profundi,
895 3774 1133 3845 piscator
1158 3768 1210 3820 in
1231 3763 1506 3827 ﬂuctibus,
1567 3759 1620 3813 in
1645 3769 1774 3811 aere
1795 3763 1998 3822 auceps
2025 3789 2040 3814 ,

442 3878 496 3931 in
524 3875 666 3932 caelo
698 3874 898 3934 haeres,
927 3862 1131 3922 Christi
1157 3859 1424 3915 cohaeres.
1462 3853 1587 3910 llaec
1607 3847 1906 3907 secundum
1956 3845 2042 3900 in-

445 3967 708 4025 dustriam
739 3963 758 4036 (
794 3963 946 4017 Rom.
985 3973 1104 4023 vni,
1155 3955 1222 4010 17
1246 3953 1286 4025 ).

511 4059 604 4114 20.
647 4031 847 4124 Accipe
901 4051 1065 4108 etiam
1128 4045 1272 4118 quod
1304 4056 1468 4113 supra
1514 4035 1753 4094 hominis
1784 4031 2040 4089 substan-

444 4155 602 4209 tiam.
646 4150 859 4221 Moyses
900 4146 955 4200 in
1011 4145 1119 4199 imo
1157 4136 1456 4195 ambulavit
1505 4131 1638 4187 mari
1665 4131 1686 4204 (
1712 4127 1880 4184 Exod.
1914 4139 2002 4180 xiv
2027 4166 2040 4190 ,

442 4244 586 4317 29),
645 4243 700 4298 in
734 4215 930 4313 -976
983 4246 1198 4291 summo
1251 4226 1485 4300 apostoli
1517 4222 1720 4296 (Joan.
1777 4235 1893 4285 xxi,
1942 4215 2040 4286 8).

445 4305 701 4394 llabacuc
722 4305 854 4387 sine
871 4305 1072 4399 pennis
1093 4321 1300 4377 volavit
1339 4316 1514 4388 (Dan.
1567 4328 1685 4376 xlv,
1713 4309 1784 4366 55
1805 4308 1851 4380 ).
1901 4305 2045 4362 Elias

446 4432 499 4487 in
528 4441 676 4487 terra
721 4424 851 4480 vicit
877 4465 892 4490 ,
923 4429 979 4476 et
1009 4420 1061 4473 in
1095 4415 1238 4472 caelo
1267 4405 1662 4479 triumphavit(
1697 4402 1766 4458 Ν
1789 4401 1918 4472 Reg.
1966 4415 2004 4453 ιι
2025 4439 2041 4464 ,

449 4524 508 4580 ll
539 4523 581 4593 ).
613 4519 771 4583 Vale,
805 4513 904 4580 fili,
932 4519 989 4568 et
1016 4525 1114 4564 nos
1139 4507 1344 4577 dilige;
1377 4501 1501 4572 quia
1531 4513 1630 4554 nos
1660 4504 1712 4552 te
1747 4493 2040 4566 diligimus.

928 4603 956 4642 ά
995 4598 1334 4659 EPISTOLA
1372 4590 1563 4650 XLIV.

450 4707 693 4780 Moysen,
727 4716 842 4774 qua:
888 4700 1024 4753 inter
1057 4693 1223 4748 Deum
1265 4706 1326 4745 ac
1369 4685 1624 4743 mundum
1653 4681 1916 4738 distinctio
1940 4680 2040 4746 sit,

521 4852 548 4880 ει
587 4839 950 4911 Virgilianum
979 4844 1102 4889 esse
1121 4827 1376 4884 observat
1414 4821 1688 4887 Nannius;
1722 4833 1788 4876 ex
1811 4818 1916 4874 hoc
1942 4813 2046 4872 sci-

448 4915 581 4973 licet
609 4912 850 4982 Georg.:

507 5007 764 5069 Depresso
788 5000 989 5064 incipiat
1007 4998 1105 5062 jam
1139 5000 1241 5046 tum
1261 4992 1380 5042 mihi
1396 4995 1564 5043 taurus
1585 4995 1745 5039 aratro

509 5090 801 5151 Ingemcre.
826 5117 842 5134 .
871 5122 882 5132 .
913 5121 924 5133 .
955 5117 968 5130 .

517 5195 547 5233 δ
585 5194 651 5249 Et
673 5193 798 5258 hoc,
829 5187 1003 5260 inquit
1030 5184 1173 5240 idem
1204 5180 1468 5246 Nannius,
1501 5177 1857 5247 Virgilianum
1891 5191 1904 5228 :

513 5303 758 5357 Insultare
782 5301 904 5363 solo,
932 5304 986 5350 et
1009 5309 1213 5360 gressus
1235 5293 1517 5358 glomerare
1535 5290 1794 5352 superbos.

449 5396 551 5456 Ubi
579 5395 827 5457 Servius,
861 5391 914 5448 id
944 5400 1050 5454 est,
1075 5397 1135 5442 ut
1164 5403 1285 5441 cum
1315 5383 1598 5451 disciplina
1631 5379 1866 5435 incedat.

525 5481 547 5509 ⁶
588 5469 721 5524 Cum
762 5466 977 5521 scilicet
1006 5475 1114 5516 uno
1143 5473 1286 5528 equo
1308 5458 1374 5510 ad
1396 5468 1614 5528 cursum
1646 5460 1892 5528 utuntur.
1915 5465 2048 5520 qua-

447 5540 526 5597 les
559 5522 736 5596 Graeci
766 5545 965 5591 vocant
993 5522 1232 5588 celetes":
1263 5543 1368 5582 non
1397 5525 1556 5597 binos
1584 5522 1838 5597 trahunt,
1871 5522 2046 5576 utde—

447 5593 1372 5674 siiltores:nonjugisinnectunt,
1413 5602 1474 5650 ut
1500 5595 1551 5650 in
1598 5593 1761 5662 bigis,
1814 5599 1869 5647 et
1905 5605 2040 5660 qua-

449 5679 618 5750 drigis
648 5680 727 5750 ﬁt.
758 5678 833 5732 Ita
863 5673 1128 5750 Hannius.

521 5741 565 5788 (Γ
589 5748 798 5817 Scripta
829 5746 972 5800 circa
1001 5757 1200 5798 annum
1229 5741 1355 5797 389.

1686 237 1694 245 .
1741 176 1989 241 SANCTI
2028 167 2360 234 AMBROSII

3574 137 3712 197 "5|

2185 298 2321 345 recte
2343 284 2638 348 indicasse;
2666 292 2786 334 eum
2813 275 2962 331 illum
2999 266 3372 341 impassibilem
3399 272 3554 333 atque
3582 261 3716 314 inui-

2189 381 2423 443 sibilem,
2458 377 2596 430 hunc
2642 367 3029 434 corruptibilcm
3071 372 3472 434 corporeamque
3516 352 3718 424 signiﬁ-

2187 477 2342 532 cavit.
2377 472 2486 529 Sex
2511 471 2621 524 dies
2661 465 2802 522 orbis
2833 458 3082 517 creationi
3107 473 3210 511 non
3237 469 3296 508 eo
3319 448 3556 513 attribui,
3584 444 3722 516 quod

2191 579 2419 640 tempore
2464 561 2605 617 Deus
2643 558 2912 630 indigeat,
2943 552 3033 608 sed
3079 559 3134 605 ut
3164 544 3432 618 dispositio
3463 538 3722 610 exprime-

2193 637 2356 718 retur.
2394 657 2704 713 Declaratur
2727 647 3007 722 septenarii
3046 643 3294 716 dignitas,
3322 637 3407 692 cui
3437 645 3612 690 tamen
3639 647 3725 684 oc-

2194 754 2429 811 tonarius
2475 749 2782 819 antefertur,
2826 751 2882 796 ut
2927 749 3043 812 pote
3074 736 3163 808 qui
3193 735 3258 788 sit
3285 730 3406 786 novi
3435 722 3724 783 testamenti

2195 863 2440 905 numerus
2466 886 2480 911 ,
2512 853 2568 898 ut
2614 841 2703 895 ille
2748 836 2954 892 veteris.
2991 828 3290 903 Exponitur
3336 825 3392 878 in
3438 821 3574 875 hanc
3616 833 3724 872 rem

2199 941 2348 996 Osee:
2388 940 2560 1001 locus,
2603 945 2650 989 et
2690 929 2994 986 continuata
3021 921 3251 998 ejusdem
3293 915 3544 990 agdoadis
3587 927 3726 966 com-

2198 1033 2560 1098 mendatione,
2591 1028 2646 1081 in
2675 1024 2856 1080 laudes
2884 1019 3088 1094 {traderis
3117 1020 3237 1071 novt
3268 1012 3454 1068 desinit
3483 1008 3720 1082 epistola.

2561 1123 2865 1180 Alanosms
2911 1115 3278 1173 Hononrrsno.

2129 1315 2313 1387 potius
2341 1313 2613 1376 divinam;
2647 1323 2756 1363 non
2787 1304 3055 1360 enimsua
3079 1298 3316 1370 Moyses,
3345 1293 3441 1351 sed
3467 1291 3646 1349 infusa
3676 1297 3734 1345 et

2129 1410 2368 1466 revelata
2390 1406 2495 1463 sibi
2527 1401 2767 1474 scripsit,
2803 1415 2866 1456 ea
2895 1393 3168 1466 praecipue
3193 1407 3317 1464 qua:
3348 1398 3476 1446 sunt
3501 1388 3569 1444 de
3597 1400 3732 1442 con-

2131 1503 2416 1559 stitutione
2469 1494 2847 1565 mundizqua:
2896 1487 3094 1546 divisio
3154 1493 3506 1557 operatorem
3565 1488 3733 1550 atque

2135 1609 2301 1665 opera
2331 1591 2582 1648 distinxit
2631 1587 2798 1662 (Gen.
2829 1602 2848 1641 1
2871 1627 2886 1652 ,
2934 1585 2961 1640 1
2990 1593 3038 1637 et
3062 1582 3231 1653 seq.).
3261 1577 3396 1635 Nam
3428 1590 3554 1632 cum
3586 1571 3736 1629 aliud

626 1729 694 1785 Et
720 1723 981 1797 quoniam
1009 1711 1366 1784 triumphales
1391 1700 1691 1763 memoravi
1713 1692 2027 1768 quadrigas,
2055 1679 2105 1741 Β
2135 1687 2468 1760 impassibile
2489 1693 2658 1750 esset,
2691 1679 2838 1736 aliud
2868 1675 3139 1750 passionis
3167 1670 3533 1744 receptabile;
3587 1664 3736 1739 quod

2233 1793 2243 1797 -
2281 1782 2292 1794 .
2337 1796 2340 1797 ν
2397 1779 2516 1797 ,
2667 1776 2729 1797 Α
2760 1776 2930 1797 “_____
2959 1779 3301 1797 “unum,
3337 1765 3524 1797 Mm",
3553 1783 3563 1792 _
3589 1759 3734 1797 mw.

2131 1793 2250 1840 erat
2279 1778 2635 1851 impassibile,
2664 1776 2729 1832 ad
2760 1776 2933 1830 Deum
2956 1779 3304 1843 operatorem
3337 1765 3565 1822 retulit:
3589 1759 3736 1834 quod

2131 1885 2311 1931 autem
2341 1871 2605 1945 possibile
2633 1870 2755 1924 sine
2782 1867 2988 1934 anima,
3017 1863 3138 1920 sine
3167 1872 3317 1917 motu
3348 1856 3737 1930 proprio,mo-

2134 1977 2248 2024 tum
2280 1977 2333 2023 et
2359 1965 2600 2021 animam
2630 1972 2686 2018 et
2714 1962 2944 2032 ﬁguram
2975 1973 3005 2012 a
3033 1963 3284 2012 creatore
3304 1949 3584 2022 accipiens
3610 1960 3734 2011 suo,

2134 2061 2414 2135 deputavit
2450 2059 2580 2114 huic
2618 2055 2844 2111 mundo.
2875 2053 3048 2122 Quem
3091 2049 3292 2104 iactum
3342 2059 3452 2100 non
3494 2037 3740 2112 oportuit

2135 2158 2255 2215 sine
2278 2155 2668 2228 gubernatore,
2697 2159 2753 2206 et
2783 2146 3019 2219 quodam
3060 2153 3213 2214 patre
3258 2137 3600 2194 indefensum
3647 2145 3737 2189 re-

2135 2251 2331 2322 linqui.
2357 2249 2428 2304 Et
2455 2247 2577 2301 ideo
2605 2241 2934 2299 invisibilem
2964 2239 3130 2293 Deum
3151 2233 3385 2290 visibilis
3412 2230 3740 2301 hujusmun-

2135 2345 2190 2401 di
2220 2352 2492 2400 rectorem
2518 2355 2642 2395 esse
2679 2345 2730 2393 et
2764 2333 2921 2406 quasi
2955 2341 3218 2394 tutorem,
3246 2323 3596 2399 apertissime
3645 2321 3745 2377 de-

2141 2437 2354 2495 scribit.
2375 2434 2529 2504 Quod
2550 2447 2681 2503 ergo
2709 2427 3002 2491 invisibile.
3020 2423 3443 2494 sempiternum:
3468 2409 3616 2489 quod
3644 2429 3743 2470 au-

2138 2540 2246 2588 tem
2280 2529 2519 2593 videtur,
2555 2521 2856 2595 temporale
2893 2519 2978 2591 (ll
3006 2517 3128 2574 Cor.
3160 2532 3237 2583 tv,
3272 2514 3338 2570 18
3363 2514 3406 2584 ).

2212 2623 2269 2676 2.
2305 2621 2412 2677 Sex
2446 2619 2630 2688 itaque
2661 2614 2857 2670 diebus
2884 2613 3083 2668 factum
3115 2607 3378 2664 mundum
3435 2603 3745 2675 exprimit,

2140 2730 2248 2771 non
2275 2712 2418 2785 quod
2434 2712 2579 2767 Deus
2603 2718 2849 2778 tempore
2881 2701 3177 2776 indiguerit
3201 2700 3269 2756 ad
3295 2699 3746 2755 constitutionem

2141 2809 2279 2881 ejus,
2311 2807 2398 2862 cui
2429 2810 2570 2860 intra
2598 2808 2936 2859 momentum
2965 2772 3208 2868 suppetit
3234 2795 3441 2861 facere,
3465 2809 3590 2864 qua:
3613 2772 3750 2848 velit

2138 2905 2158 2974 (
2185 2903 2319 2957 dixit
2345 2900 2488 2956 enim
2527 2896 2705 2970 (Psal.
2737 2909 2941 2950 chvm
2967 2935 2981 2959 ,
3040 2891 3074 2946 5
3095 2889 3134 2963 ),
3176 2898 3223 2944 et
3251 2891 3392 2960 facta
3416 2885 3617 2955 sunt);
3648 2882 3746 2940 sed

2139 2995 2264 3066 Quia
2294 3009 2358 3049 ea
2409 3006 2532 3064 quae
2584 2989 2750 3055 Ιίιιιιι,
2783 2986 3030 3042 ordinem
3061 2989 3314 3054 quaerunt
3341 2998 3356 3033 :
3389 2979 3532 3035 ordo
3555 2987 3744 3034 autem

2141 3099 2198 3147 et
2229 3100 2444 3159 tempus
2472 3095 2528 3142 et
2557 3097 2842 3140 numerum
2876 3080 3196 3150 plerumque
3219 3075 3409 3145 exigit.
3445 3071 3585 3128 lllud
3611 3086 3748 3143 quo-
3823 3065 3830 3069 ’

2142 3200 2248 3255 que
2299 3182 2596 3253 prmcipue,
2655 3175 2912 3248 quoniam
2962 3171 3119 3228 nobis
3173 3169 3238 3225 ad
3266 3166 3608 3240 operandum
3638 3164 3751 3221 for-

2143 3292 2289 3334 mam
2315 3277 2564 3339 daturus,
2595 3285 2882 3327 numerum
2910 3267 3124 3322 dierum
3150 3261 3396 3319 servavit
3424 3269 3482 3316 et
3530 3270 3748 3329 tempo-

2143 3387 2242 3428 ra:
2277 3386 2378 3426 nos
2409 3369 2554 3425 enim
2588 3376 2834 3435 tempore
2858 3360 3182 3432 indigemus,
3213 3367 3273 3413 ut
3314 3355 3518 3428 aliquid
3566 3363 3747 3410 matu-

2143 3465 2260 3521 rius
2282 3477 2545 3534 agamus;
2578 3474 2648 3515 nc
2673 3456 3084 3529 praccipitemus
3114 3449 3343 3508 consilia
3389 3458 3556 3519 atque
3581 3461 3750 3517 opera

2145 3569 2356 3624 nostra,
2375 3571 2446 3612 ne
2463 3553 2709 3611 ordinem
2729 3549 3233 3622 prmtermittamus.
3253 3543 3386 3600 Cum
3408 3543 3553 3599 enim
3577 3542 3752 3598 Deum

2144 3653 2395 3725 legimus,
2426 3658 2484 3705 ut
2515 3647 2795 3717 Scriptura
2824 3641 3067 3699 ostendit
3087 3638 3274 3712 (Psal.
3307 3653 3422 3701 cm,
3447 3636 3520 3691 24
3543 3634 3590 3706 ),
3621 3649 3748 3690 cum

2146 3745 2416 3816 sapientia
2448 3751 2504 3799 et
2532 3739 2768 3812 quodam
2805 3736 3037 3793 consilio
3063 3742 3119 3790 et
3161 3729 3522 3802 dispositione
3567 3727 3750 3784 omnia

2146 3838 2345 3895 fecisse
2390 3845 2414 3873 θ
2458 3843 2514 3890 et
2553 3832 2787 3898 ordine;
2844 3835 3274 3885 consentaneum
3317 3831 3404 3880 est
3433 3822 3658 3888 rationi,
3691 3827 3751 3875 ut

2147 3931 2323 4004 primo
2352 3928 2552 3984 caelum
2575 3925 2801 3988 faceret,
2821 3921 2964 3993 quod
2987 3929 3074 3978 est
3100 3918 3563 3991 pulcherrimum;
3587 3928 3748 3986 opor-

2149 4033 2226 4080 tet
2251 4032 2309 4078 nt
2337 4037 2401 4077 eo
2427 4020 2666 4092 primum
2694 4016 2885 4072 oculos
2921 4013 3214 4084 erigamus,
3274 4010 3368 4064 illo
3395 4008 3557 4064 nobis
3611 4021 3746 4063 con-

2148 4116 2512 4176 tendendum'
2534 4127 2659 4171 esse
2704 4109 3062 4177 arbitremur,
3115 4106 3264 4162 illam
3294 4104 3483 4161 sedem
3511 4100 3747 4160 terrenis

2149 4210 2406 4269 omnibus
2435 4203 2834 4279 praeferendam
2867 4211 3142 4273 putemus.

2220 4305 2276 4358 '5.
2319 4299 2430 4358 Sex
2473 4300 2655 4370 itaque
2699 4294 2896 4351 diebus
2950 4291 3215 4349 mundum
3243 4289 3473 4358 creavit,
3509 4288 3748 4358 septimo

2149 4396 2239 4452 die
2265 4392 2536 4465 requievit
2561 4390 2630 4445 ab
2661 4387 2920 4459 operibus
2977 4385 3090 4441 suis
3119 4382 3284 4458 (Gen.
3318 4399 3378 4448 ιι,
3420 4383 3521 4455 2).
3565 4381 3748 4437 Bonus

2069 4463 2124 4526 D
2151 4487 2424 4560 septimus
2450 4496 2735 4548 numerus,
2771 4479 2791 4519 ί
2821 4493 2986 4550 quem
3015 4493 3122 4534 non
3148 4477 3513 4549 Pythagorico
3554 4485 3612 4530 et
3637 4488 3748 4530 cte-

2150 4592 2392 4641 terorum
2421 4574 2867 4651 philosophorum
2908 4588 3064 4630 more
3086 4582 3402 4637 tractamus,
3431 4570 3528 4628 sed
3551 4585 3749 4627 secun-

2147 4679 2276 4734 dum
2308 4674 2560 4742 formam,
2590 4681 2644 4728 et
2675 4669 2976 4726 divisiones
2996 4667 3183 4739 gratia:
3209 4664 3746 4737 spiritalisgseptem

2228 4819 2250 4846 ο
2291 4807 2413 4864 Vel.
2470 4804 2605 4861 edit.
2640 4819 2703 4860 ac
2729 4803 2913 4876 plures
2947 4817 3108 4869 mss.,
3160 4809 3207 4856 et
3237 4799 3418 4857 ordine
3461 4810 3522 4854 ut
3579 4799 3750 4871 primo

2155 4881 2338 4936 caelum
2365 4878 2576 4950 faceret.

2231 4951 2251 4990 ι
2291 4941 2512 5031 Certum
2539 4946 3098 5031 est_Py:tliagormos,
3151 4953 3218 5031 ut
3267 4941 3588 5025 observavit
3625 4942 3751 5001 Sto-

2155 5024 2329 5088 baeus,
2361 5021 2460 5076 lib.
2493 5036 2509 5075 ι
2539 5019 2689 5075 Eccl.
2730 5015 2954 5090 'Physic.
3003 5033 3125 5086 cap.
3161 5017 3250 5090 ll,
3277 5015 3519 5090 omnium
3566 5015 3748 5084 philo-

2153 5085 2448 5176 sophorum
2476 5085 2874 5147 addictissimos
2896 5085 3081 5144 fuisse
3100 5085 3344 5176 scientia:
3371 5101 3747 5142 numerorum.

2155 5158 2416 5249 Platonici
2444 5178 2658 5249 quoque
2696 5176 2942 5249 magnam
2958 5158 3307 5249 peorumdem
3347 5158 3616 5212 rationem
3650 5159 3748 5212 ha-

2153 5237 2338 5319 buisse
2372 5229 2756 5319 reperiuntur;
2785 5231 2925 5319 unde
2957 5229 3154 5319 factum
3187 5229 3622 5319 est..t_1tantiqni
3651 5229 3751 5283 Pa-

2154 5316 2289 5389 tres,
2321 5308 2409 5389 qni
2438 5298 2555 5360 l‘ere
2584 5298 2787 5389 sectam
2835 5303 2982 5358 illam
3036 5298 3393 5389 philosoplii‘fc
3447 5298 3751 5370 amplecte-

2152 5368 2372 5460 bantur,
2397 5378 2448 5432 in
2477 5376 2818 5460 explicandis
2830 5368 3080 5460 numeris
3096 5386 3204 5428 non
3233 5368 3611 5460 perfrinctorie
3630 5386 3750 5426 ver-

2149 5450 2258 5529 sari
2285 5441 2686 5529 consueverint.
2717 5446 2910 5501 Multus
2943 5447 2994 5529 in
3021 5444 3104 5498 his
3152 5441 3592 5498 est’Ambrosius
3622 5484 3640 5508 ,
3690 5449 3748 5496 ut

2151 5535 2219 5604 ex
2245 5517 2974 5604 indicibus-utriusquetomi
3002 5530 3136 5604 vace
3163 5529 3408 5596 numerus
3447 5527 3750 5604 cognoscas

2148 5592 2298 5671 licet.
2317 5583 2818 5671 [locantemunum
2835 5587 2965 5643 libet
2986 5587 3224 5669 adjicere
3241 5583 3498 5671 ipsumet
3518 5583 3622 5641 hac
3634 5583 3751 5652 epi—

2148 5663 2312 5744 stola,
2326 5657 2675 5744 etlal’i‘is-llpcis
2700 5674 2808 5744 non
2834 5674 2999 5744 pauca
3015 5654 3281 5744 imitatum
3297 5669 3328 5710 e
3344 5654 3593 5738 Philonis
3611 5655 3750 5712 libro

2146 5733 2214 5790 de
2233 5725 2413 5789 Mundi
2432 5729 2651 5803 0piﬁc.,
2679 5741 2732 5788 et
2753 5725 2848 5788 lib:
2866 5747 2882 5786 ι
2903 5729 3066 5800 Legis
3088 5727 3327 5798 Allcgor.
3342 5725 3487 5782 circa
3509 5726 3747 5784 initium.
