4042 6174
330 349 477 406 1157

1540 340 2026 399 EPISTOLARUM
2066 337 2350 397 CLASSIS
2392 339 2433 392 1.

3499 327 3638 384 1158

328 463 478 518 enim
525 458 757 516 virtutes
811 460 1139 532 principales
1183 458 1356 515 sancti
1393 457 1630 529 Spiritus
1657 457 1927 528 propheta
1952 463 2007 522 Α
2027 455 2251 526 iustitiae
2281 455 2300 524 (
2325 453 2518 509 Malae.
2547 469 2621 519 tv,
2649 451 2740 525 2),
2771 463 2827 510 et
2855 450 3329 508 consummatione
3365 449 3637 520 passionis

329 556 524 612 Esaias
550 554 872 624 complexus
901 563 986 610 est
1012 555 1028 625 (
1051 552 1202 609 Esai.
1228 569 1306 621 xt,
1336 552 1373 607 2
1395 553 1434 623 ).
1459 552 1586 609 Haec
1605 552 1925 620 hebdomas,

325 647 493 719 977
519 647 658 702 sicut
688 645 808 716 ipsa
838 645 1012 701 Patris
1043 655 1095 701 et
1129 644 1250 700 Filii
1279 653 1335 700 et
1363 643 1600 716 Spiritus
1637 645 1811 700 sancti
1836 659 1930 701 ve-

328 739 596 796 nerabilis
626 738 885 806 Trinitas,
916 738 1034 794 sine
1064 748 1346 809 tempore,
1375 739 1495 796 sine
1523 740 1752 806 ordine,
1796 754 1929 796 auc-

330 839 421 886 tor
448 830 684 896 numeri,
717 845 823 885 non
879 833 982 885 sub
1012 832 1224 887 numeri
1256 832 1376 902 lege
1412 832 1690 888 devincta.
1747 833 1931 904 Itaque

327 923 473 978 sicut
513 921 581 977 ad
635 931 854 978 :eteruae
884 923 1170 979 Trinitatis
1211 925 1444 995 gratiam
1497 926 1717 992 caelum,
1749 934 1926 991 terra,

328 1016 504 1071 maria
557 1014 822 1080 formata,
865 1016 1006 1071 sicut
1031 1017 1136 1081 sol,
1191 1018 1315 1072 luna
1341 1027 1398 1073 et
1426 1018 1733 1073 stellatzita
1763 1017 1928 1073 etiam

327 1110 398 1165 ad
424 1110 573 1164 illum
593 1109 968 1180 septenarium
995 1110 1257 1166 virtutum
1286 1110 1613 1177 snit-italium
1641 1110 1928 1166 circuitum

326 1216 493 1274 atque
524 1203 714 1258 orbem
739 1203 1078 1273 Operationis
1108 1204 1306 1259 divina:
1338 1206 1526 1276 vigore
1555 1213 1927 1275 praestantem,

326 1297 703 1368 septenarium
735 1295 1006 1368 quoddam
1027 1298 1388 1354 ministerium
1415 1298 1751 1368 planetarum
1776 1313 1930 1353 crea-

322 1399 446 1445 tum
473 1388 830 1455 advertimus,
860 1404 971 1460 quo
1004 1389 1092 1444 hic
1118 1390 1353 1445 mundus
1391 1390 1752 1444 illuminatur.
1786 1390 1929 1457 Qua-

323 1498 450 1538 rum
481 1496 810 1538 concurrere
829 1481 1000 1537 fertur
1030 1482 1226 1537 militia
1272 1481 1339 1537 ad
1381 1497 1566 1538 earum
1600 1496 1885 1536 numerum
1909 1523 1926 1549 ,

328 1586 354 1611 τι
377 1591 515 1646 quas
539 1574 866 1630 inerrabiles
888 1575 1069 1629 ferunt
1095 1575 1305 1641 stellas,
1332 1582 1406 1639 et,
1437 1581 1495 1627 ut
1517 1572 1696 1628 Grmci
1713 1573 1925 1639 dicunt,

325 1672 593 1732 ἀπλανεῖς.
622 1669 940 1740 Septentrio
966 1684 1182 1741 quoque
1209 1669 1335 1724 inde
1360 1668 1526 1723 latine
1549 1682 1746 1722 nomen
1776 1680 1931 1722 acce-

324 1765 427 1836 pit,
463 1761 608 1834 quod
640 1774 851 1833 septem
885 1763 937 1816 in
966 1777 1034 1817 eo
1066 1761 1244 1832 fulgor
1275 1762 1560 1819 stellarum
1593 1761 1839 1826 irradiet,
1875 1761 1928 1816 in

2027 547 2263 619 propria:
2289 546 2548 602 revelavit
2577 546 2660 600 sui
2687 546 2906 600 luminis
2943 545 3163 600 radios:
3209 554 3230 582 ο
3275 556 3412 615 quos
3433 541 3636 598 retexit

2031 640 2309 706 omnibus,
2333 638 2388 696 et
2411 639 2532 693 vitze
2561 638 2864 693 claritatem
2895 636 3111 707 aperuit
3139 645 3382 692 aeternae.

2102 757 2156 813 5.
2182 755 2274 812 Isti
2305 771 2436 827 ergo
2469 766 2591 810 sunt
2618 763 2827 826 septem
2852 762 2909 810 et
2930 766 3074 821 octo,
3109 753 3177 808 de
3203 751 3400 824 quibus
3421 759 3478 806 et
3493 749 3635 807 Osee

2031 849 2164 905 dicit
2191 849 2333 921 quod
2366 865 2434 904 eo
2469 863 2699 903 numero
2725 847 3050 903 conduxerit
3079 845 3207 911 sibi,
3237 855 3292 901 et
3318 844 3639 916 acquisierit

2031 942 2153 998 fidei
2187 943 2610 1013 plenitudinem;
2639 942 2719 997 sic
2745 941 2890 996 enim
2921 941 3089 996 babes
3119 959 3133 996 :
3173 938 3238 993 Et
3259 939 3385 1004 abii,
3415 948 3464 994 et
3513 953 3635 993 con-

2030 1037 2158 1091 duxi
2191 1037 2319 1090 mihi
2351 1036 2652 1105 quindecim
2691 1036 2970 1106 argenteis,
2996 1044 3042 1088 et
3072 1050 3194 1088 coro
3221 1031 3439 1100 hordei,
3469 1042 3516 1086 et
3547 1049 3628 1086 se—

2030 1129 2223 1182 micoro
2264 1127 2464 1189 hordei.
2499 1123 2525 1163 ἀ
2559 1139 2606 1180 et
2635 1127 2776 1181 neve!
2840 1127 2946 1180 vini
2988 1128 3005 1196 (
3038 1126 3160 1180 Ose.
3207 1141 3287 1191 ut,
3319 1124 3416 1196 2).
3465 1123 3635 1196 9⁷8

2029 1218 2450 1276 Conducendam
2475 1228 2656 1276 autem
2687 1221 2736 1274 ei
2765 1222 3110 1274 meretricem
3136 1217 3400 1272 Dominus
3428 1230 3632 1286 prarce-

2031 1320 2185 1380 perat
2216 1311 2269 1364 in
2305 1310 2726 1381 superioribus:
2759 1310 2943 1380 itaque
2976 1309 3322 1364 manifestum
3365 1314 3452 1362 est
3488 1308 3635 1378 quod

2029 1403 2288 1458 conduxit
2319 1419 2464 1468 eam,
2492 1402 2583 1473 qui
2615 1403 2776 1458 etiam
2813 1401 3088 1457 mercedis
3126 1401 3490 1471 quantitatem
3535 1414 3630 1454 ex-

2031 1498 2246 1568 pressit.
2279 1496 2597 1563 Quindecim
2627 1506 2808 1551 autem
2835 1495 3079 1566 argentei
3119 1510 3186 1550 ex
3211 1503 3416 1564 septem
3465 1501 3520 1548 et
3547 1507 3631 1547 oc-

2031 1597 2085 1643 to
2109 1597 2364 1644 constant
2397 1607 2411 1643 :
2443 1589 2842 1644 hebdomadam
2871 1590 3051 1658 itaque
3082 1597 3140 1643 et
3186 1597 3433 1643 octavam
3461 1587 3632 1657 signi-

2032 1682 2214 1737 ﬁcant.
2249 1682 2487 1736 Duorum
2514 1681 2679 1751 igitur
2705 1683 3180 1736 Testamentorum
3209 1723 3224 1747 ,
3255 1679 3309 1734 id
3361 1689 3466 1746 est,
3519 1680 3635 1748 ple-

2033 1791 2115 1830 nae
2147 1775 2270 1830 fidei
2305 1777 2482 1845 pretio
2510 1785 2532 1810 ο
2558 1773 2849 1844 PrOphetia
2903 1772 3432 1829 consununationem
3477 1785 3635 1826 acce-

323 1871 489 1926 quem
523 1855 758 1911 mexime
805 1855 1222 1926 gubernatores.
1273 1855 1426 1926 quasi
1458 1855 1653 1910 ducem
1683 1854 1930 1910 feruntur
1959 1854 2008 1914 B
2037 1870 2114 1938 pit
2145 1869 2290 1933 ﬁdei,
2328 1869 2572 1924 Ecclesia
2601 1867 3029 1938 plenitudinem;
3058 1865 3237 1936 primo
3265 1865 3410 1920 enim
3441 1863 3634 1919 Testa-

321 1948 634 2004 intendere.

397 2041 454 2095 4.
500 2039 790 2096 Descendit
813 2040 932 2095 haec
953 2039 1021 2096 de
1049 2040 1190 2096 cmlo
1216 2043 1268 2095 in
1301 2048 1474 2096 terras
1528 2040 1923 2110 praerogativa:

319 2149 452 2189 nam
475 2143 536 2187 ut
562 2141 835 2188 transeam
859 2132 1446 2204 septiformemcapitis
1469 2133 1641 2188 nostri
1669 2131 1922 2204 gratiam,

318 2227 384 2282 in
415 2225 588 2282 oculis
617 2225 851 2294 duobus,
881 2225 1108 2280 auribus
1135 2226 1190 2282 et
1213 2226 1436 2282 naribus
1461 2227 1627 2293 binis,
1665 2242 1762 2281 ore
1789 2241 1924 2296 quo-

316 2335 432 2392 que
449 2334 548 2390 per
570 2319 712 2390 quod
741 2334 989 2389 magnam
1013 2319 1338 2374 suavitatem
1361 2319 1724 2390 percipimus;
1754 2333 1924 2389 quan-

318 2423 440 2470 tum
465 2413 610 2468 istud
642 2413 912 2481 miraculi,
942 2413 970 2451 ι»
997 2413 1140 2484 quod
1170 2413 1403 2482 septimo
1425 2419 1613 2468 menSe
1643 2413 1696 2467 in
1729 2412 1926 2482 pleris-

314 2521 432 2577 que
483 2506 640 2577 origo
696 2504 938 2576 legitima
987 2504 1274 2571 formatur,
1304 2505 1469 2574 etqui
1503 2503 1869 2560 fueriteditus
1903 2549 1918 2571 ,

315 2598 507 2654 vitalis
537 2598 906 2670 generationis
932 2598 1202 2654 curricula
1229 2598 1490 2654 sortitur?
1510 2597 1716 2654 Octavo
1742 2609 1922 2655 autem

315 2706 518 2748 mense
571 2691 860 2746 interdicta
914 2691 1146 2746 naturali
1189 2691 1310 2762 lege
1357 2690 1606 2760 pariendi
1647 2691 1924 2746 cernimus

317 2794 596 2854 tempora,
627 2797 691 2838 ac
716 2782 761 2838 si
794 2781 937 2837 forte
960 2782 1183 2838 lethalis
1208 2783 1510 2838 necessitas
1555 2792 1742 2852 partus
1779 2783 1925 2838 clau-

316 2885 438 2932 stra
464 2875 751 2940 laxaverit,
775 2874 1078 2945 periculum
1106 2874 1311 2945 pariter
1356 2875 1670 2946 generantis
1725 2889 1924 2944 prOpe-

315 2975 477 3025 retur
501 2977 557 3023 et
582 2968 846 3039 pignoris.

397 3065 450 3119 3.
493 3063 602 3120 Sed
632 3074 808 3121 tamen
843 3064 936 3120 ille
963 3065 1322 3134 septimanus,
1352 3066 1451 3120 etsi
1472 3066 1610 3120 bene
1642 3076 1918 3133 nascatur,

315 3157 390 3214 ad
421 3157 637 3212 labores
667 3158 948 3212 nascitur:
981 3158 1070 3228 qui
1104 3168 1284 3212 autem
1316 3167 1510 3213 octavo
1557 3157 1646 3212 die
1694 3172 1919 3226 regene-

317 3251 553 3308 rationis
582 3251 810 3306 sortitur
840 3251 1124 3322 mysteria,
1157 3262 1510 3306 consecratur
1542 3267 1638 3321 per
1662 3251 1916 3322 gratiam,
1948 3247 1992 3310 C

316 3354 379 3402 et
403 3345 469 3399 ad
498 3345 872 3401 hatreditatem
901 3347 1051 3416 regni
1085 3345 1326 3401 coeleSIis
1368 3357 1613 3400 vocatur.
1650 3346 1838 3417 Magna
1867 3347 1922 3401 in

316 3438 618 3494 virtutibus
645 3438 880 3508 Spiritus
907 3440 1080 3494 sancti
1113 3438 1468 3494 hebdomadis
1489 3439 1662 3509 gratia
1685 3480 1700 3505 ,
1731 3439 1922 3496 eadem

318 3543 506 3588 tamen
555 3531 950 3588 hebdomadam
993 3542 1170 3601 sonat,
1207 3533 1490 3604 ogdoaden
1521 3543 1829 3589 consecrat.
1864 3532 1920 3588 In

317 3626 414 3683 illa
472 3641 637 3682 sonus
662 3669 676 3693 ,
728 3627 780 3681 in
807 3627 909 3681 ista
961 3626 1169 3681 fructus
1196 3635 1310 3692 est;
1345 3625 1576 3696 ideoque
1615 3637 1807 3680 octavo
1832 3624 1921 3680 die

316 3719 498 3775 soluta
533 3719 784 3788 paradiso
805 3719 1046 3775 reddidit
1068 3720 1304 3790 Spiritus
1333 3719 1530 3791 gratia,
1571 3735 1708 3790 quos
1731 3724 1917 3776 extor-

317 3827 414 3869 res
446 3827 543 3868 sua
576 3813 779 3868 fecerat
804 3814 983 3882 culpa.

391 3905 448 3958 4.
490 3903 653 3958 Novit
698 3904 979 3973 ogdoaden
1021 3906 1180 3960 istam
1205 3948 1217 3970 ,
1252 3920 1413 3975 quam
1447 3913 1695 3960 octavam
1728 3905 1920 3961 Latine

317 3997 582 4062 dicimus,
632 4005 786 4052 vetus
843 3997 1282 4063 Testamentum;
1336 3998 1602 4068 siquidem
1636 4002 1712 4054 ait
1737 4001 1921 4055 Eccle-

318 4091 546 4146 siastes:
577 4090 658 4146 Da
685 4100 884 4162 partem
910 4092 1018 4146 illis
1048 4102 1277 4163 septem,
1306 4102 1352 4145 et
1382 4093 1488 4146 illis
1539 4093 1749 4162 quidem
1804 4104 1918 4148 octo

320 4184 566 4256 (Eccles.
602 4201 676 4249 xi,
705 4185 795 4255 '2).
846 4184 1155 4240 Ilcbdomas
1193 4185 1400 4240 veteris
1449 4185 1784 4241 Testamenti
1833 4198 1918 4244 est

318 4289 509 4333 octava
566 4279 726 4344 novi,
776 4277 992 4348 quando
1035 4275 1288 4332 Christus
1336 4278 1680 4342 resurrexit,
1716 4289 1769 4333 et
1799 4279 1918 4335 dies

318 4373 576 4428 omnibus
629 4387 784 4427 novae
837 4371 1028 4426 salutis
1080 4370 1280 4424 illuxit.
1327 4369 1423 4424 Ille
1451 4369 1593 4436 dies,
1617 4370 1686 4425 de
1712 4387 1821 4442 quo
1845 4375 1920 4428 ait

318 4465 581 4538 propheta
612 4484 624 4519 :
661 4464 763 4519 Hic
792 4464 922 4531 dies,
956 4481 1100 4535 quem
1123 4464 1246 4534 fecit
1277 4461 1552 4532 Dominus,
1601 4465 1918 4519 exsultemus

315 4571 368 4617 et
388 4562 623 4617 lwtemur
645 4562 696 4615 in
727 4577 784 4614 eo
807 4559 995 4633 (Psal.
1029 4575 1197 4624 cxvii,
1228 4557 1367 4630 24);
1422 4575 1530 4629 quo
1579 4559 1668 4616 die
1702 4575 1762 4616 se
1811 4561 1918 4615 ful-

1966 1950 1981 1964 ’
2034 1973 2220 2018 mento
2247 1958 2415 2017 Israel
2443 1962 2742 2032 acquisitus
2767 1972 2850 2016 est
2875 1961 3104 2031 pepulus
3123 2001 3138 2024 ,
3193 1956 3436 2014 secundo
3459 1957 3635 2011 natio-

2032 2071 2159 2110 num
2189 2065 2240 2110 et
2267 2056 2532 2125 gentium.
2562 2053 2694 2108 Fide
2717 2069 2848 2123 ergo
2880 2053 3036 2123 plena
3085 2051 3411 2108 conducitur
3455 2063 3635 2104 mere—

2031 2147 2161 2212 trix,
2220 2145 2303 2200 vel
2349 2160 2416 2199 ex
2455 2144 2712 2213 gentibus
2758 2146 3007 2214 copulam
3033 2145 3113 2197 sui
3151 2157 3419 2211 quarens,
3453 2140 3538 2194 vel
3566 2155 3636 2195 ex

2032 2238 2278 2293 adultero
2306 2237 2617 2293 Judzeorutn
2654 2237 2851 2308 p0pulo
2879 2277 2892 2298 ,
2938 2238 3029 2306 qui
3087 2235 3369 2290 dominum
3391 2247 3548 2288 suum
3576 2242 3633 2287 et

2030 2342 2313 2386 auctorem
2349 2329 2630 2399 virginalis
2685 2329 2808 2384 lidei
2866 2329 3277 2399 dereliquerat,
3327 2337 3632 2382 conventus

2029 2440 2156 2481 suos
2179 2425 2342 2480 totius
2371 2423 2519 2478 orbis
2545 2423 2721 2492 spatio
2753 2420 3086 2477 diITundens.

2099 2559 2151 2614 6.
2194 2556 2348 2625 Quod
2373 2565 2552 2612 autem
2585 2547 2757 2611 dixit':
2783 2555 2850 2610 In
2875 2572 2998 2610 coro
3026 2566 3074 2611 et
3105 2557 3159 2610 in
3211 2555 3462 2609 semicoro
3507 2555 3629 2608 hor-

2027 2651 2150 2715 dei;
2183 2650 2234 2704 in
2260 2664 2391 2704 coro
2419 2664 2688 2704 mensurae
2713 2649 2996 2718 plenitudo
3025 2658 3129 2718 est,
3165 2648 3216 2703 in
3245 2649 3517 2724 semicoro
3541 2663 3631 2702 se-

1969 2789 1973 2794 .
2029 2743 2265 2811 mipleua
2300 2757 2578 2798 mensura.
2621 2742 2907 2797 Plenitudo
2957 2743 3011 2798 in
3057 2740 3373 2812 Evangelio,
3410 2738 3429 2776 ί
3462 2740 3629 2796 semi-

2030 2835 2292 2904 perfectio
2321 2835 2375 2889 in
2401 2835 2550 2903 lege;
2599 2834 2738 2890 sicut
2797 2835 3064 2907 legimus,
3119 2836 3336 2893 dicente
3363 2835 3628 2891 Domino:

2030 2927 2153 2983 Non
2175 2930 2288 2982 veni
2316 2930 2478 2999 legem
2509 2928 2728 2992 soluere,
2759 2931 2847 2984 sed
2895 2930 3108 2998 implere
3155 2929 3378 2991 (Matth.
3409 2945 3462 2993 v,
3495 2928 3624 2998 17).

2027 3021 2260 3088 Etalibi,
2284 3019 2570 3086 habemus,
2592 3020 2808 3076 dicente
2823 3021 3054 3076 Domino
3077 3037 3175 3092 per
3200 3022 3482 3076 Michzeam
3503 3035 3625 3091 pro-

2026 3114 2270 3184 phetam,
2303 3114 2426 3184 quia
2450 3124 2573 3167 tunc
2599 3129 2704 3182 pax
2729 3114 2822 3169 erit
2846 3115 2899 3167 in
2932 3124 3069 3169 terra
3093 3113 3283 3180 Israel,
3308 3130 3423 3167 cum
3440 3115 3630 3168 venerit

2029 3210 2272 3280 Assyrius
2295 3209 2348 3263 in
2373 3217 2564 3263 terram
2592 3214 2730 3279 ejus,
2757 3218 2802 3263 et
2849 3209 3242 3264 insurrexerunt
3279 3210 3334 3262 in
3375 3225 3488 3263 eum
3513 3225 3632 3279 sep-

2025 3319 2128 3358 tem
2149 3315 2400 3374 pastores,
2428 3315 2477 3358 et
2509 3313 2622 3357 octo
2644 3320 2847 3358 morsus
2883 3304 3148 3358 hominum
3197 3302 3400 3376 (Mich.
3445 3319 3500 3369 v,
3536 3303 3625 3374 5).

2027 3396 2181 3452 Tunc
2209 3397 2352 3452 enim
2389 3396 2544 3467 plena
2578 3413 2682 3466 pax
2711 3407 2796 3452 est
2826 3396 2974 3452 ﬁdeli
3024 3396 3225 3468 populo
3275 3395 3342 3451 ab
3374 3394 3631 3451 omnibus

2027 3489 2414 3546 tentationibus
2460 3500 2516 3545 et
2568 3490 2897 3545 vanitatibus
2943 3490 3236 3557 absoluto,
3283 3504 3406 3544 cum
3442 3488 3627 3545 mundi

2027 3581 2189 3653 hujus
2219 3582 2873 3638 vanitatetusexcluserint
2901 3581 2968 3638 de
2999 3583 3254 3638 cordibus
3292 3583 3496 3638 nostris
3519 3597 3623 3652 pax

2024 3684 2080 3730 et
2105 3675 2280 3745 gratia
2304 3693 2316 3727 :
2343 3689 2446 3745 pax
2475 3676 2701 3740 veteris,
2747 3674 2922 3743 gratia
2948 3673 3072 3728 novi
3102 3674 3454 3730 Testamenti.

2098 3812 2150 3865 7.
2191 3811 2410 3879 Septem
2439 3817 2685 3878 pastores
2727 3817 3000 3878 praecepta
3033 3809 3168 3880 legis
3195 3819 3362 3877 sunt,
3426 3811 3623 3881 quibus

2022 3917 2154 3972 grex
2186 3901 2362 3957 adhuc
2393 3902 2545 3971 quasi
2575 3901 2967 3955 irrationabilis
3005 3903 3057 3955 iu
3108 3903 3258 3972 virga
3301 3902 3472 3975 Moysi
3524 3920 3620 3974 per

2022 3996 2296 4051 desertum
2325 3994 2519 4049 ductus
2546 4004 2601 4047 et
2644 3995 2979 4064 gubernatus
3001 3980 3092 4049 est
3139 3993 3349 4068 (Exod.
3379 4013 3453 4063 tv,
3474 3997 3546 4052 20
3576 3999 3618 4070 ).

2022 4087 2155 4144 Octo
2177 4103 2390 4142 morsus
2411 4086 2690 4160 hominum
2727 4087 2976 4142 mandata
3025 4087 3304 4158 Evangelii
3338 4099 3394 4145 et
3433 4091 3616 4146 Domit-

2023 4181 2130 4236 nici
2166 4179 2279 4236 oris
2306 4180 2541 4249 alloquia
2572 4197 2584 4232 :
2616 4180 2781 4235 Corde
2805 4180 2942 4234 enim
2972 4180 3201 4234 creditur
3233 4183 3302 4234 ad
3317 4184 3582 4254 justitiam
3601 4226 3616 4250 ,

2021 4291 2110 4329 ore
2165 4283 2335 4326 autem
2383 4271 2637 4343 confessio
2701 4272 2852 4342 ﬁtad
2901 4271 3345 4351 salutem(Rom.
3375 4289 3430 4339 x,
3476 4273 3544 4328 10
3574 4275 3616 4346 ).

2021 4370 2154 4427 Boni
2187 4385 2422 4436 morsus,
2457 4385 2550 4439 per
2579 4385 2716 4440 quos
2745 4368 2870 4424 vita:
2903 4378 3126 4424 interna:
3161 4383 3358 4423 munus
3378 4371 3620 4438 gustavi-

2021 4481 2160 4531 mus,
2198 4476 2543 4536 peccatorum
2596 4464 2975 4521 remissionem
3019 4465 3073 4519 in
3129 4463 3330 4518 Christi
3388 4477 3618 4534 corpore

2021 4562 2368 4619 devorantes.
2402 4561 2457 4616 In
2484 4561 2652 4616 veteri
2683 4560 3029 4616 Testamento
3052 4574 3269 4614 amarus
3302 4573 3514 4614 morsus
3536 4570 3620 4614 est

316 4670 417 4724 gor
443 4655 613 4724 plenae
641 4665 807 4722 atque
860 4652 1119 4722 perfecta:
1176 4652 1612 4708 circumcisionis
1660 4654 1911 4711 humanis
1935 4671 1990 4732 D
2017 4659 2228 4724 mortis,
2261 4665 2546 4727 propterea
2576 4657 2776 4712 dictum
2814 4667 2925 4710 est:
2954 4653 3230 4708 Devoravit
3265 4670 3402 4708 mors
3422 4669 3620 4726 prma-

315 4745 700 4816 peceatoribus
729 4743 944 4799 infudit.
974 4743 1272 4813 Propterea
1313 4752 1369 4797 et
1409 4751 1566 4798 vetus
1587 4743 1911 4799 Testamen-

317 4847 429 4894 tum
459 4839 606 4895 dedit
653 4845 859 4908 partem
911 4846 1116 4891 octavae
1144 4837 1195 4889 in
1236 4835 1671 4891 circumcisionis
1708 4836 1909 4892 solem-

317 4931 502 4990 nitate.
556 4929 664 4987 Sed
708 4930 799 4985 illa
849 4928 1030 4985 adhuc
1063 4927 1113 4982 in
1163 4927 1352 4982 umbra
1378 4927 1614 4984 latebat:
1651 4929 1800 4984 venit
1825 4931 1907 4986 sol

385 5107 410 5134 α
449 5095 708 5152 Nonnulli
739 5107 894 5152 mss.,
919 5108 1048 5160 quas
1075 5089 1471 5145 inenarrabiles.
1504 5088 1622 5144 Non
1648 5089 1811 5160 bene,
1859 5103 1918 5148 ut

314 5169 554 5239 subjecut
583 5167 752 5221 dictio
770 5166 1010 5239 etplane];
1042 5161 1583 5239 clare‘dentoustrat:

382 5231 432 5279 δ’
455 5239 720 5307 Agellius,
775 5236 871 5290 lib.
909 5235 994 5307 III,
1027 5249 1149 5304 cap.
1185 5232 1276 5292 l6.
1320 5246 1495 5307 agens
1542 5231 1621 5307 de
1651 5237 1920 5307 temporis

313 5303 578 5366 varietate
605 5310 656 5364 in
710 5306 1049 5374 puerperiis,
1095 5303 1165 5358 ex
1213 5303 1438 5358 medicis
1480 5318 1543 5356 ac
1573 5303 1916 5375 phil05ophis

312 5381 503 5438 scribit
532 5383 677 5452 gigni
698 5379 960 5432 hominem
992 5377 1210 5444 septimo
1238 5385 1494 5452 rarenter,
1519 5393 1798 5452 numquam
1826 5395 1913 5431 oe-

311 5464 445 5518 tavo,
477 5447 804 5524 stipatione,
835 5463 1190 5524 swpenttmero
1237 5447 1460 5524 decimo_
1485 5463 1674 5501 mense.
1731 5447 1909 5517 Ipsum

309 5519 560 5589 consule,
589 5523 728 5578 sicut
757 5530 812 5576 et
840 5535 961 5590 quae
991 5519 1233 5574 diximus
1262 5519 1313 5572 iu
1349 5519 1486 5587 ps:tl.
1521 5533 1709 5585 cxvm,
1741 5534 1906 5574 serm.

311 5597 402 5659 15.
439 5611 591 5650 num.
625 5594 711 5648 16-.

381 5675 406 5704 ο
448 5665 676 5732 Quidam
706 5678 863 5730 mss.,
896 5679 1000 5732 quo
1031 5662 1210 5715 retexit
1243 5661 1501 5726 omnibus,
1527 5670 1631 5716 etc.
1671 5660 1786 5717 Non
1831 5665 1912 5718 in-

310 5751 730 5862 Εοῖἶςῧξίδηι.
761 5804 816 5859 in
847 5804 1052 5874 glossa,
1080 5801 1282 5874 tephy.;
1313 5802 1470 5874 Gem.
1504 5803 1556 5855 in
1589 5811 1763 5867 textu,
1795 5821 1913 5858 noe-

312 5880 417 5948 phy
442 5878 519 5932 vel
544 5877 667 5930 vini.
703 5872 961 5930 Neutfum
988 5873 1290 5926 cotutttode.
1328 5872 1480 5928 lluuc
1518 5883 1698 5927 autem
1728 5874 1906 5928 locum

2020 4753 2130 4806 lens
2153 4752 2172 4824 (
2192 4751 2342 4810 Esai.
2370 4767 2498 4817 xxv,
2526 4751 2608 4819 8).
2647 4751 2700 4806 In
2727 4767 2866 4806 novo
2893 4751 3241 4806 Testamento
3263 4751 3444 4805 suavis
3470 4767 3619 4806 mor-

2018 4861 2112 4901 sus
2163 4857 2247 4901 est
2298 4847 2423 4902 vita:
2454 4889 2467 4912 ,
2530 4861 2651 4915 quae
2700 4856 2933 4910 mortem
2983 4845 3616 4916 absorbuit,propterea

2015 4939 2290 5008 apostolui
2317 4951 2429 4996 ait:
2465 4939 2723 4993 Devorata
2749 4948 2824 4992 est
2854 4955 2991 4992 mors
3013 4939 3066 4992 in
3117 4939 3330 4992 victoria
3365 4955 3478 4994 sua.
3515 4939 3617 4996 Ubi

2022 5096 2104 5152 sic
2131 5097 2391 5152 transfert
2431 5097 2797 5168 Hieronymus
2822 5115 2835 5152 :
2870 5099 2935 5152 Et
2963 5101 3074 5169 [odi
3105 5117 3219 5153 eum
3247 5099 3372 5152 mihi
3400 5102 3613 5168 quinde-

2021 5171 2430 5240 rtmargenteis,
2461 5179 2508 5223 et
2539 5185 2659 5222 coro
2689 5171 2890 5232 hardei,
2918 5181 2967 5224 et
2998 5172 3211 5224 dimidio
3250 5186 3370 5223 coro
3396 5171 3617 5239 hordei;

2020 5239 2166 5294 LXX
2197 5239 2348 5314 vero:
2381 5240 2449 5314 Et
2471 5240 2701 5314 conduxi
2731 5256 2845 5314 eam
2876 5241 3001 5314 mihi
3025 5242 3314 5314 quindecim
3341 5245 3615 5314 argenteis,

2020 5323 2069 5364 et
2090 5327 2269 5381 gomor
2296 5311 2510 5375 hordei,
2539 5321 2586 5365 et
2619 5313 2762 5366 nerei
2786 5312 2913 5366 vini.
2944 5312 3035 5368 Sic
3060 5311 3416 5368 Ambrosiana
3444 5314 3616 5370 inter-

2020 5383 2254 5451 pretatio
2281 5385 2349 5439 ab
2371 5393 2599 5454 utroque
2622 5382 2869 5438 nonnihil
2895 5383 3081 5438 variat.
3109 5383 3207 5439 Ubi
3234 5384 3288 5437 in
3315 5384 3492 5452 glossa
3517 5386 3617 5450 ait,

2018 5468 2208 5525 gomnr
2261 5466 2315 5509 et
2375 5470 2563 5510 eorum
2612 5455 2856 5525 ejusdem
2887 5469 3008 5508 esse
3033 5470 3300 5525 mensurae
3321 5495 3335 5516 ,
3360 5455 3614 5510 nimirum

1983 5524 2234 5595 .triginta
2264 5525 2608 5595 modiorum,
2645 5524 2717 5582 et
2765 5525 2924 5581 nevel
2967 5541 3091 5582 esse
3143 5524 3422 5580 dimidium
3471 5527 3609 5581 cori.

2018 5596 2143 5651 Haec
2167 5597 2226 5651 P.
2252 5597 2516 5653 Nannius.

2094 5678 2116 5703 ο
2142 5667 2270 5723 Mss.
2303 5669 2524 5739 aliquot,
2550 5670 2800 5740 propheta
2824 5670 3332 5724 consummationem.
3361 5667 3425 5722 Et
3449 5667 3610 5737 infra,

2016 5755 2082 5794 ex
2102 5740 2412 5812 adulterino
2434 5740 2736 5794 Jttda’orum
2765 5740 2979 5812 papula.

2097 5808 2114 5845 τ
2158 5811 2316 5866 Rom.
2347 5811 2475 5867 edit.
2505 5811 2642 5879 sola,
2675 5808 2961 5882 semiplena
2991 5814 3042 5868 in
3066 5813 3190 5883 lege.
