4040 6166
462 319 599 377 H59

1787 313 2037 372 SANCTI
2077 312 2402 370 AlBROSﬂ

3625 306 3762 364 ιιιο

458 449 555 498 est.
589 452 744 502 mors,
771 435 986 490 trieteris
1021 436 1157 489 tua?
1191 435 1276 487 ubi
1319 443 1396 489 est
1422 473 1436 500 ,
1476 448 1642 499 mors,
1685 432 1898 487 aculam
1925 443 2048 486 ms
2080 434 2126 494 Α
2158 432 2310 495 ritas,
2337 430 2565 501 septima
2589 437 2865 484 senectus.
2893 429 2986 483 Est
3015 443 3146 500 ergo
3170 427 3366 495 inlatis,
3396 439 3558 498 puer,
3579 425 3646 480 ad
3667 425 3764 480 ile-

455 528 664 600 (ICor.
693 541 788 590 xv,
817 525 910 593 54,
946 525 1076 597 3,5)?

531 621 584 674 8.
628 619 805 689 Atque
825 627 887 673 ut
925 619 1505 688 apostolicis‘utamur
1549 617 1913 684 testimoniis,
1961 617 2051 674 ubi

460 711 735 769 hominem
765 709 895 766 fecit
924 709 1092 775 Deus,
1131 710 1397 781 requievit
1423 711 1491 764 ab
1521 707 1777 764 omnibus
1797 708 2052 778 operibus

459 805 575 862 suis
607 805 660 859 in
690 805 778 859 die
803 804 1031 875 septima
1065 802 1230 874 (Gen.
1277 818 1338 868 ιι,
1367 801 1462 873 2).
1519 800 1626 858 Sed
1659 800 1782 871 quia
1826 801 2054 870 populus

457 898 767 956 Judteorum
801 913 895 967 per
951 895 1353 952 contumaciam
1408 896 1736 964 contempsit
1801 891 2053 948 mandata

459 992 555 1048 Dei
594 992 699 1057 sui,
728 991 807 1046 ait
835 991 1095 1045 Dominus
1125 1005 1140 1049 :
1169 989 1228 1044 Si
1259 989 1541 1043 introibant
1563 988 1616 1042 in
1641 987 1866 1058 requiem
1889 1002 2052 1041 meam

459 1086 479 1155 (
510 1082 668 1138 ﬂeor.
701 1097 777 1148 tv,
805 1080 894 1154 5).
927 1082 996 1138 Ει
1019 1083 1140 1137 ideo
1166 1081 1329 1136 aliam
1365 1083 1503 1136 Deus
1535 1081 1823 1150 praalinivit
1867 1080 2006 1135 diem
2037 1121 2051 1147 ,

459 1177 527 1232 de
552 1191 656 1248 qua
682 1175 817 1231 dicit
848 1194 862 1231 :
889 1174 1059 1230 Hodie
1087 1176 1132 1229 si
1157 1190 1328 1228 vocem
1360 1190 1524 1228 meam
1546 1174 1815 1228 audieritis
1855 1173 1874 1245 (
1900 1171 2049 1228 Psal.

459 1284 605 1336 xcrv,
640 1270 673 1324 8
698 1268 736 1335 ).
763 1267 908 1323 Duos
955 1268 1102 1322 enim
1139 1267 1257 1322 dies
1306 1266 1725 1337 comprehendit
1776 1267 2053 1336 Scriptura

460 1363 768 1435 generales,
801 1361 916 1417 heri
937 1371 994 1417 et
1025 1361 1216 1427 hodie;
1264 1361 1333 1417 de
1373 1360 1571 1432 quibus
1611 1359 1784 1415 dicit:
1821 1369 1845 1395 ⁸
1870 1357 2056 1414 Inrita»

461 1457 588 1511 mini
618 1457 775 1526 ﬁdem
802 1455 932 1512 Jesu
958 1453 1175 1511 Christi.
1205 1453 1335 1509 Heri
1381 1466 1427 1508 et
1458 1454 1614 1509 hodie
1644 1456 1754 1522 ipse
1779 1464 1875 1521 est,
1903 1465 1952 1510 et
2002 1456 2056 1510 in

458 1551 649 1604 uacula
675 1551 693 1619 (
731 1547 887 1604 Hebr.
916 1563 1030 1614 χιιι,
1057 1549 1112 1613 7,
1141 1547 1231 1616 8).
1258 1547 1316 1602 ln
1342 1546 1628 1618 superiore
1649 1546 1739 1601 die
1767 1547 2056 1616 promissio

461 1653 566 1708 est,
605 1644 654 1696 in
694 1641 1051 1710 consequenti
1082 1640 1304 1694 solutio.
1356 1638 1460 1693 Sed
1493 1639 1617 1707 quia
1661 1637 1914 1692 hesterna
1965 1636 2056 1693 die

462 1749 638 1805 neque
658 1732 890 1804 Moyses,
927 1747 1100 1802 neque
1127 1729 1287 1785 Jesus
1313 1729 1460 1784 Nave
1489 1729 1745 1799 populum
1764 1727 1977 1782 induxit
2002 1728 2055 1782 in

463 1828 729 1896 requiem,
776 1825 1037 1879 hodierna
1069 1822 1159 1878 die
1185 1822 1438 1877 Christus
1466 1821 1700 1887 induxit,
1758 1821 1847 1875 cui
1891 1821 2057 1893 979

461 1917 595 1974 dixit
628 1917 789 1973 Pater
823 1935 834 1970 :
872 1917 981 1988 Ego
1003 1915 1159 1969 hodie
1182 1916 1338 1987 genui
1384 1924 1431 1969 te
1476 1912 1667 1984 (Psal.
1707 1929 1766 1978 tt,
1799 1914 1902 1985 7);
1960 1930 2056 1984 per

461 2027 612 2066 suam
649 2011 793 2068 enim
855 2010 1320 2065 resurrectionem
1367 2007 1528 2064 Jesus
1576 2007 1775 2079 populo
1813 2006 2056 2078 requiem

460 2104 818 2174 comparavit.
843 2101 1082 2173 Requies
1113 2112 1298 2156 nostra
1339 2099 1601 2154 Dontinus
1637 2109 1721 2155 est
1750 2099 1932 2166 .lesus,
1966 2099 2058 2170 qui

461 2199 568 2252 ait:
601 2197 776 2252 Hodie
798 2213 994 2251 mecum
1017 2196 1119 2251 eris
1155 2197 1208 2249 in
1237 2194 1484 2266 paradiso
1529 2192 1703 2263 (Luc.
1740 2208 1891 2260 χχιιι,
1917 2193 1988 2250 45
2015 2193 2054 2264 ).

464 2293 695 2364 Requies
723 2294 868 2347 enim
901 2293 952 2346 in
980 2291 1142 2358 caelo,
1173 2307 1280 2345 non
1310 2290 1364 2345 in
1398 2299 1542 2344 terra
1574 2299 1676 2344 est.

531 2386 585 2440 9.
625 2385 763 2451 Quid
808 2386 972 2456 igitur
1014 2401 1150 2456 opus
1199 2393 1284 2440 est
1334 2393 1392 2438 ut
1440 2381 1770 2450 exploremb
1807 2390 1958 2437 ortus
1985 2383 2062 2436 si-

460 2496 690 2553 gnorum
737 2491 899 2552 atque
932 2483 1118 2538 obitus
1139 2525 1154 2550 ,
1189 2496 1420 2553 quorum
1467 2479 1534 2535 ad
1575 2489 1824 2536 exortum
1856 2480 2010 2535 duris
2035 2491 2055 2518 ο

461 2574 689 2630 inarata:
723 2577 1032 2632 vomeribus
1060 2576 1333 2630 ﬁndantur
1375 2575 1604 2631 novales
1631 2617 1644 2640 ,
1679 2574 1765 2629 vel
1809 2576 1874 2628 ad
1903 2591 2062 2630 ocra-

461 2684 578 2722 sum
605 2671 722 2724 laeta
753 2671 945 2724 messis
967 2672 1249 2726 recumbat
1270 2667 1457 2741 (Apoc.
1484 2683 1614 2735 xxtt,
1643 2667 1760 2739 16)?
1785 2667 1900 2723 Una
1928 2668 2058 2721 mihi

460 2762 615 2815 stella
666 2761 904 2816 abundat
972 2779 1068 2832 pro
1109 2763 1398 2828 omnibus,
1459 2762 1613 2817 stella
1667 2759 1945 2832 splendida
2006 2769 2062 2816 et

463 2854 726 2916 matutina
760 2872 771 2906 :
809 2855 963 2924 cujus
1001 2854 1066 2909 ad
1100 2866 1348 2909 exortum
1387 2855 1652 2910 seminata
1698 2862 1782 2908 est
1811 2868 1916 2907 non
1949 2851 2061 2906 fru-

461 2962 606 3016 gum,
635 2945 729 3000 sed
757 2957 1054 3017 martyrum
1082 2961 1277 3016 seges;
1325 2945 1541 3013 quando
1585 2945 1783 3000 Rachel
1829 2943 2062 3014 ploravit

461 3037 486 3072 ιι
520 3037 656 3090 ﬁlius
685 3051 811 3090 suos
840 3036 1059 3107 (Jerem.
1096 3053 1253 3098 xxxi.
1289 3035 1411 3105 15),
1441 3047 1497 3090 ut
1539 3037 1793 3107 lacrytnis
1845 3036 2062 3090 ablutos

462 3131 607 3189 suis,
642 3143 738 3198 pro
787 3126 1005 3182 Christo
1053 3126 1282 3183 oﬂ'erret
1326 3127 1640 3182 infantulos.
1677 3127 1842 3197 Cujus
1885 3128 2060 3181 stella:

461 3221 641 3273 obitus
669 3229 692 3254 ο
726 3233 829 3272 nou
861 3219 1188 3273 cremiorutn
1233 3219 1663 3284 insensibilium,
1697 3219 1791 3272 sed
1842 3217 2056 3287 spiran-

462 3314 594 3366 tium
627 3310 1006 3365 defunctorum
1039 3311 1393 3382 triumphales
1422 3310 1728 3381 manipulos
1748 3309 1815 3366 de
1838 3312 2055 3366 tumulis

460 3405 824 3461 reSuscitavit.

537 3497 622 3551 ill.
665 3497 981 3552 Celebretur
1028 3499 1205 3567 itaque
1256 3495 1592 3559 hebdomas,
1641 3512 1708 3551 eo
1771 3497 1910 3567 quod
1962 3514 2058 3568 per

461 3601 669 3662 septem
703 3601 921 3645 relatum
955 3606 1148 3645 cursus
1199 3593 1302 3644 vita
1336 3589 1614 3644 hominum
1643 3605 1815 3660 usque
1861 3589 1926 3644 ad
1971 3607 2057 3646 se-

459 3696 731 3741 nectutem
767 3684 1189 3749 transcurritur,
1238 3683 1372 3738 sicut
1405 3680 1423 3718 ί
1459 3683 1836 3755 Hippocrates,
1884 3686 2054 3740 medi-

458 3778 596 3832 cina:
629 3775 907 3846 magister,
959 3774 1180 3844 scriptis
1210 3775 1469 3846 explicuit
1519 3775 1655 3830 suis.
1701 3775 1880 3832 Prima
1923 3787 2054 3834 a-tas

459 3869 688 3924 infantia
718 3877 803 3924 est
829 3909 844 3934 ,
872 3867 1110 3924 secunda
1153 3868 1411 3938 pueritia,
1442 3867 1598 3924 tertia
1637 3869 2009 3926 adolescentia
2039 3913 2054 3937 ,

455 3969 647 4030 quarta
671 3961 949 4028 juventus,
981 3961 1167 4031 quinta
1195 3959 1372 4018 virilis
1395 3971 1548 4026 tetas,
1578 3973 1730 4018 sexta
1753 3964 1852 4018 aevi
1883 3976 2052 4019 matu-

536 4149 561 4176 ι
603 4137 679 4193 Ita
729 4137 969 4208 plerique
1023 4153 1154 4193 mss.
1193 4147 1249 4194 et
1291 4148 1401 4194 vet.
1430 4139 1560 4195 edit.
1588 4155 1604 4194 :
1634 4139 1792 4196 Rom.
1836 4157 1967 4197 vero
1993 4151 2048 4197 et

463 4211 676 4267 Thuan.
705 4209 874 4264 codex
895 4228 904 4262 :
924 4210 1157 4274 Quorum
1183 4211 1457 4264 imitamini
1477 4211 1632 4278 ﬁdem
1655 4229 1665 4264 :
1691 4210 1847 4267 Iesus
1872 4212 2050 4268 Chris-

465 4294 544 4336 tus
572 4281 702 4345 heri,
735 4293 783 4334 et
808 4278 983 4342 hodie.
1015 4281 1124 4351 ipse
1149 4291 1222 4333 est
1252 4283 1304 4334 in
1325 4282 1536 4335 swcula.

533 4352 561 4394 ι’
589 4354 668 4408 Ex
699 4351 1010 4421 Vtrgiliauis
1037 4351 1238 4416 verbis,
1271 4353 1440 4422 inquit
1463 4353 1720 4418 Nannius,
1753 4353 1853 4410 hoc
1878 4355 2058 4410 defor-

466 4436 670 4482 matum
700 4433 784 4478 εει
812 4439 827 4476 ἶ

554 4536 766 4599 Daphni,
785 4533 1152 4599 quidantiquos
1168 4534 1420 4599 signorum
1443 4536 1648 4599 suspicis
1669 4539 1840 4588 ortus?

553 4596 659 4652 Nec
678 4596 855 4648 frustra
878 4597 1131 4658 signorum
1154 4596 1334 4656 obitus,
1359 4596 1670 4660 speculamur
1695 4607 1747 4649 et
1769 4608 1920 4650 ortus.

537 4737 558 4764 c
590 4723 758 4790 Edit.,
808 4721 1031 4792 inarata.
1075 4758 1089 4774 .
1138 4758 1152 4774 .
1198 4759 1212 4775 .
1243 4722 1489 4786 novalia;
1537 4738 1665 4778 mss.
1696 4737 1908 4792 contra,
1939 4727 2053 4782 ina-

460 4806 609 4852 ratae.
656 4836 669 4850 .
715 4835 728 4848 .
776 4835 788 4847 .
833 4791 1072 4857 novales;
1101 4805 1168 4847 ex
1201 4792 1294 4847 illo
1322 4793 1574 4850 videlicet
1601 4794 1719 4852 libri
1762 4791 2004 4870 tGeOrg.
2040 4819 2052 4854 :

557 4907 778 4958 Alternis
799 4891 930 4958 idem
955 4915 1121 4958 tonsas
1144 4919 1345 4963 cessare
1369 4908 1586 4961 novales.

1023 5041 1254 5096 libenter
1312 5051 1625 5096 sanctorum
1675 5040 2052 5098 Innocentium

462 5113 792 5183 mentionem
841 5110 1018 5166 facere
1069 5111 1195 5166 hinc
1241 5111 1538 5183 intelligas,
1566 5109 1709 5183 quod
1743 5128 1849 5166 non
1877 5113 2051 5169 solum

459 5179 552 5251 lib.
587 5195 621 5232 ιι
651 5177 891 5251 inLuc.,
924 5198 1071 5237 num.
1103 5185 1194 5249 49,
1228 5177 1748 5238 corttm'cutn'laude
1776 5187 2054 5251 meminit;

457 5249 554 5303 sed
582 5258 637 5303 et
668 5250 757 5324 lib.
791 5251 988 5308 tUl‘lic.
1020 5269 1140 5324 cap.
1173 5253 1262 5320 Η,
1300 5269 1447 5308 nttm.
1486 5254 1618 5321 2l3,
1656 5255 1742 5308 ubi
1793 5249 2052 5310 nonnulla

457 5321 892 5395 subnotavimus,
923 5339 1044 5395 quae
1071 5321 1425 5379 consulenda.

534 5401 556 5426 υ
587 5390 742 5445 Rom.
775 5390 1064 5459 edit.,'non
1085 5398 1393 5449 cremiornm
1422 5393 1781 5461 sensibilium;
1813 5407 2047 5463 caetera},

456 5472 728 5540 et_omne_s
753 5479 1068 5540 _mss.,_lnon
1111 5470 1416 5540 crentiorum
1459 5468 1476 5538 (
1505 5481 1637 5518 mss.
1666 5468 1868 5540 aliquot
1889 5509 1901 5529 ,
1934 5485 2050 5540 gre-

458 5535 680 5586 miorum
701 5532 720 5604 )
745 5535 1139 5591 insensibilium.
1173 5536 1310 5603 Quid
1343 5532 1523 5592 autem
1557 5551 1652 5604 per
1687 5532 1956 5592 cremiutﬁ
1977 5541 2050 5592 si-

455 5606 758 5673 gniﬁcetur,
782 5604 1030 5678 _Nan_nius
1056 5610 1283 5678 esponit
1305 5610 1357 5662 in
1387 5609 1500 5662 haec
1528 5607 1688 5661 verba
1724 5623 1738 5660 :
1771 5611 2044 5663 Uretniutn

458 5689 487 5726 a
537 5675 831 5749 cremando
877 5676 1076 5732 dictum
1131 5675 1147 5732 Ξ
1190 5681 1379 5749 volunt
1425 5679 1666 5732 nonnulli
1709 5681 2044 5749 grammatici

457 5746 722 5796 cremium
749 5747 798 5798 id
828 5761 972 5816 esse,
1003 5749 1146 5818 quod
1172 5747 1300 5803 dum
1333 5752 1385 5804 in
1413 5751 1683 5820 sartagine
1711 5746 1864 5805 cibus
1901 5752 2046 5821 trigi.

452 5837 538 5882 tur
559 5865 572 5889 ,
607 5822 748 5876 circa
802 5826 1066 5894 margines
1115 5830 1457 5882 combustum
1488 5829 1749 5895 adhaeret,
1782 5829 2045 5899 allegant-

531 5033 557 5071 ά
602 5036 951 5093 Ambrosium

2156 539 2337 590 secus,
2359 524 2597 594 juvenis,
2633 523 2736 589 vir,
2769 531 3082 589 veteranus,
3111 537 3305 578 senex.

2231 615 2316 670 ll.
2357 614 2522 669 Solon
2564 623 2746 668 autem
2775 612 2964 668 decem
2992 611 3118 668 fecit
3144 622 3365 667 relatum
3413 610 3639 666 ordines
3666 625 3764 679 per

2157 722 2329 762 annos
2370 717 2664 778 septenos;
2698 707 2770 761 ita
2810 717 2870 762 ut
2917 708 3088 777 prima
3129 715 3262 761 tetas
3306 705 3547 760 infantia:
3595 720 3764 775 usque

2155 799 2223 855 ad
2265 800 2617 854 emissionem
2651 801 2720 854 sit
2752 799 3015 862 dentium,
3043 799 3238 868 quibus
3267 799 3517 854 conliciat
3546 799 3756 866 cibum,

2156 908 2578 965 sermonemque
2609 893 2926 964 distinguat,
2959 902 3016 948 ut
3047 895 3220 964 possit
3244 903 3269 940 ε
3299 893 3531 948 eti‘abilis
3558 892 3759 948 videri:

2157 987 2384 1057 pueritia
2415 1003 2630 1058 quoque
2679 1003 2850 1058 usque
2899 987 2965 1040 ad
3011 1002 3185 1042 annos
3216 987 3521 1054 pubertatis
3568 1001 3759 1056 proce-

2156 1079 2254 1144 dit,
2287 1089 2340 1133 et
2367 1081 2623 1149 genitalia
2670 1088 3005 1134 tentamenta
3041 1096 3054 1134 :
3087 1079 3456 1135 adolescentia
3489 1094 3665 1149 usque
3693 1078 3760 1133 ad

2158 1169 2339 1224 harhte
2372 1171 2682 1242 lanuginem
2712 1189 2725 1224 :
2755 1173 3014 1238 juventus
3043 1187 3214 1242 usque
3255 1173 3323 1226 ad
3365 1171 3620 1242 periecta:
3649 1174 3759 1226 vir-

2160 1265 2295 1318 tutis
2324 1279 2636 1332 processum
2673 1282 2686 1318 :
2721 1267 2909 1336 quinta
2937 1276 3070 1320 mtas
3102 1265 3276 1320 virilis
3303 1275 3408 1333 est,
3435 1273 3562 1338 apta
3589 1280 3762 1337 copu-

2158 1357 2222 1412 lis
2252 1359 2630 1428 conjugalibus
2663 1377 2757 1430 per
2789 1369 2955 1416 totatn
2984 1359 3382 1416 hebdomadam
3411 1379 3425 1415 :
3451 1372 3604 1416 sexta
3630 1375 3765 1431 quo-

2155 1465 2261 1521 que
2319 1451 2617 1507 hebdotnas
2675 1453 2811 1506 virili
2858 1453 3147 1523 deputatur
3195 1452 3376 1516 aetati,
3435 1460 3491 1506 et
3539 1452 3607 1508 ad
3635 1468 3765 1523 pru-

2157 1544 2359 1601 dentia:
2387 1561 2705 1615 processum
2736 1546 2938 1613 habili,
2967 1555 3024 1602 et
3051 1546 3117 1600 ad
3149 1545 3420 1616 agendum
3471 1555 3712 1602 strenuae
3742 1564 3754 1600 :

2157 1637 2386 1706 septima
2419 1653 2637 1708 quoque
2668 1638 2998 1706 hebdomas,
3027 1650 3081 1694 et
3111 1648 3304 1694 octava
3330 1639 3434 1693 aevi
3463 1647 3762 1704 maturum,

2157 1741 2211 1785 et
2234 1728 2260 1766 ιι
2291 1746 2453 1786 sensu
2487 1734 2790 1803 vigentem,
2819 1742 2876 1788 et
2901 1747 3210 1788 sermonem
3243 1732 3370 1789 item
3422 1748 3531 1786 non
3583 1733 3765 1787 insua-

2162 1822 2243 1875 vis
2272 1821 2497 1893 alloquii
2529 1825 2703 1892 gratia
2740 1825 3024 1894 praeditum
3067 1824 3298 1895 produnt
3331 1841 3344 1878 :
3381 1839 3525 1878 nona
3557 1823 3769 1880 hebdo-

2087 1888 2132 1949 Β
2162 1929 2277 1967 mas
2311 1914 2566 1983 reliquias
2591 1915 2768 1970 adhuc
2797 1915 2957 1970 habet
2985 1916 3192 1985 aliquas
3229 1916 3423 1970 virium
3451 1958 3466 1983 ,
3494 1917 3675 1988 lingua
3705 1931 3769 1970 ac

2160 2005 2423 2075 sapientia
2469 2007 2728 2061 mollior:
2776 2006 2988 2062 decima
3030 2023 3159 2063 vero
3203 2007 3506 2064 hehdotnas
3550 2023 3768 2062 mensu-

2162 2114 2277 2154 ram
2309 2099 2520 2169 implet,
2551 2099 2617 2154 ad
2659 2116 2820 2171 quam
2850 2101 2896 2156 is
2921 2102 3010 2172 qui
3043 2103 3332 2172 pervenire
3360 2101 3622 2172 potuerit,
3654 2117 3764 2158 non

2161 2192 2453 2247 immaturo
2503 2200 2814 2262 temporum
2858 2209 3021 2250 cursu
3071 2192 3350 2265 pulsabiti
3401 2195 3596 2250 mortis
3641 2209 3765 2252 sera

2162 2284 2448 2339 vestibula.

2237 2376 2322 2430 12.
2370 2377 2513 2448 Ergo
2542 2377 2899 2448 Hippocrates
2926 2387 2980 2434 et
3005 2377 3172 2433 Solon
3202 2377 3286 2433 vel
3316 2387 3526 2449 septem
3555 2387 3769 2448 aetates,

2161 2472 2243 2527 vel
2280 2471 2648 2528 hebdomadas
2666 2482 2886 2527 aetatum
2917 2482 3141 2528 norunt.
3167 2472 3224 2528 In
3251 2473 3357 2526 illis
3385 2488 3445 2528 se
3468 2471 3772 2529 hebdomas

2163 2565 2678 2634 prasteratmctava
2711 2574 2892 2620 autem
2941 2581 3103 2620 unam
3156 2576 3206 2623 et
3234 2565 3400 2638 980
3448 2574 3772 2635 perpetuam

2161 2665 2376 2712 aetatem
2424 2657 2668 2723 invehit,
2700 2675 2804 2726 qua
2839 2659 3212 2714 excrescimus
3253 2661 3304 2712 in
3333 2660 3508 2714 virum
3557 2659 3773 2729 perfec-

2165 2759 2298 2812 tum,
2331 2750 2382 2803 in
2409 2750 2684 2820 agnitione
2719 2749 2838 2814 Dei,
2869 2749 2994 2804 tidei
3031 2748 3390 2820 plenitudine,
3420 2751 3472 2804 in
3499 2765 3607 2820 qua
3639 2751 3771 2821 legi-

2164 2843 2307 2897 tima:
2339 2843 2516 2897 anatis
2540 2857 2794 2897 mensura
2822 2842 3078 2912 impletur
3112 2842 3330 2912 (Ephes.
3363 2858 3443 2908 tv,
3481 2843 3594 2912 1'5).

2233 2937 2320 2992 13.
2367 2937 2458 2990 Est
2491 2936 2653 2989 etiam
2704 2937 2754 2990 in
2806 2937 3108 2991 visceribus
3159 2937 3361 2992 nostris
3408 2936 3768 2992 hebdomadis

2161 3031 2439 3101 explorata
2491 3029 2663 3100 gratia
2690 3047 2704 3094 ;
2736 3031 2915 3085 lerunt
2942 3029 3084 3085 enim
3137 3041 3345 3101 septem
3389 3046 3606 3102 quoque
3647 3046 3766 3086 esse

2163 3125 2212 3177 in
2248 3123 2403 3178 nobis
2435 3123 2692 3178 interiora
2729 3123 2955 3188 VisCt‘l‘a,
2991 3126 3331 3179 stomachum
3352 3166 3365 3190 ,
3395 3140 3514 3191 cor,
3547 3125 3766 3196 pulmu-

2163 3233 2309 3283 netn,
2341 3217 2471 3282 lien,
2502 3216 2691 3286 hepar,
2722 3232 2882 3272 renes
2910 3217 3068 3272 duos.
3114 3218 3332 3289 Septem
3362 3234 3581 3290 quoque
3617 3230 3766 3275 exte-

2163 3311 2324 3376 riora,
2356 3321 2535 3382 caput,
2574 3311 2910 3380 posteriora,
2943 3323 3228 3378 ventrem,
3261 3311 3418 3369 binas
3450 3327 3670 3377 manus,
3709 3322 3762 3367 et

2162 3403 2318 3458 binos
2352 3405 2540 3474 pedes.

2231 3496 2317 3551 14.
2364 3495 2812 3552 l’rrestautissima
2842 3496 2955 3551 haec
2977 3537 2992 3564 ,
3019 3499 3112 3551 sed
3146 3497 3376 3552 obnoxia
3406 3496 3608 3554 dolori.
3633 3498 3763 3567 Quis

2160 3601 2341 3643 autem
2372 3588 2578 3643 dubitet
2630 3589 2804 3658 majus
2853 3604 2975 3645 esse
3005 3601 3212 3644 octava:
3261 3605 3490 3654 munus,
3521 3605 3641 3662 qu:e
3687 3604 3762 3644 to-

2165 3696 2276 3738 tum
2309 3684 2593 3739 renovavit
2626 3682 2926 3749 hominem,
2959 3693 3014 3738 ut
3037 3683 3150 3754 jatn
3185 3683 3316 3740 nihil
3351 3685 3525 3756 possit
3551 3685 3763 3739 dolere?

2161 3777 2348 3847 Itaque
2395 3777 2624 3846 septima
2673 3776 2857 3830 mundi
2906 3784 3037 3830 aztas
3079 3778 3336 3832 conclusa
3397 3783 3518 3840 est;
3565 3788 3758 3833 octava

2165 3873 2343 3928 illuxit
2389 3872 2600 3945 gratia,
2641 3887 2762 3942 qua:
2807 3869 2936 3926 fecit
2981 3870 3257 3926 hominem
3295 3870 3408 3940 jam
3451 3885 3560 3924 non
3603 3871 3758 3940 hujus

2167 3965 2353 4019 nnmdi
2403 3979 2568 4032 esse,
2615 3963 2710 4020 sed
2750 3977 2911 4034 supra
2963 3963 3244 4019 mundum.
3282 3948 3400 4018 iam
3463 3965 3612 4019 enim
3654 3979 3754 4020 non

2149 4157 2254 4212 que
2281 4143 2430 4197 illum
2462 4144 2638 4198 locum
2669 4143 2802 4210 psal.
2836 4159 2925 4199 c1:
2960 4142 3028 4197 Et
3053 4160 3170 4199 ossa
3208 4135 3320 4198 meo
3340 4143 3472 4198 sicut
3509 4145 3754 4198 cremium

2155 4225 2418 4267 aruerunt.
2448 4214 2550 4301 υρί
2579 4213 2974 4301 LXX'huhenl,
3003 4220 3086 4270 καὶ
3109 4227 3174 4272 τά
3195 4216 3327 4272 ὀστᾶ
3350 4214 3452 4301 μού
3477 4219 3598 4301 ὡς.ξὶ
3629 4219 3754 4301 φεύ·

2155 4237 2418 4267 urucrunr.
2452 4237 2550 4270 υυι
2579 4237 2721 4269 una
2755 4237 2974 4278 nauem,
3003 4239 3086 4270 και
3109 4239 3174 4272 τα
3195 4239 3327 4272 οστα
3350 4238 3452 4301 μου
3477 4237 3598 4271 ωσει
3629 4239 3661 4291 φ
3699 4240 3754 4270 ν·

2155 4306 2263 4362 γιον
2293 4289 2699 4362 ᾳυνεφρύγασαν.
2732 4286 3028 4362 Hesychius
3059 4299 3239 4341 autem
3270 4308 3482 4362 pppytov
3504 4288 3651 4351 ξύλον
3665 4237 3755 4352 ἔη-

2160 4357 2562 4430 ρόνηιιφοιξδῐ,
2593 4370 2817 4418 torrem,
2845 4359 3252 4430 interpretatur.
3275 4357 3392 4430 :llic'
3427 4370 3608 4412 autem
3640 4363 3754 4414 sine

2085 4459 2140 4520 ι)
2160 4426 2311 4520 9:91"
2336 4427 2675 4520 _‘_’_‘_'P“."}“’_f'_":
2689 4426 3611 4520 ἓῖῗ¹¹¹ἓ²ᾂ¹³¹ξῗὲἒ,ἓίεῗὶθξεθΰὲιΡωὲ
3631 4440 3748 4520 es}:

2164 4513 2284 4552 ossa
2317 4514 2438 4566 quae
2479 4515 2544 4552 ex
2596 4499 2800 4552 ustrina
2851 4499 3140 4567 sepulcrali
3176 4500 3388 4554 residua
3419 4509 3748 4566 supersunt,

2162 4581 2281 4639 quae
2307 4569 2607 4639 aliquando
2637 4569 2891 4639 reliquias
2915 4569 3271 4639 appellamus.

2239 4637 2258 4676 ί
2287 4638 2417 4705 Qua:
2447 4641 2514 4694 de
2567 4639 2730 4694 variis
2758 4637 3014 4695 hominis
3039 4641 3286 4695 aetatibus
3332 4655 3401 4697 ex
3429 4641 3752 4711 Hippocrate

2162 4724 2224 4765 ac
2270 4711 2471 4767 Solone
2522 4710 2610 4765 hic
2659 4711 3114 4776 disSeruntur,ea
3172 4712 3388 4776 quidem
3433 4710 3752 4767 Ambrosius

2162 4790 2433 4835 ιιιιιιιιειιυδ
2459 4790 2542 4851 est
2591 4798 2620 4834 c
2651 4781 2743 4837 Μ).
2783 4775 3025 4837 Philonis
3054 4777 3122 4837 de
3149 4775 3326 4838 Mundi
3356 4782 3523 4851 Opiﬁ,
3556 4781 3651 4838 sed
3682 4783 3752 4837 ita

2160 4859 2339 4924 tamen
2367 4859 2422 4905 ut.
2448 4849 2514 4924 ad
2533 4851 2897 4924 ichristianum
2935 4869 3149 4908 sensum
3178 4849 3480 4924 adaptaret.

2233 4932 2257 4969 ε
2291 4922 2543 4977 Noonulli
2595 4939 2748 4988 mss.,
2807 4923 3035 4990 uﬂabilis
3065 4925 3240 4978 rideri.
3286 4922 3352 4978 Et
3400 4923 3536 4978 Infra
3595 4925 3752 4994 paulo

2159 4993 2341 5067 plures
2362 5036 2376 5058 ,
2408 4995 2652 5067 genitalia
2697 5003 3015 5049 testamenta.
3047 4995 3159 5049 Non
3205 5012 3430 5065 prorsus
3472 4996 3644 5058 male,
3676 4997 3749 5048 si-

2158 5065 2375 5133 quidem
2411 5065 2754 5120 tesunnenta
2803 5070 2941 5120 sumi
2998 5078 3217 5134 possunt
3250 5067 3444 5122 eodem
3496 5082 3661 5122 sensu
3690 5081 3749 5120 ac

2156 5138 2500 5207 signaratque
2531 5136 2726 5192 indtcia
2752 5154 2766 5202 ;
2809 5147 3021 5206 recepta
3053 5149 3230 5192 tamen
3261 5137 3420 5193 lectio
3447 5139 3624 5207 potior
3647 5151 3747 5192 esu

2229 5206 2256 5244 δ
2288 5206 2407 5261 Vel.
2451 5208 2581 5262 edit.
2624 5223 2688 5262 ac
2727 5213 2877 5278 pauci
2933 5223 3089 5271 mss.,
3135 5225 3343 5262 sensum
3381 5206 3666 5278 vigentem.
3704 5219 3749 5261 et

2155 5293 2440 5349 sermonem
2466 5295 2565 5333 non
2589 5281 2836 5344 insuoris,
2860 5291 2964 5334 etc.
2995 5278 3148 5332 Rom.
3179 5279 3312 5334 edit.
3340 5297 3462 5334 cum
3491 5279 3614 5334 aliis
3637 5280 3750 5349 qui-

2153 5347 2379 5421 busdam
2409 5365 2566 5421 mss.,
2595 5367 2747 5404 sensu
2770 5353 3038 5421 vigentem,
3066 5365 3296 5404 sermone
3318 5395 3332 5415 ,
3360 5362 3407 5404 et
3430 5367 3532 5405 non
3569 5347 3745 5404 insita-

2154 5419 2249 5483 vis,
2279 5429 2384 5473 etc.
2406 5419 2692 5477 Nobiscum
2727 5419 2855 5476 vero
2887 5423 3088 5476 iaciunt
3109 5423 3299 5488 reliqui
3329 5438 3460 5478 mss.
3482 5421 3582 5476 nisi
3607 5421 3745 5491 quod

2155 5505 2252 5557 pro
2277 5505 2558 5543 sermonem
2585 5491 2724 5555 item,
2755 5493 2997 5547 nonnulli
3027 5493 3321 5561 praeferunt
3347 5535 3361 5555 ,
3393 5509 3629 5547 sermone
3653 5493 3744 5546 mi-

2153 5569 2272 5634 tem,
2297 5566 2351 5614 et
2379 5569 2502 5614 ante
2526 5576 2714 5616 vocem
2737 5563 2962 5617 insuavis
2990 5564 3183 5618 tollunt
3205 5563 3580 5634 negationem;
3605 5563 3744 5619 haud

2151 5630 2296 5685 bono
2323 5645 2506 5686 sensu.

2230 5698 2411 5826 iigrzs
2436 5715 2565 5756 mss.
2578 5744 2592 5769 ,
2605 5705 2872 5776 mortifera
2891 5705 3134 5760 vestibula
3151 5720 3171 5770 ;
3196 5718 3356 5771 unus,
3379 5705 3561 5760 mortis
3577 5719 3743 5770 severa

2306 5788 2337 5826 α
2399 5812 2410 5826 ,
3710 5807 3716 5814 .

2147 5779 2410 5827 vestibula.
3710 5807 3716 5814 .
